  <div class='ocr_page' id='page_1' title='image "/cluster/home/n/w/nwhite01/storage/ocr_20150623/105/hvd.32044021109350/199.png"; bbox 0 0 4006 6508; ppageno 0'>
   <div class='ocr_carea' id='block_1_1' title="bbox 496 384 595 446">
    <p class='ocr_par' dir='ltr' id='par_1_1' title="bbox 496 384 595 446">
     <span class='ocr_line' id='line_1_1' title="bbox 496 384 595 446; baseline 0.01 -3"><span class='ocrx_word' id='word_1_1' title='bbox 496 384 595 446; x_wconf 76' lang='grc'><strong>891</strong></span> 
     </span>
    </p>
   </div>
   <div class='ocr_carea' id='block_1_2' title="bbox 1574 373 2656 437">
    <p class='ocr_par' dir='ltr' id='par_1_2' title="bbox 1574 373 2656 437">
     <span class='ocr_line' id='line_1_2' title="bbox 1574 373 2656 437; baseline -0.007 0"><span class='ocrx_word' id='word_1_2' title='bbox 1574 380 1632 437; x_wconf 89' lang='lat' dir='ltr'><strong>S.</strong></span> <span class='ocrx_word' id='word_1_3' title='bbox 1673 378 1914 437; x_wconf 84' lang='lat' dir='ltr'><strong>ElGlLIS</strong></span> <span class='ocrx_word' id='word_1_4' title='bbox 1950 375 2240 433; x_wconf 79' lang='lat' dir='ltr'><strong>ABBATIS</strong></span> <span class='ocrx_word' id='word_1_5' title='bbox 2275 373 2656 431; x_wconf 84' lang='lat' dir='ltr'><strong>FULDENSIS</strong></span> 
     </span>
    </p>
   </div>
   <div class='ocr_carea' id='block_1_3' title="bbox 3643 366 3773 426">
    <p class='ocr_par' dir='ltr' id='par_1_3' title="bbox 3643 366 3773 426">
     <span class='ocr_line' id='line_1_3' title="bbox 3643 366 3773 426; baseline 0.023 -3"><span class='ocrx_word' id='word_1_6' title='bbox 3643 366 3773 426; x_wconf 68' lang='lat'><strong>891</strong></span> 
     </span>
    </p>
   </div>
   <div class='ocr_carea' id='block_1_4' title="bbox 485 480 3773 575">
    <p class='ocr_par' dir='ltr' id='par_1_4' title="bbox 485 480 3773 575">
     <span class='ocr_line' id='line_1_4' title="bbox 485 480 3773 575; baseline -0.009 -9"><span class='ocrx_word' id='word_1_7' title='bbox 485 504 902 571; x_wconf 88' lang='lat' dir='ltr'><strong>.mortalitatem,</strong></span> <span class='ocrx_word' id='word_1_8' title='bbox 930 503 1135 561; x_wconf 85' lang='lat' dir='ltr'><strong>bestias</strong></span> <span class='ocrx_word' id='word_1_9' title='bbox 1151 518 1438 575; x_wconf 88' lang='lat' dir='ltr'><strong>perpessos</strong></span> <span class='ocrx_word' id='word_1_10' title='bbox 1470 516 1588 558; x_wconf 87' lang='lat' dir='ltr'><strong>esse</strong></span> <span class='ocrx_word' id='word_1_11' title='bbox 1613 500 1903 569; x_wconf 82' lang='lat' dir='ltr'><strong>Sapientiae</strong></span> <span class='ocrx_word' id='word_1_12' title='bbox 1933 496 2067 552; x_wconf 89' lang='lat' dir='ltr'><strong>liber</strong></span> <span class='ocrx_word' id='word_1_13' title='bbox 2092 496 2147 558; x_wconf 84' lang='grc' dir='ltr'><strong>Α</strong></span> <span class='ocrx_word' id='word_1_14' title='bbox 2170 492 2309 547; x_wconf 90' lang='lat' dir='ltr'><strong>idem</strong></span> <span class='ocrx_word' id='word_1_15' title='bbox 2336 506 2472 562; x_wconf 85' lang='lat' dir='ltr'><strong>papa</strong></span> <span class='ocrx_word' id='word_1_16' title='bbox 2495 490 2546 544; x_wconf 90' lang='lat' dir='ltr'><strong>in</strong></span> <span class='ocrx_word' id='word_1_17' title='bbox 2573 490 2762 545; x_wconf 89' lang='lat' dir='ltr'><strong>eodem</strong></span> <span class='ocrx_word' id='word_1_18' title='bbox 2791 484 2931 540; x_wconf 90' lang='lat' dir='ltr'><strong>libro</strong></span> <span class='ocrx_word' id='word_1_19' title='bbox 2946 496 3377 540; x_wconf 84' lang='lat' dir='ltr'><strong>commemorans</strong></span> <span class='ocrx_word' id='word_1_20' title='bbox 3402 481 3479 535; x_wconf 90' lang='lat' dir='ltr'><strong>ait</strong></span> <span class='ocrx_word' id='word_1_21' title='bbox 3509 481 3576 536; x_wconf 87' lang='lat' dir='ltr'><strong>de</strong></span> <span class='ocrx_word' id='word_1_22' title='bbox 3600 480 3773 536; x_wconf 79' lang='lat' dir='ltr'><strong>inani</strong></span> 
     </span>
    </p>
   </div>
   <div class='ocr_carea' id='block_1_5' title="bbox 495 586 2068 666">
    <p class='ocr_par' dir='ltr' id='par_1_5' title="bbox 495 586 2068 666">
     <span class='ocr_line' id='line_1_5' title="bbox 495 586 2068 666; baseline -0.009 -13"><span class='ocrx_word' id='word_1_23' title='bbox 495 595 781 653; x_wconf 80' lang='lat' dir='ltr'><strong>manifeste</strong></span> <span class='ocrx_word' id='word_1_24' title='bbox 814 594 1110 666; x_wconf 85' lang='lat' dir='ltr'><strong>proclamat</strong></span> <span class='ocrx_word' id='word_1_25' title='bbox 1143 612 1155 646; x_wconf 91' lang='lat'><strong>:</strong></span> <span class='ocrx_word' id='word_1_26' title='bbox 1186 595 1380 664; x_wconf 88' lang='lat' dir='ltr'><strong>quibus</strong></span> <span class='ocrx_word' id='word_1_27' title='bbox 1422 591 1677 645; x_wconf 83' lang='lat' dir='ltr'><strong>nimirum</strong></span> <span class='ocrx_word' id='word_1_28' title='bbox 1716 586 2068 642; x_wconf 87' lang='lat' dir='ltr'><strong>incommodis</strong></span> 
     </span>
    </p>
   </div>
   <div class='ocr_carea' id='block_1_6' title="bbox 498 678 2067 754">
    <p class='ocr_par' dir='ltr' id='par_1_6' title="bbox 498 678 2067 754">
     <span class='ocr_line' id='line_1_6' title="bbox 498 678 2067 754; baseline -0.008 -11"><span class='ocrx_word' id='word_1_29' title='bbox 498 684 568 744; x_wconf 71' lang='lat' dir='ltr'><strong>ab</strong></span> <span class='ocrx_word' id='word_1_30' title='bbox 592 686 745 742; x_wconf 92' lang='lat' dir='ltr'><strong>initio</strong></span> <span class='ocrx_word' id='word_1_31' title='bbox 771 686 954 740; x_wconf 89' lang='lat' dir='ltr'><strong>mundi</strong></span> <span class='ocrx_word' id='word_1_32' title='bbox 994 698 1162 754; x_wconf 90' lang='lat' dir='ltr'><strong>usque</strong></span> <span class='ocrx_word' id='word_1_33' title='bbox 1192 698 1334 739; x_wconf 90' lang='lat' dir='ltr'><strong>nunc</strong></span> <span class='ocrx_word' id='word_1_34' title='bbox 1377 684 1672 737; x_wconf 86' lang='lat' dir='ltr'><strong>humanum</strong></span> <span class='ocrx_word' id='word_1_35' title='bbox 1714 694 1880 749; x_wconf 88' lang='lat' dir='ltr'><strong>genus</strong></span> <span class='ocrx_word' id='word_1_36' title='bbox 1906 678 2067 732; x_wconf 88' lang='lat' dir='ltr'><strong>desu-</strong></span> 
     </span>
    </p>
   </div>
   <div class='ocr_carea' id='block_1_7' title="bbox 497 768 2072 847">
    <p class='ocr_par' dir='ltr' id='par_1_7' title="bbox 497 768 2072 847">
     <span class='ocr_line' id='line_1_7' title="bbox 497 768 2072 847; baseline -0.01 -12"><span class='ocrx_word' id='word_1_37' title='bbox 497 779 656 835; x_wconf 84' lang='lat' dir='ltr'><strong>dasse</strong></span> <span class='ocrx_word' id='word_1_38' title='bbox 682 776 1034 847; x_wconf 76' lang='lat' dir='ltr'><strong>dignoscitur,</strong></span> <span class='ocrx_word' id='word_1_39' title='bbox 1060 782 1117 829; x_wconf 91' lang='lat' dir='ltr'><strong>et</strong></span> <span class='ocrx_word' id='word_1_40' title='bbox 1158 775 1389 829; x_wconf 79' lang='lat' dir='ltr'><strong>maxime</strong></span> <span class='ocrx_word' id='word_1_41' title='bbox 1428 786 1601 836; x_wconf 90' lang='lat' dir='ltr'><strong>nunc;</strong></span> <span class='ocrx_word' id='word_1_42' title='bbox 1654 770 1811 841; x_wconf 90' lang='lat' dir='ltr'><strong>quia,</strong></span> <span class='ocrx_word' id='word_1_43' title='bbox 1837 777 1897 822; x_wconf 90' lang='lat' dir='ltr'><strong>ut</strong></span> <span class='ocrx_word' id='word_1_44' title='bbox 1931 768 2072 837; x_wconf 85' lang='lat' dir='ltr'><strong>Apo-</strong></span> 
     </span>
    </p>
   </div>
   <div class='ocr_carea' id='block_1_8' title="bbox 497 858 2071 934">
    <p class='ocr_par' dir='ltr' id='par_1_8' title="bbox 497 858 2071 934">
     <span class='ocr_line' id='line_1_8' title="bbox 497 858 2071 934; baseline -0.01 -7"><span class='ocrx_word' id='word_1_45' title='bbox 497 872 668 927; x_wconf 89' lang='lat' dir='ltr'><strong>stolus</strong></span> <span class='ocrx_word' id='word_1_46' title='bbox 696 870 791 933; x_wconf 88' lang='lat' dir='ltr'><strong>ait,</strong></span> <span class='ocrx_word' id='word_1_47' title='bbox 844 865 1049 922; x_wconf 89' lang='lat' dir='ltr'><strong>instant</strong></span> <span class='ocrx_word' id='word_1_48' title='bbox 1099 875 1338 934; x_wconf 90' lang='lat' dir='ltr'><strong>tempora</strong></span> <span class='ocrx_word' id='word_1_49' title='bbox 1379 861 1706 933; x_wconf 88' lang='lat' dir='ltr'><strong>periculosa,</strong></span> <span class='ocrx_word' id='word_1_50' title='bbox 1735 868 1790 915; x_wconf 94' lang='lat' dir='ltr'><strong>et</strong></span> <span class='ocrx_word' id='word_1_51' title='bbox 1819 867 1944 914; x_wconf 93' lang='lat' dir='ltr'><strong>sunt</strong></span> <span class='ocrx_word' id='word_1_52' title='bbox 1971 858 2071 912; x_wconf 88' lang='lat' dir='ltr'><strong>bo-</strong></span> 
     </span>
    </p>
   </div>
   <div class='ocr_carea' id='block_1_9' title="bbox 497 947 2074 1029">
    <p class='ocr_par' dir='ltr' id='par_1_9' title="bbox 497 947 2074 1029">
     <span class='ocr_line' id='line_1_9' title="bbox 497 947 2074 1029; baseline -0.011 -13"><span class='ocrx_word' id='word_1_53' title='bbox 497 962 670 1017; x_wconf 85' lang='lat' dir='ltr'><strong>mines</strong></span> <span class='ocrx_word' id='word_1_54' title='bbox 705 974 763 1014; x_wconf 88' lang='lat' dir='ltr'><strong>se</strong></span> <span class='ocrx_word' id='word_1_55' title='bbox 784 958 929 1029; x_wconf 89' lang='lat' dir='ltr'><strong>ipsos</strong></span> <span class='ocrx_word' id='word_1_56' title='bbox 956 964 1223 1019; x_wconf 77' lang='lat' dir='ltr'><strong>amantes,</strong></span> <span class='ocrx_word' id='word_1_57' title='bbox 1253 962 1308 1009; x_wconf 90' lang='lat' dir='ltr'><strong>et</strong></span> <span class='ocrx_word' id='word_1_58' title='bbox 1337 961 1726 1008; x_wconf 85' lang='lat' dir='ltr'><strong>coacervantes</strong></span> <span class='ocrx_word' id='word_1_59' title='bbox 1767 950 1867 1004; x_wconf 85' lang='lat' dir='ltr'><strong>sibi</strong></span> <span class='ocrx_word' id='word_1_60' title='bbox 1904 947 2074 1018; x_wconf 83' lang='lat' dir='ltr'><strong>magi-</strong></span> 
     </span>
    </p>
   </div>
   <div class='ocr_carea' id='block_1_10' title="bbox 498 1034 2070 1107">
    <p class='ocr_par' dir='ltr' id='par_1_10' title="bbox 498 1034 2070 1107">
     <span class='ocr_line' id='line_1_10' title="bbox 498 1034 2070 1107; baseline -0.011 -1"><span class='ocrx_word' id='word_1_61' title='bbox 498 1058 640 1106; x_wconf 88' lang='lat' dir='ltr'><strong>stros</strong></span> <span class='ocrx_word' id='word_1_62' title='bbox 664 1047 957 1104; x_wconf 90' lang='lat' dir='ltr'><strong>secundum</strong></span> <span class='ocrx_word' id='word_1_63' title='bbox 984 1043 1251 1099; x_wconf 84' lang='lat' dir='ltr'><strong>desideria</strong></span> <span class='ocrx_word' id='word_1_64' title='bbox 1277 1042 1457 1096; x_wconf 85' lang='lat' dir='ltr'><strong>cordis</strong></span> <span class='ocrx_word' id='word_1_65' title='bbox 1481 1056 1667 1095; x_wconf 91' lang='lat' dir='ltr'><strong>eorum</strong></span> <span class='ocrx_word' id='word_1_66' title='bbox 1693 1038 1778 1103; x_wconf 83' lang='lat' dir='ltr'><strong><em>(II</em></strong></span> <span class='ocrx_word' id='word_1_67' title='bbox 1810 1037 1943 1091; x_wconf 86' lang='lat' dir='ltr'><strong>Tim.</strong></span> <span class='ocrx_word' id='word_1_68' title='bbox 1975 1034 2070 1107; x_wconf 77' lang='grc' dir='ltr'><strong>ιν).</strong></span> 
     </span>
    </p>
   </div>
   <div class='ocr_carea' id='block_1_11' title="bbox 498 1132 2077 1210">
    <p class='ocr_par' dir='ltr' id='par_1_11' title="bbox 498 1132 2077 1210">
     <span class='ocr_line' id='line_1_11' title="bbox 498 1132 2077 1210; baseline -0.008 -14"><span class='ocrx_word' id='word_1_69' title='bbox 498 1142 652 1210; x_wconf 84' lang='lat' dir='ltr'><strong>Quod</strong></span> <span class='ocrx_word' id='word_1_70' title='bbox 680 1138 832 1196; x_wconf 92' lang='lat' dir='ltr'><strong>nefas</strong></span> <span class='ocrx_word' id='word_1_71' title='bbox 857 1154 961 1193; x_wconf 91' lang='lat' dir='ltr'><strong>non</strong></span> <span class='ocrx_word' id='word_1_72' title='bbox 988 1135 1330 1192; x_wconf 85' lang='lat' dir='ltr'><strong>mediocriter</strong></span> <span class='ocrx_word' id='word_1_73' title='bbox 1366 1135 1419 1188; x_wconf 92' lang='lat' dir='ltr'><strong>in</strong></span> <span class='ocrx_word' id='word_1_74' title='bbox 1456 1132 1777 1203; x_wconf 88' lang='lat' dir='ltr'><strong>quibusdam</strong></span> <span class='ocrx_word' id='word_1_75' title='bbox 1808 1137 2077 1184; x_wconf 90' lang='lat' dir='ltr'><strong>monaste-</strong></span> 
     </span>
    </p>
   </div>
   <div class='ocr_carea' id='block_1_12' title="bbox 496 1220 2078 1300">
    <p class='ocr_par' dir='ltr' id='par_1_12' title="bbox 496 1220 2078 1300">
     <span class='ocr_line' id='line_1_12' title="bbox 496 1220 2078 1300; baseline -0.009 -13"><span class='ocrx_word' id='word_1_76' title='bbox 496 1232 597 1288; x_wconf 89' lang='lat' dir='ltr'><strong>riis</strong></span> <span class='ocrx_word' id='word_1_77' title='bbox 640 1246 816 1300; x_wconf 88' lang='lat' dir='ltr'><strong>ncque</strong></span> <span class='ocrx_word' id='word_1_78' title='bbox 862 1228 1119 1292; x_wconf 83' lang='lat' dir='ltr'><strong>latenter,</strong></span> <span class='ocrx_word' id='word_1_79' title='bbox 1165 1224 1259 1279; x_wconf 90' lang='lat' dir='ltr'><strong>sed</strong></span> <span class='ocrx_word' id='word_1_80' title='bbox 1307 1232 1554 1294; x_wconf 90' lang='lat' dir='ltr'><strong>patenter</strong></span> <span class='ocrx_word' id='word_1_81' title='bbox 1581 1230 1637 1276; x_wconf 91' lang='lat' dir='ltr'><strong>et</strong></span> <span class='ocrx_word' id='word_1_82' title='bbox 1680 1220 1967 1275; x_wconf 82' lang='lat' dir='ltr'><strong>infeliciter</strong></span> <span class='ocrx_word' id='word_1_83' title='bbox 1993 1235 2078 1273; x_wconf 91' lang='lat' dir='ltr'><strong>re-</strong></span> 
     </span>
    </p>
   </div>
   <div class='ocr_carea' id='block_1_13' title="bbox 497 1314 2107 1397">
    <p class='ocr_par' dir='ltr' id='par_1_13' title="bbox 497 1314 2107 1397">
     <span class='ocr_line' id='line_1_13' title="bbox 497 1314 2107 1397; baseline -0.009 -18"><span class='ocrx_word' id='word_1_84' title='bbox 497 1340 662 1397; x_wconf 88' lang='lat' dir='ltr'><strong>gnare</strong></span> <span class='ocrx_word' id='word_1_85' title='bbox 690 1323 918 1386; x_wconf 87' lang='lat' dir='ltr'><strong>videtur,</strong></span> <span class='ocrx_word' id='word_1_86' title='bbox 966 1335 1087 1374; x_wconf 93' lang='lat' dir='ltr'><strong>cum</strong></span> <span class='ocrx_word' id='word_1_87' title='bbox 1126 1318 1348 1388; x_wconf 83' lang='lat' dir='ltr'><strong>quilibet</strong></span> <span class='ocrx_word' id='word_1_88' title='bbox 1389 1316 1721 1386; x_wconf 88' lang='lat' dir='ltr'><strong>potentiores</strong></span> <span class='ocrx_word' id='word_1_89' title='bbox 1768 1314 1820 1367; x_wconf 90' lang='lat' dir='ltr'><strong>in</strong></span> <span class='ocrx_word' id='word_1_90' title='bbox 1859 1326 2107 1383; x_wconf 86' lang='lat' dir='ltr'><strong>congrc--</strong></span> 
     </span>
    </p>
   </div>
   <div class='ocr_carea' id='block_1_14' title="bbox 499 1408 2078 1486">
    <p class='ocr_par' dir='ltr' id='par_1_14' title="bbox 499 1408 2078 1486">
     <span class='ocr_line' id='line_1_14' title="bbox 499 1408 2078 1486; baseline -0.011 -16"><span class='ocrx_word' id='word_1_91' title='bbox 499 1415 713 1486; x_wconf 91' lang='lat' dir='ltr'><strong>gatione</strong></span> <span class='ocrx_word' id='word_1_92' title='bbox 747 1426 1004 1483; x_wconf 84' lang='lat' dir='ltr'><strong>personas</strong></span> <span class='ocrx_word' id='word_1_93' title='bbox 1050 1409 1150 1465; x_wconf 89' lang='lat' dir='ltr'><strong>sibi</strong></span> <span class='ocrx_word' id='word_1_94' title='bbox 1202 1408 1604 1462; x_wconf 87' lang='lat' dir='ltr'><strong>consentientes</strong></span> <span class='ocrx_word' id='word_1_95' title='bbox 1653 1410 2078 1474; x_wconf 66' lang='lat' dir='ltr'><strong>praesumptuosa</strong></span> 
     </span>
    </p>
   </div>
   <div class='ocr_carea' id='block_1_15' title="bbox 499 1499 2079 1562">
    <p class='ocr_par' dir='ltr' id='par_1_15' title="bbox 499 1499 2079 1562">
     <span class='ocr_line' id='line_1_15' title="bbox 499 1499 2079 1562; baseline -0.01 -2"><span class='ocrx_word' id='word_1_96' title='bbox 499 1505 841 1560; x_wconf 86' lang='lat' dir='ltr'><strong>contentione</strong></span> <span class='ocrx_word' id='word_1_97' title='bbox 890 1500 1111 1555; x_wconf 87' lang='lat' dir='ltr'><strong>abbatcs</strong></span> <span class='ocrx_word' id='word_1_98' title='bbox 1167 1499 1421 1553; x_wconf 91' lang='lat' dir='ltr'><strong>ordinare</strong></span> <span class='ocrx_word' id='word_1_99' title='bbox 1474 1505 1762 1557; x_wconf 83' lang='lat' dir='ltr'><strong>conantur,</strong></span> <span class='ocrx_word' id='word_1_100' title='bbox 1814 1500 2079 1562; x_wconf 85' lang='lat' dir='ltr'><strong>quatenus</strong></span> 
     </span>
    </p>
   </div>
   <div class='ocr_carea' id='block_1_16' title="bbox 498 1584 2076 1657">
    <p class='ocr_par' dir='ltr' id='par_1_16' title="bbox 498 1584 2076 1657">
     <span class='ocr_line' id='line_1_16' title="bbox 498 1584 2076 1657; baseline -0.01 -9"><span class='ocrx_word' id='word_1_101' title='bbox 498 1593 606 1649; x_wconf 91' lang='lat' dir='ltr'><strong>illis</strong></span> <span class='ocrx_word' id='word_1_102' title='bbox 630 1591 1029 1647; x_wconf 86' lang='lat' dir='ltr'><strong>dominantibus</strong></span> <span class='ocrx_word' id='word_1_103' title='bbox 1068 1587 1169 1657; x_wconf 87' lang='lat' dir='ltr'><strong>ipsi</strong></span> <span class='ocrx_word' id='word_1_104' title='bbox 1196 1588 1398 1656; x_wconf 87' lang='lat' dir='ltr'><strong>pariter</strong></span> <span class='ocrx_word' id='word_1_105' title='bbox 1424 1588 1664 1641; x_wconf 91' lang='lat' dir='ltr'><strong>omnium</strong></span> <span class='ocrx_word' id='word_1_106' title='bbox 1707 1584 2076 1645; x_wconf 88' lang='lat' dir='ltr'><strong>dominentur,</strong></span> 
     </span>
    </p>
   </div>
   <div class='ocr_carea' id='block_1_17' title="bbox 497 1670 2075 1754">
    <p class='ocr_par' dir='ltr' id='par_1_17' title="bbox 497 1670 2075 1754">
     <span class='ocr_line' id='line_1_17' title="bbox 497 1670 2075 1754; baseline -0.011 -14"><span class='ocrx_word' id='word_1_107' title='bbox 497 1693 798 1754; x_wconf 87' lang='lat' dir='ltr'><strong>cunctaque</strong></span> <span class='ocrx_word' id='word_1_108' title='bbox 818 1679 1135 1738; x_wconf 82' lang='lat' dir='ltr'><strong>monasterii</strong></span> <span class='ocrx_word' id='word_1_109' title='bbox 1161 1678 1456 1733; x_wconf 89' lang='lat' dir='ltr'><strong>ministeria</strong></span> <span class='ocrx_word' id='word_1_110' title='bbox 1474 1691 1659 1731; x_wconf 91' lang='lat' dir='ltr'><strong>eorum</strong></span> <span class='ocrx_word' id='word_1_111' title='bbox 1684 1670 2075 1732; x_wconf 79' lang='lat' dir='ltr'><strong>tantummodo,</strong></span> 
     </span>
    </p>
   </div>
   <div class='ocr_carea' id='block_1_18' title="bbox 497 1759 2081 1845">
    <p class='ocr_par' dir='ltr' id='par_1_18' title="bbox 497 1759 2081 1845">
     <span class='ocr_line' id='line_1_18' title="bbox 497 1759 2081 1845; baseline -0.011 -16"><span class='ocrx_word' id='word_1_112' title='bbox 497 1775 871 1845; x_wconf 86' lang='lat' dir='ltr'><strong>qualecunque</strong></span> <span class='ocrx_word' id='word_1_113' title='bbox 898 1774 990 1839; x_wconf 92' lang='lat' dir='ltr'><strong>sit,</strong></span> <span class='ocrx_word' id='word_1_114' title='bbox 1018 1774 1244 1829; x_wconf 91' lang='lat' dir='ltr'><strong>consilio</strong></span> <span class='ocrx_word' id='word_1_115' title='bbox 1281 1771 1652 1839; x_wconf 85' lang='lat' dir='ltr'><strong>disponantur.</strong></span> <span class='ocrx_word' id='word_1_116' title='bbox 1695 1766 1772 1818; x_wconf 80' lang='lat' dir='ltr'><strong>Ex</strong></span> <span class='ocrx_word' id='word_1_117' title='bbox 1810 1764 1896 1817; x_wconf 89' lang='lat' dir='ltr'><strong>his</strong></span> <span class='ocrx_word' id='word_1_118' title='bbox 1922 1759 2081 1815; x_wconf 90' lang='lat' dir='ltr'><strong>nimi-</strong></span> 
     </span>
    </p>
   </div>
   <div class='ocr_carea' id='block_1_19' title="bbox 2172 572 3777 651">
    <p class='ocr_par' dir='ltr' id='par_1_19' title="bbox 2172 572 3777 651">
     <span class='ocr_line' id='line_1_19' title="bbox 2172 572 3777 651; baseline -0.004 -15"><span class='ocrx_word' id='word_1_119' title='bbox 2172 583 2367 636; x_wconf 90' lang='lat' dir='ltr'><strong>timore</strong></span> <span class='ocrx_word' id='word_1_120' title='bbox 2398 581 2756 651; x_wconf 89' lang='lat' dir='ltr'><strong>quorumdam</strong></span> <span class='ocrx_word' id='word_1_121' title='bbox 2808 578 3174 648; x_wconf 68' lang='lat' dir='ltr'><strong>praelatorum.</strong></span> <span class='ocrx_word' id='word_1_122' title='bbox 3219 572 3395 644; x_wconf 72' lang='lat' dir='ltr'><strong>Srepe,</strong></span> <span class='ocrx_word' id='word_1_123' title='bbox 3424 573 3628 642; x_wconf 83' lang='lat' dir='ltr'><strong>inquit,</strong></span> <span class='ocrx_word' id='word_1_124' title='bbox 3657 588 3777 629; x_wconf 80' lang='lat' dir='ltr'><strong>no-</strong></span> 
     </span>
    </p>
   </div>
   <div class='ocr_carea' id='block_1_20' title="bbox 2170 667 3775 743">
    <p class='ocr_par' dir='ltr' id='par_1_20' title="bbox 2170 667 3775 743">
     <span class='ocr_line' id='line_1_20' title="bbox 2170 667 3775 743; baseline -0.004 -15"><span class='ocrx_word' id='word_1_125' title='bbox 2170 674 2348 728; x_wconf 90' lang='lat' dir='ltr'><strong>vimus</strong></span> <span class='ocrx_word' id='word_1_126' title='bbox 2373 673 2514 743; x_wconf 88' lang='lat' dir='ltr'><strong>quod</strong></span> <span class='ocrx_word' id='word_1_127' title='bbox 2537 674 2851 743; x_wconf 90' lang='lat' dir='ltr'><strong>plerumque</strong></span> <span class='ocrx_word' id='word_1_128' title='bbox 2868 672 2956 741; x_wconf 91' lang='lat' dir='ltr'><strong>qui</strong></span> <span class='ocrx_word' id='word_1_129' title='bbox 2984 677 3224 739; x_wconf 74' lang='lat' dir='ltr'><strong>pnnsunt</strong></span> <span class='ocrx_word' id='word_1_130' title='bbox 3249 668 3622 721; x_wconf 85' lang='lat' dir='ltr'><strong>inordinatum</strong></span> <span class='ocrx_word' id='word_1_131' title='bbox 3650 667 3775 722; x_wconf 81' lang='lat' dir='ltr'><strong>sibi</strong></span> 
     </span>
    </p>
   </div>
   <div class='ocr_carea' id='block_1_21' title="bbox 2173 759 3775 833">
    <p class='ocr_par' dir='ltr' id='par_1_21' title="bbox 2173 759 3775 833">
     <span class='ocr_line' id='line_1_21' title="bbox 2173 759 3775 833; baseline -0.005 -12"><span class='ocrx_word' id='word_1_132' title='bbox 2173 775 2379 821; x_wconf 90' lang='lat' dir='ltr'><strong>metum</strong></span> <span class='ocrx_word' id='word_1_133' title='bbox 2412 782 2442 819; x_wconf 91' lang='lat' dir='ltr'><strong>a</strong></span> <span class='ocrx_word' id='word_1_134' title='bbox 2465 766 2697 821; x_wconf 89' lang='lat' dir='ltr'><strong>subditis</strong></span> <span class='ocrx_word' id='word_1_135' title='bbox 2740 764 2993 833; x_wconf 74' lang='lat' dir='ltr'><strong>exigunt;</strong></span> <span class='ocrx_word' id='word_1_136' title='bbox 3026 770 3082 817; x_wconf 89' lang='lat' dir='ltr'><strong>et</strong></span> <span class='ocrx_word' id='word_1_137' title='bbox 3131 774 3238 815; x_wconf 89' lang='lat' dir='ltr'><strong>non</strong></span> <span class='ocrx_word' id='word_1_138' title='bbox 3271 766 3380 812; x_wconf 89' lang='lat' dir='ltr'><strong>tam</strong></span> <span class='ocrx_word' id='word_1_139' title='bbox 3413 766 3638 828; x_wconf 85' lang='lat' dir='ltr'><strong>propter</strong></span> <span class='ocrx_word' id='word_1_140' title='bbox 3659 759 3775 813; x_wconf 90' lang='lat' dir='ltr'><strong>Do-</strong></span> 
     </span>
    </p>
   </div>
   <div class='ocr_carea' id='block_1_22' title="bbox 2172 847 3771 927">
    <p class='ocr_par' dir='ltr' id='par_1_22' title="bbox 2172 847 3771 927">
     <span class='ocr_line' id='line_1_22' title="bbox 2172 847 3771 927; baseline -0.006 -15"><span class='ocrx_word' id='word_1_141' title='bbox 2172 858 2379 912; x_wconf 88' lang='lat' dir='ltr'><strong>minum</strong></span> <span class='ocrx_word' id='word_1_142' title='bbox 2423 872 2587 927; x_wconf 91' lang='lat' dir='ltr'><strong>quam</strong></span> <span class='ocrx_word' id='word_1_143' title='bbox 2632 870 2729 924; x_wconf 88' lang='lat' dir='ltr'><strong>pro</strong></span> <span class='ocrx_word' id='word_1_144' title='bbox 2766 853 2993 908; x_wconf 89' lang='lat' dir='ltr'><strong>Domino</strong></span> <span class='ocrx_word' id='word_1_145' title='bbox 3041 849 3294 906; x_wconf 88' lang='lat' dir='ltr'><strong>venerari</strong></span> <span class='ocrx_word' id='word_1_146' title='bbox 3351 847 3561 903; x_wconf 84' lang='lat' dir='ltr'><strong>volunt.</strong></span> <span class='ocrx_word' id='word_1_147' title='bbox 3613 847 3771 903; x_wconf 89' lang='lat' dir='ltr'><strong>lntus</strong></span> 
     </span>
    </p>
   </div>
   <div class='ocr_carea' id='block_1_23' title="bbox 2174 938 3770 1008">
    <p class='ocr_par' dir='ltr' id='par_1_23' title="bbox 2174 938 3770 1008">
     <span class='ocr_line' id='line_1_23' title="bbox 2174 938 3770 1008; baseline -0.006 -5"><span class='ocrx_word' id='word_1_148' title='bbox 2174 949 2317 1003; x_wconf 90' lang='lat' dir='ltr'><strong>enim</strong></span> <span class='ocrx_word' id='word_1_149' title='bbox 2347 963 2404 1003; x_wconf 91' lang='lat' dir='ltr'><strong>se</strong></span> <span class='ocrx_word' id='word_1_150' title='bbox 2427 956 2637 1003; x_wconf 92' lang='lat' dir='ltr'><strong>tumore</strong></span> <span class='ocrx_word' id='word_1_151' title='bbox 2656 946 2837 1001; x_wconf 88' lang='lat' dir='ltr'><strong>cordis</strong></span> <span class='ocrx_word' id='word_1_152' title='bbox 2861 942 3143 1008; x_wconf 76' lang='lat' dir='ltr'><strong>extollunt,</strong></span> <span class='ocrx_word' id='word_1_153' title='bbox 3172 950 3228 996; x_wconf 92' lang='lat' dir='ltr'><strong>et</strong></span> <span class='ocrx_word' id='word_1_154' title='bbox 3259 947 3485 995; x_wconf 90' lang='lat' dir='ltr'><strong>cunctos</strong></span> <span class='ocrx_word' id='word_1_155' title='bbox 3510 938 3770 993; x_wconf 85' lang='lat' dir='ltr'><strong>subditos</strong></span> 
     </span>
    </p>
   </div>
   <div class='ocr_carea' id='block_1_24' title="bbox 2174 1031 3773 1109">
    <p class='ocr_par' dir='ltr' id='par_1_24' title="bbox 2174 1031 3773 1109">
     <span class='ocr_line' id='line_1_24' title="bbox 2174 1031 3773 1109; baseline -0.005 -14"><span class='ocrx_word' id='word_1_156' title='bbox 2174 1040 2229 1095; x_wconf 92' lang='lat' dir='ltr'><strong>in</strong></span> <span class='ocrx_word' id='word_1_157' title='bbox 2251 1040 2335 1095; x_wconf 90' lang='lat' dir='ltr'><strong>sui</strong></span> <span class='ocrx_word' id='word_1_158' title='bbox 2357 1038 2760 1109; x_wconf 82' lang='lat' dir='ltr'><strong>comparatione</strong></span> <span class='ocrx_word' id='word_1_159' title='bbox 2782 1036 3116 1105; x_wconf 90' lang='lat' dir='ltr'><strong>despiciunt;</strong></span> <span class='ocrx_word' id='word_1_160' title='bbox 3157 1049 3258 1088; x_wconf 90' lang='lat' dir='ltr'><strong>nec</strong></span> <span class='ocrx_word' id='word_1_161' title='bbox 3280 1031 3773 1089; x_wconf 85' lang='lat' dir='ltr'><strong>condescendendo</strong></span> 
     </span>
    </p>
   </div>
   <div class='ocr_carea' id='block_1_25' title="bbox 2176 1119 3772 1195">
    <p class='ocr_par' dir='ltr' id='par_1_25' title="bbox 2176 1119 3772 1195">
     <span class='ocr_line' id='line_1_25' title="bbox 2176 1119 3772 1195; baseline -0.008 -9"><span class='ocrx_word' id='word_1_162' title='bbox 2176 1131 2484 1195; x_wconf 91' lang='lat' dir='ltr'><strong>consulunt,</strong></span> <span class='ocrx_word' id='word_1_163' title='bbox 2514 1130 2607 1184; x_wconf 90' lang='lat' dir='ltr'><strong>sed</strong></span> <span class='ocrx_word' id='word_1_164' title='bbox 2647 1127 2973 1183; x_wconf 90' lang='lat' dir='ltr'><strong>dominando</strong></span> <span class='ocrx_word' id='word_1_165' title='bbox 3015 1131 3395 1195; x_wconf 81' lang='lat' dir='ltr'><strong>praesumunt:</strong></span> <span class='ocrx_word' id='word_1_166' title='bbox 3432 1122 3527 1191; x_wconf 86' lang='lat' dir='ltr'><strong>qui</strong></span> <span class='ocrx_word' id='word_1_167' title='bbox 3569 1119 3772 1175; x_wconf 65' lang='lat' dir='ltr'><strong>videlio</strong></span> 
     </span>
    </p>
   </div>
   <div class='ocr_carea' id='block_1_26' title="bbox 2177 1210 3771 1292">
    <p class='ocr_par' dir='ltr' id='par_1_26' title="bbox 2177 1210 3771 1292">
     <span class='ocr_line' id='line_1_26' title="bbox 2177 1210 3771 1292; baseline -0.007 -15"><span class='ocrx_word' id='word_1_168' title='bbox 2177 1232 2261 1277; x_wconf 91' lang='lat' dir='ltr'><strong>cet</strong></span> <span class='ocrx_word' id='word_1_169' title='bbox 2296 1224 2402 1276; x_wconf 89' lang='lat' dir='ltr'><strong>alta</strong></span> <span class='ocrx_word' id='word_1_170' title='bbox 2456 1221 2781 1292; x_wconf 82' lang='lat' dir='ltr'><strong>cogitatione</strong></span> <span class='ocrx_word' id='word_1_171' title='bbox 2826 1234 2887 1273; x_wconf 91' lang='lat' dir='ltr'><strong>se</strong></span> <span class='ocrx_word' id='word_1_172' title='bbox 2927 1217 3162 1286; x_wconf 84' lang='lat' dir='ltr'><strong>erigunt,</strong></span> <span class='ocrx_word' id='word_1_173' title='bbox 3190 1225 3247 1271; x_wconf 84' lang='lat' dir='ltr'><strong>et</strong></span> <span class='ocrx_word' id='word_1_174' title='bbox 3292 1214 3530 1283; x_wconf 81' lang='lat' dir='ltr'><strong>:cquales</strong></span> <span class='ocrx_word' id='word_1_175' title='bbox 3567 1227 3630 1266; x_wconf 90' lang='lat' dir='ltr'><strong>se</strong></span> <span class='ocrx_word' id='word_1_176' title='bbox 3655 1210 3771 1267; x_wconf 81' lang='lat' dir='ltr'><strong>illis</strong></span> 
     </span>
    </p>
   </div>
   <div class='ocr_carea' id='block_1_27' title="bbox 2176 1300 3769 1383">
    <p class='ocr_par' dir='ltr' id='par_1_27' title="bbox 2176 1300 3769 1383">
     <span class='ocr_line' id='line_1_27' title="bbox 2176 1300 3769 1383; baseline -0.007 -17"><span class='ocrx_word' id='word_1_177' title='bbox 2176 1313 2374 1383; x_wconf 88' lang='lat' dir='ltr'><strong>quibus</strong></span> <span class='ocrx_word' id='word_1_178' title='bbox 2408 1326 2502 1365; x_wconf 87' lang='lat' dir='ltr'><strong>eos</strong></span> <span class='ocrx_word' id='word_1_179' title='bbox 2535 1324 2769 1379; x_wconf 59' lang='lat' dir='ltr'><strong>pricessc</strong></span> <span class='ocrx_word' id='word_1_180' title='bbox 2793 1307 3042 1377; x_wconf 81' lang='lat' dir='ltr'><strong>contigit,</strong></span> <span class='ocrx_word' id='word_1_181' title='bbox 3071 1322 3176 1359; x_wconf 91' lang='lat' dir='ltr'><strong>non</strong></span> <span class='ocrx_word' id='word_1_182' title='bbox 3208 1310 3533 1376; x_wconf 83' lang='lat' dir='ltr'><strong>agnoscunt.</strong></span> <span class='ocrx_word' id='word_1_183' title='bbox 3564 1300 3769 1356; x_wconf 77' lang='lat' dir='ltr'><strong>Contra</strong></span> 
     </span>
    </p>
   </div>
   <div class='ocr_carea' id='block_1_28' title="bbox 2177 1392 3765 1467">
    <p class='ocr_par' dir='ltr' id='par_1_28' title="bbox 2177 1392 3765 1467">
     <span class='ocr_line' id='line_1_28' title="bbox 2177 1392 3765 1467; baseline -0.006 -11"><span class='ocrx_word' id='word_1_184' title='bbox 2177 1403 2322 1456; x_wconf 87' lang='lat' dir='ltr'><strong>hunc</strong></span> <span class='ocrx_word' id='word_1_185' title='bbox 2358 1410 2620 1453; x_wconf 88' lang='lat' dir='ltr'><strong>tumorem</strong></span> <span class='ocrx_word' id='word_1_186' title='bbox 2650 1414 2746 1467; x_wconf 91' lang='lat' dir='ltr'><strong>per</strong></span> <span class='ocrx_word' id='word_1_187' title='bbox 2786 1396 3228 1451; x_wconf 72' lang='lat' dir='ltr'><strong>Ecclesrasticum</strong></span> <span class='ocrx_word' id='word_1_188' title='bbox 3263 1395 3462 1448; x_wconf 86' lang='lat' dir='ltr'><strong>librum</strong></span> <span class='ocrx_word' id='word_1_189' title='bbox 3511 1392 3718 1447; x_wconf 88' lang='lat' dir='ltr'><strong>dicitur</strong></span> <span class='ocrx_word' id='word_1_190' title='bbox 3747 1409 3765 1446; x_wconf 87' lang='lat'><strong>:</strong></span> 
     </span>
    </p>
   </div>
   <div class='ocr_carea' id='block_1_29' title="bbox 2177 1481 3772 1550">
    <p class='ocr_par' dir='ltr' id='par_1_29' title="bbox 2177 1481 3772 1550">
     <span class='ocr_line' id='line_1_29' title="bbox 2177 1481 3772 1550; baseline -0.003 -8"><span class='ocrx_word' id='word_1_191' title='bbox 2177 1488 2378 1543; x_wconf 86' lang='lat' dir='ltr'><strong>Ducem</strong></span> <span class='ocrx_word' id='word_1_192' title='bbox 2407 1498 2455 1541; x_wconf 88' lang='lat' dir='ltr'><strong>te</strong></span> <span class='ocrx_word' id='word_1_193' title='bbox 2486 1489 2895 1550; x_wconf 81' lang='lat' dir='ltr'><strong>constituerunt,</strong></span> <span class='ocrx_word' id='word_1_194' title='bbox 2925 1485 3033 1538; x_wconf 85' lang='lat' dir='ltr'><strong>noli</strong></span> <span class='ocrx_word' id='word_1_195' title='bbox 3082 1483 3284 1545; x_wconf 71' lang='lat' dir='ltr'><strong>extolli,</strong></span> <span class='ocrx_word' id='word_1_196' title='bbox 3312 1482 3404 1539; x_wconf 74' lang='lat' dir='ltr'><strong>sed,</strong></span> <span class='ocrx_word' id='word_1_197' title='bbox 3435 1492 3549 1535; x_wconf 76' lang='lat' dir='ltr'><strong>esto</strong></span> <span class='ocrx_word' id='word_1_198' title='bbox 3578 1481 3636 1535; x_wconf 73' lang='lat' dir='ltr'><strong>in</strong></span> <span class='ocrx_word' id='word_1_199' title='bbox 3665 1481 3772 1538; x_wconf 67' lang='lat' dir='ltr'><strong>illis</strong></span> 
     </span>
    </p>
   </div>
   <div class='ocr_carea' id='block_1_30' title="bbox 2177 1570 3773 1651">
    <p class='ocr_par' dir='ltr' id='par_1_30' title="bbox 2177 1570 3773 1651">
     <span class='ocr_line' id='line_1_30' title="bbox 2177 1570 3773 1651; baseline -0.004 -20"><span class='ocrx_word' id='word_1_200' title='bbox 2177 1578 2332 1649; x_wconf 80' lang='lat' dir='ltr'><strong>quasi</strong></span> <span class='ocrx_word' id='word_1_201' title='bbox 2369 1593 2507 1630; x_wconf 81' lang='lat' dir='ltr'><strong>unus</strong></span> <span class='ocrx_word' id='word_1_202' title='bbox 2546 1592 2609 1629; x_wconf 75' lang='lat' dir='ltr'><strong>ex</strong></span> <span class='ocrx_word' id='word_1_203' title='bbox 2660 1575 2765 1628; x_wconf 82' lang='lat' dir='ltr'><strong>illis</strong></span> <span class='ocrx_word' id='word_1_204' title='bbox 2813 1573 3001 1642; x_wconf 74' lang='lat' dir='ltr'><strong>(Eccli.</strong></span> <span class='ocrx_word' id='word_1_205' title='bbox 3036 1571 3286 1641; x_wconf 80' lang='lat' dir='ltr'><strong>xxxviii).</strong></span> <span class='ocrx_word' id='word_1_206' title='bbox 3319 1570 3474 1651; x_wconf 66' lang='lat' dir='ltr'><strong>liunc</strong></span> <span class='ocrx_word' id='word_1_207' title='bbox 3500 1579 3773 1625; x_wconf 77' lang='lat' dir='ltr'><strong>tumorem</strong></span> 
     </span>
    </p>
   </div>
   <div class='ocr_carea' id='block_1_31' title="bbox 2179 1661 3775 1738">
    <p class='ocr_par' dir='ltr' id='par_1_31' title="bbox 2179 1661 3775 1738">
     <span class='ocr_line' id='line_1_31' title="bbox 2179 1661 3775 1738; baseline -0.005 -16"><span class='ocrx_word' id='word_1_208' title='bbox 2179 1683 2282 1738; x_wconf 88' lang='lat' dir='ltr'><strong>per</strong></span> <span class='ocrx_word' id='word_1_209' title='bbox 2304 1667 2623 1738; x_wconf 83' lang='lat' dir='ltr'><strong>prOphetani</strong></span> <span class='ocrx_word' id='word_1_210' title='bbox 2646 1665 2906 1720; x_wconf 84' lang='lat' dir='ltr'><strong>Dominus</strong></span> <span class='ocrx_word' id='word_1_211' title='bbox 2936 1666 2987 1718; x_wconf 90' lang='lat' dir='ltr'><strong>iu</strong></span> <span class='ocrx_word' id='word_1_212' title='bbox 3009 1663 3318 1734; x_wconf 88' lang='lat' dir='ltr'><strong>pastoribus</strong></span> <span class='ocrx_word' id='word_1_213' title='bbox 3341 1663 3633 1732; x_wconf 82' lang='lat' dir='ltr'><strong>increpans</strong></span> <span class='ocrx_word' id='word_1_214' title='bbox 3654 1661 3730 1715; x_wconf 84' lang='lat' dir='ltr'><strong>ait</strong></span> <span class='ocrx_word' id='word_1_215' title='bbox 3752 1675 3775 1714; x_wconf 88' lang='lat'>:</span> 
     </span>
    </p>
   </div>
   <div class='ocr_carea' id='block_1_32' title="bbox 2190 1751 3776 1828">
    <p class='ocr_par' dir='ltr' id='par_1_32' title="bbox 2190 1751 3776 1828">
     <span class='ocr_line' id='line_1_32' title="bbox 2190 1751 3776 1828; baseline -0.006 -14"><span class='ocrx_word' id='word_1_216' title='bbox 2190 1759 2296 1815; x_wconf 77' lang='lat' dir='ltr'><strong>Vos</strong></span> <span class='ocrx_word' id='word_1_217' title='bbox 2317 1771 2493 1813; x_wconf 86' lang='lat' dir='ltr'><strong>autem</strong></span> <span class='ocrx_word' id='word_1_218' title='bbox 2520 1759 2855 1828; x_wconf 82' lang='lat' dir='ltr'><strong>imperabatis</strong></span> <span class='ocrx_word' id='word_1_219' title='bbox 2884 1758 2957 1810; x_wconf 83' lang='lat' dir='ltr'><strong>eis</strong></span> <span class='ocrx_word' id='word_1_220' title='bbox 2983 1773 3099 1810; x_wconf 87' lang='lat' dir='ltr'><strong>cum</strong></span> <span class='ocrx_word' id='word_1_221' title='bbox 3123 1755 3430 1808; x_wconf 77' lang='lat' dir='ltr'><strong>austeritate</strong></span> <span class='ocrx_word' id='word_1_222' title='bbox 3459 1763 3509 1807; x_wconf 87' lang='lat' dir='ltr'><strong>et</strong></span> <span class='ocrx_word' id='word_1_223' title='bbox 3537 1751 3776 1823; x_wconf 70' lang='lat' dir='ltr'><strong>potentia</strong></span> 
     </span>
    </p>
   </div>
   <div class='ocr_carea' id='block_1_33' title="bbox 499 1850 3774 1935">
    <p class='ocr_par' dir='ltr' id='par_1_33' title="bbox 499 1850 3774 1935">
     <span class='ocr_line' id='line_1_33' title="bbox 499 1850 3774 1935; baseline -0.008 -12"><span class='ocrx_word' id='word_1_224' title='bbox 499 1882 620 1923; x_wconf 90' lang='lat' dir='ltr'><strong>rum</strong></span> <span class='ocrx_word' id='word_1_225' title='bbox 647 1874 942 1921; x_wconf 88' lang='lat' dir='ltr'><strong>nascuntur</strong></span> <span class='ocrx_word' id='word_1_226' title='bbox 975 1864 1421 1935; x_wconf 69' lang='lat' dir='ltr'><strong>praesumptiones</strong></span> <span class='ocrx_word' id='word_1_227' title='bbox 1450 1862 1503 1915; x_wconf 91' lang='lat' dir='ltr'><strong>in</strong></span> <span class='ocrx_word' id='word_1_228' title='bbox 1532 1859 1729 1920; x_wconf 90' lang='lat' dir='ltr'><strong>socios,</strong></span> <span class='ocrx_word' id='word_1_229' title='bbox 1760 1851 2085 1925; x_wconf 88' lang='lat' dir='ltr'><strong>indignatio-</strong></span> <span class='ocrx_word' id='word_1_230' title='bbox 2111 1857 2159 1917; x_wconf 85' lang='grc' dir='ltr'><strong>Β</strong></span> <span class='ocrx_word' id='word_1_231' title='bbox 2188 1853 2399 1925; x_wconf 76' lang='lat' dir='ltr'><strong>(Ezech.</strong></span> <span class='ocrx_word' id='word_1_232' title='bbox 2434 1852 2642 1924; x_wconf 75' lang='lat' dir='ltr'><strong>xxxrv).</strong></span> <span class='ocrx_word' id='word_1_233' title='bbox 2675 1850 2807 1917; x_wconf 85' lang='lat' dir='ltr'><strong>Quia</strong></span> <span class='ocrx_word' id='word_1_234' title='bbox 2834 1864 2963 1921; x_wconf 89' lang='lat' dir='ltr'><strong>ergo</strong></span> <span class='ocrx_word' id='word_1_235' title='bbox 2994 1861 3362 1917; x_wconf 85' lang='lat' dir='ltr'><strong>unusquisque</strong></span> <span class='ocrx_word' id='word_1_236' title='bbox 3405 1855 3610 1909; x_wconf 86' lang='lat' dir='ltr'><strong>rector,</strong></span> <span class='ocrx_word' id='word_1_237' title='bbox 3640 1860 3774 1914; x_wconf 90' lang='lat' dir='ltr'><strong>quo-</strong></span> 
     </span>
    </p>
   </div>
   <div class='ocr_carea' id='block_1_34' title="bbox 500 1948 2075 2025">
    <p class='ocr_par' dir='ltr' id='par_1_34' title="bbox 500 1948 2075 2025">
     <span class='ocr_line' id='line_1_34' title="bbox 500 1948 2075 2025; baseline -0.01 -13"><span class='ocrx_word' id='word_1_238' title='bbox 500 1972 621 2022; x_wconf 90' lang='lat' dir='ltr'><strong>nes,</strong></span> <span class='ocrx_word' id='word_1_239' title='bbox 640 1955 841 2024; x_wconf 84' lang='lat' dir='ltr'><strong>judicia</strong></span> <span class='ocrx_word' id='word_1_240' title='bbox 857 1956 929 2025; x_wconf 91' lang='lat' dir='ltr'><strong>iuj</strong></span> <span class='ocrx_word' id='word_1_241' title='bbox 938 1965 1076 2020; x_wconf 88' lang='lat' dir='ltr'><strong>usta,</strong></span> <span class='ocrx_word' id='word_1_242' title='bbox 1090 1955 1317 2009; x_wconf 88' lang='lat' dir='ltr'><strong>consilia</strong></span> <span class='ocrx_word' id='word_1_243' title='bbox 1338 1952 1495 2015; x_wconf 82' lang='lat' dir='ltr'><strong>mala,</strong></span> <span class='ocrx_word' id='word_1_244' title='bbox 1513 1948 1886 2003; x_wconf 85' lang='lat' dir='ltr'><strong>accusationes</strong></span> <span class='ocrx_word' id='word_1_245' title='bbox 1902 1956 2075 2005; x_wconf 57' lang='grc' dir='ltr'><strong>(πεπρ,</strong></span> 
     </span>
    </p>
   </div>
   <div class='ocr_carea' id='block_1_35' title="bbox 498 2034 2081 2110">
    <p class='ocr_par' dir='ltr' id='par_1_35' title="bbox 498 2034 2081 2110">
     <span class='ocr_line' id='line_1_35' title="bbox 498 2034 2081 2110; baseline -0.011 -7"><span class='ocrx_word' id='word_1_246' title='bbox 498 2047 899 2103; x_wconf 84' lang='lat' dir='ltr'><strong>susurrationes</strong></span> <span class='ocrx_word' id='word_1_247' title='bbox 932 2054 983 2100; x_wconf 92' lang='lat' dir='ltr'><strong>et</strong></span> <span class='ocrx_word' id='word_1_248' title='bbox 1025 2055 1219 2100; x_wconf 87' lang='lat' dir='ltr'><strong>caetera</strong></span> <span class='ocrx_word' id='word_1_249' title='bbox 1257 2042 1397 2098; x_wconf 84' lang='lat' dir='ltr'><strong>mala</strong></span> <span class='ocrx_word' id='word_1_250' title='bbox 1435 2056 1554 2110; x_wconf 65' lang='lat' dir='ltr'><strong>quae</strong></span> <span class='ocrx_word' id='word_1_251' title='bbox 1600 2036 1914 2092; x_wconf 86' lang='lat' dir='ltr'><strong>monasticae</strong></span> <span class='ocrx_word' id='word_1_252' title='bbox 1955 2034 2081 2087; x_wconf 56' lang='lat' dir='ltr'><strong>vitae</strong></span> 
     </span>
    </p>
   </div>
   <div class='ocr_carea' id='block_1_36' title="bbox 497 2124 2081 2208">
    <p class='ocr_par' dir='ltr' id='par_1_36' title="bbox 497 2124 2081 2208">
     <span class='ocr_line' id='line_1_36' title="bbox 497 2124 2081 2208; baseline -0.008 -18"><span class='ocrx_word' id='word_1_253' title='bbox 497 2138 797 2208; x_wconf 85' lang='lat' dir='ltr'><strong>probantur</strong></span> <span class='ocrx_word' id='word_1_254' title='bbox 838 2136 1038 2204; x_wconf 91' lang='lat' dir='ltr'><strong>inepta.</strong></span> <span class='ocrx_word' id='word_1_255' title='bbox 1077 2135 1212 2188; x_wconf 84' lang='lat' dir='ltr'><strong>Hinc</strong></span> <span class='ocrx_word' id='word_1_256' title='bbox 1241 2145 1453 2202; x_wconf 83' lang='lat' dir='ltr'><strong>quoque</strong></span> <span class='ocrx_word' id='word_1_257' title='bbox 1482 2134 1839 2201; x_wconf 86' lang='lat' dir='ltr'><strong>prorumpunt</strong></span> <span class='ocrx_word' id='word_1_258' title='bbox 1872 2124 2081 2179; x_wconf 88' lang='lat' dir='ltr'><strong>animo-</strong></span> 
     </span>
    </p>
   </div>
   <div class='ocr_carea' id='block_1_37' title="bbox 500 2216 2081 2293">
    <p class='ocr_par' dir='ltr' id='par_1_37' title="bbox 500 2216 2081 2293">
     <span class='ocr_line' id='line_1_37' title="bbox 500 2216 2081 2293; baseline -0.007 -12"><span class='ocrx_word' id='word_1_259' title='bbox 500 2228 707 2293; x_wconf 87' lang='lat' dir='ltr'><strong>sitates,</strong></span> <span class='ocrx_word' id='word_1_260' title='bbox 737 2227 1213 2290; x_wconf 84' lang='lat' dir='ltr'><strong>contradictiones,</strong></span> <span class='ocrx_word' id='word_1_261' title='bbox 1259 2223 1577 2285; x_wconf 79' lang='lat' dir='ltr'><strong>inimicitiae,</strong></span> <span class='ocrx_word' id='word_1_262' title='bbox 1624 2216 2081 2273; x_wconf 87' lang='lat' dir='ltr'><strong>murmurationes</strong></span> 
     </span>
    </p>
   </div>
   <div class='ocr_carea' id='block_1_38' title="bbox 504 2307 2082 2385">
    <p class='ocr_par' dir='ltr' id='par_1_38' title="bbox 504 2307 2082 2385">
     <span class='ocr_line' id='line_1_38' title="bbox 504 2307 2082 2385; baseline -0.007 -13"><span class='ocrx_word' id='word_1_263' title='bbox 504 2318 736 2373; x_wconf 67' lang='lat' dir='ltr'><strong>assiduae</strong></span> <span class='ocrx_word' id='word_1_264' title='bbox 782 2325 837 2372; x_wconf 92' lang='lat' dir='ltr'><strong>et</strong></span> <span class='ocrx_word' id='word_1_265' title='bbox 882 2326 1077 2372; x_wconf 66' lang='lat' dir='ltr'><strong>caetera</strong></span> <span class='ocrx_word' id='word_1_266' title='bbox 1120 2319 1307 2380; x_wconf 81' lang='lat' dir='ltr'><strong>noxia,</strong></span> <span class='ocrx_word' id='word_1_267' title='bbox 1347 2316 1544 2385; x_wconf 90' lang='lat' dir='ltr'><strong>quibus</strong></span> <span class='ocrx_word' id='word_1_268' title='bbox 1593 2312 1790 2368; x_wconf 87' lang='lat' dir='ltr'><strong>irretiti</strong></span> <span class='ocrx_word' id='word_1_269' title='bbox 1842 2307 2082 2381; x_wconf 89' lang='lat' dir='ltr'><strong>periculo</strong></span> 
     </span>
    </p>
   </div>
   <div class='ocr_carea' id='block_1_39' title="bbox 500 2400 2078 2475">
    <p class='ocr_par' dir='ltr' id='par_1_39' title="bbox 500 2400 2078 2475">
     <span class='ocr_line' id='line_1_39' title="bbox 500 2400 2078 2475; baseline -0.007 -12"><span class='ocrx_word' id='word_1_270' title='bbox 500 2406 873 2475; x_wconf 86' lang='lat' dir='ltr'><strong>subjacebunt.</strong></span> <span class='ocrx_word' id='word_1_271' title='bbox 896 2406 1001 2461; x_wconf 87' lang='lat' dir='ltr'><strong>Sed</strong></span> <span class='ocrx_word' id='word_1_272' title='bbox 1027 2407 1113 2461; x_wconf 88' lang='lat' dir='ltr'><strong>his</strong></span> <span class='ocrx_word' id='word_1_273' title='bbox 1137 2407 1208 2461; x_wconf 91' lang='lat' dir='ltr'><strong>ita</strong></span> <span class='ocrx_word' id='word_1_274' title='bbox 1230 2407 1535 2474; x_wconf 88' lang='lat' dir='ltr'><strong>ubicunque</strong></span> <span class='ocrx_word' id='word_1_275' title='bbox 1564 2404 1672 2458; x_wconf 88' lang='lat' dir='ltr'><strong>sint</strong></span> <span class='ocrx_word' id='word_1_276' title='bbox 1698 2400 2078 2463; x_wconf 89' lang='lat' dir='ltr'><strong>manifestatis,</strong></span> 
     </span>
    </p>
   </div>
   <div class='ocr_carea' id='block_1_40' title="bbox 502 2484 2083 2561">
    <p class='ocr_par' dir='ltr' id='par_1_40' title="bbox 502 2484 2083 2561">
     <span class='ocr_line' id='line_1_40' title="bbox 502 2484 2083 2561; baseline -0.006 -13"><span class='ocrx_word' id='word_1_277' title='bbox 502 2493 826 2548; x_wconf 86' lang='lat' dir='ltr'><strong>currendum</strong></span> <span class='ocrx_word' id='word_1_278' title='bbox 849 2501 934 2546; x_wconf 87' lang='lat' dir='ltr'><strong>est</strong></span> <span class='ocrx_word' id='word_1_279' title='bbox 971 2501 1025 2546; x_wconf 93' lang='lat' dir='ltr'><strong>et</strong></span> <span class='ocrx_word' id='word_1_280' title='bbox 1046 2492 1313 2561; x_wconf 83' lang='lat' dir='ltr'><strong>agendum</strong></span> <span class='ocrx_word' id='word_1_281' title='bbox 1338 2490 1588 2544; x_wconf 88' lang='lat' dir='ltr'><strong>omnibus</strong></span> <span class='ocrx_word' id='word_1_282' title='bbox 1619 2491 1672 2542; x_wconf 92' lang='lat' dir='ltr'><strong>in</strong></span> <span class='ocrx_word' id='word_1_283' title='bbox 1711 2488 1926 2543; x_wconf 85' lang='lat' dir='ltr'><strong>Christo</strong></span> <span class='ocrx_word' id='word_1_284' title='bbox 1953 2484 2083 2540; x_wconf 80' lang='lat' dir='ltr'><strong>fide-</strong></span> 
     </span>
    </p>
   </div>
   <div class='ocr_carea' id='block_1_41' title="bbox 501 2577 2081 2650">
    <p class='ocr_par' dir='ltr' id='par_1_41' title="bbox 501 2577 2081 2650">
     <span class='ocr_line' id='line_1_41' title="bbox 501 2577 2081 2650; baseline -0.005 -13"><span class='ocrx_word' id='word_1_285' title='bbox 501 2582 662 2646; x_wconf 92' lang='lat' dir='ltr'><strong>libus,</strong></span> <span class='ocrx_word' id='word_1_286' title='bbox 696 2590 756 2636; x_wconf 93' lang='lat' dir='ltr'><strong>ut</strong></span> <span class='ocrx_word' id='word_1_287' title='bbox 774 2582 889 2636; x_wconf 85' lang='lat' dir='ltr'><strong>zelo</strong></span> <span class='ocrx_word' id='word_1_288' title='bbox 916 2581 1139 2650; x_wconf 68' lang='lat' dir='ltr'><strong>justiti-.13</strong></span> <span class='ocrx_word' id='word_1_289' title='bbox 1181 2581 1545 2650; x_wconf 84' lang='lat' dir='ltr'><strong>corripiantur</strong></span> <span class='ocrx_word' id='word_1_290' title='bbox 1592 2588 1842 2633; x_wconf 87' lang='lat' dir='ltr'><strong>auctores</strong></span> <span class='ocrx_word' id='word_1_291' title='bbox 1871 2577 2081 2631; x_wconf 87' lang='lat' dir='ltr'><strong>dissen-</strong></span> 
     </span>
    </p>
   </div>
   <div class='ocr_carea' id='block_1_42' title="bbox 502 2669 2083 2739">
    <p class='ocr_par' dir='ltr' id='par_1_42' title="bbox 502 2669 2083 2739">
     <span class='ocr_line' id='line_1_42' title="bbox 502 2669 2083 2739; baseline -0.004 -11"><span class='ocrx_word' id='word_1_292' title='bbox 502 2673 701 2736; x_wconf 88' lang='lat' dir='ltr'><strong>sionis;</strong></span> <span class='ocrx_word' id='word_1_293' title='bbox 733 2680 787 2726; x_wconf 90' lang='lat' dir='ltr'><strong>et</strong></span> <span class='ocrx_word' id='word_1_294' title='bbox 814 2671 1068 2726; x_wconf 88' lang='lat' dir='ltr'><strong>tollantur</strong></span> <span class='ocrx_word' id='word_1_295' title='bbox 1090 2672 1155 2726; x_wconf 92' lang='lat' dir='ltr'><strong>de</strong></span> <span class='ocrx_word' id='word_1_296' title='bbox 1203 2671 1381 2726; x_wconf 83' lang='lat' dir='ltr'><strong>medio</strong></span> <span class='ocrx_word' id='word_1_297' title='bbox 1418 2670 1645 2724; x_wconf 79' lang='lat' dir='ltr'><strong>fratrum</strong></span> <span class='ocrx_word' id='word_1_298' title='bbox 1675 2669 1766 2739; x_wconf 91' lang='lat' dir='ltr'><strong>qui</strong></span> <span class='ocrx_word' id='word_1_299' title='bbox 1802 2683 1922 2723; x_wconf 90' lang='lat' dir='ltr'><strong>eam</strong></span> <span class='ocrx_word' id='word_1_300' title='bbox 1958 2681 2083 2736; x_wconf 89' lang='lat' dir='ltr'><strong>ope-</strong></span> 
     </span>
    </p>
   </div>
   <div class='ocr_carea' id='block_1_43' title="bbox 501 2757 2081 2832">
    <p class='ocr_par' dir='ltr' id='par_1_43' title="bbox 501 2757 2081 2832">
     <span class='ocr_line' id='line_1_43' title="bbox 501 2757 2081 2832; baseline -0.006 -15"><span class='ocrx_word' id='word_1_301' title='bbox 501 2772 712 2827; x_wconf 88' lang='lat' dir='ltr'><strong>rantur,</strong></span> <span class='ocrx_word' id='word_1_302' title='bbox 738 2762 1030 2817; x_wconf 90' lang='lat' dir='ltr'><strong>secundum</strong></span> <span class='ocrx_word' id='word_1_303' title='bbox 1052 2761 1291 2832; x_wconf 82' lang='lat' dir='ltr'><strong>Apostoli</strong></span> <span class='ocrx_word' id='word_1_304' title='bbox 1318 2770 1643 2832; x_wconf 78' lang='lat' dir='ltr'><strong>praeceptum</strong></span> <span class='ocrx_word' id='word_1_305' title='bbox 1675 2758 1904 2814; x_wconf 88' lang='lat' dir='ltr'><strong>dicentis</strong></span> <span class='ocrx_word' id='word_1_306' title='bbox 1933 2776 1944 2810; x_wconf 91' lang='lat'><strong>:</strong></span> <span class='ocrx_word' id='word_1_307' title='bbox 1971 2757 2081 2809; x_wconf 83' lang='lat' dir='ltr'><strong>Au-</strong></span> 
     </span>
    </p>
   </div>
   <div class='ocr_carea' id='block_1_44' title="bbox 503 2847 2079 2922">
    <p class='ocr_par' dir='ltr' id='par_1_44' title="bbox 503 2847 2079 2922">
     <span class='ocr_line' id='line_1_44' title="bbox 503 2847 2079 2922; baseline -0.005 -15"><span class='ocrx_word' id='word_1_308' title='bbox 503 2852 633 2922; x_wconf 80' lang='lat' dir='ltr'><strong>ferte</strong></span> <span class='ocrx_word' id='word_1_309' title='bbox 678 2851 876 2905; x_wconf 85' lang='lat' dir='ltr'><strong>malum</strong></span> <span class='ocrx_word' id='word_1_310' title='bbox 914 2868 977 2906; x_wconf 79' lang='lat' dir='ltr'><strong>ea:</strong></span> <span class='ocrx_word' id='word_1_311' title='bbox 1016 2852 1156 2906; x_wconf 73' lang='lat' dir='ltr'><strong>vobis</strong></span> <span class='ocrx_word' id='word_1_312' title='bbox 1203 2852 1327 2922; x_wconf 78' lang='lat' dir='ltr'><strong>ipsis</strong></span> <span class='ocrx_word' id='word_1_313' title='bbox 1356 2850 1407 2922; x_wconf 94' lang='grc' dir='ltr'><strong>(Ι</strong></span> <span class='ocrx_word' id='word_1_314' title='bbox 1436 2850 1558 2905; x_wconf 88' lang='lat' dir='ltr'><strong>Cor.</strong></span> <span class='ocrx_word' id='word_1_315' title='bbox 1599 2849 1677 2921; x_wconf 87' lang='lat' dir='ltr'><strong>v),</strong></span> <span class='ocrx_word' id='word_1_316' title='bbox 1703 2850 1875 2904; x_wconf 88' lang='lat' dir='ltr'><strong>donec</strong></span> <span class='ocrx_word' id='word_1_317' title='bbox 1921 2847 2079 2917; x_wconf 88' lang='lat' dir='ltr'><strong>digna</strong></span> 
     </span>
    </p>
   </div>
   <div class='ocr_carea' id='block_1_45' title="bbox 503 2937 2078 3015">
    <p class='ocr_par' dir='ltr' id='par_1_45' title="bbox 503 2937 2078 3015">
     <span class='ocr_line' id='line_1_45' title="bbox 503 2937 2078 3015; baseline -0.004 -15"><span class='ocrx_word' id='word_1_318' title='bbox 503 2942 875 3000; x_wconf 82' lang='lat' dir='ltr'><strong>satisfactione</strong></span> <span class='ocrx_word' id='word_1_319' title='bbox 903 2945 970 2999; x_wconf 88' lang='lat' dir='ltr'><strong>ab</strong></span> <span class='ocrx_word' id='word_1_320' title='bbox 1016 2944 1387 3015; x_wconf 83' lang='lat' dir='ltr'><strong>hujuscemodi</strong></span> <span class='ocrx_word' id='word_1_321' title='bbox 1430 2942 1619 2997; x_wconf 87' lang='lat' dir='ltr'><strong>morbo</strong></span> <span class='ocrx_word' id='word_1_322' title='bbox 1641 2950 1920 2996; x_wconf 90' lang='lat' dir='ltr'><strong>sanentur.</strong></span> <span class='ocrx_word' id='word_1_323' title='bbox 1952 2937 2078 2993; x_wconf 58' lang='lat' dir='ltr'><strong>Hec</strong></span> 
     </span>
    </p>
   </div>
   <div class='ocr_carea' id='block_1_46' title="bbox 503 3033 2079 3108">
    <p class='ocr_par' dir='ltr' id='par_1_46' title="bbox 503 3033 2079 3108">
     <span class='ocr_line' id='line_1_46' title="bbox 503 3033 2079 3108; baseline -0.003 -18"><span class='ocrx_word' id='word_1_324' title='bbox 503 3035 670 3108; x_wconf 89' lang='lat' dir='ltr'><strong>igitur</strong></span> <span class='ocrx_word' id='word_1_325' title='bbox 698 3036 898 3101; x_wconf 85' lang='lat' dir='ltr'><strong>omnia,</strong></span> <span class='ocrx_word' id='word_1_326' title='bbox 932 3034 1128 3091; x_wconf 88' lang='lat' dir='ltr'><strong>fratres</strong></span> <span class='ocrx_word' id='word_1_327' title='bbox 1149 3037 1252 3092; x_wconf 89' lang='lat' dir='ltr'><strong>mei</strong></span> <span class='ocrx_word' id='word_1_328' title='bbox 1278 3035 1633 3097; x_wconf 86' lang='lat' dir='ltr'><strong>dilectissimi,</strong></span> <span class='ocrx_word' id='word_1_329' title='bbox 1670 3034 1822 3088; x_wconf 83' lang='lat' dir='ltr'><strong>vobis</strong></span> <span class='ocrx_word' id='word_1_330' title='bbox 1860 3033 1927 3087; x_wconf 88' lang='lat' dir='ltr'><strong>ad</strong></span> <span class='ocrx_word' id='word_1_331' title='bbox 1950 3047 2079 3086; x_wconf 90' lang='lat' dir='ltr'><strong>cau-</strong></span> 
     </span>
    </p>
   </div>
   <div class='ocr_carea' id='block_1_47' title="bbox 504 3122 2075 3194">
    <p class='ocr_par' dir='ltr' id='par_1_47' title="bbox 504 3122 2075 3194">
     <span class='ocr_line' id='line_1_47' title="bbox 504 3122 2075 3194; baseline -0.004 -12"><span class='ocrx_word' id='word_1_332' title='bbox 504 3126 667 3182; x_wconf 85' lang='lat' dir='ltr'><strong>telam</strong></span> <span class='ocrx_word' id='word_1_333' title='bbox 697 3136 752 3182; x_wconf 92' lang='lat' dir='ltr'><strong>et</strong></span> <span class='ocrx_word' id='word_1_334' title='bbox 780 3126 1006 3182; x_wconf 87' lang='lat' dir='ltr'><strong>salutem</strong></span> <span class='ocrx_word' id='word_1_335' title='bbox 1030 3128 1332 3182; x_wconf 88' lang='lat' dir='ltr'><strong>animarum</strong></span> <span class='ocrx_word' id='word_1_336' title='bbox 1363 3134 1687 3188; x_wconf 83' lang='lat' dir='ltr'><strong>vestrarum,</strong></span> <span class='ocrx_word' id='word_1_337' title='bbox 1730 3131 1887 3194; x_wconf 91' lang='lat' dir='ltr'><strong>prout</strong></span> <span class='ocrx_word' id='word_1_338' title='bbox 1908 3122 2075 3192; x_wconf 89' lang='lat' dir='ltr'><strong>potui,</strong></span> 
     </span>
    </p>
   </div>
   <div class='ocr_carea' id='block_1_48' title="bbox 2187 1937 3779 2010">
    <p class='ocr_par' dir='ltr' id='par_1_48' title="bbox 2187 1937 3779 2010">
     <span class='ocr_line' id='line_1_48' title="bbox 2187 1937 3779 2010; baseline -0.004 -13"><span class='ocrx_word' id='word_1_339' title='bbox 2187 1943 2290 1997; x_wconf 88' lang='lat' dir='ltr'><strong>ties</strong></span> <span class='ocrx_word' id='word_1_340' title='bbox 2314 1944 2610 2005; x_wconf 77' lang='lat' dir='ltr'><strong>extollitur,</strong></span> <span class='ocrx_word' id='word_1_341' title='bbox 2654 1943 2707 1995; x_wconf 90' lang='lat' dir='ltr'><strong>in</strong></span> <span class='ocrx_word' id='word_1_342' title='bbox 2747 1957 2813 1995; x_wconf 91' lang='lat' dir='ltr'><strong>eo</strong></span> <span class='ocrx_word' id='word_1_343' title='bbox 2842 1940 2983 2010; x_wconf 90' lang='lat' dir='ltr'><strong>quod</strong></span> <span class='ocrx_word' id='word_1_344' title='bbox 3027 1947 3251 1994; x_wconf 74' lang='lat' dir='ltr'><strong>caeteros</strong></span> <span class='ocrx_word' id='word_1_345' title='bbox 3277 1937 3434 2008; x_wconf 88' lang='lat' dir='ltr'><strong>regit,</strong></span> <span class='ocrx_word' id='word_1_346' title='bbox 3469 1938 3632 1991; x_wconf 84' lang='lat' dir='ltr'><strong>toties</strong></span> <span class='ocrx_word' id='word_1_347' title='bbox 3678 1952 3779 2006; x_wconf 85' lang='lat' dir='ltr'><strong>per</strong></span> 
     </span>
    </p>
   </div>
   <div class='ocr_carea' id='block_1_49' title="bbox 2183 2028 3777 2104">
    <p class='ocr_par' dir='ltr' id='par_1_49' title="bbox 2183 2028 3777 2104">
     <span class='ocr_line' id='line_1_49' title="bbox 2183 2028 3777 2104; baseline -0.005 -17"><span class='ocrx_word' id='word_1_348' title='bbox 2183 2034 2393 2104; x_wconf 90' lang='lat' dir='ltr'><strong>lapsum</strong></span> <span class='ocrx_word' id='word_1_349' title='bbox 2425 2033 2689 2103; x_wconf 72' lang='lat' dir='ltr'><strong>superbia:</strong></span> <span class='ocrx_word' id='word_1_350' title='bbox 2720 2047 2750 2085; x_wconf 92' lang='lat' dir='ltr'><strong>a</strong></span> <span class='ocrx_word' id='word_1_351' title='bbox 2781 2031 2979 2086; x_wconf 87' lang='lat' dir='ltr'><strong>summi</strong></span> <span class='ocrx_word' id='word_1_352' title='bbox 3026 2029 3257 2083; x_wconf 89' lang='lat' dir='ltr'><strong>rectoris</strong></span> <span class='ocrx_word' id='word_1_353' title='bbox 3298 2028 3525 2083; x_wconf 83' lang='lat' dir='ltr'><strong>servitio</strong></span> <span class='ocrx_word' id='word_1_354' title='bbox 3549 2042 3777 2096; x_wconf 69' lang='lat' dir='ltr'><strong>separa-</strong></span> 
     </span>
    </p>
   </div>
   <div class='ocr_carea' id='block_1_50' title="bbox 2184 2116 3773 2192">
    <p class='ocr_par' dir='ltr' id='par_1_50' title="bbox 2184 2116 3773 2192">
     <span class='ocr_line' id='line_1_50' title="bbox 2184 2116 3773 2192; baseline -0.005 -14"><span class='ocrx_word' id='word_1_355' title='bbox 2184 2134 2309 2191; x_wconf 92' lang='lat' dir='ltr'><strong>tur;</strong></span> <span class='ocrx_word' id='word_1_356' title='bbox 2334 2134 2388 2178; x_wconf 92' lang='lat' dir='ltr'><strong>et</strong></span> <span class='ocrx_word' id='word_1_357' title='bbox 2414 2140 2536 2180; x_wconf 90' lang='lat' dir='ltr'><strong>cum</strong></span> <span class='ocrx_word' id='word_1_358' title='bbox 2569 2123 2804 2192; x_wconf 60' lang='lat' dir='ltr'><strong>aequales</strong></span> <span class='ocrx_word' id='word_1_359' title='bbox 2824 2122 2926 2176; x_wconf 89' lang='lat' dir='ltr'><strong>sibi</strong></span> <span class='ocrx_word' id='word_1_360' title='bbox 2959 2121 3203 2174; x_wconf 91' lang='lat' dir='ltr'><strong>subditos</strong></span> <span class='ocrx_word' id='word_1_361' title='bbox 3239 2119 3488 2188; x_wconf 89' lang='lat' dir='ltr'><strong>despicit,</strong></span> <span class='ocrx_word' id='word_1_362' title='bbox 3528 2116 3649 2186; x_wconf 85' lang='lat' dir='ltr'><strong>ejus</strong></span> <span class='ocrx_word' id='word_1_363' title='bbox 3679 2133 3773 2171; x_wconf 86' lang='lat' dir='ltr'><strong>su-</strong></span> 
     </span>
    </p>
   </div>
   <div class='ocr_carea' id='block_1_51' title="bbox 2182 2196 3781 2286">
    <p class='ocr_par' dir='ltr' id='par_1_51' title="bbox 2182 2196 3781 2286">
     <span class='ocr_line' id='line_1_51' title="bbox 2182 2196 3781 2286; baseline -0.007 -15"><span class='ocrx_word' id='word_1_364' title='bbox 2182 2232 2283 2286; x_wconf 88' lang='lat' dir='ltr'><strong>per</strong></span> <span class='ocrx_word' id='word_1_365' title='bbox 2319 2230 2377 2270; x_wconf 88' lang='lat' dir='ltr'><strong>se</strong></span> <span class='ocrx_word' id='word_1_366' title='bbox 2417 2215 2739 2279; x_wconf 89' lang='lat' dir='ltr'><strong>dominium,</strong></span> <span class='ocrx_word' id='word_1_367' title='bbox 2768 2214 2867 2267; x_wconf 90' lang='lat' dir='ltr'><strong>sub</strong></span> <span class='ocrx_word' id='word_1_368' title='bbox 2897 2228 3003 2282; x_wconf 89' lang='lat' dir='ltr'><strong>quo</strong></span> <span class='ocrx_word' id='word_1_369' title='bbox 3025 2225 3215 2266; x_wconf 90' lang='lat' dir='ltr'><strong>omnes</strong></span> <span class='ocrx_word' id='word_1_370' title='bbox 3233 2196 3469 2279; x_wconf 66' lang='lat' dir='ltr'><strong>aequales</strong></span> <span class='ocrx_word' id='word_1_371' title='bbox 3492 2216 3641 2269; x_wconf 72' lang='lat' dir='ltr'><strong>sunt,</strong></span> <span class='ocrx_word' id='word_1_372' title='bbox 3670 2223 3781 2261; x_wconf 81' lang='lat' dir='ltr'><strong>non</strong></span> 
     </span>
    </p>
   </div>
   <div class='ocr_carea' id='block_1_52' title="bbox 2183 2298 3781 2377">
    <p class='ocr_par' dir='ltr' id='par_1_52' title="bbox 2183 2298 3781 2377">
     <span class='ocr_line' id='line_1_52' title="bbox 2183 2298 3781 2377; baseline -0.006 -18"><span class='ocrx_word' id='word_1_373' title='bbox 2183 2307 2443 2377; x_wconf 82' lang='lat' dir='ltr'><strong>agnoscit.</strong></span> <span class='ocrx_word' id='word_1_374' title='bbox 2478 2305 2543 2359; x_wconf 78' lang='lat' dir='ltr'><strong>lii</strong></span> <span class='ocrx_word' id='word_1_375' title='bbox 2575 2305 2726 2368; x_wconf 85' lang='lat' dir='ltr'><strong>tales,</strong></span> <span class='ocrx_word' id='word_1_376' title='bbox 2772 2303 2968 2358; x_wconf 87' lang='lat' dir='ltr'><strong>fratres</strong></span> <span class='ocrx_word' id='word_1_377' title='bbox 3007 2305 3136 2368; x_wconf 90' lang='lat' dir='ltr'><strong>mei,</strong></span> <span class='ocrx_word' id='word_1_378' title='bbox 3174 2302 3300 2355; x_wconf 93' lang='lat' dir='ltr'><strong>dum</strong></span> <span class='ocrx_word' id='word_1_379' title='bbox 3335 2317 3366 2354; x_wconf 89' lang='lat' dir='ltr'><strong>a</strong></span> <span class='ocrx_word' id='word_1_380' title='bbox 3395 2298 3781 2354; x_wconf 46' lang='lat' dir='ltr'><strong>consentaneis</strong></span> 
     </span>
    </p>
   </div>
   <div class='ocr_carea' id='block_1_53' title="bbox 2181 2395 3779 2470">
    <p class='ocr_par' dir='ltr' id='par_1_53' title="bbox 2181 2395 3779 2470">
     <span class='ocr_line' id='line_1_53' title="bbox 2181 2395 3779 2470; baseline -0.006 -16"><span class='ocrx_word' id='word_1_381' title='bbox 2181 2416 2290 2456; x_wconf 91' lang='lat' dir='ltr'><strong>non</strong></span> <span class='ocrx_word' id='word_1_382' title='bbox 2323 2409 2430 2454; x_wconf 91' lang='lat' dir='ltr'><strong>tam</strong></span> <span class='ocrx_word' id='word_1_383' title='bbox 2458 2401 2719 2470; x_wconf 87' lang='lat' dir='ltr'><strong>prodesse</strong></span> <span class='ocrx_word' id='word_1_384' title='bbox 2750 2414 2913 2469; x_wconf 90' lang='lat' dir='ltr'><strong>quam</strong></span> <span class='ocrx_word' id='word_1_385' title='bbox 2963 2395 3371 2467; x_wconf 77' lang='lat' dir='ltr'><strong>congregationi</strong></span> <span class='ocrx_word' id='word_1_386' title='bbox 3426 2406 3665 2463; x_wconf 65' lang='lat' dir='ltr'><strong>praeesse</strong></span> <span class='ocrx_word' id='word_1_387' title='bbox 3688 2406 3779 2444; x_wconf 85' lang='lat' dir='ltr'><strong>oo-</strong></span> 
     </span>
    </p>
   </div>
   <div class='ocr_carea' id='block_1_54' title="bbox 2182 2489 3776 2562">
    <p class='ocr_par' dir='ltr' id='par_1_54' title="bbox 2182 2489 3776 2562">
     <span class='ocr_line' id='line_1_54' title="bbox 2182 2489 3776 2562; baseline -0.007 -16"><span class='ocrx_word' id='word_1_388' title='bbox 2182 2503 2402 2562; x_wconf 89' lang='lat' dir='ltr'><strong>guntur,</strong></span> <span class='ocrx_word' id='word_1_389' title='bbox 2455 2491 2707 2546; x_wconf 87' lang='lat' dir='ltr'><strong>simulata</strong></span> <span class='ocrx_word' id='word_1_390' title='bbox 2758 2489 3196 2559; x_wconf 85' lang='lat' dir='ltr'><strong>impossibilitate</strong></span> <span class='ocrx_word' id='word_1_391' title='bbox 3247 2490 3776 2557; x_wconf 85' lang='lat' dir='ltr'><strong>repugnant:etta-</strong></span> 
     </span>
    </p>
   </div>
   <div class='ocr_carea' id='block_1_55' title="bbox 2181 2576 3771 2654">
    <p class='ocr_par' dir='ltr' id='par_1_55' title="bbox 2181 2576 3771 2654">
     <span class='ocr_line' id='line_1_55' title="bbox 2181 2576 3771 2654; baseline -0.009 -14"><span class='ocrx_word' id='word_1_392' title='bbox 2181 2601 2305 2640; x_wconf 89' lang='lat' dir='ltr'><strong>men</strong></span> <span class='ocrx_word' id='word_1_393' title='bbox 2337 2585 2405 2639; x_wconf 91' lang='lat' dir='ltr'><strong>ad</strong></span> <span class='ocrx_word' id='word_1_394' title='bbox 2433 2586 2537 2639; x_wconf 92' lang='lat' dir='ltr'><strong>boc</strong></span> <span class='ocrx_word' id='word_1_395' title='bbox 2563 2584 2957 2654; x_wconf 83' lang='lat' dir='ltr'><strong>magisterium,</strong></span> <span class='ocrx_word' id='word_1_396' title='bbox 2998 2581 3063 2635; x_wconf 89' lang='lat' dir='ltr'><strong>ad</strong></span> <span class='ocrx_word' id='word_1_397' title='bbox 3104 2580 3249 2649; x_wconf 91' lang='lat' dir='ltr'><strong>quod</strong></span> <span class='ocrx_word' id='word_1_398' title='bbox 3289 2577 3443 2647; x_wconf 88' lang='lat' dir='ltr'><strong>quasi</strong></span> <span class='ocrx_word' id='word_1_399' title='bbox 3476 2576 3771 2630; x_wconf 78' lang='lat' dir='ltr'><strong>trahuntur</strong></span> 
     </span>
    </p>
   </div>
   <div class='ocr_carea' id='block_1_56' title="bbox 2182 2664 3773 2745">
    <p class='ocr_par' dir='ltr' id='par_1_56' title="bbox 2182 2664 3773 2745">
     <span class='ocr_line' id='line_1_56' title="bbox 2182 2664 3773 2745; baseline -0.007 -15"><span class='ocrx_word' id='word_1_400' title='bbox 2182 2676 2355 2741; x_wconf 88' lang='lat' dir='ltr'><strong>inviti,</strong></span> <span class='ocrx_word' id='word_1_401' title='bbox 2400 2690 2500 2730; x_wconf 91' lang='lat' dir='ltr'><strong>nec</strong></span> <span class='ocrx_word' id='word_1_402' title='bbox 2548 2692 2654 2729; x_wconf 93' lang='lat' dir='ltr'><strong>non</strong></span> <span class='ocrx_word' id='word_1_403' title='bbox 2706 2674 3024 2745; x_wconf 86' lang='lat' dir='ltr'><strong>perveniant</strong></span> <span class='ocrx_word' id='word_1_404' title='bbox 3078 2671 3301 2735; x_wconf 86' lang='lat' dir='ltr'><strong>timent;</strong></span> <span class='ocrx_word' id='word_1_405' title='bbox 3358 2676 3412 2722; x_wconf 90' lang='lat' dir='ltr'><strong>et</strong></span> <span class='ocrx_word' id='word_1_406' title='bbox 3458 2683 3582 2722; x_wconf 88' lang='lat' dir='ltr'><strong>cum</strong></span> <span class='ocrx_word' id='word_1_407' title='bbox 3631 2664 3773 2719; x_wconf 81' lang='lat' dir='ltr'><strong>forte</strong></span> 
     </span>
    </p>
   </div>
   <div class='ocr_carea' id='block_1_57' title="bbox 2177 2760 3771 2836">
    <p class='ocr_par' dir='ltr' id='par_1_57' title="bbox 2177 2760 3771 2836">
     <span class='ocr_line' id='line_1_57' title="bbox 2177 2760 3771 2836; baseline -0.005 -14"><span class='ocrx_word' id='word_1_408' title='bbox 2177 2768 2550 2836; x_wconf 83' lang='lat' dir='ltr'><strong>pervenerint,</strong></span> <span class='ocrx_word' id='word_1_409' title='bbox 2606 2775 2805 2835; x_wconf 87' lang='lat' dir='ltr'><strong>quanta</strong></span> <span class='ocrx_word' id='word_1_410' title='bbox 2850 2767 2953 2820; x_wconf 91' lang='lat' dir='ltr'><strong>hoc</strong></span> <span class='ocrx_word' id='word_1_411' title='bbox 3000 2765 3152 2835; x_wconf 84' lang='lat' dir='ltr'><strong>prius</strong></span> <span class='ocrx_word' id='word_1_412' title='bbox 3216 2762 3513 2817; x_wconf 87' lang='lat' dir='ltr'><strong>ambitione</strong></span> <span class='ocrx_word' id='word_1_413' title='bbox 3568 2760 3771 2815; x_wconf 87' lang='lat' dir='ltr'><strong>mentis</strong></span> 
     </span>
    </p>
   </div>
   <div class='ocr_carea' id='block_1_58' title="bbox 2182 2852 3769 2927">
    <p class='ocr_par' dir='ltr' id='par_1_58' title="bbox 2182 2852 3769 2927">
     <span class='ocr_line' id='line_1_58' title="bbox 2182 2852 3769 2927; baseline -0.002 -18"><span class='ocrx_word' id='word_1_414' title='bbox 2182 2858 2506 2924; x_wconf 85' lang='lat' dir='ltr'><strong>amaverint,</strong></span> <span class='ocrx_word' id='word_1_415' title='bbox 2561 2857 2905 2927; x_wconf 84' lang='lat' dir='ltr'><strong>postmodum</strong></span> <span class='ocrx_word' id='word_1_416' title='bbox 2958 2855 3186 2911; x_wconf 80' lang='lat' dir='ltr'><strong>diversis</strong></span> <span class='ocrx_word' id='word_1_417' title='bbox 3248 2853 3536 2924; x_wconf 86' lang='lat' dir='ltr'><strong>speciebus</strong></span> <span class='ocrx_word' id='word_1_418' title='bbox 3598 2852 3769 2906; x_wconf 83' lang='lat' dir='ltr'><strong>infor-</strong></span> 
     </span>
    </p>
   </div>
   <div class='ocr_carea' id='block_1_59' title="bbox 2180 2960 2405 3006">
    <p class='ocr_par' dir='ltr' id='par_1_59' title="bbox 2180 2960 2405 3006">
     <span class='ocr_line' id='line_1_59' title="bbox 2180 2960 2405 3006; baseline -0.018 0"><span class='ocrx_word' id='word_1_419' title='bbox 2180 2960 2350 3006; x_wconf 88' lang='lat' dir='ltr'><strong>mant.</strong></span> <span class='ocrx_word' id='word_1_420' title='bbox 2387 2970 2405 3002; x_wconf 75' lang='grc' dir='ltr'><strong><em>ι</em></strong></span> 
     </span>
    </p>
   </div>
   <div class='ocr_carea' id='block_1_60' title="bbox 2253 3024 3774 3112">
    <p class='ocr_par' dir='ltr' id='par_1_60' title="bbox 2253 3024 3774 3112">
     <span class='ocr_line' id='line_1_60' title="bbox 2253 3024 3774 3112; baseline -0.005 -15"><span class='ocrx_word' id='word_1_421' title='bbox 2253 3044 2339 3097; x_wconf 66' lang='grc' dir='ltr'><strong>η.</strong></span> <span class='ocrx_word' id='word_1_422' title='bbox 2371 3041 2614 3112; x_wconf 90' lang='lat' dir='ltr'><strong>Cumque</strong></span> <span class='ocrx_word' id='word_1_423' title='bbox 2639 3042 2753 3096; x_wconf 69' lang='lat' dir='ltr'><strong>btec</strong></span> <span class='ocrx_word' id='word_1_424' title='bbox 2781 3050 2835 3096; x_wconf 90' lang='lat' dir='ltr'><strong>et</strong></span> <span class='ocrx_word' id='word_1_425' title='bbox 2865 3024 2985 3095; x_wconf 87' lang='lat' dir='ltr'><strong>alia</strong></span> <span class='ocrx_word' id='word_1_426' title='bbox 3012 3041 3181 3094; x_wconf 88' lang='lat' dir='ltr'><strong>multa</strong></span> <span class='ocrx_word' id='word_1_427' title='bbox 3214 3035 3476 3093; x_wconf 87' lang='lat' dir='ltr'><strong>benevola</strong></span> <span class='ocrx_word' id='word_1_428' title='bbox 3512 3034 3774 3089; x_wconf 77' lang='lat' dir='ltr'><strong>voluntas</strong></span> 
     </span>
    </p>
   </div>
   <div class='ocr_carea' id='block_1_61' title="bbox 2181 3125 3776 3203">
    <p class='ocr_par' dir='ltr' id='par_1_61' title="bbox 2181 3125 3776 3203">
     <span class='ocr_line' id='line_1_61' title="bbox 2181 3125 3776 3203; baseline -0.007 -14"><span class='ocrx_word' id='word_1_429' title='bbox 2181 3133 2527 3203; x_wconf 88' lang='lat' dir='ltr'><strong>imperatoris</strong></span> <span class='ocrx_word' id='word_1_430' title='bbox 2564 3134 2615 3186; x_wconf 90' lang='lat' dir='ltr'><strong>in</strong></span> <span class='ocrx_word' id='word_1_431' title='bbox 2648 3148 2936 3187; x_wconf 88' lang='lat' dir='ltr'><strong>commune</strong></span> <span class='ocrx_word' id='word_1_432' title='bbox 2994 3130 3249 3185; x_wconf 87' lang='lat' dir='ltr'><strong>fratrlbus</strong></span> <span class='ocrx_word' id='word_1_433' title='bbox 3297 3125 3611 3201; x_wconf 78' lang='lat' dir='ltr'><strong>obtulisset,</strong></span> <span class='ocrx_word' id='word_1_434' title='bbox 3642 3125 3722 3179; x_wconf 86' lang='lat' dir='ltr'><strong>ait</strong></span> <span class='ocrx_word' id='word_1_435' title='bbox 3758 3142 3776 3177; x_wconf 92' lang='lat'><strong>:</strong></span> 
     </span>
    </p>
   </div>
   <div class='ocr_carea' id='block_1_62' title="bbox 506 3212 3783 3293">
    <p class='ocr_par' dir='ltr' id='par_1_62' title="bbox 506 3212 3783 3293">
     <span class='ocr_line' id='line_1_62' title="bbox 506 3212 3783 3293; baseline -0.002 -17"><span class='ocrx_word' id='word_1_436' title='bbox 506 3221 790 3293; x_wconf 88' lang='lat' dir='ltr'><strong>diligenter</strong></span> <span class='ocrx_word' id='word_1_437' title='bbox 825 3222 1097 3292; x_wconf 82' lang='lat' dir='ltr'><strong>explicare</strong></span> <span class='ocrx_word' id='word_1_438' title='bbox 1137 3222 1342 3278; x_wconf 89' lang='lat' dir='ltr'><strong>curavi.</strong></span> <span class='ocrx_word' id='word_1_439' title='bbox 1386 3222 1594 3277; x_wconf 84' lang='lat' dir='ltr'><strong>Idcirco</strong></span> <span class='ocrx_word' id='word_1_440' title='bbox 1632 3220 1816 3282; x_wconf 87' lang='lat' dir='ltr'><strong>etiam,</strong></span> <span class='ocrx_word' id='word_1_441' title='bbox 1866 3217 2079 3281; x_wconf 85' lang='lat' dir='ltr'><strong>fratres,</strong></span> <span class='ocrx_word' id='word_1_442' title='bbox 2112 3212 2157 3275; x_wconf 89' lang='lat' dir='ltr'><strong>C</strong></span> <span class='ocrx_word' id='word_1_443' title='bbox 2196 3246 2215 3276; x_wconf 76' lang='grc' dir='ltr'>ι</span> <span class='ocrx_word' id='word_1_444' title='bbox 2245 3224 2535 3280; x_wconf 89' lang='lat' dir='ltr'><strong>Producite</strong></span> <span class='ocrx_word' id='word_1_445' title='bbox 2578 3223 2827 3290; x_wconf 84' lang='lat' dir='ltr'><strong>Patrem,</strong></span> <span class='ocrx_word' id='word_1_446' title='bbox 2874 3239 3035 3293; x_wconf 91' lang='lat' dir='ltr'><strong>quem</strong></span> <span class='ocrx_word' id='word_1_447' title='bbox 3077 3222 3230 3277; x_wconf 87' lang='lat' dir='ltr'><strong>vobis</strong></span> <span class='ocrx_word' id='word_1_448' title='bbox 3268 3219 3547 3290; x_wconf 89' lang='lat' dir='ltr'><strong>elegistis,</strong></span> <span class='ocrx_word' id='word_1_449' title='bbox 3589 3224 3652 3271; x_wconf 89' lang='lat' dir='ltr'><strong>ut</strong></span> <span class='ocrx_word' id='word_1_450' title='bbox 3700 3217 3783 3271; x_wconf 83' lang='lat' dir='ltr'><strong>vi-</strong></span> 
     </span>
    </p>
   </div>
   <div class='ocr_carea' id='block_1_63' title="bbox 505 3310 2088 3382">
    <p class='ocr_par' dir='ltr' id='par_1_63' title="bbox 505 3310 2088 3382">
     <span class='ocr_line' id='line_1_63' title="bbox 505 3310 2088 3382; baseline -0.002 -15"><span class='ocrx_word' id='word_1_451' title='bbox 505 3319 678 3367; x_wconf 88' lang='lat' dir='ltr'><strong>estote</strong></span> <span class='ocrx_word' id='word_1_452' title='bbox 705 3313 1019 3382; x_wconf 87' lang='lat' dir='ltr'><strong>prudentes,</strong></span> <span class='ocrx_word' id='word_1_453' title='bbox 1042 3313 1176 3368; x_wconf 87' lang='lat' dir='ltr'><strong>etin</strong></span> <span class='ocrx_word' id='word_1_454' title='bbox 1211 3315 1311 3368; x_wconf 89' lang='lat' dir='ltr'><strong>bac</strong></span> <span class='ocrx_word' id='word_1_455' title='bbox 1344 3313 1609 3368; x_wconf 89' lang='lat' dir='ltr'><strong>electione</strong></span> <span class='ocrx_word' id='word_1_456' title='bbox 1658 3319 1838 3365; x_wconf 90' lang='lat' dir='ltr'><strong>vestra</strong></span> <span class='ocrx_word' id='word_1_457' title='bbox 1889 3310 2088 3364; x_wconf 91' lang='lat' dir='ltr'><strong>mentis</strong></span> 
     </span>
    </p>
   </div>
   <div class='ocr_carea' id='block_1_64' title="bbox 506 3402 2090 3476">
    <p class='ocr_par' dir='ltr' id='par_1_64' title="bbox 506 3402 2090 3476">
     <span class='ocr_line' id='line_1_64' title="bbox 506 3402 2090 3476; baseline -0.003 -17"><span class='ocrx_word' id='word_1_458' title='bbox 506 3403 703 3459; x_wconf 85' lang='lat' dir='ltr'><strong>intuitu</strong></span> <span class='ocrx_word' id='word_1_459' title='bbox 735 3403 974 3476; x_wconf 84' lang='lat' dir='ltr'><strong>vigilate,</strong></span> <span class='ocrx_word' id='word_1_460' title='bbox 1001 3412 1059 3459; x_wconf 91' lang='lat' dir='ltr'><strong>ut</strong></span> <span class='ocrx_word' id='word_1_461' title='bbox 1078 3406 1149 3459; x_wconf 89' lang='lat' dir='ltr'><strong>sit</strong></span> <span class='ocrx_word' id='word_1_462' title='bbox 1169 3405 1464 3461; x_wconf 88' lang='lat' dir='ltr'><strong>secundum</strong></span> <span class='ocrx_word' id='word_1_463' title='bbox 1494 3404 1661 3458; x_wconf 91' lang='lat' dir='ltr'><strong>Deum</strong></span> <span class='ocrx_word' id='word_1_464' title='bbox 1681 3412 1737 3458; x_wconf 91' lang='lat' dir='ltr'><strong>et</strong></span> <span class='ocrx_word' id='word_1_465' title='bbox 1763 3410 1962 3457; x_wconf 80' lang='lat' dir='ltr'><strong>sanctae</strong></span> <span class='ocrx_word' id='word_1_466' title='bbox 1986 3402 2090 3455; x_wconf 81' lang='lat' dir='ltr'><strong>Rc-</strong></span> 
     </span>
    </p>
   </div>
   <div class='ocr_carea' id='block_1_65' title="bbox 505 3493 2089 3566">
    <p class='ocr_par' dir='ltr' id='par_1_65' title="bbox 505 3493 2089 3566">
     <span class='ocr_line' id='line_1_65' title="bbox 505 3493 2089 3566; baseline -0.001 -16"><span class='ocrx_word' id='word_1_467' title='bbox 505 3495 644 3566; x_wconf 78' lang='lat' dir='ltr'><strong>gula:</strong></span> <span class='ocrx_word' id='word_1_468' title='bbox 682 3496 1096 3552; x_wconf 89' lang='lat' dir='ltr'><strong>institutionem.</strong></span> <span class='ocrx_word' id='word_1_469' title='bbox 1130 3496 1266 3565; x_wconf 87' lang='lat' dir='ltr'><strong>Quia</strong></span> <span class='ocrx_word' id='word_1_470' title='bbox 1319 3496 1365 3551; x_wconf 87' lang='lat' dir='ltr'><strong>si</strong></span> <span class='ocrx_word' id='word_1_471' title='bbox 1416 3497 1559 3566; x_wconf 83' lang='lat' dir='ltr'><strong>quis,</strong></span> <span class='ocrx_word' id='word_1_472' title='bbox 1589 3505 1650 3549; x_wconf 93' lang='lat' dir='ltr'><strong>ut</strong></span> <span class='ocrx_word' id='word_1_473' title='bbox 1694 3498 1771 3549; x_wconf 92' lang='lat' dir='ltr'><strong>ait</strong></span> <span class='ocrx_word' id='word_1_474' title='bbox 1799 3493 2089 3550; x_wconf 87' lang='lat' dir='ltr'><strong>Cassianus</strong></span> 
     </span>
    </p>
   </div>
   <div class='ocr_carea' id='block_1_66' title="bbox 507 3572 2127 3658">
    <p class='ocr_par' dir='ltr' id='par_1_66' title="bbox 507 3572 2127 3658">
     <span class='ocr_line' id='line_1_66' title="bbox 507 3572 2127 3658; baseline -0.001 -19"><span class='ocrx_word' id='word_1_475' title='bbox 507 3584 671 3657; x_wconf 79' lang='lat' dir='ltr'><strong>(Inst.</strong></span> <span class='ocrx_word' id='word_1_476' title='bbox 700 3585 790 3641; x_wconf 87' lang='lat' dir='ltr'><strong>lib.</strong></span> <span class='ocrx_word' id='word_1_477' title='bbox 818 3603 879 3652; x_wconf 84' lang='grc' dir='ltr'><strong>ιι,</strong></span> <span class='ocrx_word' id='word_1_478' title='bbox 910 3604 1026 3658; x_wconf 85' lang='lat' dir='ltr'><strong>cap.</strong></span> <span class='ocrx_word' id='word_1_479' title='bbox 1062 3588 1139 3657; x_wconf 79' lang='grc'><strong>5),</strong></span> <span class='ocrx_word' id='word_1_480' title='bbox 1193 3586 1527 3658; x_wconf 82' lang='lat' dir='ltr'><strong>regularibus</strong></span> <span class='ocrx_word' id='word_1_481' title='bbox 1572 3585 1835 3640; x_wconf 90' lang='lat' dir='ltr'><strong>institutis</strong></span> <span class='ocrx_word' id='word_1_482' title='bbox 1884 3586 1984 3639; x_wconf 85' lang='lat' dir='ltr'><strong>sub</strong></span> <span class='ocrx_word' id='word_1_483' title='bbox 2013 3600 2091 3639; x_wconf 86' lang='lat' dir='ltr'><strong>se-</strong></span> <span class='ocrx_word' id='word_1_484' title='bbox 2124 3572 2127 3581; x_wconf 26' lang='grc' dir='ltr'><em>λ</em></span> 
     </span>
    </p>
   </div>
   <div class='ocr_carea' id='block_1_67' title="bbox 506 3675 2090 3747">
    <p class='ocr_par' dir='ltr' id='par_1_67' title="bbox 506 3675 2090 3747">
     <span class='ocr_line' id='line_1_67' title="bbox 506 3675 2090 3747; baseline 0 -17"><span class='ocrx_word' id='word_1_485' title='bbox 506 3675 663 3732; x_wconf 87' lang='lat' dir='ltr'><strong>niore</strong></span> <span class='ocrx_word' id='word_1_486' title='bbox 684 3692 791 3733; x_wconf 94' lang='lat' dir='ltr'><strong>non</strong></span> <span class='ocrx_word' id='word_1_487' title='bbox 816 3675 977 3733; x_wconf 88' lang='lat' dir='ltr'><strong>fuerit</strong></span> <span class='ocrx_word' id='word_1_488' title='bbox 1000 3678 1266 3743; x_wconf 90' lang='lat' dir='ltr'><strong>eruditus,</strong></span> <span class='ocrx_word' id='word_1_489' title='bbox 1290 3693 1562 3747; x_wconf 87' lang='lat' dir='ltr'><strong>nunquam</strong></span> <span class='ocrx_word' id='word_1_490' title='bbox 1587 3677 1787 3747; x_wconf 83' lang='lat' dir='ltr'><strong>poterit</strong></span> <span class='ocrx_word' id='word_1_491' title='bbox 1808 3678 1915 3731; x_wconf 92' lang='lat' dir='ltr'><strong>ullo</strong></span> <span class='ocrx_word' id='word_1_492' title='bbox 1933 3678 2090 3731; x_wconf 86' lang='lat' dir='ltr'><strong>modo</strong></span> 
     </span>
    </p>
   </div>
   <div class='ocr_carea' id='block_1_68' title="bbox 507 3764 2093 3840">
    <p class='ocr_par' dir='ltr' id='par_1_68' title="bbox 507 3764 2093 3840">
     <span class='ocr_line' id='line_1_68' title="bbox 507 3764 2093 3840; baseline 0.003 -21"><span class='ocrx_word' id='word_1_493' title='bbox 507 3764 741 3821; x_wconf 88' lang='lat' dir='ltr'><strong>fratrum</strong></span> <span class='ocrx_word' id='word_1_494' title='bbox 780 3770 1255 3838; x_wconf 79' lang='lat' dir='ltr'><strong>congregationem</strong></span> <span class='ocrx_word' id='word_1_495' title='bbox 1303 3770 1610 3840; x_wconf 68' lang='lat' dir='ltr'><strong>praecedere</strong></span> <span class='ocrx_word' id='word_1_496' title='bbox 1638 3784 1652 3822; x_wconf 87' lang='lat'><strong>:</strong></span> <span class='ocrx_word' id='word_1_497' title='bbox 1682 3771 1807 3839; x_wconf 91' lang='lat' dir='ltr'><strong>quia</strong></span> <span class='ocrx_word' id='word_1_498' title='bbox 1836 3770 1963 3840; x_wconf 83' lang='lat' dir='ltr'><strong>quid</strong></span> <span class='ocrx_word' id='word_1_499' title='bbox 1994 3770 2093 3823; x_wconf 88' lang='lat' dir='ltr'><strong>mi-</strong></span> 
     </span>
    </p>
   </div>
   <div class='ocr_carea' id='block_1_69' title="bbox 508 3855 2092 3927">
    <p class='ocr_par' dir='ltr' id='par_1_69' title="bbox 508 3855 2092 3927">
     <span class='ocr_line' id='line_1_69' title="bbox 508 3855 2092 3927; baseline 0.001 -18"><span class='ocrx_word' id='word_1_500' title='bbox 508 3855 734 3909; x_wconf 85' lang='lat' dir='ltr'><strong>noribus</strong></span> <span class='ocrx_word' id='word_1_501' title='bbox 756 3857 1221 3927; x_wconf 82' lang='lat' dir='ltr'><strong>obtemperaturis</strong></span> <span class='ocrx_word' id='word_1_502' title='bbox 1253 3858 1520 3926; x_wconf 89' lang='lat' dir='ltr'><strong>imperare</strong></span> <span class='ocrx_word' id='word_1_503' title='bbox 1547 3867 1815 3927; x_wconf 86' lang='lat' dir='ltr'><strong>oporteat,</strong></span> <span class='ocrx_word' id='word_1_504' title='bbox 1840 3858 2092 3913; x_wconf 82' lang='lat' dir='ltr'><strong>obedien-</strong></span> 
     </span>
    </p>
   </div>
   <div class='ocr_carea' id='block_1_70' title="bbox 511 3946 2090 4018">
    <p class='ocr_par' dir='ltr' id='par_1_70' title="bbox 511 3946 2090 4018">
     <span class='ocr_line' id='line_1_70' title="bbox 511 3946 2090 4018; baseline 0.001 -17"><span class='ocrx_word' id='word_1_505' title='bbox 511 3946 581 4002; x_wconf 94' lang='lat' dir='ltr'><strong>do</strong></span> <span class='ocrx_word' id='word_1_506' title='bbox 612 3963 719 4001; x_wconf 91' lang='lat' dir='ltr'><strong>non</strong></span> <span class='ocrx_word' id='word_1_507' title='bbox 753 3948 958 4012; x_wconf 89' lang='lat' dir='ltr'><strong>didicit,</strong></span> <span class='ocrx_word' id='word_1_508' title='bbox 981 3965 1083 4004; x_wconf 89' lang='lat' dir='ltr'><strong>nec</strong></span> <span class='ocrx_word' id='word_1_509' title='bbox 1112 3951 1241 4018; x_wconf 91' lang='lat' dir='ltr'><strong>quid</strong></span> <span class='ocrx_word' id='word_1_510' title='bbox 1281 3950 1582 4004; x_wconf 89' lang='lat' dir='ltr'><strong>minoribus</strong></span> <span class='ocrx_word' id='word_1_511' title='bbox 1620 3951 1832 4003; x_wconf 88' lang='lat' dir='ltr'><strong>tradere</strong></span> <span class='ocrx_word' id='word_1_512' title='bbox 1878 3950 2090 4013; x_wconf 65' lang='lat' dir='ltr'><strong>debeat,</strong></span> 
     </span>
    </p>
   </div>
   <div class='ocr_carea' id='block_1_71' title="bbox 510 4036 2091 4106">
    <p class='ocr_par' dir='ltr' id='par_1_71' title="bbox 510 4036 2091 4106">
     <span class='ocr_line' id='line_1_71' title="bbox 510 4036 2091 4106; baseline -0.001 -13"><span class='ocrx_word' id='word_1_513' title='bbox 510 4037 785 4093; x_wconf 86' lang='lat' dir='ltr'><strong>seniorum</strong></span> <span class='ocrx_word' id='word_1_514' title='bbox 826 4037 1295 4106; x_wconf 52' lang='lat' dir='ltr'><strong>prius&#39;assecutus</strong></span> <span class='ocrx_word' id='word_1_515' title='bbox 1337 4048 1420 4093; x_wconf 91' lang='lat' dir='ltr'><strong>est</strong></span> <span class='ocrx_word' id='word_1_516' title='bbox 1474 4039 1757 4092; x_wconf 88' lang='lat' dir='ltr'><strong>institutis.</strong></span> <span class='ocrx_word' id='word_1_517' title='bbox 1808 4036 2091 4106; x_wconf 84' lang='lat' dir='ltr'><strong>Nunquam</strong></span> 
     </span>
    </p>
   </div>
   <div class='ocr_carea' id='block_1_72' title="bbox 510 4128 2095 4200">
    <p class='ocr_par' dir='ltr' id='par_1_72' title="bbox 510 4128 2095 4200">
     <span class='ocr_line' id='line_1_72' title="bbox 510 4128 2095 4200; baseline 0.003 -19"><span class='ocrx_word' id='word_1_518' title='bbox 510 4128 713 4200; x_wconf 89' lang='lat' dir='ltr'><strong>poterit</strong></span> <span class='ocrx_word' id='word_1_519' title='bbox 764 4128 1021 4184; x_wconf 90' lang='lat' dir='ltr'><strong>salutaria</strong></span> <span class='ocrx_word' id='word_1_520' title='bbox 1079 4139 1347 4199; x_wconf 77' lang='lat' dir='ltr'><strong>pnecepta</strong></span> <span class='ocrx_word' id='word_1_521' title='bbox 1409 4129 1755 4188; x_wconf 86' lang='lat' dir='ltr'><strong>audientibus</strong></span> <span class='ocrx_word' id='word_1_522' title='bbox 1819 4130 2095 4200; x_wconf 73' lang='lat' dir='ltr'><strong>discipulis</strong></span> 
     </span>
    </p>
   </div>
   <div class='ocr_carea' id='block_1_73' title="bbox 512 4217 2095 4289">
    <p class='ocr_par' dir='ltr' id='par_1_73' title="bbox 512 4217 2095 4289">
     <span class='ocr_line' id='line_1_73' title="bbox 512 4217 2095 4289; baseline 0.001 -15"><span class='ocrx_word' id='word_1_523' title='bbox 512 4219 662 4284; x_wconf 88' lang='lat' dir='ltr'><strong>dare,</strong></span> <span class='ocrx_word' id='word_1_524' title='bbox 687 4217 791 4274; x_wconf 87' lang='lat' dir='ltr'><strong>nisi</strong></span> <span class='ocrx_word' id='word_1_525' title='bbox 837 4220 929 4289; x_wconf 91' lang='lat' dir='ltr'><strong>qui</strong></span> <span class='ocrx_word' id='word_1_526' title='bbox 977 4220 1128 4289; x_wconf 91' lang='lat' dir='ltr'><strong>prius</strong></span> <span class='ocrx_word' id='word_1_527' title='bbox 1167 4220 1435 4276; x_wconf 87' lang='lat' dir='ltr'><strong>universis</strong></span> <span class='ocrx_word' id='word_1_528' title='bbox 1478 4220 1740 4273; x_wconf 90' lang='lat' dir='ltr'><strong>virtutum</strong></span> <span class='ocrx_word' id='word_1_529' title='bbox 1796 4218 2095 4289; x_wconf 90' lang='lat' dir='ltr'><strong>disciplinis</strong></span> 
     </span>
    </p>
   </div>
   <div class='ocr_carea' id='block_1_74' title="bbox 510 4309 2096 4383">
    <p class='ocr_par' dir='ltr' id='par_1_74' title="bbox 510 4309 2096 4383">
     <span class='ocr_line' id='line_1_74' title="bbox 510 4309 2096 4383; baseline -0.001 -16"><span class='ocrx_word' id='word_1_530' title='bbox 510 4309 678 4367; x_wconf 88' lang='lat' dir='ltr'><strong>fuerit</strong></span> <span class='ocrx_word' id='word_1_531' title='bbox 714 4312 988 4378; x_wconf 87' lang='lat' dir='ltr'><strong>eruditus;</strong></span> <span class='ocrx_word' id='word_1_532' title='bbox 1027 4327 1153 4366; x_wconf 91' lang='lat' dir='ltr'><strong>nam</strong></span> <span class='ocrx_word' id='word_1_533' title='bbox 1196 4312 1332 4367; x_wconf 86' lang='lat' dir='ltr'><strong>alios</strong></span> <span class='ocrx_word' id='word_1_534' title='bbox 1377 4313 1511 4368; x_wconf 90' lang='lat' dir='ltr'><strong>bene</strong></span> <span class='ocrx_word' id='word_1_535' title='bbox 1555 4326 1773 4383; x_wconf 84' lang='lat' dir='ltr'><strong>regere,</strong></span> <span class='ocrx_word' id='word_1_536' title='bbox 1825 4327 2096 4366; x_wconf 89' lang='lat' dir='ltr'><strong>summum</strong></span> 
     </span>
    </p>
   </div>
   <div class='ocr_carea' id='block_1_75' title="bbox 511 4399 2097 4474">
    <p class='ocr_par' dir='ltr' id='par_1_75' title="bbox 511 4399 2097 4474">
     <span class='ocr_line' id='line_1_75' title="bbox 511 4399 2097 4474; baseline -0.001 -17"><span class='ocrx_word' id='word_1_537' title='bbox 511 4401 710 4457; x_wconf 90' lang='lat' dir='ltr'><strong>donum</strong></span> <span class='ocrx_word' id='word_1_538' title='bbox 742 4412 799 4458; x_wconf 85' lang='lat' dir='ltr'><strong>et</strong></span> <span class='ocrx_word' id='word_1_539' title='bbox 824 4404 1052 4474; x_wconf 86' lang='lat' dir='ltr'><strong>gratiam</strong></span> <span class='ocrx_word' id='word_1_540' title='bbox 1082 4402 1316 4473; x_wconf 86' lang='lat' dir='ltr'><strong>Spiritus</strong></span> <span class='ocrx_word' id='word_1_541' title='bbox 1370 4403 1539 4458; x_wconf 89' lang='lat' dir='ltr'><strong>sancti</strong></span> <span class='ocrx_word' id='word_1_542' title='bbox 1590 4402 1874 4458; x_wconf 77' lang='lat' dir='ltr'><strong>verissime</strong></span> <span class='ocrx_word' id='word_1_543' title='bbox 1908 4399 2097 4455; x_wconf 88' lang='lat' dir='ltr'><strong>Patres</strong></span> 
     </span>
    </p>
   </div>
   <div class='ocr_carea' id='block_1_76' title="bbox 513 4492 2096 4564">
    <p class='ocr_par' dir='ltr' id='par_1_76' title="bbox 513 4492 2096 4564">
     <span class='ocr_line' id='line_1_76' title="bbox 513 4492 2096 4564; baseline -0.001 -16"><span class='ocrx_word' id='word_1_544' title='bbox 513 4493 687 4548; x_wconf 86' lang='lat' dir='ltr'><strong>nostri</strong></span> <span class='ocrx_word' id='word_1_545' title='bbox 727 4494 996 4548; x_wconf 80' lang='lat' dir='ltr'><strong>dixerunt.</strong></span> <span class='ocrx_word' id='word_1_546' title='bbox 1046 4494 1313 4549; x_wconf 65' lang='lat' dir='ltr'><strong>Pratterea</strong></span> <span class='ocrx_word' id='word_1_547' title='bbox 1364 4509 1492 4549; x_wconf 90' lang='lat' dir='ltr'><strong>vero</strong></span> <span class='ocrx_word' id='word_1_548' title='bbox 1544 4494 1757 4564; x_wconf 87' lang='lat' dir='ltr'><strong>singula</strong></span> <span class='ocrx_word' id='word_1_549' title='bbox 1798 4495 1912 4547; x_wconf 70' lang='lat' dir='ltr'><strong>[nec</strong></span> <span class='ocrx_word' id='word_1_550' title='bbox 1957 4492 2096 4546; x_wconf 89' lang='lat' dir='ltr'><strong>mala</strong></span> 
     </span>
    </p>
   </div>
   <div class='ocr_carea' id='block_1_77' title="bbox 515 4560 2174 4652">
    <p class='ocr_par' dir='ltr' id='par_1_77' title="bbox 515 4560 2174 4652">
     <span class='ocr_line' id='line_1_77' title="bbox 515 4560 2174 4652; baseline 0.001 -16"><span class='ocrx_word' id='word_1_551' title='bbox 515 4588 662 4644; x_wconf 87' lang='lat' dir='ltr'><strong>sunt,</strong></span> <span class='ocrx_word' id='word_1_552' title='bbox 695 4589 753 4635; x_wconf 91' lang='lat' dir='ltr'><strong>ut</strong></span> <span class='ocrx_word' id='word_1_553' title='bbox 796 4582 985 4636; x_wconf 87' lang='lat' dir='ltr'><strong>beatus</strong></span> <span class='ocrx_word' id='word_1_554' title='bbox 1010 4597 1150 4651; x_wconf 90' lang='lat' dir='ltr'><strong>papa</strong></span> <span class='ocrx_word' id='word_1_555' title='bbox 1200 4583 1492 4652; x_wconf 86' lang='lat' dir='ltr'><strong>Gregorius</strong></span> <span class='ocrx_word' id='word_1_556' title='bbox 1540 4584 1593 4636; x_wconf 89' lang='lat' dir='ltr'><strong>in</strong></span> <span class='ocrx_word' id='word_1_557' title='bbox 1627 4560 1789 4637; x_wconf 61' lang='lat' dir='ltr'><strong>Libro</strong></span> <span class='ocrx_word' id='word_1_558' title='bbox 1829 4582 2094 4638; x_wconf 87' lang='lat' dir='ltr'><strong>Pastorali</strong></span> <span class='ocrx_word' id='word_1_559' title='bbox 2120 4560 2174 4618; x_wconf 71' lang='grc' dir='ltr'><strong>Β</strong></span> 
     </span>
    </p>
   </div>
   <div class='ocr_carea' id='block_1_78' title="bbox 515 4672 2090 4744">
    <p class='ocr_par' dir='ltr' id='par_1_78' title="bbox 515 4672 2090 4744">
     <span class='ocr_line' id='line_1_78' title="bbox 515 4672 2090 4744; baseline 0.001 -18"><span class='ocrx_word' id='word_1_560' title='bbox 515 4679 940 4735; x_wconf 87' lang='lat' dir='ltr'><strong>commemorat,</strong></span> <span class='ocrx_word' id='word_1_561' title='bbox 990 4686 1111 4740; x_wconf 81' lang='lat' dir='ltr'><strong>qua:</strong></span> <span class='ocrx_word' id='word_1_562' title='bbox 1154 4687 1184 4725; x_wconf 90' lang='lat' dir='ltr'><strong>a</strong></span> <span class='ocrx_word' id='word_1_563' title='bbox 1243 4672 1473 4726; x_wconf 83' lang='lat' dir='ltr'><strong>subditis</strong></span> <span class='ocrx_word' id='word_1_564' title='bbox 1531 4687 1671 4741; x_wconf 62' lang='lat' dir='ltr'><strong>saepe</strong></span> <span class='ocrx_word' id='word_1_565' title='bbox 1718 4673 1772 4727; x_wconf 92' lang='lat' dir='ltr'><strong>in</strong></span> <span class='ocrx_word' id='word_1_566' title='bbox 1821 4674 2090 4744; x_wconf 84' lang='lat' dir='ltr'><strong>praelatos,</strong></span> 
     </span>
    </p>
   </div>
   <div class='ocr_carea' id='block_1_79' title="bbox 515 4758 2097 4832">
    <p class='ocr_par' dir='ltr' id='par_1_79' title="bbox 515 4758 2097 4832">
     <span class='ocr_line' id='line_1_79' title="bbox 515 4758 2097 4832; baseline 0.003 -20"><span class='ocrx_word' id='word_1_567' title='bbox 515 4773 659 4830; x_wconf 66' lang='lat' dir='ltr'><strong>saepe</strong></span> <span class='ocrx_word' id='word_1_568' title='bbox 681 4773 711 4812; x_wconf 93' lang='lat' dir='ltr'><strong>a</strong></span> <span class='ocrx_word' id='word_1_569' title='bbox 734 4758 969 4830; x_wconf 53' lang='lat' dir='ltr'><strong>praelatis</strong></span> <span class='ocrx_word' id='word_1_570' title='bbox 1007 4760 1060 4816; x_wconf 90' lang='lat' dir='ltr'><strong>in</strong></span> <span class='ocrx_word' id='word_1_571' title='bbox 1104 4758 1350 4815; x_wconf 89' lang='lat' dir='ltr'><strong>subditos</strong></span> <span class='ocrx_word' id='word_1_572' title='bbox 1394 4761 1804 4816; x_wconf 88' lang='lat' dir='ltr'><strong>committuntur</strong></span> <span class='ocrx_word' id='word_1_573' title='bbox 1833 4779 1846 4815; x_wconf 93' lang='lat'><strong>:</strong></span> <span class='ocrx_word' id='word_1_574' title='bbox 1877 4763 2002 4832; x_wconf 85' lang='lat' dir='ltr'><strong>quia</strong></span> <span class='ocrx_word' id='word_1_575' title='bbox 2039 4769 2097 4816; x_wconf 89' lang='lat' dir='ltr'><strong>et</strong></span> 
     </span>
    </p>
   </div>
   <div class='ocr_carea' id='block_1_80' title="bbox 518 4850 2097 4923">
    <p class='ocr_par' dir='ltr' id='par_1_80' title="bbox 518 4850 2097 4923">
     <span class='ocr_line' id='line_1_80' title="bbox 518 4850 2097 4923; baseline 0.001 -16"><span class='ocrx_word' id='word_1_576' title='bbox 518 4866 710 4908; x_wconf 89' lang='lat' dir='ltr'><strong>omnes</strong></span> <span class='ocrx_word' id='word_1_577' title='bbox 731 4850 972 4906; x_wconf 89' lang='lat' dir='ltr'><strong>subditos</strong></span> <span class='ocrx_word' id='word_1_578' title='bbox 1010 4851 1065 4906; x_wconf 91' lang='lat' dir='ltr'><strong>hi</strong></span> <span class='ocrx_word' id='word_1_579' title='bbox 1098 4852 1189 4922; x_wconf 90' lang='lat' dir='ltr'><strong>qui</strong></span> <span class='ocrx_word' id='word_1_580' title='bbox 1225 4862 1462 4922; x_wconf 59' lang='lat' dir='ltr'><strong>priesunt</strong></span> <span class='ocrx_word' id='word_1_581' title='bbox 1488 4853 1663 4906; x_wconf 80' lang='lat' dir='ltr'><strong>minus</strong></span> <span class='ocrx_word' id='word_1_582' title='bbox 1690 4869 1852 4923; x_wconf 89' lang='lat' dir='ltr'><strong>quam</strong></span> <span class='ocrx_word' id='word_1_583' title='bbox 1883 4854 2097 4923; x_wconf 87' lang='lat' dir='ltr'><strong>ipsimet</strong></span> 
     </span>
    </p>
   </div>
   <div class='ocr_carea' id='block_1_81' title="bbox 516 4941 2097 5015">
    <p class='ocr_par' dir='ltr' id='par_1_81' title="bbox 516 4941 2097 5015">
     <span class='ocr_line' id='line_1_81' title="bbox 516 4941 2097 5015; baseline 0 -18"><span class='ocrx_word' id='word_1_584' title='bbox 516 4943 790 5015; x_wconf 86' lang='lat' dir='ltr'><strong>sapientes</strong></span> <span class='ocrx_word' id='word_1_585' title='bbox 816 4941 1178 5009; x_wconf 86' lang='lat' dir='ltr'><strong>arbitrantur;</strong></span> <span class='ocrx_word' id='word_1_586' title='bbox 1210 4952 1267 4999; x_wconf 90' lang='lat' dir='ltr'><strong>et</strong></span> <span class='ocrx_word' id='word_1_587' title='bbox 1306 4959 1518 4997; x_wconf 92' lang='lat' dir='ltr'><strong>rursum</strong></span> <span class='ocrx_word' id='word_1_588' title='bbox 1557 4944 1648 5014; x_wconf 87' lang='lat' dir='ltr'><strong>qui</strong></span> <span class='ocrx_word' id='word_1_589' title='bbox 1690 4942 1917 5012; x_wconf 90' lang='lat' dir='ltr'><strong>subjecti</strong></span> <span class='ocrx_word' id='word_1_590' title='bbox 1971 4952 2097 4998; x_wconf 89' lang='lat' dir='ltr'><strong>sunt</strong></span> 
     </span>
    </p>
   </div>
   <div class='ocr_carea' id='block_1_82' title="bbox 516 5032 2101 5104">
    <p class='ocr_par' dir='ltr' id='par_1_82' title="bbox 516 5032 2101 5104">
     <span class='ocr_line' id='line_1_82' title="bbox 516 5032 2101 5104; baseline -0.002 -14"><span class='ocrx_word' id='word_1_591' title='bbox 516 5040 792 5090; x_wconf 88' lang='lat' dir='ltr'><strong>rectorum</strong></span> <span class='ocrx_word' id='word_1_592' title='bbox 820 5046 1040 5086; x_wconf 90' lang='lat' dir='ltr'><strong>suorum</strong></span> <span class='ocrx_word' id='word_1_593' title='bbox 1072 5033 1313 5088; x_wconf 87' lang='lat' dir='ltr'><strong>actiones</strong></span> <span class='ocrx_word' id='word_1_594' title='bbox 1340 5032 1604 5102; x_wconf 76' lang='lat' dir='ltr'><strong>iudicant,</strong></span> <span class='ocrx_word' id='word_1_595' title='bbox 1641 5043 1696 5089; x_wconf 89' lang='lat' dir='ltr'><strong>et</strong></span> <span class='ocrx_word' id='word_1_596' title='bbox 1720 5035 1765 5088; x_wconf 88' lang='lat' dir='ltr'><strong>si</strong></span> <span class='ocrx_word' id='word_1_597' title='bbox 1798 5035 1942 5104; x_wconf 87' lang='lat' dir='ltr'><strong>ipsos</strong></span> <span class='ocrx_word' id='word_1_598' title='bbox 1964 5034 2101 5104; x_wconf 91' lang='lat' dir='ltr'><strong>regi-</strong></span> 
     </span>
    </p>
   </div>
   <div class='ocr_carea' id='block_1_83' title="bbox 517 5122 2098 5195">
    <p class='ocr_par' dir='ltr' id='par_1_83' title="bbox 517 5122 2098 5195">
     <span class='ocr_line' id='line_1_83' title="bbox 517 5122 2098 5195; baseline 0.003 -17"><span class='ocrx_word' id='word_1_599' title='bbox 517 5138 642 5178; x_wconf 88' lang='lat' dir='ltr'><strong>men</strong></span> <span class='ocrx_word' id='word_1_600' title='bbox 682 5130 865 5176; x_wconf 88' lang='lat' dir='ltr'><strong>teuere</strong></span> <span class='ocrx_word' id='word_1_601' title='bbox 905 5122 1263 5193; x_wconf 88' lang='lat' dir='ltr'><strong>contingeret,</strong></span> <span class='ocrx_word' id='word_1_602' title='bbox 1312 5137 1372 5177; x_wconf 91' lang='lat' dir='ltr'><strong>se</strong></span> <span class='ocrx_word' id='word_1_603' title='bbox 1417 5124 1658 5192; x_wconf 89' lang='lat' dir='ltr'><strong>potuisse</strong></span> <span class='ocrx_word' id='word_1_604' title='bbox 1706 5140 1865 5195; x_wconf 90' lang='lat' dir='ltr'><strong>agere</strong></span> <span class='ocrx_word' id='word_1_605' title='bbox 1906 5126 2098 5182; x_wconf 90' lang='lat' dir='ltr'><strong>melius</strong></span> 
     </span>
    </p>
   </div>
   <div class='ocr_carea' id='block_1_84' title="bbox 516 5213 2100 5285">
    <p class='ocr_par' dir='ltr' id='par_1_84' title="bbox 516 5213 2100 5285">
     <span class='ocr_line' id='line_1_84' title="bbox 516 5213 2100 5285; baseline 0.003 -16"><span class='ocrx_word' id='word_1_606' title='bbox 516 5222 725 5285; x_wconf 88' lang='lat' dir='ltr'><strong>putant.</strong></span> <span class='ocrx_word' id='word_1_607' title='bbox 755 5213 908 5270; x_wconf 85' lang='lat' dir='ltr'><strong>Unde</strong></span> <span class='ocrx_word' id='word_1_608' title='bbox 956 5214 1271 5285; x_wconf 89' lang='lat' dir='ltr'><strong>plerumque</strong></span> <span class='ocrx_word' id='word_1_609' title='bbox 1326 5216 1405 5283; x_wconf 82' lang='lat' dir='ltr'><strong>fit,</strong></span> <span class='ocrx_word' id='word_1_610' title='bbox 1448 5224 1506 5270; x_wconf 93' lang='lat' dir='ltr'><strong>ut</strong></span> <span class='ocrx_word' id='word_1_611' title='bbox 1567 5227 1622 5272; x_wconf 90' lang='lat' dir='ltr'><strong>et</strong></span> <span class='ocrx_word' id='word_1_612' title='bbox 1660 5227 1900 5273; x_wconf 88' lang='lat' dir='ltr'><strong>rectores</strong></span> <span class='ocrx_word' id='word_1_613' title='bbox 1925 5220 2100 5276; x_wconf 89' lang='lat' dir='ltr'><strong>minus</strong></span> 
     </span>
    </p>
   </div>
   <div class='ocr_carea' id='block_1_85' title="bbox 517 5306 2098 5379">
    <p class='ocr_par' dir='ltr' id='par_1_85' title="bbox 517 5306 2098 5379">
     <span class='ocr_line' id='line_1_85' title="bbox 517 5306 2098 5379; baseline 0.003 -20"><span class='ocrx_word' id='word_1_614' title='bbox 517 5306 818 5374; x_wconf 88' lang='lat' dir='ltr'><strong>prudenter</strong></span> <span class='ocrx_word' id='word_1_615' title='bbox 842 5319 905 5360; x_wconf 86' lang='lat' dir='ltr'><strong>ea</strong></span> <span class='ocrx_word' id='word_1_616' title='bbox 929 5321 1050 5375; x_wconf 72' lang='lat' dir='ltr'><strong>quae</strong></span> <span class='ocrx_word' id='word_1_617' title='bbox 1079 5307 1289 5377; x_wconf 87' lang='lat' dir='ltr'><strong>agenda</strong></span> <span class='ocrx_word' id='word_1_618' title='bbox 1320 5317 1448 5361; x_wconf 91' lang='lat' dir='ltr'><strong>sunt</strong></span> <span class='ocrx_word' id='word_1_619' title='bbox 1480 5309 1716 5371; x_wconf 84' lang='lat' dir='ltr'><strong>videant,</strong></span> <span class='ocrx_word' id='word_1_620' title='bbox 1749 5310 1875 5379; x_wconf 87' lang='lat' dir='ltr'><strong>quia</strong></span> <span class='ocrx_word' id='word_1_621' title='bbox 1909 5325 2098 5364; x_wconf 88' lang='lat' dir='ltr'><strong>eorum</strong></span> 
     </span>
    </p>
   </div>
   <div class='ocr_carea' id='block_1_86' title="bbox 516 5400 2099 5473">
    <p class='ocr_par' dir='ltr' id='par_1_86' title="bbox 516 5400 2099 5473">
     <span class='ocr_line' id='line_1_86' title="bbox 516 5400 2099 5473; baseline 0.006 -20"><span class='ocrx_word' id='word_1_622' title='bbox 516 5400 707 5454; x_wconf 87' lang='lat' dir='ltr'><strong>oculos</strong></span> <span class='ocrx_word' id='word_1_623' title='bbox 754 5401 871 5470; x_wconf 89' lang='lat' dir='ltr'><strong>ipsa</strong></span> <span class='ocrx_word' id='word_1_624' title='bbox 916 5403 1109 5457; x_wconf 91' lang='lat' dir='ltr'><strong>nebula</strong></span> <span class='ocrx_word' id='word_1_625' title='bbox 1161 5403 1409 5459; x_wconf 87' lang='lat' dir='ltr'><strong>elationis</strong></span> <span class='ocrx_word' id='word_1_626' title='bbox 1449 5404 1732 5473; x_wconf 90' lang='lat' dir='ltr'><strong>obscurat;</strong></span> <span class='ocrx_word' id='word_1_627' title='bbox 1762 5418 1817 5462; x_wconf 89' lang='lat' dir='ltr'><strong>et</strong></span> <span class='ocrx_word' id='word_1_628' title='bbox 1855 5425 2099 5464; x_wconf 89' lang='lat' dir='ltr'><strong>nonnun—</strong></span> 
     </span>
    </p>
   </div>
   <div class='ocr_carea' id='block_1_87' title="bbox 517 5490 2096 5568">
    <p class='ocr_par' dir='ltr' id='par_1_87' title="bbox 517 5490 2096 5568">
     <span class='ocr_line' id='line_1_87' title="bbox 517 5490 2096 5568; baseline 0.009 -28"><span class='ocrx_word' id='word_1_629' title='bbox 517 5502 680 5557; x_wconf 86' lang='lat' dir='ltr'><strong>quam</strong></span> <span class='ocrx_word' id='word_1_630' title='bbox 708 5490 755 5544; x_wconf 88' lang='lat' dir='ltr'><strong>is</strong></span> <span class='ocrx_word' id='word_1_631' title='bbox 792 5493 884 5561; x_wconf 88' lang='lat' dir='ltr'><strong>qui</strong></span> <span class='ocrx_word' id='word_1_632' title='bbox 913 5494 1187 5563; x_wconf 86' lang='lat' dir='ltr'><strong>subjectus</strong></span> <span class='ocrx_word' id='word_1_633' title='bbox 1214 5506 1320 5560; x_wconf 89' lang='lat' dir='ltr'><strong>est,</strong></span> <span class='ocrx_word' id='word_1_634' title='bbox 1344 5498 1465 5561; x_wconf 88' lang='lat' dir='ltr'><strong>hoc,</strong></span> <span class='ocrx_word' id='word_1_635' title='bbox 1490 5512 1611 5551; x_wconf 90' lang='lat' dir='ltr'><strong>cum</strong></span> <span class='ocrx_word' id='word_1_636' title='bbox 1638 5499 1889 5567; x_wconf 52' lang='lat' dir='ltr'><strong>praelatus</strong></span> <span class='ocrx_word' id='word_1_637' title='bbox 1914 5498 2096 5568; x_wconf 87' lang='lat' dir='ltr'><strong>fuerit,</strong></span> 
     </span>
    </p>
   </div>
   <div class='ocr_carea' id='block_1_88' title="bbox 518 5578 2100 5660">
    <p class='ocr_par' dir='ltr' id='par_1_88' title="bbox 518 5578 2100 5660">
     <span class='ocr_line' id='line_1_88' title="bbox 518 5578 2100 5660; baseline 0.008 -27"><span class='ocrx_word' id='word_1_638' title='bbox 518 5578 706 5642; x_wconf 83' lang='lat' dir='ltr'><strong>faciat,</strong></span> <span class='ocrx_word' id='word_1_639' title='bbox 738 5583 880 5649; x_wconf 90' lang='lat' dir='ltr'><strong>quod</strong></span> <span class='ocrx_word' id='word_1_640' title='bbox 910 5585 1109 5641; x_wconf 89' lang='lat' dir='ltr'><strong>dudum</strong></span> <span class='ocrx_word' id='word_1_641' title='bbox 1138 5587 1255 5643; x_wconf 81' lang='lat' dir='ltr'><strong>fieri</strong></span> <span class='ocrx_word' id='word_1_642' title='bbox 1283 5587 1555 5658; x_wconf 87' lang='lat' dir='ltr'><strong>subjectus</strong></span> <span class='ocrx_word' id='word_1_643' title='bbox 1589 5590 1882 5659; x_wconf 86' lang='lat' dir='ltr'><strong>arguebat;</strong></span> <span class='ocrx_word' id='word_1_644' title='bbox 1924 5598 1978 5644; x_wconf 90' lang='lat' dir='ltr'><strong>et</strong></span> <span class='ocrx_word' id='word_1_645' title='bbox 2000 5605 2100 5660; x_wconf 90' lang='lat' dir='ltr'><strong>pro</strong></span> 
     </span>
    </p>
   </div>
   <div class='ocr_carea' id='block_1_89' title="bbox 496 5668 2099 5753">
    <p class='ocr_par' dir='ltr' id='par_1_89' title="bbox 496 5668 2099 5753">
     <span class='ocr_line' id='line_1_89' title="bbox 496 5668 2099 5753; baseline 0.011 -31"><span class='ocrx_word' id='word_1_646' title='bbox 496 5668 589 5723; x_wconf 84' lang='lat' dir='ltr'><strong>eo</strong></span> <span class='ocrx_word' id='word_1_647' title='bbox 609 5668 751 5738; x_wconf 89' lang='lat' dir='ltr'><strong>quod</strong></span> <span class='ocrx_word' id='word_1_648' title='bbox 786 5671 874 5728; x_wconf 86' lang='lat' dir='ltr'><strong>illa</strong></span> <span class='ocrx_word' id='word_1_649' title='bbox 907 5691 1027 5747; x_wconf 57' lang='lat' dir='ltr'><strong>quae</strong></span> <span class='ocrx_word' id='word_1_650' title='bbox 1065 5677 1404 5747; x_wconf 88' lang='lat' dir='ltr'><strong>judicaverat</strong></span> <span class='ocrx_word' id='word_1_651' title='bbox 1433 5686 1726 5749; x_wconf 88' lang='lat' dir='ltr'><strong>perpetrat,</strong></span> <span class='ocrx_word' id='word_1_652' title='bbox 1755 5680 1936 5736; x_wconf 90' lang='lat' dir='ltr'><strong>saltim</strong></span> <span class='ocrx_word' id='word_1_653' title='bbox 1973 5684 2099 5753; x_wconf 87' lang='lat' dir='ltr'><strong>quia</strong></span> 
     </span>
    </p>
   </div>
   <div class='ocr_carea' id='block_1_90' title="bbox 517 5762 2100 5850">
    <p class='ocr_par' dir='ltr' id='par_1_90' title="bbox 517 5762 2100 5850">
     <span class='ocr_line' id='line_1_90' title="bbox 517 5762 2100 5850; baseline 0.011 -35"><span class='ocrx_word' id='word_1_654' title='bbox 517 5762 805 5839; x_wconf 87' lang='lat' dir='ltr'><strong>judicavit,</strong></span> <span class='ocrx_word' id='word_1_655' title='bbox 830 5772 1138 5828; x_wconf 88' lang='lat' dir='ltr'><strong>erubescat.</strong></span> <span class='ocrx_word' id='word_1_656' title='bbox 1168 5772 1275 5830; x_wconf 89' lang='lat' dir='ltr'><strong>Sed</strong></span> <span class='ocrx_word' id='word_1_657' title='bbox 1304 5789 1491 5847; x_wconf 87' lang='lat' dir='ltr'><strong>neque</strong></span> <span class='ocrx_word' id='word_1_658' title='bbox 1531 5773 1635 5828; x_wconf 90' lang='lat' dir='ltr'><strong>hoc</strong></span> <span class='ocrx_word' id='word_1_659' title='bbox 1662 5784 1927 5847; x_wconf 69' lang='lat' dir='ltr'><strong>praetereo</strong></span> <span class='ocrx_word' id='word_1_660' title='bbox 1956 5779 2100 5850; x_wconf 91' lang='lat' dir='ltr'><strong>quod</strong></span> 
     </span>
    </p>
   </div>
   <div class='ocr_carea' id='block_1_91' title="bbox 2192 3313 3777 3388">
    <p class='ocr_par' dir='ltr' id='par_1_91' title="bbox 2192 3313 3777 3388">
     <span class='ocr_line' id='line_1_91' title="bbox 2192 3313 3777 3388; baseline -0.005 -15"><span class='ocrx_word' id='word_1_661' title='bbox 2192 3319 2370 3382; x_wconf 88' lang='lat' dir='ltr'><strong>deam,</strong></span> <span class='ocrx_word' id='word_1_662' title='bbox 2402 3325 2457 3372; x_wconf 91' lang='lat' dir='ltr'><strong>et</strong></span> <span class='ocrx_word' id='word_1_663' title='bbox 2493 3318 2659 3372; x_wconf 89' lang='lat' dir='ltr'><strong>sciam</strong></span> <span class='ocrx_word' id='word_1_664' title='bbox 2709 3319 2830 3388; x_wconf 89' lang='lat' dir='ltr'><strong>quis</strong></span> <span class='ocrx_word' id='word_1_665' title='bbox 2881 3318 2971 3371; x_wconf 88' lang='lat' dir='ltr'><strong>sit.</strong></span> <span class='ocrx_word' id='word_1_666' title='bbox 3008 3336 3025 3368; x_wconf 76' lang='grc' dir='ltr'><strong><em>ι</em></strong></span> <span class='ocrx_word' id='word_1_667' title='bbox 3059 3314 3176 3382; x_wconf 91' lang='lat' dir='ltr'><strong>Quo</strong></span> <span class='ocrx_word' id='word_1_668' title='bbox 3227 3313 3394 3377; x_wconf 90' lang='lat' dir='ltr'><strong>dicto,</strong></span> <span class='ocrx_word' id='word_1_669' title='bbox 3438 3313 3625 3366; x_wconf 88' lang='lat' dir='ltr'><strong>statim</strong></span> <span class='ocrx_word' id='word_1_670' title='bbox 3652 3326 3777 3365; x_wconf 88' lang='lat' dir='ltr'><strong>cum</strong></span> 
     </span>
    </p>
   </div>
   <div class='ocr_carea' id='block_1_92' title="bbox 2191 3403 3779 3479">
    <p class='ocr_par' dir='ltr' id='par_1_92' title="bbox 2191 3403 3779 3479">
     <span class='ocr_line' id='line_1_92' title="bbox 2191 3403 3779 3479; baseline -0.004 -17"><span class='ocrx_word' id='word_1_671' title='bbox 2191 3409 2534 3464; x_wconf 86' lang='lat' dir='ltr'><strong>festinatione</strong></span> <span class='ocrx_word' id='word_1_672' title='bbox 2555 3408 2715 3462; x_wconf 85' lang='lat' dir='ltr'><strong>Pater</strong></span> <span class='ocrx_word' id='word_1_673' title='bbox 2731 3408 2866 3479; x_wconf 84' lang='lat' dir='ltr'><strong>Eigil</strong></span> <span class='ocrx_word' id='word_1_674' title='bbox 2883 3407 3316 3478; x_wconf 71' lang='lat' dir='ltr'><strong>prmsentahatur</strong></span> <span class='ocrx_word' id='word_1_675' title='bbox 3340 3404 3456 3473; x_wconf 88' lang='lat' dir='ltr'><strong>ejus</strong></span> <span class='ocrx_word' id='word_1_676' title='bbox 3475 3403 3779 3466; x_wconf 87' lang='lat' dir='ltr'><strong>obtutibus,</strong></span> 
     </span>
    </p>
   </div>
   <div class='ocr_carea' id='block_1_93' title="bbox 2191 3494 3777 3565">
    <p class='ocr_par' dir='ltr' id='par_1_93' title="bbox 2191 3494 3777 3565">
     <span class='ocr_line' id='line_1_93' title="bbox 2191 3494 3777 3565; baseline -0.005 -13"><span class='ocrx_word' id='word_1_677' title='bbox 2191 3499 2274 3553; x_wconf 90' lang='lat' dir='ltr'><strong>vir</strong></span> <span class='ocrx_word' id='word_1_678' title='bbox 2300 3500 2506 3553; x_wconf 89' lang='lat' dir='ltr'><strong>scilicet</strong></span> <span class='ocrx_word' id='word_1_679' title='bbox 2556 3508 2611 3551; x_wconf 90' lang='lat' dir='ltr'><strong>et</strong></span> <span class='ocrx_word' id='word_1_680' title='bbox 2662 3509 2889 3552; x_wconf 76' lang='lat' dir='ltr'><strong>matura:</strong></span> <span class='ocrx_word' id='word_1_681' title='bbox 2938 3498 3135 3560; x_wconf 63' lang='lat' dir='ltr'><strong>anatis,</strong></span> <span class='ocrx_word' id='word_1_682' title='bbox 3168 3504 3223 3550; x_wconf 90' lang='lat' dir='ltr'><strong>et</strong></span> <span class='ocrx_word' id='word_1_683' title='bbox 3270 3494 3454 3565; x_wconf 85' lang='lat' dir='ltr'><strong>gravis</strong></span> <span class='ocrx_word' id='word_1_684' title='bbox 3503 3501 3728 3562; x_wconf 85' lang='lat' dir='ltr'><strong>aspectu</strong></span> <span class='ocrx_word' id='word_1_685' title='bbox 3760 3509 3777 3544; x_wconf 85' lang='lat'><strong>:</strong></span> 
     </span>
    </p>
   </div>
   <div class='ocr_carea' id='block_1_94' title="bbox 2191 3580 3779 3657">
    <p class='ocr_par' dir='ltr' id='par_1_94' title="bbox 2191 3580 3779 3657">
     <span class='ocr_line' id='line_1_94' title="bbox 2191 3580 3779 3657; baseline -0.004 -16"><span class='ocrx_word' id='word_1_686' title='bbox 2191 3603 2352 3657; x_wconf 90' lang='lat' dir='ltr'><strong>quem</strong></span> <span class='ocrx_word' id='word_1_687' title='bbox 2391 3587 2605 3640; x_wconf 89' lang='lat' dir='ltr'><strong>intuens</strong></span> <span class='ocrx_word' id='word_1_688' title='bbox 2652 3585 2966 3655; x_wconf 73' lang='lat' dir='ltr'><strong>imperator,</strong></span> <span class='ocrx_word' id='word_1_689' title='bbox 3018 3583 3195 3654; x_wconf 86' lang='lat' dir='ltr'><strong>inquit</strong></span> <span class='ocrx_word' id='word_1_690' title='bbox 3233 3600 3245 3636; x_wconf 89' lang='lat'><strong>:</strong></span> <span class='ocrx_word' id='word_1_691' title='bbox 3286 3601 3305 3633; x_wconf 83' lang='grc' dir='ltr'>ι</span> <span class='ocrx_word' id='word_1_692' title='bbox 3345 3581 3525 3637; x_wconf 84' lang='lat' dir='ltr'><strong>lstene</strong></span> <span class='ocrx_word' id='word_1_693' title='bbox 3560 3590 3647 3635; x_wconf 91' lang='lat' dir='ltr'><strong>est</strong></span> <span class='ocrx_word' id='word_1_694' title='bbox 3690 3580 3779 3635; x_wconf 90' lang='lat' dir='ltr'><strong>ille</strong></span> 
     </span>
    </p>
   </div>
   <div class='ocr_carea' id='block_1_95' title="bbox 2191 3671 3777 3747">
    <p class='ocr_par' dir='ltr' id='par_1_95' title="bbox 2191 3671 3777 3747">
     <span class='ocr_line' id='line_1_95' title="bbox 2191 3671 3777 3747; baseline -0.004 -16"><span class='ocrx_word' id='word_1_695' title='bbox 2191 3678 2380 3742; x_wconf 86' lang='lat' dir='ltr'><strong>frater,</strong></span> <span class='ocrx_word' id='word_1_696' title='bbox 2420 3692 2579 3747; x_wconf 88' lang='lat' dir='ltr'><strong>quem</strong></span> <span class='ocrx_word' id='word_1_697' title='bbox 2604 3677 2704 3731; x_wconf 84' lang='lat' dir='ltr'><strong>sibi</strong></span> <span class='ocrx_word' id='word_1_698' title='bbox 2735 3684 2845 3731; x_wconf 89' lang='lat' dir='ltr'><strong>tota</strong></span> <span class='ocrx_word' id='word_1_699' title='bbox 2870 3691 3099 3730; x_wconf 87' lang='lat' dir='ltr'><strong>concors</strong></span> <span class='ocrx_word' id='word_1_700' title='bbox 3121 3672 3469 3744; x_wconf 86' lang='lat' dir='ltr'><strong>congregatio</strong></span> <span class='ocrx_word' id='word_1_701' title='bbox 3484 3671 3777 3726; x_wconf 84' lang='lat' dir='ltr'><strong>secundum</strong></span> 
     </span>
    </p>
   </div>
   <div class='ocr_carea' id='block_1_96' title="bbox 2192 3761 3783 3835">
    <p class='ocr_par' dir='ltr' id='par_1_96' title="bbox 2192 3761 3783 3835">
     <span class='ocr_line' id='line_1_96' title="bbox 2192 3761 3783 3835; baseline -0.005 -13"><span class='ocrx_word' id='word_1_702' title='bbox 2192 3768 2286 3822; x_wconf 91' lang='lat' dir='ltr'><strong>Dei</strong></span> <span class='ocrx_word' id='word_1_703' title='bbox 2330 3768 2575 3821; x_wconf 89' lang='lat' dir='ltr'><strong>timorem</strong></span> <span class='ocrx_word' id='word_1_704' title='bbox 2610 3775 2665 3819; x_wconf 89' lang='lat' dir='ltr'><strong>et</strong></span> <span class='ocrx_word' id='word_1_705' title='bbox 2709 3777 2911 3821; x_wconf 76' lang='lat' dir='ltr'><strong>sanctae</strong></span> <span class='ocrx_word' id='word_1_706' title='bbox 2941 3764 3159 3835; x_wconf 65' lang='lat' dir='ltr'><strong>Regula:</strong></span> <span class='ocrx_word' id='word_1_707' title='bbox 3211 3778 3319 3816; x_wconf 89' lang='lat' dir='ltr'><strong>uno</strong></span> <span class='ocrx_word' id='word_1_708' title='bbox 3358 3777 3453 3817; x_wconf 91' lang='lat' dir='ltr'><strong>ore</strong></span> <span class='ocrx_word' id='word_1_709' title='bbox 3483 3761 3682 3830; x_wconf 86' lang='lat' dir='ltr'><strong>probat</strong></span> <span class='ocrx_word' id='word_1_710' title='bbox 3718 3775 3783 3814; x_wconf 85' lang='lat' dir='ltr'><strong>ac</strong></span> 
     </span>
    </p>
   </div>
   <div class='ocr_carea' id='block_1_97' title="bbox 2192 3851 3782 3928">
    <p class='ocr_par' dir='ltr' id='par_1_97' title="bbox 2192 3851 3782 3928">
     <span class='ocr_line' id='line_1_97' title="bbox 2192 3851 3782 3928; baseline -0.006 -17"><span class='ocrx_word' id='word_1_711' title='bbox 2192 3857 2459 3928; x_wconf 82' lang='lat' dir='ltr'><strong>postulat?</strong></span> <span class='ocrx_word' id='word_1_712' title='bbox 2490 3877 2508 3909; x_wconf 74' lang='grc' dir='ltr'><strong><em>ι</em></strong></span> <span class='ocrx_word' id='word_1_713' title='bbox 2535 3855 2793 3926; x_wconf 91' lang='lat' dir='ltr'><strong>lnquiunt</strong></span> <span class='ocrx_word' id='word_1_714' title='bbox 2824 3874 2836 3909; x_wconf 92' lang='lat'><strong>:</strong></span> <span class='ocrx_word' id='word_1_715' title='bbox 2874 3875 2892 3907; x_wconf 87' lang='grc'><strong>‹</strong></span> <span class='ocrx_word' id='word_1_716' title='bbox 2929 3857 3055 3910; x_wconf 89' lang='lat' dir='ltr'><strong>Iste.</strong></span> <span class='ocrx_word' id='word_1_717' title='bbox 3094 3875 3112 3907; x_wconf 71' lang='grc' dir='ltr'><strong><em>ι</em></strong></span> <span class='ocrx_word' id='word_1_718' title='bbox 3147 3872 3165 3905; x_wconf 76' lang='lat' dir='ltr'><strong>i</strong></span> <span class='ocrx_word' id='word_1_719' title='bbox 3198 3853 3391 3916; x_wconf 89' lang='lat' dir='ltr'><strong>lstum,</strong></span> <span class='ocrx_word' id='word_1_720' title='bbox 3414 3851 3615 3921; x_wconf 80' lang='lat' dir='ltr'><strong>inquit,</strong></span> <span class='ocrx_word' id='word_1_721' title='bbox 3642 3862 3782 3903; x_wconf 86' lang='lat' dir='ltr'><strong>nunc</strong></span> 
     </span>
    </p>
   </div>
   <div class='ocr_carea' id='block_1_98' title="bbox 2193 3944 3784 4011">
    <p class='ocr_par' dir='ltr' id='par_1_98' title="bbox 2193 3944 3784 4011">
     <span class='ocr_line' id='line_1_98' title="bbox 2193 3944 3784 4011; baseline -0.004 -10"><span class='ocrx_word' id='word_1_722' title='bbox 2193 3948 2346 4001; x_wconf 88' lang='lat' dir='ltr'><strong>vobis</strong></span> <span class='ocrx_word' id='word_1_723' title='bbox 2368 3949 2680 4011; x_wconf 90' lang='lat' dir='ltr'><strong>committo,</strong></span> <span class='ocrx_word' id='word_1_724' title='bbox 2704 3946 2918 4010; x_wconf 88' lang='lat' dir='ltr'><strong>fratres,</strong></span> <span class='ocrx_word' id='word_1_725' title='bbox 2964 3946 3261 4001; x_wconf 79' lang='lat' dir='ltr'><strong>secundum</strong></span> <span class='ocrx_word' id='word_1_726' title='bbox 3292 3944 3389 3999; x_wconf 89' lang='lat' dir='ltr'><strong>Dei</strong></span> <span class='ocrx_word' id='word_1_727' title='bbox 3432 3944 3690 3998; x_wconf 89' lang='lat' dir='ltr'><strong>timorem</strong></span> <span class='ocrx_word' id='word_1_728' title='bbox 3730 3949 3784 3996; x_wconf 91' lang='lat' dir='ltr'><strong>et</strong></span> 
     </span>
    </p>
   </div>
   <div class='ocr_carea' id='block_1_99' title="bbox 2194 4036 3783 4108">
    <p class='ocr_par' dir='ltr' id='par_1_99' title="bbox 2194 4036 3783 4108">
     <span class='ocr_line' id='line_1_99' title="bbox 2194 4036 3783 4108; baseline -0.003 -15"><span class='ocrx_word' id='word_1_729' title='bbox 2194 4048 2395 4094; x_wconf 60' lang='lat' dir='ltr'><strong>sancte</strong></span> <span class='ocrx_word' id='word_1_730' title='bbox 2420 4038 2633 4108; x_wconf 69' lang='lat' dir='ltr'><strong>Ilegulie</strong></span> <span class='ocrx_word' id='word_1_731' title='bbox 2674 4039 3077 4103; x_wconf 87' lang='lat' dir='ltr'><strong>auctoritatem,</strong></span> <span class='ocrx_word' id='word_1_732' title='bbox 3113 4046 3171 4091; x_wconf 92' lang='lat' dir='ltr'><strong>ut</strong></span> <span class='ocrx_word' id='word_1_733' title='bbox 3208 4037 3279 4091; x_wconf 86' lang='lat' dir='ltr'><strong>sit</strong></span> <span class='ocrx_word' id='word_1_734' title='bbox 3308 4036 3459 4092; x_wconf 85' lang='lat' dir='ltr'><strong>vobis</strong></span> <span class='ocrx_word' id='word_1_735' title='bbox 3480 4045 3659 4106; x_wconf 85' lang='lat' dir='ltr'><strong>pater,</strong></span> <span class='ocrx_word' id='word_1_736' title='bbox 3689 4049 3783 4105; x_wconf 84' lang='lat' dir='ltr'><strong>pa-</strong></span> 
     </span>
    </p>
   </div>
   <div class='ocr_carea' id='block_1_100' title="bbox 2195 4112 3784 4198">
    <p class='ocr_par' dir='ltr' id='par_1_100' title="bbox 2195 4112 3784 4198">
     <span class='ocr_line' id='line_1_100' title="bbox 2195 4112 3784 4198; baseline -0.004 -13"><span class='ocrx_word' id='word_1_737' title='bbox 2195 4140 2308 4185; x_wconf 90' lang='lat' dir='ltr'><strong>stor</strong></span> <span class='ocrx_word' id='word_1_738' title='bbox 2350 4142 2406 4185; x_wconf 91' lang='lat' dir='ltr'><strong>et</strong></span> <span class='ocrx_word' id='word_1_739' title='bbox 2431 4129 2621 4195; x_wconf 89' lang='lat' dir='ltr'><strong>frater,</strong></span> <span class='ocrx_word' id='word_1_740' title='bbox 2671 4128 2826 4198; x_wconf 79' lang='lat' dir='ltr'><strong>juxta</strong></span> <span class='ocrx_word' id='word_1_741' title='bbox 2869 4129 3258 4184; x_wconf 79' lang='lat' dir='ltr'><strong>manasterium</strong></span> <span class='ocrx_word' id='word_1_742' title='bbox 3298 4112 3784 4191; x_wconf 17' lang='lat' dir='ltr'><strong>beati‘Benedicti,</strong></span> 
     </span>
    </p>
   </div>
   <div class='ocr_carea' id='block_1_101' title="bbox 2194 4217 3783 4291">
    <p class='ocr_par' dir='ltr' id='par_1_101' title="bbox 2194 4217 3783 4291">
     <span class='ocr_line' id='line_1_101' title="bbox 2194 4217 3783 4291; baseline -0.003 -16"><span class='ocrx_word' id='word_1_743' title='bbox 2194 4221 2285 4291; x_wconf 91' lang='lat' dir='ltr'><strong>qui</strong></span> <span class='ocrx_word' id='word_1_744' title='bbox 2318 4220 2456 4276; x_wconf 88' lang='lat' dir='ltr'><strong>hanc</strong></span> <span class='ocrx_word' id='word_1_745' title='bbox 2510 4224 2755 4276; x_wconf 86' lang='lat' dir='ltr'><strong>eamdem</strong></span> <span class='ocrx_word' id='word_1_746' title='bbox 2810 4219 3070 4291; x_wconf 81' lang='lat' dir='ltr'><strong>Regulam</strong></span> <span class='ocrx_word' id='word_1_747' title='bbox 3126 4220 3545 4284; x_wconf 86' lang='lat' dir='ltr'><strong>monachorum,</strong></span> <span class='ocrx_word' id='word_1_748' title='bbox 3576 4217 3783 4288; x_wconf 87' lang='lat' dir='ltr'><strong>Spiritu</strong></span> 
     </span>
    </p>
   </div>
   <div class='ocr_carea' id='block_1_102' title="bbox 2196 4311 3777 4382">
    <p class='ocr_par' dir='ltr' id='par_1_102' title="bbox 2196 4311 3777 4382">
     <span class='ocr_line' id='line_1_102' title="bbox 2196 4311 3777 4382; baseline -0.003 -15"><span class='ocrx_word' id='word_1_749' title='bbox 2196 4324 2388 4368; x_wconf 90' lang='lat' dir='ltr'><strong>sancto</strong></span> <span class='ocrx_word' id='word_1_750' title='bbox 2417 4313 2672 4382; x_wconf 85' lang='lat' dir='ltr'><strong>repletus,</strong></span> <span class='ocrx_word' id='word_1_751' title='bbox 2706 4329 2828 4368; x_wconf 89' lang='lat' dir='ltr'><strong>cum</strong></span> <span class='ocrx_word' id='word_1_752' title='bbox 2857 4327 3050 4382; x_wconf 78' lang='lat' dir='ltr'><strong>magna</strong></span> <span class='ocrx_word' id='word_1_753' title='bbox 3077 4311 3404 4366; x_wconf 74' lang='lat' dir='ltr'><strong>discretione</strong></span> <span class='ocrx_word' id='word_1_754' title='bbox 3431 4311 3777 4380; x_wconf 82' lang='lat' dir='ltr'><strong>conscripsit,</strong></span> 
     </span>
    </p>
   </div>
   <div class='ocr_carea' id='block_1_103' title="bbox 2196 4400 3781 4472">
    <p class='ocr_par' dir='ltr' id='par_1_103' title="bbox 2196 4400 3781 4472">
     <span class='ocr_line' id='line_1_103' title="bbox 2196 4400 3781 4472; baseline -0.001 -14"><span class='ocrx_word' id='word_1_755' title='bbox 2196 4405 2416 4472; x_wconf 89' lang='lat' dir='ltr'><strong>suisque</strong></span> <span class='ocrx_word' id='word_1_756' title='bbox 2470 4419 2651 4458; x_wconf 89' lang='lat' dir='ltr'><strong>secum</strong></span> <span class='ocrx_word' id='word_1_757' title='bbox 2698 4404 3016 4458; x_wconf 84' lang='lat' dir='ltr'><strong>servandam</strong></span> <span class='ocrx_word' id='word_1_758' title='bbox 3067 4401 3344 4456; x_wconf 82' lang='lat' dir='ltr'><strong>mandavit</strong></span> <span class='ocrx_word' id='word_1_759' title='bbox 3392 4400 3650 4456; x_wconf 89' lang='lat' dir='ltr'><strong>alumnis.</strong></span> <span class='ocrx_word' id='word_1_760' title='bbox 3678 4401 3781 4456; x_wconf 76' lang='lat' dir='ltr'><strong>Vos</strong></span> 
     </span>
    </p>
   </div>
   <div class='ocr_carea' id='block_1_104' title="bbox 2197 4493 3884 4559">
    <p class='ocr_par' dir='ltr' id='par_1_104' title="bbox 2197 4493 3884 4559">
     <span class='ocr_line' id='line_1_104' title="bbox 2197 4493 3884 4559; baseline -0.001 -10"><span class='ocrx_word' id='word_1_761' title='bbox 2197 4505 2378 4555; x_wconf 80' lang='lat' dir='ltr'><strong>autem</strong></span> <span class='ocrx_word' id='word_1_762' title='bbox 2420 4495 2536 4559; x_wconf 83' lang='lat' dir='ltr'><strong>ﬁlii,</strong></span> <span class='ocrx_word' id='word_1_763' title='bbox 2567 4496 2709 4548; x_wconf 89' lang='lat' dir='ltr'><strong>hunc</strong></span> <span class='ocrx_word' id='word_1_764' title='bbox 2758 4508 2942 4549; x_wconf 90' lang='lat' dir='ltr'><strong>senem</strong></span> <span class='ocrx_word' id='word_1_765' title='bbox 2998 4493 3215 4549; x_wconf 84' lang='lat' dir='ltr'><strong>Patrem’</strong></span> <span class='ocrx_word' id='word_1_766' title='bbox 3274 4504 3517 4549; x_wconf 77' lang='lat' dir='ltr'><strong>vestrum</strong></span> <span class='ocrx_word' id='word_1_767' title='bbox 3577 4494 3782 4549; x_wconf 87' lang='lat' dir='ltr'><strong>sanctis</strong></span> <span class='ocrx_word' id='word_1_768' title='bbox 3874 4538 3884 4547; x_wconf 86' lang='lat'><strong>.</strong></span> 
     </span>
    </p>
   </div>
   <div class='ocr_carea' id='block_1_105' title="bbox 2198 4586 3784 4651">
    <p class='ocr_par' dir='ltr' id='par_1_105' title="bbox 2198 4586 3784 4651">
     <span class='ocr_line' id='line_1_105' title="bbox 2198 4586 3784 4651; baseline 0.001 -11"><span class='ocrx_word' id='word_1_769' title='bbox 2198 4586 2698 4640; x_wconf 79' lang='lat' dir='ltr'><strong>converSationibus</strong></span> <span class='ocrx_word' id='word_1_770' title='bbox 2753 4586 2952 4639; x_wconf 87' lang='lat' dir='ltr'><strong>vestris</strong></span> <span class='ocrx_word' id='word_1_771' title='bbox 3010 4586 3306 4651; x_wconf 88' lang='lat' dir='ltr'><strong>honorate,</strong></span> <span class='ocrx_word' id='word_1_772' title='bbox 3342 4587 3556 4641; x_wconf 88' lang='lat' dir='ltr'><strong>sincero</strong></span> <span class='ocrx_word' id='word_1_773' title='bbox 3600 4600 3784 4641; x_wconf 85' lang='lat' dir='ltr'><strong>amore</strong></span> 
     </span>
    </p>
   </div>
   <div class='ocr_carea' id='block_1_106' title="bbox 2197 4673 3783 4742">
    <p class='ocr_par' dir='ltr' id='par_1_106' title="bbox 2197 4673 3783 4742">
     <span class='ocr_line' id='line_1_106' title="bbox 2197 4673 3783 4742; baseline 0.003 -13"><span class='ocrx_word' id='word_1_774' title='bbox 2197 4673 2430 4742; x_wconf 88' lang='lat' dir='ltr'><strong>diligite;</strong></span> <span class='ocrx_word' id='word_1_775' title='bbox 2489 4674 2850 4728; x_wconf 63' lang='lat' dir='ltr'><strong>obedientiam</strong></span> <span class='ocrx_word' id='word_1_776' title='bbox 2899 4691 3027 4730; x_wconf 86' lang='lat' dir='ltr'><strong>vero</strong></span> <span class='ocrx_word' id='word_1_777' title='bbox 3069 4692 3175 4730; x_wconf 91' lang='lat' dir='ltr'><strong>non</strong></span> <span class='ocrx_word' id='word_1_778' title='bbox 3225 4677 3395 4731; x_wconf 89' lang='lat' dir='ltr'><strong>solum</strong></span> <span class='ocrx_word' id='word_1_779' title='bbox 3442 4676 3536 4742; x_wconf 81' lang='lat' dir='ltr'><strong>illi,</strong></span> <span class='ocrx_word' id='word_1_780' title='bbox 3574 4692 3783 4733; x_wconf 61' lang='lat' dir='ltr'><strong>verum</strong></span> 
     </span>
    </p>
   </div>
   <div class='ocr_carea' id='block_1_107' title="bbox 2196 4764 3782 4835">
    <p class='ocr_par' dir='ltr' id='par_1_107' title="bbox 2196 4764 3782 4835">
     <span class='ocr_line' id='line_1_107' title="bbox 2196 4764 3782 4835; baseline 0.001 -15"><span class='ocrx_word' id='word_1_781' title='bbox 2196 4765 2361 4820; x_wconf 89' lang='lat' dir='ltr'><strong>etiam</strong></span> <span class='ocrx_word' id='word_1_782' title='bbox 2392 4772 2460 4818; x_wconf 86' lang='lat' dir='ltr'><strong>ad</strong></span> <span class='ocrx_word' id='word_1_783' title='bbox 2488 4778 2648 4818; x_wconf 90' lang='lat' dir='ltr'><strong>omne</strong></span> <span class='ocrx_word' id='word_1_784' title='bbox 2672 4780 2806 4835; x_wconf 92' lang='lat' dir='ltr'><strong>opus</strong></span> <span class='ocrx_word' id='word_1_785' title='bbox 2826 4764 3027 4820; x_wconf 91' lang='lat' dir='ltr'><strong>bonum</strong></span> <span class='ocrx_word' id='word_1_786' title='bbox 3058 4768 3309 4821; x_wconf 59' lang='lat' dir='ltr'><strong>certatim</strong></span> <span class='ocrx_word' id='word_1_787' title='bbox 3350 4768 3503 4822; x_wconf 88' lang='lat' dir='ltr'><strong>vobis</strong></span> <span class='ocrx_word' id='word_1_788' title='bbox 3550 4768 3782 4823; x_wconf 84' lang='lat' dir='ltr'><strong>invicem</strong></span> 
     </span>
    </p>
   </div>
   <div class='ocr_carea' id='block_1_108' title="bbox 2198 4856 3786 4928">
    <p class='ocr_par' dir='ltr' id='par_1_108' title="bbox 2198 4856 3786 4928">
     <span class='ocr_line' id='line_1_108' title="bbox 2198 4856 3786 4928; baseline 0.003 -17"><span class='ocrx_word' id='word_1_789' title='bbox 2198 4857 2456 4911; x_wconf 80' lang='lat' dir='ltr'><strong>exhibere</strong></span> <span class='ocrx_word' id='word_1_790' title='bbox 2482 4866 2688 4912; x_wconf 87' lang='lat' dir='ltr'><strong>curate.</strong></span> <span class='ocrx_word' id='word_1_791' title='bbox 2725 4856 2805 4911; x_wconf 86' lang='lat' dir='ltr'><strong>Tu</strong></span> <span class='ocrx_word' id='word_1_792' title='bbox 2855 4874 3000 4923; x_wconf 82' lang='lat' dir='ltr'><strong>vero,</strong></span> <span class='ocrx_word' id='word_1_793' title='bbox 3056 4858 3217 4913; x_wconf 86' lang='lat' dir='ltr'><strong>Pater</strong></span> <span class='ocrx_word' id='word_1_794' title='bbox 3250 4860 3345 4925; x_wconf 92' lang='lat' dir='ltr'><strong>mi,</strong></span> <span class='ocrx_word' id='word_1_795' title='bbox 3385 4858 3635 4928; x_wconf 87' lang='lat' dir='ltr'><strong>juniores</strong></span> <span class='ocrx_word' id='word_1_796' title='bbox 3665 4868 3786 4915; x_wconf 84' lang='lat' dir='ltr'><strong>tuos</strong></span> 
     </span>
    </p>
   </div>
   <div class='ocr_carea' id='block_1_109' title="bbox 2198 4949 3787 5021">
    <p class='ocr_par' dir='ltr' id='par_1_109' title="bbox 2198 4949 3787 5021">
     <span class='ocr_line' id='line_1_109' title="bbox 2198 4949 3787 5021; baseline 0 -17"><span class='ocrx_word' id='word_1_797' title='bbox 2198 4965 2320 5004; x_wconf 90' lang='lat' dir='ltr'><strong>cum</strong></span> <span class='ocrx_word' id='word_1_798' title='bbox 2351 4950 2499 5004; x_wconf 92' lang='lat' dir='ltr'><strong>omni</strong></span> <span class='ocrx_word' id='word_1_799' title='bbox 2529 4949 2708 5003; x_wconf 83' lang='lat' dir='ltr'><strong>studio</strong></span> <span class='ocrx_word' id='word_1_800' title='bbox 2736 4956 2791 5003; x_wconf 93' lang='lat' dir='ltr'><strong>et</strong></span> <span class='ocrx_word' id='word_1_801' title='bbox 2813 4952 3105 5021; x_wconf 89' lang='lat' dir='ltr'><strong>sagacitate</strong></span> <span class='ocrx_word' id='word_1_802' title='bbox 3147 4952 3444 5006; x_wconf 88' lang='lat' dir='ltr'><strong>secundum</strong></span> <span class='ocrx_word' id='word_1_803' title='bbox 3472 4951 3570 5005; x_wconf 89' lang='lat' dir='ltr'><strong>Dei</strong></span> <span class='ocrx_word' id='word_1_804' title='bbox 3600 4952 3787 5007; x_wconf 87' lang='lat' dir='ltr'><strong>volun-</strong></span> 
     </span>
    </p>
   </div>
   <div class='ocr_carea' id='block_1_110' title="bbox 2201 5041 3788 5111">
    <p class='ocr_par' dir='ltr' id='par_1_110' title="bbox 2201 5041 3788 5111">
     <span class='ocr_line' id='line_1_110' title="bbox 2201 5041 3788 5111; baseline 0.003 -19"><span class='ocrx_word' id='word_1_805' title='bbox 2201 5046 2363 5093; x_wconf 87' lang='lat' dir='ltr'><strong>tatem</strong></span> <span class='ocrx_word' id='word_1_806' title='bbox 2387 5054 2606 5095; x_wconf 87' lang='lat' dir='ltr'><strong>servare</strong></span> <span class='ocrx_word' id='word_1_807' title='bbox 2635 5041 2916 5106; x_wconf 90' lang='lat' dir='ltr'><strong>contende,</strong></span> <span class='ocrx_word' id='word_1_808' title='bbox 2945 5049 3211 5111; x_wconf 84' lang='lat' dir='ltr'><strong>quatenus</strong></span> <span class='ocrx_word' id='word_1_809' title='bbox 3233 5042 3287 5095; x_wconf 92' lang='lat' dir='ltr'><strong>in</strong></span> <span class='ocrx_word' id='word_1_810' title='bbox 3316 5042 3417 5096; x_wconf 91' lang='lat' dir='ltr'><strong>bac</strong></span> <span class='ocrx_word' id='word_1_811' title='bbox 3446 5049 3636 5096; x_wconf 84' lang='lat' dir='ltr'><strong>sancta</strong></span> <span class='ocrx_word' id='word_1_812' title='bbox 3657 5056 3788 5096; x_wconf 84' lang='lat' dir='ltr'><strong>con-</strong></span> 
     </span>
    </p>
   </div>
   <div class='ocr_carea' id='block_1_111' title="bbox 2201 5126 3783 5203">
    <p class='ocr_par' dir='ltr' id='par_1_111' title="bbox 2201 5126 3783 5203">
     <span class='ocr_line' id='line_1_111' title="bbox 2201 5126 3783 5203; baseline 0.001 -16"><span class='ocrx_word' id='word_1_813' title='bbox 2201 5134 2384 5187; x_wconf 51' lang='lat' dir='ltr'><strong>cordia</strong></span> <span class='ocrx_word' id='word_1_814' title='bbox 2405 5142 2839 5202; x_wconf 80' lang='lat' dir='ltr'><strong>perseverantes,</strong></span> <span class='ocrx_word' id='word_1_815' title='bbox 2883 5135 2951 5187; x_wconf 93' lang='lat' dir='ltr'><strong>ad</strong></span> <span class='ocrx_word' id='word_1_816' title='bbox 2978 5150 3101 5187; x_wconf 90' lang='lat' dir='ltr'><strong>eum</strong></span> <span class='ocrx_word' id='word_1_817' title='bbox 3124 5135 3410 5203; x_wconf 84' lang='lat' dir='ltr'><strong>pervenire</strong></span> <span class='ocrx_word' id='word_1_818' title='bbox 3436 5126 3783 5199; x_wconf 79' lang='lat' dir='ltr'><strong>inereamini,</strong></span> 
     </span>
    </p>
   </div>
   <div class='ocr_carea' id='block_1_112' title="bbox 2200 5223 3785 5291">
    <p class='ocr_par' dir='ltr' id='par_1_112' title="bbox 2200 5223 3785 5291">
     <span class='ocr_line' id='line_1_112' title="bbox 2200 5223 3785 5291; baseline 0.003 -16"><span class='ocrx_word' id='word_1_819' title='bbox 2200 5223 2291 5291; x_wconf 90' lang='lat' dir='ltr'><strong>qui</strong></span> <span class='ocrx_word' id='word_1_820' title='bbox 2314 5225 2379 5276; x_wconf 87' lang='lat' dir='ltr'><strong>ad</strong></span> <span class='ocrx_word' id='word_1_821' title='bbox 2415 5223 2517 5275; x_wconf 87' lang='lat' dir='ltr'><strong>hoc</strong></span> <span class='ocrx_word' id='word_1_822' title='bbox 2544 5223 2879 5277; x_wconf 86' lang='lat' dir='ltr'><strong>solummodo</strong></span> <span class='ocrx_word' id='word_1_823' title='bbox 2919 5224 3197 5278; x_wconf 87' lang='lat' dir='ltr'><strong>descendit</strong></span> <span class='ocrx_word' id='word_1_824' title='bbox 3245 5226 3311 5280; x_wconf 87' lang='lat' dir='ltr'><strong>de</strong></span> <span class='ocrx_word' id='word_1_825' title='bbox 3342 5224 3502 5288; x_wconf 77' lang='lat' dir='ltr'><strong>cmlo,</strong></span> <span class='ocrx_word' id='word_1_826' title='bbox 3537 5236 3599 5278; x_wconf 89' lang='lat' dir='ltr'><strong>nt</strong></span> <span class='ocrx_word' id='word_1_827' title='bbox 3628 5240 3785 5279; x_wconf 82' lang='lat' dir='ltr'><strong>mun-</strong></span> 
     </span>
    </p>
   </div>
   <div class='ocr_carea' id='block_1_113' title="bbox 2200 5312 3787 5388">
    <p class='ocr_par' dir='ltr' id='par_1_113' title="bbox 2200 5312 3787 5388">
     <span class='ocr_line' id='line_1_113' title="bbox 2200 5312 3787 5388; baseline 0.003 -20"><span class='ocrx_word' id='word_1_828' title='bbox 2200 5315 2326 5368; x_wconf 89' lang='lat' dir='ltr'><strong>dum</strong></span> <span class='ocrx_word' id='word_1_829' title='bbox 2360 5313 2468 5366; x_wconf 89' lang='lat' dir='ltr'><strong>Deo</strong></span> <span class='ocrx_word' id='word_1_830' title='bbox 2494 5312 2640 5366; x_wconf 84' lang='lat' dir='ltr'><strong>Patri</strong></span> <span class='ocrx_word' id='word_1_831' title='bbox 2677 5315 2989 5383; x_wconf 87' lang='lat' dir='ltr'><strong>pacilicaret</strong></span> <span class='ocrx_word' id='word_1_832' title='bbox 3036 5332 3132 5386; x_wconf 88' lang='lat' dir='ltr'><strong>per</strong></span> <span class='ocrx_word' id='word_1_833' title='bbox 3178 5316 3373 5386; x_wconf 87' lang='lat' dir='ltr'><strong>ipsum.</strong></span> <span class='ocrx_word' id='word_1_834' title='bbox 3408 5316 3575 5370; x_wconf 67' lang='lat' dir='ltr'><strong>Vobis</strong></span> <span class='ocrx_word' id='word_1_835' title='bbox 3620 5318 3787 5388; x_wconf 85' lang='lat' dir='ltr'><strong>igitur</strong></span> 
     </span>
    </p>
   </div>
   <div class='ocr_carea' id='block_1_114' title="bbox 2202 5403 3780 5476">
    <p class='ocr_par' dir='ltr' id='par_1_114' title="bbox 2202 5403 3780 5476">
     <span class='ocr_line' id='line_1_114' title="bbox 2202 5403 3780 5476; baseline 0.003 -19"><span class='ocrx_word' id='word_1_836' title='bbox 2202 5404 2497 5457; x_wconf 86' lang='lat' dir='ltr'><strong>scientibus</strong></span> <span class='ocrx_word' id='word_1_837' title='bbox 2536 5403 2706 5474; x_wconf 89' lang='lat' dir='ltr'><strong>legem</strong></span> <span class='ocrx_word' id='word_1_838' title='bbox 2735 5405 2827 5458; x_wconf 88' lang='lat' dir='ltr'><strong>Dei</strong></span> <span class='ocrx_word' id='word_1_839' title='bbox 2862 5405 3071 5474; x_wconf 86' lang='lat' dir='ltr'><strong>loquor,</strong></span> <span class='ocrx_word' id='word_1_840' title='bbox 3104 5408 3168 5461; x_wconf 91' lang='lat' dir='ltr'><strong>de</strong></span> <span class='ocrx_word' id='word_1_841' title='bbox 3193 5424 3297 5476; x_wconf 89' lang='lat' dir='ltr'><strong>qua</strong></span> <span class='ocrx_word' id='word_1_842' title='bbox 3318 5408 3451 5461; x_wconf 82' lang='lat' dir='ltr'><strong>nihil</strong></span> <span class='ocrx_word' id='word_1_843' title='bbox 3480 5407 3630 5462; x_wconf 85' lang='lat' dir='ltr'><strong>aliud</strong></span> <span class='ocrx_word' id='word_1_844' title='bbox 3659 5409 3780 5463; x_wconf 89' lang='lat' dir='ltr'><strong>bor-</strong></span> 
     </span>
    </p>
   </div>
   <div class='ocr_carea' id='block_1_115' title="bbox 2202 5495 3788 5567">
    <p class='ocr_par' dir='ltr' id='par_1_115' title="bbox 2202 5495 3788 5567">
     <span class='ocr_line' id='line_1_115' title="bbox 2202 5495 3788 5567; baseline 0.002 -18"><span class='ocrx_word' id='word_1_845' title='bbox 2202 5505 2307 5561; x_wconf 89' lang='lat' dir='ltr'><strong>tor,</strong></span> <span class='ocrx_word' id='word_1_846' title='bbox 2338 5496 2440 5550; x_wconf 90' lang='lat' dir='ltr'><strong>nisi</strong></span> <span class='ocrx_word' id='word_1_847' title='bbox 2467 5506 2526 5551; x_wconf 93' lang='lat' dir='ltr'><strong>ut</strong></span> <span class='ocrx_word' id='word_1_848' title='bbox 2559 5495 2769 5566; x_wconf 83' lang='lat' dir='ltr'><strong>legatis,</strong></span> <span class='ocrx_word' id='word_1_849' title='bbox 2800 5506 2855 5551; x_wconf 91' lang='lat' dir='ltr'><strong>et</strong></span> <span class='ocrx_word' id='word_1_850' title='bbox 2877 5496 3029 5564; x_wconf 84' lang='lat' dir='ltr'><strong>juxta</strong></span> <span class='ocrx_word' id='word_1_851' title='bbox 3052 5499 3459 5566; x_wconf 86' lang='lat' dir='ltr'><strong>possibilitatem</strong></span> <span class='ocrx_word' id='word_1_852' title='bbox 3488 5515 3653 5567; x_wconf 85' lang='lat' dir='ltr'><strong>quam</strong></span> <span class='ocrx_word' id='word_1_853' title='bbox 3680 5497 3788 5552; x_wconf 90' lang='lat' dir='ltr'><strong>Do-</strong></span> 
     </span>
    </p>
   </div>
   <div class='ocr_carea' id='block_1_116' title="bbox 2201 5589 3783 5660">
    <p class='ocr_par' dir='ltr' id='par_1_116' title="bbox 2201 5589 3783 5660">
     <span class='ocr_line' id='line_1_116' title="bbox 2201 5589 3783 5660; baseline 0.001 -16"><span class='ocrx_word' id='word_1_854' title='bbox 2201 5589 2380 5644; x_wconf 85' lang='lat' dir='ltr'><strong>minus</strong></span> <span class='ocrx_word' id='word_1_855' title='bbox 2400 5589 2680 5645; x_wconf 89' lang='lat' dir='ltr'><strong>donaverit</strong></span> <span class='ocrx_word' id='word_1_856' title='bbox 2720 5589 2886 5644; x_wconf 85' lang='lat' dir='ltr'><strong>verba</strong></span> <span class='ocrx_word' id='word_1_857' title='bbox 2940 5592 3165 5644; x_wconf 87' lang='lat' dir='ltr'><strong>vertatis</strong></span> <span class='ocrx_word' id='word_1_858' title='bbox 3204 5592 3257 5646; x_wconf 90' lang='lat' dir='ltr'><strong>in</strong></span> <span class='ocrx_word' id='word_1_859' title='bbox 3300 5606 3487 5660; x_wconf 87' lang='lat' dir='ltr'><strong>opera.</strong></span> <span class='ocrx_word' id='word_1_860' title='bbox 3513 5591 3783 5646; x_wconf 76' lang='lat' dir='ltr'><strong>lmmensa</strong></span> 
     </span>
    </p>
   </div>
   <div class='ocr_carea' id='block_1_117' title="bbox 2200 5682 3785 5754">
    <p class='ocr_par' dir='ltr' id='par_1_117' title="bbox 2200 5682 3785 5754">
     <span class='ocr_line' id='line_1_117' title="bbox 2200 5682 3785 5754; baseline 0.001 -18"><span class='ocrx_word' id='word_1_861' title='bbox 2200 5697 2332 5737; x_wconf 90' lang='lat' dir='ltr'><strong>vero</strong></span> <span class='ocrx_word' id='word_1_862' title='bbox 2354 5682 2601 5747; x_wconf 66' lang='lat' dir='ltr'><strong>aedificia,</strong></span> <span class='ocrx_word' id='word_1_863' title='bbox 2634 5682 2816 5747; x_wconf 89' lang='lat' dir='ltr'><strong>Pater,</strong></span> <span class='ocrx_word' id='word_1_864' title='bbox 2845 5691 2902 5737; x_wconf 92' lang='lat' dir='ltr'><strong>et</strong></span> <span class='ocrx_word' id='word_1_865' title='bbox 2941 5698 3103 5751; x_wconf 88' lang='lat' dir='ltr'><strong>opera</strong></span> <span class='ocrx_word' id='word_1_866' title='bbox 3148 5700 3257 5739; x_wconf 93' lang='lat' dir='ltr'><strong>non</strong></span> <span class='ocrx_word' id='word_1_867' title='bbox 3297 5686 3633 5750; x_wconf 87' lang='lat' dir='ltr'><strong>necessaria,</strong></span> <span class='ocrx_word' id='word_1_868' title='bbox 3660 5683 3785 5754; x_wconf 86' lang='lat' dir='ltr'><strong>qui-</strong></span> 
     </span>
    </p>
   </div>
   <div class='ocr_carea' id='block_1_118' title="bbox 2202 5772 3783 5853">
    <p class='ocr_par' dir='ltr' id='par_1_118' title="bbox 2202 5772 3783 5853">
     <span class='ocr_line' id='line_1_118' title="bbox 2202 5772 3783 5853; baseline 0.001 -20"><span class='ocrx_word' id='word_1_869' title='bbox 2202 5779 2304 5834; x_wconf 88' lang='lat' dir='ltr'><strong>bus</strong></span> <span class='ocrx_word' id='word_1_870' title='bbox 2338 5772 2553 5835; x_wconf 81' lang='lat' dir='ltr'><strong>familia:</strong></span> <span class='ocrx_word' id='word_1_871' title='bbox 2578 5779 2708 5834; x_wconf 72' lang='lat' dir='ltr'><strong>for-is</strong></span> <span class='ocrx_word' id='word_1_872' title='bbox 2746 5788 2801 5833; x_wconf 89' lang='lat' dir='ltr'><strong>et</strong></span> <span class='ocrx_word' id='word_1_873' title='bbox 2832 5779 2977 5835; x_wconf 89' lang='lat' dir='ltr'><strong>intus</strong></span> <span class='ocrx_word' id='word_1_874' title='bbox 3021 5778 3247 5835; x_wconf 89' lang='lat' dir='ltr'><strong>fratrum</strong></span> <span class='ocrx_word' id='word_1_875' title='bbox 3288 5782 3634 5853; x_wconf 79' lang='lat' dir='ltr'><strong>congregatio</strong></span> <span class='ocrx_word' id='word_1_876' title='bbox 3654 5780 3783 5837; x_wconf 86' lang='lat' dir='ltr'><strong>fati-</strong></span> 
     </span>
    </p>
   </div>
  </div>
