4006 6458
205 393 313 453 393

1743 400 1924 458 VITA.

3361 417 3467 473 394

209 514 371 578 gatur
396 517 446 572 ι,
477 504 674 562 exhinc
716 507 932 578 penitus
983 509 1051 566 ad
1099 526 1407 568 mensuram
1435 512 1676 581 dimitte;
1729 526 1784 570 et
1811 526 1858 585 Α
1885 520 2022 576 buas
2051 535 2158 577 non
2199 521 2544 593 pauperibus,
2596 525 2972 597 eleemosynas
2999 527 3254 584 videlicet
3305 531 3470 590 laico-

209 603 485 650 memento
511 612 669 665 quam
708 615 849 668 saepe
902 598 1056 667 hujus
1108 603 1401 657 nimietatis
1452 607 1788 674 querimonia

209 686 476 755 genitoris
504 687 608 739 mei
651 703 714 742 ac
745 700 960 744 nostras
1010 706 1168 746 aures
1197 694 1548 762 inquietabat.
1580 697 1660 749 Ad
1686 697 1790 750 hoc

210 775 357 830 enim
384 790 486 837 me,
518 774 642 830 licet
670 780 846 832 minus
875 781 1144 844 idoneum,
1179 790 1356 837 tamen
1390 785 1567 839 divina
1596 796 1786 856 poten-

209 864 285 919 tia
314 865 367 920 in
416 867 518 920 hoc
569 867 878 938 subrogavit
928 871 1232 939 imperium,
1275 883 1340 927 .ut
1380 889 1556 928 essem
1602 876 1789 929 oculus

207 971 377 1022 caeco,
408 965 464 1012 et
492 973 587 1028 pes
608 959 815 1022 claudo,
847 971 1001 1030 pater
1039 978 1213 1017 essem
1243 979 1562 1034 pauperum,
1587 975 1639 1020 et
1664 982 1790 1020 cau-

207 1063 329 1104 sam
358 1065 519 1120 quam
550 1053 814 1106 nescirem
849 1054 1255 1125 diligentisdme
1279 1057 1690 1128 investigarcm;
1724 1076 1787 1116 ac

205 1153 309 1214 per
337 1140 453 1204 hoc,
487 1139 645 1212 hujus
671 1144 945 1216 religionis
979 1163 1084 1202 non
1113 1164 1329 1219 possum
1361 1150 1652 1206 utilitatem
1677 1167 1785 1206 non

206 1231 375 1304 loqui.
426 1234 658 1292 Joannes
706 1255 830 1295 vero
869 1241 956 1296 ille
993 1242 1440 1314 Cbrysostomus,
1474 1245 1540 1300 de
1575 1246 1658 1300 his
1695 1246 1787 1315 qui

203 1327 474 1397 martyria
525 1328 815 1395 tediﬁcant,
859 1339 914 1386 et
953 1333 1211 1387 ecclesias
1251 1344 1466 1400 ornant,
1512 1335 1789 1406 eleganter

203 1432 644 1473 commemorans
663 1421 740 1475 ait
769 1420 950 1493 (Hom.
973 1423 1043 1478 55
1073 1425 1126 1477 in
1158 1423 1374 1496 ΜαηΙι.)
1405 1445 1416 1477 :
1458 1425 1597 1480 Ecce
1618 1427 1784 1494 enim,

202 1509 408 1578 inquit,
431 1511 524 1578 qui
554 1513 810 1583 martyria
833 1514 1122 1579 aediﬁcant,
1154 1515 1414 1570 ecclesias
1445 1526 1662 1581 ornant,
1693 1518 1788 1571 bo-

199 1617 337 1656 num
367 1617 505 1671 opus
526 1600 702 1658 facere
727 1605 1002 1671 videntur;
1041 1607 1134 1660 sed
1170 1616 1224 1661 et
1250 1607 1516 1677 siquidem
1540 1597 1595 1662 et
1625 1609 1784 1663 aliam

194 1691 469 1762 justitiam
491 1695 585 1750 Dei
611 1697 937 1755 custodiunt.
965 1698 1009 1751 si
1037 1699 1102 1752 de
1127 1699 1282 1752 bonis
1309 1714 1495 1754 eorum
1521 1715 1785 1769 pauperes

202 1783 466 1852 gaudent,
502 1785 548 1838 si
578 1786 806 1840 aliorum
832 1787 970 1842 bona
992 1803 1086 1858 per
1117 1789 1425 1844 violentiam
1453 1807 1556 1843 non
1581 1792 1786 1846 faciunt

1892 627 2012 664 rum
2043 611 2300 677 ﬁdelium,
2355 629 2489 682 quas
2539 629 2632 681 pro
2679 615 2851 670 salute
2895 617 3088 672 animm
3140 619 3378 688 ipsorum
3404 625 3470 678 ad

1889 715 2150 770 pauperes
2169 701 2370 756 Christi
2393 703 2705 758 nutriendos
2722 705 2951 760 Domino
2972 707 3330 764 contulerunt.
3362 711 3468 766 Sed

1889 805 1956 843 ne
1981 791 2196 860 quidem
2224 793 2481 860 subjectis
2513 793 2605 846 tibi
2636 795 2962 860 consentias,
2991 805 3050 850 ut
3094 814 3179 852 res
3221 801 3468 869 pauperi-

1889 879 1991 934 bus
2017 881 2218 936 Cbristi
2248 883 2490 948 collatas,
2529 886 2771 956 cognatis
2808 895 2862 940 et
2894 887 3101 949 amicis,
3135 889 3248 943 sive
3297 890 3465 944 etiam

1890 972 2052 1042 (quod
2076 974 2227 1042 pejus
2249 974 2352 1046 eSt)
2393 975 2662 1030 seditiosis
2708 977 2940 1030 audeant
2974 979 3278 1047 procaciter
3308 981 3462 1034 exhi-

1887 1061 2017 1118 bere
2046 1081 2058 1116 :
2084 1067 2231 1133 quia,
2257 1076 2315 1120 ut
2347 1069 2606 1138 scriptum
2637 1079 2744 1135 est,
2770 1085 2878 1124 non
2919 1071 3092 1126 solum
3137 1074 3228 1142 qui
3265 1071 3472 1130 faciunt

1888 1152 2052 1218 mala,
2101 1155 2193 1209 sed
2242 1158 2329 1224 qui
2373 1163 2717 1216 consentiunt
2767 1161 3086 1219 facientibus
3147 1165 3291 1236 digni
3343 1173 3470 1220 sunt

1887 1257 2067 1311 pinna.
2105 1244 2363 1316 Regulam
2395 1263 2524 1305 vero
2571 1253 2656 1306 vir
2701 1253 2796 1308 Dei
2831 1255 3152 1312 Benedictus
3197 1258 3470 1314 luculento

1889 1348 2139 1389 sermone
2167 1338 2512 1407 conscripsit,
2552 1340 2606 1394 in
2650 1357 2754 1411 qua
2786 1344 2916 1398 nihil
2943 1347 3198 1400 doctrina:
3230 1347 3468 1412 latentis,

1887 1427 2021 1481 nihil
2044 1429 2393 1484 obscuritatis
2422 1435 2864 1502 comprehendit;
2898 1449 3225 1508 quapropter
3253 1456 3357 1495 non
3391 1443 3472 1497 in-

1887 1518 2033 1590 diget
2054 1521 2408 1589 expositione,
2457 1525 2548 1578 sed
2598 1526 2980 1584 admonitione.
3030 1530 3155 1585 Haec
3191 1541 3273 1586 est
3321 1534 3469 1587 enim

1886 1618 2115 1678 angusta
2141 1620 2294 1679 porta
2335 1621 2390 1666 et
2416 1624 2567 1668 arcta
2597 1615 2701 1680 via,
2741 1633 2858 1686 quae
2889 1629 3176 1689 sequentes
3215 1636 3274 1675 se
3317 1622 3466 1676 ducit

1885 1703 1952 1753 ad
1979 1701 2165 1756 Deum.
2195 1703 2318 1759 Haec
2347 1721 2497 1768 sane,
2525 1706 2576 1760 in
2624 1716 2830 1762 tantum
2879 1711 3289 1775 discretionem,
3323 1727 3473 1766 men-

1887 1807 2091 1855 suram,
2125 1803 2180 1848 et
2206 1796 2526 1852 cbaritatem
2555 1806 2605 1852 te
2629 1800 2784 1854 docet
2817 1800 3034 1866 habere,
3068 1810 3126 1856 ut
3161 1805 3323 1857 etiam
3347 1819 3474 1860 cum

197 1889 322 1937 sua,
360 1876 494 1930 scito
521 1879 646 1948 quia
676 1881 743 1934 ad
771 1881 994 1952 gloriam
1031 1881 1124 1937 Dei
1165 1883 1453 1938 aediﬁcant.
1496 1885 1551 1939 Si
1601 1895 1781 1942 autem
1814 1877 1858 1942 Β
1888 1884 2150 1938 charitate
2201 1885 2468 1950 hortatus,
2515 1889 2811 1957 pr.evaleas
2870 1891 2984 1959 ipsa
3024 1892 3151 1946 vitia
3203 1909 3472 1961 resecare,

195 1967 340 2024 alias
378 1967 620 2037 justitias
659 1973 754 2026 Dei
796 1989 902 2028 non
948 1985 1188 2040 servant,
1211 1977 1256 2031 si
1287 1978 1352 2032 de
1389 1979 1546 2033 bonis
1598 1995 1788 2035 eorum

194 2076 468 2132 pauperes
492 2080 596 2118 non
651 2067 904 2136 gaudent,
935 2069 980 2123 si
1017 2069 1241 2124 aliorum
1274 2072 1414 2126 bona
1458 2072 1662 2128 faciunt
1689 2090 1788 2129 sua

194 2161 298 2206 aut
326 2169 425 2222 per
464 2155 809 2224 violentiam,
834 2169 923 2213 aut
963 2175 1061 2230 per
1099 2161 1362 2228 fraudem,
1396 2166 1518 2234 quis
1559 2173 1669 2220 tam
1699 2167 1787 2220 in-

195 2254 453 2301 sensatus
478 2257 564 2302 est
589 2258 649 2303 ut
685 2267 790 2305 non
835 2252 1097 2323 intelligat
1124 2255 1247 2325 quia
1296 2272 1401 2310 non
1439 2258 1506 2312 ad
1560 2258 1785 2329 gloriam

193 2335 297 2391 Dei
327 2335 534 2392 faciunt
575 2340 799 2395 aadiﬁcia
842 2343 951 2409 illa,
995 2347 1086 2400 sed
1123 2357 1340 2416 propter
1374 2351 1786 2406 aestimationem

193 2425 534 2481 humanam?
558 2427 618 2482 Et
637 2430 782 2499 juste
807 2432 1075 2488 :ediﬁcant
1104 2439 1383 2509 martyria,
1405 2441 1494 2493 ubi
1522 2455 1787 2511 pauperes

192 2518 510 2572 violentiam
542 2523 689 2589 passi
727 2522 795 2576 ab
818 2524 897 2578 eis
929 2525 1270 2596 interpellent
1307 2539 1492 2583 contra
1523 2546 1635 2585 eos.
1668 2532 1786 2587 Non

194 2613 348 2667 enim
372 2614 606 2682 gaudent
636 2627 924 2688 martyres,
953 2621 1168 2688 quando
1197 2637 1260 2675 ex
1294 2621 1399 2676 illis
1420 2623 1664 2692 pecuniis
1690 2625 1788 2678 ho—

193 2717 468 2760 norantur
495 2709 546 2762 in
575 2709 769 2778 quibus
791 2725 1056 2780 pauperes
1095 2713 1328 2782 plorant.
1364 2713 1549 2781 Qualis
1576 2725 1659 2770 est
1697 2716 1786 2772 illa

186 2795 410 2867 iustitia
440 2816 725 2856 munerare
760 2813 1020 2869 mortuos,
1051 2813 1106 2859 et
1141 2806 1375 2874 spoliare
1401 2806 1678 2863 viventes?
1716 2810 1783 2864 de

195 2893 466 2962 sanguine
508 2894 827 2949 miserorum
878 2897 1085 2963 tollere,
1126 2906 1182 2952 et
1220 2899 1329 2952 Deo
1377 2898 1606 2955 otl‘erre?
1649 2899 1783 2956 lllud

194 2996 312 3036 non
339 2990 423 3037 est
455 2983 682 3039 Domino
702 2983 918 3052 offerre,
953 2988 1046 3042 sed
1088 2988 1226 3043 velle
1258 2989 1525 3044 violentiae
1561 3005 1670 3045 sua:
1690 3006 1781 3046 so-

195 3073 345 3127 cium
376 3073 551 3130 facere
586 3076 753 3131 Deum
782 3095 796 3131 :
826 3086 886 3133 ut
927 3079 972 3134 si
1021 3080 1310 3150 obligatam
1362 3081 1465 3137 sibi
1496 3084 1780 3153 pecuniam

195 3165 268 3221 de
301 3175 523 3237 peccato
558 3168 787 3224 libenter
812 3172 1098 3242 acciperet,
1128 3174 1430 3227 consentiat
1456 3175 1510 3228 in
1536 3185 1776 3245 peccato.

1890 1988 2052 2043 agere
2078 1983 2269 2029 cuncta
2297 1985 2518 2046 propter
2531 1978 2898 2046 pusillanimes
2921 1989 3251 2046 mensurate,
3280 1982 3474 2038 discre-

1888 2066 2088 2122 tionem
2121 2069 2292 2122 sancti
2318 2068 2484 2124 Jacob
2523 2071 2780 2140 cogitare,
2811 2081 2864 2126 et
2899 2087 3113 2143 semper
3153 2074 3209 2128 in
3247 2075 3332 2129 his
3360 2091 3473 2131 om-

1888 2158 2048 2212 nibus
2079 2158 2424 2230 fragilitatem
2469 2168 2612 2214 tuam
2664 2161 2976 2233 tibimetipsi
3030 2165 3098 2218 ad
3153 2166 3475 2220 memoriam

1887 2263 2163 2303 revocare.
2197 2249 2301 2304 Sed
2335 2249 2499 2306 timeo
2539 2266 2607 2306 ne
2640 2252 2780 2306 sicut
2807 2268 3032 2322 serpens
3062 2254 3278 2310 seduxit
3307 2255 3474 2310 Evam

1887 2345 2089 2398 astutia
2131 2361 2226 2399 sua
2267 2346 2322 2399 in
2370 2347 2578 2402 deliciis
2627 2349 2862 2419 paradisi
2893 2349 2988 2403 Dei
3016 2360 3474 2417 commanentem,

1888 2431 1961 2486 ita
1993 2448 2089 2502 per
2145 2435 2454 2490 adulatores
2494 2446 2549 2490 et
2579 2448 2945 2504 accusatores,
2976 2455 3106 2496 vasa
3149 2440 3357 2496 scilicet
3396 2442 3476 2496 in-

1888 2522 2183 2593 telligibilis
2207 2527 2496 2594 serpentis,
2519 2538 2899 2599 corrumpatur
2931 2543 3124 2584 sensus
3164 2540 3289 2586 tuus
3312 2531 3476 2602 (quod

1888 2613 2052 2683 absit)
2083 2623 2140 2668 et
2167 2615 2441 2684 abjiciaris
2468 2633 2589 2672 cum
2624 2619 2948 2676 animalibus
2990 2622 3086 2675 tibi
3132 2622 3393 2692 subjectis
3422 2623 3476 2678 in
3570 2631 3580 2642 ‘

1887 2702 2065 2760 locum
2098 2707 2328 2762 miseriae
2352 2719 2408 2765 et
2440 2711 2788 2768 calamitatis.
2821 2713 3285 2780 Quemadmodum
3315 2716 3478 2786 igitur

1887 2795 1942 2850 in
1972 2798 2074 2854 hoc
2104 2801 2304 2857 mundo
2339 2803 2800 2872 periculosissimo
2851 2807 3084 2860 vivimus
3110 2808 3265 2877 quasi
3294 2807 3347 2860 in
3377 2823 3474 2877 pe-

1885 2885 2026 2960 lago,
2059 2889 2148 2944 ubi
2171 2906 2444 2960 nunquam
2475 2901 2557 2947 est
2597 2895 2775 2950 minus
2813 2901 3141 2966 tempestas;
3184 2904 3239 2950 et
3270 2897 3315 2951 si
3346 2904 3478 2951 tem-

1883 2988 2068 3050 pestas
2102 2981 2371 3038 interdum
2417 3001 2526 3040 non
2576 2985 2773 3050 fuerit,
2821 2996 3004 3042 tamen
3054 3003 3269 3058 semper
3311 2989 3478 3042 timor

1885 3077 2251 3146 tempestatis;
2273 3078 2351 3132 sic
2376 3085 2431 3132 ct
2455 3078 2509 3132 in
2525 3078 2628 3134 hoc
2651 3081 2848 3135 mundo
2870 3081 3174 3136 viventibus
3198 3096 3476 3152 nunquam

1884 3176 1970 3221 est
1998 3170 2176 3224 minus
2199 3172 2445 3235 tentatio,
2477 3181 2532 3227 et
2567 3173 2610 3228 si
2642 3175 2868 3228 tentatio
2896 3174 3166 3229 interdum
3196 3175 3335 3230 facta
3365 3192 3474 3231 non

194 3254 298 3312 Vis
329 3258 546 3314 domum
587 3261 684 3316 Dei
719 3240 1024 3318 aediﬁcare?
1069 3265 1136 3319 da
1184 3265 1425 3320 ﬁdelibus
1453 3240 1780 3338 pauperibus

1889 3255 2068 3326 fuerit,
2128 3269 2304 3318 tamen
2369 3263 2532 3319 timor
2581 3266 2895 3321 tcntationis
2939 3274 3024 3321 est
3069 3281 3300 3337 semper.
3350 3269 3476 3324 Ideo

194 3347 348 3404 unde
370 3351 574 3415 vivant,
605 3361 659 3407 et
684 3353 960 3410 azdiﬁcasti
1001 3355 1375 3411 rationabilem
1417 3359 1632 3412 domum
1662 3359 1776 3413 Dei.

190 3440 254 3497 In
287 3443 531 3499 :ediﬁciis
570 3445 712 3499 enim
745 3442 1294 3515 homines-habitant;
1333 3451 1474 3505 Deus
1513 3461 1692 3505 autem
1728 3453 1781 3506 in

189 3536 515 3594 hominibus
567 3542 785 3595 sanctis.
819 3543 1015 3610 Quales
1038 3559 1168 3615 ergo
1223 3543 1293 3597 illi
1328 3552 1454 3598 sunt
1489 3546 1579 3614 qui
1611 3546 1784 3599 homi-

188 3641 298 3683 nes
320 3627 572 3696 spoliant,
617 3638 672 3682 et
716 3629 940 3684 aediﬁcia
989 3642 1283 3702 martyrum
1316 3632 1784 3687 faciunt?habita-

190 3719 384 3774 tiones
415 3717 693 3771 hominum
723 3731 1069 3790 componunt,
1095 3730 1148 3776 et
1170 3722 1531 3777 habitationes
1552 3724 1646 3778 Dei
1676 3725 1786 3780 dis-

191 3809 464 3865 turbant?
518 3807 890 3866 Substantiam
929 3828 1079 3875 vero,
1124 3811 1195 3865 mi
1245 3813 1424 3877 Pater,
1470 3815 1783 3871 monasterii

189 3905 294 3960 tibi
323 3903 668 3958 commissam
697 3915 902 3971 caveto,
937 3923 1003 3962 ne
1033 3909 1218 3962 audaci
1237 3905 1443 3975 judicio
1471 3909 1784 3979 impruden-

189 4005 286 4054 ter
311 3997 590 4064 eﬁ‘undas,
633 4015 732 4054 nec
775 3999 974 4069 aliquid
1032 4000 1230 4069 injuste
1269 3999 1481 4069 jubeas,
1523 4012 1616 4056 aut
1656 4019 1783 4057 con-

187 4092 422 4155 stituas,
451 4091 606 4161 quasi
633 4090 853 4145 liberam
896 4091 1096 4146 habeas
1142 4101 1485 4161 potestatem.
1519 4091 1784 4165 Hierony-

189 4199 324 4239 mus
354 4199 570 4253 quoque
594 4194 646 4238 te
669 4183 844 4248 docet,
867 4183 1111 4238 scribens
1135 4187 1204 4239 ad
1233 4185 1533 4251 Paulinunt,
1563 4203 1628 4240 ne
1653 4204 1784 4256 pau-

190 4290 394 4347 perum
417 4275 617 4329 Christi
649 4291 738 4330 res
767 4274 1026 4330 eﬁ‘undas.
1069 4275 1198 4341 Qua:
1225 4276 1426 4331 utilitas
1452 4285 1553 4340 est,
1587 4278 1778 4347 inquit,

191 4369 438 4440 parietes
475 4368 679 4440 fulgere
709 4368 958 4438 gemmis,
993 4377 1047 4422 et
1090 4366 1364 4422 Christum
1395 4369 1448 4422 in
1485 4384 1784 4438 pauperum

191 4459 348 4514 fame
380 4459 551 4514 mori?
580 4459 698 4514 Jam
736 4475 842 4513 non
867 4467 994 4513 sunt
1037 4466 1125 4512 tua
1146 4499 1161 4520 ,
1189 4474 1308 4529 qua:
1354 4459 1602 4528 possides
1634 4479 1646 4514 :
1675 4461 1784 4515 dis-

1885 3365 2136 3419 rogemus
2207 3353 2444 3409 divinam
2527 3355 2909 3423 clementiam,
2979 3367 3247 3430 quatenus
3319 3362 3476 3418 nobis

1885 3441 2126 3496 Conferat
2175 3443 2435 3497 auxilium
2488 3447 2672 3516 gratize
2710 3463 2840 3513 sute,
2879 3458 2940 3502 ut
2983 3465 3088 3504 non
3127 3451 3407 3506 vincamur
3439 3468 3470 3506 a

1884 3531 2047 3595 malo,
2079 3533 2173 3586 sed
2204 3533 2302 3602 ipsi
2327 3533 2527 3588 malum
2559 3552 2719 3591 omne
2744 3538 3042 3592 vincamus.
3080 3558 3099 3590 ι

1958 3620 2042 3674 l3.
2071 3621 2196 3677 Hac
2231 3624 2304 3677 ita
2339 3639 2772 3681 commemorans
2819 3628 3076 3682 benevola
3125 3628 3472 3698 imperatoris

1885 3711 2154 3776 voluntas,
2200 3717 2613 3770 commendabat
2648 3732 2705 3772 se
2739 3719 2990 3788 precibus
3017 3718 3267 3787 fratrum,
3306 3729 3361 3775 et
3391 3723 3471 3777 sic

1887 3804 2094 3860 dimisit
2121 3822 2215 3862 eos
2263 3809 2341 3863 ire
2379 3810 2430 3863 in
2459 3824 2611 3878 pace.
2645 3810 2908 3881 Egressus
2947 3820 3126 3866 autem
3160 3813 3225 3868 de
3274 3814 3476 3883 palatio

1885 3912 2007 3952 cum
2040 3900 2206 3955 sociis
2252 3900 2416 3956 Pater
2467 3902 2636 3974 Eigil,
2683 3920 2782 3974 per
2807 3904 3134 3975 Moguntiam
3187 3904 3314 3961 fecit
3346 3907 3471 3962 iter.

1885 3990 1986 4058 Qui
2019 4008 2139 4046 cum
2165 3994 2500 4061 pervenisset
2541 3995 2607 4048 ad
2643 3995 2854 4061 urbem,
2880 4005 3162 4066 susceptus
3192 4007 3276 4052 est
3306 3999 3475 4052 hono-

1885 4089 2034 4144 riﬁce
2074 4089 2142 4143 ab
2183 4088 2438 4145 Heistolfo
2474 4089 2710 4158 ejusdem
2760 4092 2910 4146 urbis
2966 4092 3392 4162 archiepiscOpo,
3421 4097 3476 4144 et

1886 4179 2027 4234 facta
2063 4182 2306 4234 oratione
2327 4183 2706 4236 consederunt.
2736 4181 2931 4237 Postea
2953 4197 3082 4235 vero
3121 4183 3316 4251 prtesul
3343 4183 3476 4236 civi-

1890 4272 2022 4325 tatis
2061 4272 2141 4325 sic
2183 4273 2330 4342 prior
2370 4272 2634 4339 incipiens
2662 4271 2738 4324 ait
2780 4291 2793 4323 :
2832 4289 2850 4320 ι
2892 4271 3023 4333 Nos,
3063 4270 3245 4334 Pater,
3282 4273 3332 4325 in
3366 4273 3476 4340 pri-

1887 4366 1992 4421 mis
2019 4363 2300 4418 laudemus
2325 4364 2611 4418 Dominum
2657 4361 2825 4417 Deum
2862 4371 3126 4426 nostrum,
3172 4372 3227 4418 et
3271 4364 3475 4434 gratias

1888 4456 1964 4511 illi
1993 4456 2190 4511 uberes
2218 4470 2460 4526 agamus,
2485 4455 2574 4524 qui
2610 4469 2708 4509 nos
2731 4470 2825 4509 sua
2860 4454 3193 4526 benignitate
3217 4457 3475 4511 conduxit

189 4555 452 4628 pensatio
483 4556 576 4610 tibi
604 4554 806 4609 credita
829 4561 930 4608 est.
961 4553 1230 4608 Memento
1250 4552 1473 4608 Ananiae
1507 4563 1563 4608 et
1582 4553 1779 4624 Saphi-
1809 4589 1863 4649 Β
1888 4549 1942 4602 in
1971 4563 2157 4613 unum,
2185 4563 2250 4602 ac
2279 4557 2466 4601 mutua
2514 4545 2870 4649 collocutione
2889 4546 3160 4649 jucundos
3190 4563 3472 4649 esseut-zon-

188 4646 406 4703 r:e.llli
454 4663 551 4702 sua
602 4645 787 4701 timide
823 4653 1177 4701 servaverunt
1229 4665 1242 4700 :
1291 4654 1347 4700 tu
1392 4647 1673 4702 considera
1715 4662 1784 4702 ne

190 4739 405 4794 Christi
432 4737 785 4792 substantiam
812 4736 1181 4807 imprudenter
1228 4736 1496 4800 eﬁ'undas,
1527 4737 1578 4790 id
1600 4745 1684 4791 est
1714 4753 1783 4793 ne

185 4831 564 4888 immoderato
582 4819 794 4901 judicio
818 4846 932 4886 rem
957 4845 1254 4899 pauperum
1289 4830 1494 4884 tribuas
1517 4846 1622 4884 non
1649 4847 1784 4901 pau-

185 4924 453 4996 peribus;
485 4930 540 4978 et
565 4923 860 4977 secundum
897 4921 1096 4976 dictum
1131 4920 1538 4990 prudentissimi
1571 4921 1695 4982 viri,
1721 4921 1784 4975 li-

187 5015 487 5071 beralitate
500 5013 794 5068 liberalitas
814 5020 1020 5083 pereat.
1048 5010 1196 5065 Multi
1211 5010 1351 5066 enim
1367 5011 1778 5078 monachorum,

178 5109 351 5179 juxta
384 5105 662 5174 cujusdam
684 5104 862 5159 Patris
884 5104 1205 5159 sententiam
1222 5144 1237 5168 ,
1274 5102 1625 5159 saecularibus
1647 5103 1783 5158 acti—

184 5200 301 5254 bus
328 5206 385 5252 et
421 5196 725 5251 forensibus
763 5196 991 5267 negotiis
1023 5195 1267 5261 involuti,
1296 5197 1421 5251 dum
1465 5196 1782 5266 propinqui-

189 5290 296 5344 tati
349 5289 609 5358 prodesse
661 5289 926 5358 cupiunt,
979 5302 1104 5342 suas
1154 5287 1363 5342 animas
1410 5288 1782 5358 perdiderunt.

185 5380 337 5434 llinc
360 5381 526 5450 igitur
551 5394 889 5449 summopere
912 5377 1208 5432 cavendum
1238 5378 1335 5432 tibi
1362 5387 1466 5441 est,
1499 5392 1571 5457 ne_
1591 5377 1787 5431 immo-

185 5469 416 5534 derata,
448 5469 557 5524 imo
585 5485 716 5525 vero
743 5469 936 5523 audaci
963 5467 1167 5540 judicio
1215 5483 1330 5523 rem
1356 5483 1654 5538 pauperum
1690 5469 1785 5522 tri-

268 5640 297 5667 ι
327 5624 484 5680 Hanc
539 5627 888 5683 sententiam.
925 5639 1043 5693 qua:
1091 5639 1220 5679 sane
1265 5624 1541 5679 verissima
1599 5631 1683 5680 est
1733 5631 1787 5680 et

185 5698 494 5768 observant
557 5699 755 5768 digna,
810 5712 877 5751 ex
928 5695 1106 5768 libello
1152 5695 1378 5768 supplici
1411 5694 1784 5768 AFuldensium

190 5769 309 5823 huc
356 5767 586 5822 adduxit
621 5765 936 5830 'Candidus,
979 5776 1034 5820 et
1077 5767 1348 5820 Ludovico
1393 5765 1589 5821 dicenti
1640 5776 1786 5836 apta-

192 5840 302 5896 vit.
367 5835 556 5909 Neque
614 5839 756 5891 enim
809 5837 1108 5907 putandum
1154 5845 1278 5906 est,
1332 5847 1441 5892 tam
1499 5835 1784 5893 verbosam

607 5932 888 5993 Ρηιιοι..
933 5927 1060 5996 CV.

1888 4640 2072 4696 cessit.
2106 4640 2180 4695 De
2203 4649 2398 4695 caetero
2421 4654 2652 4708 quoque,
2680 4637 2860 4703 Pater,
2903 4637 3154 4694 dilectam
3191 4637 3475 4696 familiari-

1887 4743 2056 4791 tatem
2086 4743 2231 4789 tuam
2275 4749 2617 4789 commonere
2649 4733 2872 4798 curabo,
2899 4739 2959 4787 ut
2991 4733 3044 4788 in
3085 4734 3186 4789 hoc
3221 4744 3472 4806 suscepto

1885 4827 2149 4898 regimine
2169 4825 2336 4880 vitam
2359 4834 2507 4880 tuam
2532 4834 2693 4894 atque
2721 4824 3022 4880 doctrinam
3050 4825 3125 4879 ita
3155 4841 3469 4896 componas,

1885 4926 1947 4972 ut
1975 4918 2070 4972 tibi
2109 4929 2272 4987 atque
2311 4917 2580 4980 omnibus,
2625 4917 2717 4986 qui
2754 4925 2848 4971 tuo
2895 4917 3200 4973 subduntur
3221 4918 3468 4988 imperio,

1887 5008 1956 5062 ad
1990 5015 2251 5062 teternam
2281 5005 2530 5074 proﬁciat
2558 5006 2866 5060 sanitatem.
2910 5005 3096 5060 Talem
3135 5014 3186 5061 te
3213 5005 3336 5060 ﬁliis
3363 5005 3472 5061 tuis

1884 5107 2091 5168 patrem
2125 5097 2384 5151 exhibere
2411 5095 2700 5161 contende,
2723 5095 2938 5167 qualem
2985 5096 3080 5153 tibi
3109 5105 3165 5152 et
3211 5095 3470 5151 fratribus

1885 5189 1993 5244 tuis
2019 5197 2196 5243 tecum
2220 5186 2378 5256 paulo
2400 5195 2525 5242 ante
2553 5187 2667 5243 ﬁeri
2693 5188 3006 5258 postulabas
3033 5207 3048 5242 :
3078 5187 3232 5257 cujus
3258 5185 3472 5256 petitio-

1886 5283 1976 5338 nis
2004 5290 2058 5336 et
2084 5281 2321 5350 optionis
2355 5281 2629 5352 exemplar
2649 5299 2678 5336 a
2706 5283 2859 5337 vobis
2889 5283 2992 5336 boc
3020 5281 3180 5335 modo
3208 5279 3469 5335 dictatum

1887 5390 1952 5429 ac
1974 5373 2234 5443 scriptum
2266 5371 2458 5430 Carolo
2502 5375 2928 5445 prtesignabatur
2969 5374 3230 5441 Augusto.
3272 5371 3300 5412 ι)
3333 5371 3470 5445 [Hoc

1887 5464 2071 5537 igitur,
2113 5464 2533 5521 clementissime
2567 5466 2882 5535 imperator,
2923 5462 3067 5531 quod
3109 5461 3343 5517 maxime
3372 5477 3469 5518 no-

1890 5623 2058 5680 fuisse
2135 5624 2483 5694 imperatoris
2541 5623 2993 5694 adhortationem.
3064 5621 3463 5694 Demodestia

1890 5697 2154 5750 servanda
2207 5691 2258 5749 in
2313 5694 2518 5747 :edibus
2551 5691 2846 5760 religiosis,
2878 5693 3109 5748 notanda
3168 5693 3221 5747 in
3271 5693 3464 5760 primis

1891 5765 2117 5836 epistola
2139 5764 2408 5836 Guillelmi
2441 5759 2735 5836 abbatis’ad
2759 5761 2952 5836 fratres
2965 5764 3042 5836 de.
3071 5759 3369 5836 MontefDei

1964 5835 1993 5878 b
2029 5835 2154 5890 Htec
2208 5832 2398 5905 petitio
2445 5830 2656 5886 uncinis
2712 5831 2915 5887 inclusa
2963 5835 3194 5891 habetur
3252 5833 3306 5888 in
3367 5845 3466 5890 nu-

2877 5927 2948 5988 13
