4006 6484
511 357 617 418 595

1605 344 1661 400 S.
1701 343 1946 400 EIGILIS
1982 338 2275 401 ABBATIS
2308 337 2694 398 FULDENSIS

3678 341 3798 403 396

512 448 600 534 bis
622 470 987 530 necessarium
1016 481 1138 524 esse
1179 463 1558 536 indicavimus,
1584 478 1699 532 prae
1722 463 1975 517 omnibus
2002 476 2099 529 op-
2119 462 2178 522 Α
2204 446 2365 513 modo
2390 476 2404 511 :
2438 457 2574 513 Ecce
2601 474 2759 530 quam
2788 455 2979 513 bonum
3010 462 3058 510 et
3080 452 3379 527 jucundum
3407 453 3644 511 habitare
3676 447 3800 528 ffa-

515 572 794 631 tabamus;
830 564 882 620 id
911 576 994 620 est
1015 564 1279 618 unitatem
1298 570 1351 617 ct
1372 560 1717 616 concordiam
1751 575 1872 613 cum
1903 559 2098 613 abbate

515 672 706 720 nostro
742 660 964 721 habere,
1008 657 1149 712 sicut
1177 672 1303 710 cum
1345 653 1711 709 anterimibus
1760 651 1960 704 nostris
2005 651 2100 704 ab—

517 752 734 810 batibus
779 749 1099 813 habuimus;
1127 755 1182 801 et
1218 744 1643 801 misericordiam
1670 751 1725 797 et
1761 741 2099 796 familiarita-

519 853 650 909 tem,
692 843 949 915 pietatem
998 848 1053 894 et
1103 839 1421 893 modestiam
1475 837 1526 890 in
1571 835 1659 889 illo
1694 835 1923 896 sentire;
1958 841 2102 889 etut

520 938 683 992 etiam
720 936 987 1007 benignus
1034 931 1281 993 inﬁrmis,
1322 928 1588 998 propitius
1637 928 2098 996 delinquentibus,

522 1030 751 1087 affabilis
789 1027 1072 1092 fratribus,
1120 1031 1437 1079 maestorum
1478 1021 1806 1085 consolator,
1852 1020 2103 1073 laboran-

520 1123 660 1178 tium
680 1119 915 1188 adiutor,
938 1114 1321 1172 benevolorum
1365 1112 1670 1175 auxiliator,
1713 1112 1849 1166 bene
1881 1119 2101 1166 certan-

520 1214 658 1271 tium
680 1213 957 1271 hortator,
983 1207 1249 1261 lassorum
1273 1201 1627 1266 refocillator,
1650 1203 1956 1258 cedentium
1985 1218 2104 1257 sus-

521 1313 781 1368 tentator,
804 1299 1111 1357 cadentium
1134 1303 1492 1359 restaurator;
1520 1308 1708 1349 attines
1735 1291 1933 1347 fratres
1956 1307 2105 1347 ama-

522 1404 626 1461 ret,
653 1394 858 1451 nullum
898 1391 1091 1453 odiret,
1139 1396 1198 1443 et
1244 1388 1453 1441 nullum
1491 1385 1590 1439 zeli
1635 1384 1717 1440 vel
1767 1384 1952 1439 livoris
1981 1384 2105 1439 dolo

520 1490 966 1559 persequeretur;
996 1480 1261 1549 ﬁeretque
1290 1493 1398 1532 non
1431 1477 1769 1531 turbulentus
1796 1476 1967 1541 vultu,
1990 1462 2121 1532 non.

522 1578 717 1633 anxius
740 1575 939 1637 animo,
976 1588 1085 1627 non
1115 1570 1315 1625 nimius
1341 1567 1638 1637 injudicio,
1668 1583 1777 1621 non
1804 1568 2123 1627 obstinatus.

520 1666 581 1722 in
601 1663 857 1730 consilio;
897 1662 992 1718 sed
1018 1660 1208 1716 hilaris
1230 1658 1391 1723 facie,
1425 1658 1578 1713 ltetus
1608 1667 1807 1722 mente,
1838 1644 2125 1714 discretus-

522 1759 582 1816 in
614 1771 800 1831 opere,
826 1754 1176 1813 consentiens
1206 1752 1259 1806 in
1285 1751 1555 1816 utilitate;
1589 1750 1882 1820 etquando
1912 1748 2108 1818 aliquis

523 1849 591 1906 de
618 1846 882 1903 fratribus
912 1851 1326 1916 praeoccupatus
1364 1842 1529 1897 fuerit
1568 1843 1622 1896 in
1678 1841 1860 1910 aliquo
1887 1840 2106 1906 delicto,

522 1954 633 1997 non
654 1938 839 1993 statim
868 1934 1149 2007 tyrannica
1176 1934 1413 1989 vindicta
1442 1933 1593 1987 illum
1617 1933 1988 1996 excruciaret;
2017 1932 2117 1994 sed

523 2028 862 2086 misericordi
913 2026 1198 2096 disciplina
1242 2025 1517 2095 corrigere
1551 2022 1856 2089 festinaret,
1888 2040 2117 2081 convcr-

524 2133 755 2189 snmque
774 2098 1077 2175 clementer
1105 2116 1427 2187 susciperet,
1457 2131 1557 2171 nec
1592 2131 1763 2187 prava
1804 2117 2117 2186 suspicione

527 2212 707 2270 denuo
734 2212 887 2281 illum
913 2210 1187 2282 fatigaret,
1211 2226 1387 2280 neque
1420 2218 1680 2282 perpetuo
1707 2210 1832 2265 odio
1856 2210 2116 2266 extermi-

523 2302 730 2376 naret.]
755 2302 893 2371 Quid
914 2304 1082 2368 enim,
1125 2300 1307 2366 Pater,
1334 2300 1496 2356 altius
1542 2301 1629 2356 vel
1679 2298 2020 2384 manifestius
2048 2299 2117 2356 de

524 2394 831 2465 huiusmodi
863 2408 1096 2466 persona
1113 2392 1319 2464 poterit
1340 2391 1637 2462 explicari?
1669 2390 1750 2445 En
1776 2390 1963 2460 igitur,
2000 2386 2116 2443 cla-

523 2506 649 2547 rum
669 2497 777 2555 est,
802 2486 1019 2560 qualem
1051 2485 1151 2540 tibi
1179 2484 1400 2540 Patrem
1438 2482 1592 2554 prius
1624 2480 1743 2537 ﬁeri
1767 2476 2007 2545 voluisti,
2032 2486 2117 2533 ta-

524 2579 729 2637 lisesto
756 2594 901 2634 nunc
948 2575 1214 2632 fratribus
1263 2577 1398 2639 tuis,
1438 2582 1496 2629 et
1538 2573 1766 2629 habebis
1803 2570 2017 2628 laudem
2044 2584 2117 2631 ex

523 2670 641 2728 Deo
668 2678 725 2726 et
744 2667 1059 2724 hominibus
1086 2666 1240 2723 bona:
1265 2664 1578 2721 voluntatis.
1606 2681 1637 2717 .D

496 2754 503 2759 ’
599 2758 687 2816 14.
715 2758 959 2826 Cumque
979 2765 1161 2813 autem
1186 2758 1303 2813 haec
1336 2764 1393 2812 et
1413 2755 1516 2809 alia
1564 2760 1831 2820 moneret,
1854 2748 2119 2824 praecepit

526 2850 793 2906 ministris
808 2857 871 2903 ut
881 2847 1233 2905 refectionem
1247 2845 1462 2916 dignius
1474 2853 1697 2917 propter
1707 2845 1951 2915 hospites
1964 2856 2117 2899 more

527 2942 690 3000 solito
716 2947 1107 3011 praepararent.
1141 2940 1255 3010 ipse
1279 2953 1408 2994 vero
1431 2938 1619 2997 laudes
1646 2938 1757 2994 Deo
1792 2938 2001 2994 interea
2030 2950 2116 2997 re-,

526 3033 781 3095 ferendas
806 3033 876 3088 ad
899 3030 1184 3088 ecclesiam
1215 3030 1523 3102 repedabat.
1561 3027 1755 3085 Postea
1779 3043 1994 3101 quoque
2019 3024 2118 3083 ab-

2196 559 2307 603 ‘tres
2334 550 2387 602 in
2418 566 2601 603 unum.
2628 544 2697 603 Et
2728 546 2867 603 facta
2899 557 2982 603 est
3012 546 3201 603 betitia
3250 564 3443 619 magna
3473 548 3526 602 in
3556 548 3801 605 ecclesia

2204 644 2403 700 ibidem
2435 644 2488 697 in
2512 645 2734 699 nomine
2754 641 2973 698 Domini
3005 650 3348 713 congregata.

2278 734 2364 788 16.
2404 735 2523 790 Non
2561 737 2729 788 multo
2775 734 2937 804 igitur
2983 742 3103 803 post
3148 733 3266 788 haec
3306 735 3563 806 temporis
3610 735 3802 791 inter-

2204 825 2347 880 vallo
2391 826 2556 896 cmpit
2597 824 2691 880 hic
2722 825 3046 880 venerabilis
3092 825 3179 879 vir
3225 842 3421 898 magno
3470 824 3566 883 Dei
3612 829 3804 886 (ultus

2207 933 2393 973 amore
2439 917 2679 973 ecclesia:
2732 916 2993 973 mundare
3024 914 3181 982 loca;
3224 920 3529 989 pavimenta
3575 920 3813 989 refundi.

2206 1009 2516 1073 constituit;
2563 1008 2754 1064 altaria
2789 1006 3144 1064 nihilominus
3190 1010 3324 1066 locis
3370 1011 3625 1082 congruis
3675 1008 3807 1071 ﬁeri

2208 1102 2579 1168 demandavi‘t,
2610 1104 2664 1156 in
2696 1118 2907 1157 smnmo
2934 1100 3204 1173 lapidibus
3226 1115 3480 1174 cooperta
3508 1102 3710 1175 poliﬁs.
3734 1100 3805 1163 In

2208 1192 2397 1250 eadem
2425 1209 2554 1249 vero
2594 1192 2823 1249 ecclesia
2870 1192 3004 1250 duas
3049 1204 3267 1264 crypta‘s
3297 1196 3582 1266 magniﬁco
3628 1212 3806 1269 opere

2208 1286 2518 1351 collocavit;
2547 1298 2731 1351 unam,
2755 1302 2875 1355 qua:
2896 1285 3122 1356 respicit
3148 1286 3277 1343 solis
3300 1293 3510 1354 ortum;
3539 1284 3801 1358 alteram,

2210 1394 2331 1450 quae
2355 1377 2484 1432 solis
2508 1388 2762 1432 occasum
2793 1376 3046 1432 intendit.
3802 1378 3811 1383 ’

2283 1465 2370 1523 17.
2411 1465 2655 1538 Cumque
2694 1467 2813 1522 haec
2848 1477 2904 1522 et
2941 1466 3044 1522 alia
3082 1466 3250 1522 multa
3296 1464 3637 1524 diversarum
3678 1460 3813 1540 spei

2212 1562 2417 1618 ciorum
2440 1568 2757 1616 ornamenta
2780 1559 2835 1615 in
2865 1559 3063 1630 templo
3086 1557 3185 1614 Dei
3211 1556 3546 1627 collocasset,
3575 1569 3806 1632 accepto

2211 1652 2442 1710 fratrurn
2479 1652 2725 1718 consilio,
2764 1653 2915 1708 misit
2944 1648 3228 1723 epistolam
3257 1652 3325 1708 ad
3355 1650 3684 1709 Heistolfum
3713 1670 3808 1710 ar-

2215 1742 2639 1818 chiepiscopum,
2668 1754 2728 1801 ut
2763 1744 3076 1816 dignaretur
3106 1744 3293 1809 venire
3335 1744 3404 1801 ad
3442 1740 3819 1805 dedicandam’

2160 1832 2186 1877 Ρ
2213 1841 2503 1897 ecclesiam
2526 1840 2580 1895 in
2602 1839 2818 1895 Iaudem
2849 1832 2945 1894 Dei
2966 1832 3361 1909 omnipotentis
3388 1850 3803 1898 constructam:

2214 1940 2484 2004 quatenus
2523 1946 2621 2002 per
2662 1932 2780 1987 haec
2818 1929 2922 2001 pia:
2954 1925 3284 2001 operationis
3327 1922 3525 1997 olﬁcia,
3554 1932 3807 2002 utrisque

2216 2042 2248 2081 a
2282 2024 2395 2081 Deo
2427 2041 2638 2080 merces
2679 2031 2927 2079 maneret
2972 2024 3026 2079 in
3072 2022 3277 2089 futuro,
3305 2039 3370 2079 ac
3398 2020 3641 2095 benigna
3688 2041 3808 2081 me-

2216 2119 2388 2174 moria
2415 2128 2616 2173 sancttc
2639 2115 2900 2171 orationis
2923 2112 3063 2185 apud
3089 2101 3807 2186 homines‘frequentaretur

2218 2208 2274 2263 in
2309 2208 2527 2263 mundo.
2562 2204 2726 2262 Venit
2753 2205 2915 2276 igitur
2945 2202 3385 2276 archiepiscopus
3406 2204 3563 2275 juxta
3590 2200 3811 2278 petitio?

2217 2317 2343 2357 nem
2372 2300 2583 2356 abbatis
2610 2307 2850 2369 tempore
2876 2296 2979 2354 sibi
3011 2298 3281 2357 condicto.
3294 2294 3582 2357 Venerunt
3612 2302 3811 2359 nihilo-

2216 2393 2397 2449 minus
2432 2390 2523 2447 alii
2555 2390 2937 2462 quamplurimi
2964 2393 3239 2463 episcopi,
3288 2390 3533 2459 abbates,
3573 2395 3809 2466 presby-

2217 2485 2340 2551 teri,
2364 2485 2610 2547 comites,
2644 2484 2713 2540 ab
2749 2484 2944 2541 abbate
2986 2487 3301 2542 monasterii
3335 2486 3636 2545 honoriﬁce
3671 2488 3811 2543 invi-

2215 2576 2336 2631 tati.
2380 2573 2613 2647 lnsuper
2658 2578 2823 2632 etiam
2872 2572 3015 2634 fama
3059 2587 3319 2646 vocante,
3360 2579 3554 2651 vulgus
3596 2579 3809 2639 ordinis

2214 2664 2492 2725 inferioris
2533 2668 2601 2724 ad
2630 2669 2820 2741 templi
2860 2670 3024 2740 hujus
3068 2664 3483 2739 dedicationem,
3528 2686 3563 2729 e
3593 2672 3812 2730 diverso

2215 2756 2441 2819 veniens
2476 2763 2739 2820 conﬂuxit
2767 2766 2822 2820 in
2852 2783 3017 2822 unum
3045 2767 3094 2820 ιι.
3139 2766 3355 2822 Interea
3396 2781 3618 2838 quoque
3645 2782 3814 2823 vene-

2216 2864 2305 2914 rat
2322 2856 2472 2916 alma
2520 2858 2636 2915 dies
2678 2859 3027 2916 dedicationis
3068 2860 3331 2916 illustrata
3371 2860 3504 2915 solis
3546 2855 3817 2931 perpetui

2214 2944 2339 3003 luce
2377 2963 2623 3005 corusca.
2665 2948 2937 3005 Processit
2968 2950 3215 3021 pontifex
3246 2966 3379 3006 cum
3420 2944 3571 3007 omni
3617 2942 3813 3009 ornatu

2216 3038 2482 3101 ecclesiae,
2514 3047 2571 3095 et
2597 3034 2868 3096 dedicavit
2897 3034 3156 3112 templum
3181 3041 3237 3096 in
3261 3038 3597 3097 monasterio
3626 3032 3815 3101 Fu'ldé

528 3122 710 3187 batem
730 3138 852 3177 cum
893 3138 993 3177 suo
1028 3121 1289 3178 comitatu
1334 3118 1632 3177 honoriﬁce
1665 3121 1903 3191 suscepit
1929 3119 1983 3175 in
2010 3117 2108 3175 do-

2219 3139 2594 3188 constructum
2623 3132 2677 3187 iu
2700 3128 2965 3188 honorem
2999 3131 3171 3189 sancti
3212 3124 3541 3199 'Salvatoris,
3591 3126 3692 3188 Dei
3734 3133 3816 3189 vi-

530 3229 702 3280 mum,
734 3222 789 3269 et
838 3229 1025 3270 mensa
1078 3214 1334 3284 reposita.
1387 3228 1508 3271 eum
1556 3213 1860 3285 gratiarum
1892 3212 2110 3269 actione
2133 3212 2181 3241 ν
2216 3218 2414 3280 delicet
2441 3231 2497 3281 et
2530 3216 2745 3280 Domini
2772 3224 2944 3279 nostri
2970 3220 3098 3280 Jesu
3123 3216 3328 3279 Christi
3354 3239 3370 3278 :
3392 3218 3452 3279 et
3483 3221 3814 3279 translatum

532 3314 883 3376 sumpserunt
896 3306 1107 3377 pariter
1128 3308 1327 3362 cibum.
1345 3300 1532 3361 Lectio
1556 3304 1718 3378 plane
1738 3302 2021 3375 legebatur
2040 3305 2125 3363 ad-

528 3412 775 3455 mensam
805 3397 1099 3455 secundum
1142 3398 1551 3470 dispositionem
1596 3396 1894 3455 sacerdotis
1939 3414 1953 3450 :

532 3490 791 3546 nimirum
815 3489 990 3559 ﬁnita,
1019 3501 1140 3547 orta
1169 3501 1252 3549 est
1292 3493 1433 3547 inter
1463 3505 1558 3548 eos
1572 3489 1867 3547 collocatio
1887 3489 2109 3561 spirita-

528 3580 620 3648 lis,
650 3590 714 3637 ut
736 3582 858 3639 cibo
888 3584 1098 3639 scilicet
1123 3583 1389 3655 corporali
1433 3583 1587 3639 cibus
1622 3581 1933 3646 subveniret
1954 3582 2115 3653 spiri-

531 3677 687 3745 talis;
736 3687 792 3734 et
826 3680 1032 3735 utilitas
1070 3680 1424 3737 ecclesiarum
1454 3679 1551 3735 Dei
1577 3677 1876 3733 multifaria
1920 3693 2114 3734 narra-

530 3768 679 3824 tione
709 3768 1080 3838 disputabatur
1115 3771 1255 3840 apud
1282 3786 1395 3825 eos.
1424 3770 1556 3827 Erat
1585 3770 1731 3825 enim
1768 3780 1996 3841 uterque
2023 3770 2116 3825 lan—

534 3866 623 3915 tus
656 3860 710 3913 in
738 3860 869 3914 Deo.
917 3860 1199 3915 Gaudebat
1231 3860 1447 3928 quidem
1484 3862 1791 3935 merulator
1826 3860 2113 3934 (archiepi—

509 3951 742 4020 πυρίη)
768 3951 911 4019 quod
932 3951 1206 4005 Christum
1232 3951 1510 4021 suscipere
1534 3952 1819 4008 meruisset
1844 3952 1897 4006 in
1928 3952 2114 4024 hospi-

526 4051 590 4099 te
621 4060 635 4097 :
667 4041 834 4097 Pater
861 4057 988 4096 vero
1022 4038 1313 4097 laetabatur
1339 4045 1485 4114 quod
1523 4045 1580 4099 in
1627 4045 1877 4103 ministro
1913 4044 2116 4101 Christi

532 4147 662 4188 vera
691 4131 890 4187 Christi
923 4133 1195 4203 susceptio
1222 4133 1524 4189 elaruisset.

2000 3411 2111 3468 qua

602 4223 687 4278 15.
728 4222 1020 4296 Postquam
1054 4240 1182 4280 vero
1210 4241 1270 4280 se
1297 4225 1528 4281 diversis
1568 4224 1891 4282 utilitatium
1923 4234 2113 4285 mutuo

444 4306 449 4311 ’
530 4316 903 4382 roborassent,
948 4317 1114 4388 petita
1167 4317 1381 4373 licentia
1416 4317 1581 4372 Pater
1627 4318 1763 4389 Eigil
1793 4330 1823 4373 a
1853 4318 2117 4389 pontifice

532 4421 559 4450 δ
589 4411 924 4476 benedictus,
971 4412 1243 4481 prolectus
1287 4420 1373 4469 est
1413 4411 1638 4466 Fuldam
1675 4431 1686 4466 :
1721 4427 1828 4482 quo
1860 4413 2115 4469 nimirum

521 4501 787 4572 _veniente
829 4502 1042 4556 obviam
1083 4501 1138 4555 ei
1170 4502 1386 4556 fuerunt
1418 4504 1668 4558 monachi
1716 4505 1821 4570 sui,
1852 4506 1943 4575 qui
1992 4522 2115 4560 eum

476 4651 482 4659 ,
534 4592 741 4648 honore
778 4594 1052 4662 condigna
1097 4594 1476 4662 suscipientes,
1506 4594 1572 4651 ad
1608 4596 1907 4651 orationem
1950 4598 2116 4652 duxe-

528 4694 682 4743 runt.
710 4686 937 4757 Expleta
964 4701 1198 4757 namque
1228 4688 1473 4743 oratione
1504 4688 1558 4742 in
1586 4690 1825 4747 oratorio
1854 4692 2114 4761 prostrati

535 4777 649 4837 solo
678 4779 1041 4835 salutaverunt
1063 4779 1316 4836 abbatem
1344 4798 1358 4833 :
1390 4781 1584 4851 quibus
1610 4783 1907 4839 clementer
1929 4793 1983 4840 et
2014 4786 2116 4840 hu-

534 4873 739 4930 militer
768 4873 1094 4938 resalutatis,
1125 4873 1472 4930 osculabatur
1492 4892 1587 4931 eos
1610 4877 1860 4946 paciticc,
1887 4886 2113 4934 cantans

520 4948 742 5040 pariter
758 4981 885 5022 cum
910 4964 1016 5021 illis
1036 4980 1196 5022 more
1232 4964 1459 5021 Patrum
1499 4967 1769 5023 canticum
1808 4966 1979 5023 David
2009 4969 2113 5024 hoc

520 5108 687 5156 mm
725 5094 990 5172 εἰ)ιῶᾃῆ
1040 5100 1317 5170 suppliﬁs,
1368 5114 1527 5172 mrem
1580 5098 1873 5155 Fuldeuses
1916 5110 2111 5155 mna»

513 5173 624 5228 ω
864 5171 1457 5243 Μεμορυιτειθηιιιι,
1474 5187 1639 5240 quem
1666 5172 1941 5243 integrum
1967 5182 2113 5242 pose-

518 5257 597 5298 ,ea
637 5258 761 5297 γιιθ
797 5258 956 5297 unus.

518 5257 597 5301 ,ea
637 5257 956 5298 vutenunus.

605 5323 630 5351 α
672 5312 892 5368 Abbatis
914 5312 1221 5369 benedictio
1253 5328 1347 5369 seu
1374 5313 1643 5368 ordinatio
1676 5312 1977 5369 sacratiove
2011 5324 2112 5381 per

518 5381 844 5455 episcopum
886 5385 1124 5455 mitique.
1166 5384 1297 5452 Ejus
1344 5385 1488 5438 enim
1530 5386 1738 5455 mentio
1770 5384 1834 5437 ﬁt
1869 5386 1924 5455 in
1968 5398 2111 5437 non-

518 5451 699 5536 nullis
738 5451 984 5536 gregarii
1013 5450 1221 5536 μειδιιῖ
1242 5455 1521 5536 epistolis,
1542 5450 1967 5536 “nimirumﬂltb.
1999 5470 2107 5520 vn,

536 5522 697 5589 epist.
743 5523 827 5585 18,
858 5522 1169 5579 iudictiouis
1197 5522 1407 5589 primm,
1446 5532 1500 5578 et
1541 5523 1630 5587 94,
1675 5522 1987 5579 indictionis
2030 5540 2114 5580 se-

534 5593 758 5665 cundae;
787 5601 841 5646 et
867 5594 919 5648 in
958 5595 1158 5663 Regula
1193 5592 1439 5665 Magistri
1480 5608 1600 5665 cap.
1625 5593 1720 5665 95,
1762 5592 1889 5647 item
1932 5593 1993 5647 in
2044 5596 2110 5650 li-

536 5661 654 5745 bris
682 5663 854 5746 primo
878 5661 1203 5746 etsecunda
1232 5661 1387 5746 Beda:
1415 5664 1482 5746 dc
1518 5661 1756 5746 Historia
1800 5666 2113 5746 monasterii

539 5734 654 5799 sui,
690 5734 744 5789 in
780 5735 1025 5791 conciliis
1060 5735 1470 5792 Becauceldeusi
1502 5737 1602 5792 sub
1631 5736 1790 5791 linem
1820 5737 1998 5791 smculi
2025 5753 2113 5793 se-

516 5804 731 5875 -ptitni,
768 5815 826 5864 et
870 5806 1261 5878 Celicbitensi.
1299 5823 1424 5880 cap.
1466 5807 1526 5877 8,
1568 5807 1673 5867 sub
1718 5804 1936 5866 initium
1978 5809 2112 5871 noni

2215 3325 2301 3370 est
2326 3326 2525 3387 corpus
2547 3315 2809 3387 martyris
2831 3308 3035 3371 Christi
3060 3308 3326 3372 Bonifacii
3358 3315 3413 3370 in
3440 3315 3625 3371 locum
3650 3332 3814 3387 quem

2211 3416 2617 3479 praeparaverat
2642 3408 2693 3463 ei
2723 3404 2886 3463 Pater
2913 3406 3070 3479 Eigil,
3100 3424 3207 3462 una
3237 3423 3363 3465 cum
3388 3406 3657 3465 fratribus
3678 3410 3815 3474 suis,

2216 3496 2361 3552 sicut
2409 3497 2463 3552 in
2518 3497 2763 3568 sequenti
2814 3496 2953 3552 libro
3000 3496 3444 3555 manifestissime
3496 3501 3816 3557 continetur

2216 3584 2370 3661 (Cap.
2406 3586 2515 3658 Π).
2547 3587 2607 3642 In
2645 3586 2984 3645 dedicatione
3029 3603 3161 3644 vero
3192 3589 3402 3659 templi,
3432 3589 3667 3662 populus
3712 3584 3817 3648 Dei

2216 3678 2540 3736 decantabat
2565 3676 2677 3736 Deo
2706 3680 2940 3744 laudem,
2974 3689 3029 3736 et
3060 3680 3114 3736 in
3153 3697 3248 3738 ore
3275 3697 3465 3738 eorum
3502 3680 3680 3739 dulcis
3722 3684 3813 3742 re;

2216 3771 2446 3826 sonabat
2471 3787 2655 3826 sonus.
2686 3768 2756 3826 Et
2784 3781 2904 3827 erat
2924 3768 2944 3840 j
2968 3768 3237 3829 icunditas
3262 3790 3457 3848 magna
3477 3790 3539 3829 ιιι
3566 3772 3813 3832 ecclesia

2216 3862 2314 3919 Dei
2342 3867 2394 3920 in
2423 3865 2543 3935 ejus
2572 3864 2791 3921 nomine
2818 3874 3169 3937 congregata.

2290 3974 2378 4030 l8.
2414 3971 2657 4043 Cumque
2697 3970 2864 4043 igitur
2890 3988 3030 4044 opus
3054 3972 3151 4029 Dei
3180 3972 3564 4043 perﬁceretur,

2217 4064 2549 4121 invitabatur
2574 4065 2645 4120 ad
2684 4080 2950 4132 mensam,
2989 4067 3335 4124 ut-trefectus
3376 4066 3498 4126 cibo
3530 4054 3819 4142 spiritali,

2210 4165 2438 4226 propter
2464 4155 2835 4212 inﬁrmitatem
2862 4159 3107 4228 corporis
3139 4158 3455 4217 reﬁceretur
3496 4170 3550 4217 et
3576 4163 3821 4220 carnali.

2216 4249 2349 4304 Erat
2377 4248 2523 4304 enim
2558 4248 2627 4303 ibi
2656 4250 2726 4304 ad
2760 4265 3008 4305 mensam
3041 4252 3266 4306 recitata
3313 4252 3476 4308 lectio
3504 4251 3646 4324 legis
3682 4254 3818 4320 Dei.

2217 4348 2273 4396 et
2316 4339 2593 4396 interdum
2623 4340 2929 4396 intermista
2962 4344 3189 4412 quaestio
3217 4343 3504 4399 lectionis:
3534 4360 3642 4415 qua
3682 4362 3827 4403 sane

2210 4431 2489 4503 perlecta,
2532 4432 2813 4487 oriebatur
2848 4433 2991 4488 inter
3037 4449 3152 4498 eos,
3202 4436 3343 4490 sicut
3390 4445 3557 4491 erant
3604 4453 3827 4507 graves

2141 4533 2195 4596 D
2221 4524 2510 4593 animoque
2556 4523 2819 4594 insignes,
2871 4524 3237 4582 confabulatio
3281 4527 3581 4599 spiritalis;
3625 4537 3691 4584 et
3730 4529 3826 4585 di—

2218 4630 2389 4673 versa:
2427 4615 2689 4671 utilitates
2720 4615 3072 4673 ecclesiarum
3114 4617 3210 4672 Dei
3244 4616 3623 4690 multipliciter
3656 4618 3825 4689 apud

2212 4718 2311 4763 eos
2354 4707 2672 4776 agebantur.
2702 4694 2834 4762 Post
2872 4706 3221 4765 refectionem
3266 4724 3397 4765 vero
3435 4718 3737 4780 surgentes
3788 4728 3826 4767 ι

2208 4814 2403 4869 mensa
2432 4799 2683 4855 dixerunt
2705 4813 2925 4855 versum
2952 4818 2965 4854 :
2996 4808 3158 4870 atque
3185 4799 3312 4857 hinc
3336 4800 3662 4872 vespertinis
3692 4798 3826 4857 lan-

2216 4891 2373 4947 dibus
2401 4890 2707 4958 celebratis,
2744 4898 2800 4946 et
2827 4886 3180 4963 completorio
3218 4886 3392 4959 ﬁnito,
3438 4906 3625 4949 somno
3657 4892 3827 4967 capti

2216 4983 2555 5057 quieverunt.

2207 5092 3828 5191 Wmmgmmmnowmnp-

2206 5198 2399 5241 manu.

2291 5256 2319 5295 ιι
2354 5256 2408 5310 Id
2459 5256 2654 5313 factum
2687 5273 2830 5314 anno
2867 5258 2991 5324 819,
3036 5267 3175 5316 teste
3204 5259 3427 5316 Rabano
3463 5259 3516 5314 in
3554 5263 3830 5318 carmine

2208 5322 2284 5380 ‘ad
2310 5325 2689 5403 Heilstulfum,
2735 5332 2958 5403 praeﬁxo
2980 5322 3148 5385 libris
3178 5333 3244 5387 de
3274 5330 3611 5403 Institutione
3640 5332 3701 5387 cl
3724 5336 3833 5388 ιιὶ-

2214 5406 2437 5473 eorum,
2472 5410 2616 5473 quos
2641 5400 2689 5453 ci
2714 5400 3095 5473 dedicavitlet
3133 5403 3350 5473 quidem
3392 5401 3648 5473 Kalendis
3702 5403 3831 5459 No-

2215 5469 2454 5525 mihi:
2492 5470 2767 5525 dedicatio
2820 5472 2941 5527 hac
3000 5469 3167 5529 [δαί
3198 5472 3403 5529 dicitur
3447 5474 3499 5528 in
3552 5471 3852 5537 eiusxlan‘

2219 5537 2425 5612 ljabani
2458 5539 2856 5612 Martyrologio.
2886 5542 3033 5598 Diem
3059 5553 3114 5598 et
3141 5558 3343 5598 annum
3374 5543 3604 5612 signavit
3630 5545 3835 5603 etiam

2206 5607 2475 5688 ~§abanus
2516 5612 2570 5665 in
2599 5607 2971 5688 'denouﬁone
3019 5611 3112 5688 (ut
3140 5615 3335 5688 vocat)
3382 5607 3611 5688 cinerei
3642 5618 3837 5688 ⁸ιψιιίι

2216 5678 2565 5809 mearum,
2606 5681 2668 5741 in
2714 5682 2809 5741 lib.
2855 5700 2898 5743 tt
2942 5678 3347 5759 Antiquitatutit
3397 5678 3783 5746 Fuldensiuh
3804 5729 3832 5758 .
