4006 6438
169 360 284 444 .39?

1711 344 1896 406 ιιι-Α.
1955 299 1968 312 ’

3321 335 3425 392 598

245 413 332 540 i9.
365 478 580 540 Altera.
603 489 818 547 quoque
871 472 993 538 die,
1041 471 1175 528 duas
1221 464 1465 524 ecclesias
1527 470 1745 535 cryptas
1772 464 1825 526 Α
1849 458 2060 547 nienter
2086 413 2407 527 coaptantur
2430 471 2444 509 :
2465 451 3257 547 utquiquequater‘bipa-htec
3284 415 3442 507 dicta.

169 555 508 633 Buttibertus
547 571 967 636 ch‘orepiscopus
997 577 1020 603 ³
1046 563 1200 633 jussu
1247 558 1637 629 archiepiscopi
1673 556 1755 611 sui

175 663 430 726 Heistolﬂ
467 661 840 730 consecravit,
871 666 1032 726 atque
1059 670 1220 710 omne
1253 667 1386 722 opus
1416 651 1584 720 ipsius
1628 647 1751 712 diei,

173 745 361 818 ilivina
407 753 510 811 sibi
557 752 876 807 auctoritate
917 747 1227 809 commissa,
1255 758 1377 798 cum
1412 753 1622 796 summa
1665 753 1757 793 re-

173 843 423 909 lverentia
466 847 675 902 timoris
711 843 803 900 Dei
833 851 1142 898 reverenter
1183 835 1434 906 exlilevit.
1469 833 1635 904 Cujus
1679 832 1761 886 ni-

171 941 381 1016 :mirum
409 935 762 995 dedicationis
791 935 952 998 diem,
993 944 1219 1003 tempus,
1251 943 1557 991 numerum,
1586 933 1641 980 et
1665 939 1761 980 an-

171 1031 344 1106 ;num,
389 1029 549 1089 simul
585 1027 746 1085 etiam
778 1037 832 1084 et
877 1038 1184 1082 sanctorum
1233 1023 1478 1083 nomina,
1530 1033 1760 1092 quorum

169 1121 426 1198 reliquias
467 1119 664 1178 ibidem
695 1120 951 1190 plantatte
981 1124 1138 1179 sunt,
1184 1111 1647 1183 disciplinabiliter
1677 1110 1763 1162 lit-

167 1207 317 1275 Iteris
363 1213 652 1270 inserendo
680 1209 935 1264 Rabanus
966 1206 1221 1276 magister
1245 1205 1273 1243 δ
1305 1202 1576 1256 memoria:
1608 1213 1762 1255 com-

171 1297 478 1367 mendavit.
503 1305 628 1360 llaec
656 1304 816 1373 igitur
837 1308 1022 1355 sancta
1045 1307 1096 1354 et
1121 1295 1400 1352 salutifera
1423 1295 1764 1349 solemnitate

175 1410 433 1476 peracta,
466 1411 717 1452 reversus
737 1401 820 1449 est
844 1391 1084 1464 pontifex
1108 1398 1163 1444 et
1191 1389 1367 1443 omnis
1391 1385 1619 1458 populus
1639 1399 1766 1456 gau-

171 1491 320 1551 dens
347 1491 399 1545 in
431 1485 772 1544 tabernacula
801 1499 916 1540 sua.

165 1570 176 1579 ’
253 1579 345 1637 ευ.
386 1579 547 1634 Pater
576 1591 810 1645 namque
837 1571 1148 1628 monasterii
1179 1569 1376 1626 dehinc
1403 1567 1638 1631 sedulus,
1672 1566 1767 1620 ad-

185 1650 404 1730 discens
429 1666 730 1725 communis
775 1665 901 1719 vitm
927 1661 1146 1734 gaudia,
1175 1674 1297 1716 cum
1330 1658 1554 1715 consilio
1578 1665 1631 1711 et
1658 1656 1769 1710 fra-

167 1750 332 1824 ‘trum
370 1777 636 1818 consensu
686 1757 973 1815 ecclesiam
1011 1765 1032 1794 ο
1076 1769 1301 1825 parvam
1347 1751 1633 1808 aedificavit
1674 1765 1768 1805 ro-

171 1851 446 1930 tundam,
493 1851 584 1907 ubi
636 1847 888 1905 defuncta
937 1859 1165 1916 corpora
1215 1845 1444 1897 fratrum
1485 1841 1848 1912 sepulturaeB

166 1943 390 2001 ‘tradita
419 1941 784 2010 requiescunt,
809 1951 973 2009 quam
997 1934 1370 1991 etemeteriom
1392 1942 1605 1997 vocant,
1631 1935 1775 2002 quod

169 2015 375 2090 ‘IGnece
408 2032 605 2087 dicitur
645 2029 982 2104 κοιμηλτήριον,
1009 2025 1204 2080 Latine
1237 2037 1368 2078 vero
1395 2019 1773 2077 dormitorium

165 2119 605 2194 interpretatur.
631 2120 798 2192 Cujus
825 2119 988 2174 etiam
1025 2114 1238 2172 mdiﬁcii
1275 2119 1547 2170 structura
1583 2109 1774 2168 subtus

163 2210 428 2281 terram,
475 2216 566 2270 ubi
610 2213 857 2284 pervium
903 2209 1097 2266 circuit
1150 2216 1397 2272 antrum,
1443 2205 1512 2262 ab
1542 2217 1650 2260 una
1685 2219 1776 2260 co-

171 2303 378 2363 lamna
412 2305 621 2378 lapidea
647 2306 700 2360 in
733 2302 911 2359 medio
937 2302 1135 2373 posita,
1161 2300 1394 2355 arcubus
1417 2297 1546 2352 hinc
1571 2305 1624 2352 et
1653 2295 1778 2350 inde

185 2400 248 2457 in
275 2401 523 2456 eamdem
551 2397 968 2470 compaginatis,
1012 2395 1260 2450 valenter
1303 2394 1580 2464 exsurgit:
1615 2406 1777 2461 snpra

1857 541 1984 604 Iesu
2022 548 2375 618 complentes,
2405 547 2462 600 in
2509 545 2612 600 hac
2655 533 2882 598 coclesia
2927 541 3130 599 Christi
3161 551 3435 597 sustenta-

1858 640 1982 694 cula
2026 649 2335 694 mereantur
2379 635 2582 691 haberi.
2613 633 2860 690 Circulus
2889 647 3020 688 vero
3045 632 3308 696 ecclesiae,
3342 632 3435 701 qui

1857 729 2005 785 nullo
2051 729 2159 785 ﬁne
2197 727 2542 790 terminatur,
2585 725 2816 780 interius
2865 725 3070 780 habens
3113 723 3433 794 compendia

1858 822 2004 886 vita,
2046 823 2098 877 id
2144 831 2228 878 est
2273 821 2453 876 divina
2495 826 2849 880 sacramenta,
2883 833 3108 888 regnum
3161 826 3438 889 perpetua:

1860 911 2161 982 maiestatis
2177 919 2234 966 et
2252 927 2404 981 spem
2425 911 2546 965 vitae
2571 917 2788 964 aeterna:
2812 924 2877 966 ac
2903 909 3126 981 prmmia
3154 924 3433 973 mansura,

1861 1002 2057 1074 quibus
2078 1001 2212 1072 justi
2239 1003 2433 1057 merito
2456 1011 2786 1058 coronantur
2805 1003 2864 1058 in
2887 1017 3083 1070 aevum,
3107 1018 3219 1058 non
3247 1004 3436 1060 incon-

1859 1109 1995 1171 grue
2017 1093 2327 1164 signiﬁcare
2353 1094 2585 1148 videtur.

1931 1225 2022 1282 2!.
2059 1227 2176 1283 Hoc
2214 1227 2378 1298 igitur
2399 1228 2658 1298 templum
2690 1229 2832 1300 quod
2862 1232 2964 1287 iste
2989 1232 3072 1288 vir
3097 1237 3443 1292 venerandus

1861 1327 1990 1379 cum
2029 1337 2223 1394 magno
2272 1323 2490 1392 pictatis
2537 1339 2722 1378 amore
2774 1327 3097 1391 construxit,
3149 1328 3441 1386 l-leistolfus

1865 1414 2320 1486 Mogontiacensis
2375 1413 2628 1469 Etclesize
2685 1417 2927 1486 przesul,
2987 1417 3252 1490 Tui-ingea
3311 1435 3441 1476 rura

1866 1507 2157 1571 transiens,
2189 1506 2457 1560 dedicavit
2484 1506 2538 1560 in
2580 1507 2841 1562 honorem
2875 1507 3088 1564 Domini
3113 1513 3282 1567 nostri
3312 1510 3441 1568 Jesu

1863 1596 2067 1653 Christi
2094 1605 2148 1652 et
2177 1598 2352 1652 sancti
2383 1595 2657 1652 Michaelis
2682 1599 2986 1670 archangeli
3017 1600 3237 1667 Christi,
3270 1610 3326 1658 et
3360 1617 3448 1658 re-

1863 1689 2177 1760 liquiarum:
2211 1686 2366 1758 cujus
2401 1688 2752 1745 dedicationis
2779 1690 3131 1748 nihilominus
3160 1695 3321 1761 diem,
3351 1689 3450 1751 nu4

1867 1797 2105 1848 merum,
2153 1791 2389 1852 tempus,
2431 1793 2485 1838 et
2523 1799 2752 1849 annum,
2785 1786 3093 1856 pariterque
3133 1797 3444 1844 sanctorum

1871 1877 2114 1944 nomina,
2139 1893 2370 1947 quorum
2397 1877 2638 1948 reliquiae
2661 1878 2856 1933 ibidem
2883 1879 3112 1933 conditae
3135 1889 3281 1943 sunt,
3306 1879 3446 1935 idem

1870 1968 2132 2040 magister
2175 1969 2266 2039 qui
2301 1982 2482 2037 supra,
2536 1967 2794 2031 versibus,
2837 1976 2889 2022 et
2927 1981 3086 2038 prosa
3111 1966 3138 2007 ά
3177 1968 3449 2040 eleganter

1866 2059 2162 2130 expressit,
2193 2059 2330 2114 sicut
2373 2072 2607 2129 sequens
2650 2058 2900 2113 volumen
2952 2058 3236 2130 diligenter
3269 2058 3448 2129 legen-

1865 2150 2016 2207 tibus
2040 2151 2174 2207 satis
2199 2151 2479 2207 evidenter
2505 2150 2759 2207 ostendit.
3274 2149 3277 2152 ’

1944 2300 2035 2360 3%.
2070 2301 2364 2372 Postquam
2412 2316 2543 2359 vero
2594 2303 2708 2358 haec
2746 2317 2864 2372 quae
2911 2303 2979 2359 ad
3013 2303 3217 2360 cultum
3278 2307 3452 2377 divini

1863 2394 2056 2462 Δ)μὼ
2079 2395 2421 2464 pertinebant
2441 2395 2545 2449 hoc
2565 2396 2726 2450 modo
2748 2397 3161 2464 peragebantur,
3191 2398 3281 2453 hic
3307 2399 3450 2454 idem

188 2507 327 2549 vero
375 2491 585 2548 octonis
629 2489 926 2563 subrigitur
955 2486 1239 2553 columnis,
1283 2484 1530 2557 atquein
1554 2483 1780 2542 summi-
1813 2524 1826 2534 .
1871 2487 2216 2545 venerandus
2248 2487 2352 2553 vir,
2389 2487 2516 2545 licet
2552 2485 2666 2557 jam
2705 2488 2854 2545 senio
2891 2490 3190 2562 morboque
3227 2493 3454 2550 tricatus

192 2589 309 2640 tate
350 2583 530 2654 operis
575 2583 755 2654 lapide
803 2581 1145 2638 concluditur
1175 2593 1307 2634 uno.
1357 2579 1470 2633 Hoc
1516 2577 1782 2646 siquidem
1869 2579 2153 2641 lassasset,
2188 2588 2370 2634 tamen
2393 2580 2689 2635 claustrum
2717 2583 3029 2637 ttionasterii
3059 2599 3126 2638 ex
3163 2600 3300 2639 novo
3326 2601 3457 2640 con-

173 2675 479 2734 atditicium
520 2675 682 2730 Pater
713 2677 818 2732 iste
863 2672 1208 2730 venerandus
1255 2683 1318 2728 ac
1359 2687 1520 2742 supra
1547 2685 1784 2726 comme-
1873 2679 2092 2736 struere
2139 2673 2416 2742 cogitavit.
2467 2671 2743 2728 Vocantur
2783 2675 2852 2728 ad
2895 2674 3180 2729 consilium
3235 2675 3454 2732 fratres.

166 2767 445 2826 'moratus
499 2770 754 2840 magister
798 2782 922 2823 cum
977 2768 1160 2831 sociis,
1199 2765 1388 2820 nescio
1422 2764 1550 2834 quid
1597 2761 1783 2833 magni
1879 2762 2179 2830 Quaesitum
2207 2770 2296 2817 est
2328 2763 2388 2816 in
2421 2777 2534 2832 quo
2575 2763 2694 2818 loco
2739 2763 3026 2819 aediﬁcatio
3056 2765 3281 2820 claustri
3325 2781 3459 2822 oon—

164 2853 490 2928 Wingentes,
519 2859 701 2916 divino
728 2858 1042 2930 magisterio
1070 2857 1235 2923 docti,
1268 2857 1410 2928 quod
1436 2864 1617 2910 tamen
1645 2855 1781 2924 ipse,
1873 2855 2164 2926 graentius
2189 2853 2454 2924 pomisset
2495 2853 2710 2924 aptari:
2745 2855 2968 2924 quidam
2994 2855 3462 2911 dederuntoonsio

168 2943 351 3008 'salva
379 2950 504 3016 fide,
535 2949 738 3006 Christi
765 2957 820 3004 et
849 2947 1104 3004 Ecclesize
1127 2954 1262 3018 puto
1287 2945 1599 3017 praesignari
1626 2955 1786 3015 posse
1881 2945 2052 3012 lituo.
2093 2956 2287 3002 contra
2335 2956 2547 3018 partem
2581 2947 2937 3002 meridianam
2989 2947 3255 3013 basilicae,
3306 2947 3461 3017 juxta

201 3046 450 3119 ﬁguram.
494 3045 692 3100 Paulus
721 3059 955 3112 namque
1001 3041 1294 3112 apostolus,
1329 3040 1423 3110 qui
1450 3047 1505 3094 et
1545 3039 1661 3106 ipse
1690 3051 1786 3093 vas
1869 3049 2096 3097 norem
2137 3037 2366 3108 prioris;
2417 3039 2636 3109 quidam
2677 3048 2896 3105 autem,
2941 3038 3186 3094 Romano
3227 3055 3378 3096 more
3413 3052 3461 3106 ε,

166 3126 178 3137 ”
200 3136 484 3192 electionis
514 3147 545 3189 a
571 3133 800 3190 Domino
844 3132 1163 3204 appellatur,
1198 3131 1264 3186 de
1299 3129 1542 3186 Ecclesia
1583 3128 1787 3184 Christi
1828 3140 2076 3205 -.αι-ιη
2103 3131 2312 3203 plagam
2347 3133 2736 3188 occidentalem
2763 3133 2937 3189 satius
2963 3134 3092 3205 poni
3124 3134 3464 3201 conﬁrmant,

169 3223 273 3282 'ex
303 3225 578 3298 lapidibus
608 3226 765 3290 vivis,
807 3201 1029 3280 hoc—est
1061 3224 1264 3279 sanctis
1308 3221 1618 3277 hominibus
1643 3201 2110 3298 com-6pm,...-
2153 3201 2487 3284 vicinitatem
2536 3228 2833 3300 martyris,
2877 3201 2983 3298 qui
3020 3229 3074 3282 in
3118 3242 3180 3283 ea
3227 3229 3466 3291 basilicas

199 3320 483 3392 paginata,
513 3319 654 3389 quod
683 3320 754 3374 sit
775 3317 1145 3373 habitaculum
1175 3315 1291 3381 Dei,
1317 3315 1430 3370 suis
1455 3313 1793 3369 auditoribus
1889 3327 2045 3390 parte
2065 3318 2339 3389 quiescit:
2367 3333 2598 3389 quorum
2627 3319 2853 3374 consilio
2883 3333 3163 3372 assensum
3189 3317 3470 3388 {imbuere

169 3405 181 3414 ”
203 3411 494 3468 manifeste
521 3410 897 3480 pronuntians,
932 3411 1045 3464 ait:
1077 3405 1347 3478 Templum
1377 3409 1515 3460 enim
1541 3405 1639 3459 Dei
1667 3421 1794 3459 san-
1890 3410 2137 3480 priores;
2180 3411 2542 3465 concordabat
2587 3412 2936 3466 nihilominus
2971 3419 3029 3466 et
3073 3411 3280 3480 reliqua
3335 3426 3467 3482 pars

170 3511 348 3557 ‘ctum
397 3513 470 3556 est
522 3503 659 3573 quod
689 3503 812 3554 estis
859 3517 944 3554 vos
977 3495 1029 3570 (ι
1061 3495 1183 3552 Cor.
1208 3498 1314 3567 in).
1355 3496 1527 3566 Cujus
1575 3502 1796 3550 tectum
1892 3497 2146 3553 fratrum.
2177 3500 2383 3567 Quibus
2418 3517 2546 3555 vero
2583 3502 2652 3555 ita
2701 3501 2754 3554 in
2785 3516 2946 3554 unum
2991 3502 3322 3566 coadunatis,
3354 3511 3471 3558 ten-

197 3594 462 3665 princeps
502 3599 557 3645 et
595 3591 844 3646 conditor
871 3598 952 3643 est
987 3586 1240 3642 Christus
1268 3585 1444 3650 J‘esus,
1473 3584 1796 3638 fundamen-
1897 3588 2122 3644 debatur
2157 3591 2340 3644 statim
2385 3607 2635 3644 mensura
2679 3591 2903 3656 laboris,
2948 3589 3248 3661 etfossaque
3296 3601 3469 3662 terra,

164 3676 178 3689 ’
201 3693 323 3739 tum
359 3681 568 3735 scilicet
600 3680 955 3748 columnaque
985 3691 1218 3731 manens
1253 3689 1471 3746 semper
1503 3673 1799 3729 immobilis
1897 3682 2077 3751 operis
2108 3682 2349 3753 magistri
2387 3690 2781 3752 consequenter
2806 3681 3151 3739 fundamenta
3176 3686 3470 3754 ponebant.

173 3781 492 3845 perpetuae
538 3769 840 3842 majestatis
881 3770 1116 3824 virtute:
1155 3768 1213 3822 in
1253 3783 1361 3837 quo
1403 3767 1582 3822 omnis
1621 3765 1798 3821 mdiii-
1897 3772 2029 3829 Erat
2055 3775 2196 3829 enim
2231 3775 2282 3829 in
2311 3776 2413 3830 hoc
2439 3790 2624 3845 opere,
2649 3783 2703 3830 ct
2729 3791 2834 3830 non
2857 3774 3029 3830 solum
3058 3776 3110 3831 in
3134 3777 3251 3842 hoc,
3281 3793 3471 3838 verum

177 3863 356 3920 'catio
379 3869 696 3915 constructa
726 3860 926 3915 crescit
956 3859 1008 3913 in
1041 3857 1301 3928 templum
1335 3867 1580 3913 sanctum
1609 3858 1664 3912 in
1697 3855 1785 3911 Do

1899 3869 2064 3924 etiam
2101 3870 2155 3923 in
2184 3869 2434 3925 omnibus
2469 3870 2790 3924 utilitatibus
2821 3870 3133 3924 monasterii
3177 3886 3278 3941 par
3317 3887 3470 3939 cura,

1898 3959 2169 4026 voluntas,
2199 3975 2266 4015 ac
2308 3962 2543 4016 studium
2579 3959 2834 4015 fratribus
2863 3968 2916 4014 et
2965 3959 3166 4016 abbati.
3206 3961 3476 4018 Audiebat

1899 4051 2043 4107 enim
2092 4051 2327 4107 libenter
2377 4052 2659 4107 consilium
2719 4052 2982 4117 fratrum,
3019 4061 3074 4107 et
3123 4068 3311 4107 eorum
3362 4053 3476 4108 col-

1899 4143 2262 4200 locutionibus
2321 4146 2614 4214 saepissime
2683 4143 2979 4200 fruebatur.
3050 4143 3269 4199 Sciebat
3331 4145 3478 4197 enim

209 3957 380 4010 mino.
411 3951 549 4020 Quid
581 3966 709 4006 vero
744 3952 1014 4022 signiticet
1059 3951 1163 4005 hoc
1189 3952 1333 4020 quod
1365 3951 1421 4005 in
1453 3964 1667 4005 summo
1690 3965 1800 4004 uno

173 4032 188 4070 Γ
209 4042 392 4114 lapide
421 4042 578 4096 istius
621 4041 837 4096 aedilicii
872 4041 1138 4111 perfectio
1183 4051 1610 4106 consummatur,
1656 4042 1798 4096 idem

173 4155 182 4162 ·
215 4135 410 4190 doctor
439 4135 699 4198 insinuat,
731 4135 822 4203 qui
854 4149 950 4189 nos
979 4135 1185 4188 intenta
1224 4143 1404 4190 mente
1433 4135 1590 4189 docet
1617 4150 1798 4200 arare,

175 4233 278 4280 ἰιι
311 4226 418 4286 ille.
461 4227 552 4294 qui
598 4225 762 4294 C(Bpil
795 4225 847 4278 in
893 4225 1049 4279 nobis
1095 4239 1230 4294 οριιε
1274 4225 1510 4292 bonum,
1555 4225 1803 4295 perliti”
1903 4235 2164 4304 scriptum
2211 4253 2224 4287 :
2272 4234 2462 4288 Omnia
2513 4235 2598 4303 [ac
2647 4251 2763 4287 cum
2814 4233 3031 4287 consilio
3085 4232 3276 4304 (Prov.
3325 4232 3478 4303 χιιι).

173 4323 392 4387 'nsque
436 4317 490 4370 in
521 4317 660 4370 die")
705 4314 903 4370 Christi
949 4313 1076 4370 Jesu
1121 4314 1375 4386 (Philipp.
1422 4315 1492 4386 ι),
1538 4326 1805 4385 quatenus
1903 4323 2081 4392 Atque
2126 4324 2247 4378 ideo
2277 4340 2383 4377 non
2422 4337 2479 4378 se
2504 4323 2905 4387 sublimiorem,
2948 4338 3048 4376 nec
3077 4323 3482 4393 prudentiorem

213 4419 414 4466 Cuncta
440 4410 683 4478 operatio
710 4420 892 4464 nostra
920 4425 950 4463 a
980 4409 1092 4464 Deo
1119 4422 1334 4478 semper
1358 4409 1600 4479 incipiat,
1629 4418 1684 4463 et
1711 4423 1808 4480 per
1908 4415 2116 4469 exteris
2142 4415 2477 4478 uastimabat,
2519 4429 2692 4483 neque
2736 4413 2900 4468 etiam
2930 4414 3077 4469 inani
3123 4423 3334 4470 tumore
3366 4423 3483 4470 tra~

177 4505 345 4556 ‘eum
387 4509 567 4571 empta
605 4500 842 4554 finiatur.
893 4500 1029 4556 Octo
1072 4500 1238 4571 igitur
1281 4501 1543 4555 columna:
1593 4502 1648 4555 in
1705 4502 2092 4579 bocﬂctabat
2120 4521 2179 4561 se
2207 4505 2573 4560 consolatione
2602 4503 2788 4576 [Forte
2810 4504 3230 4579 consultatione]
3257 4505 3481 4564 alterius

176 4581 422 4661 'tetuplo
475 4591 686 4646 Domini
744 4599 950 4648 stantes
1004 4601 1130 4646 octo
1177 4591 1628 4657 beatitudinibus,
1669 4581 1886 4662 quas”
1910 4609 2017 4654 non
2054 4609 2230 4668 egere.
2274 4594 2526 4650 Attamen
2569 4596 2615 4651 si
2645 4595 2968 4666 quandoque
3015 4595 3196 4651 minus
3240 4597 3480 4666 prudens

207 4685 338 4757 ipse
377 4684 640 4740 Dominus
682 4684 738 4740 in
785 4684 1076 4757 Evangelia
1121 4685 1565 4755 comprehendit,
1612 4698 1811 4742 conve-
1908 4691 1966 4746 in
2016 4689 2284 4746 aliquibus
2333 4689 2586 4756 errabat,
2638 4689 2741 4743 hoc
2786 4688 2957 4760 magis
3015 4687 3260 4748 aliorum.
3299 4689 3484 4745 minus

186 4841 196 4892 ξ
293 4856 322 4886 ι
366 4841 546 4914 Malim
575 4844 955 4914 coepiscopns;
987 4859 1114 4898 nam
1150 4843 1253 4898 hoc
1281 4843 1399 4897 loco
1426 4842 1813 4914 intelligendus

181 4971 188 4980 ,
218 4915 440 4969 videtur
471 4911 797 4969 [lumbo—rtus
827 4911 1306 4983 Wirtziburgensis
1343 4911 1647 4982 episcopus,
1697 4915 1812 4969 Mo-

220 4984 438 5056 guntiui
472 4986 857 5056 arcltiepiscotii
903 4981 1296 5056 suifragaineus,
1327 4981 1419 5053 qui
1448 4981 1669 5054 rogante
1706 4983 1811 5056 Ra-

221 5055 378 5126 Πέδιρῆ
408 5055 674 5126 reliquias
723 5065 1043 5126 martyr-uin
1071 5055 1342 5110 transtulit
1389 5056 1442 5108 in
1483 5055 1808 5126 tttottasterio

219 5123 596 5195 Holzkiricha,
629 5134 762 5179 teste
792 5123 1011 5180 ila'bauo
1035 5125 1086 5178 in
1116 5125 1503 5195 epigrammate
1523 5125 1611 5178 (εὖ.
1645 5123 1810 5179 Hum-

217 5194 385 5249 berto
431 5197 686 5264 episcopo
723 5195 974 5251 ilabanus
1018 5194 1233 5265 scripsit
1261 5196 1540 5265 epistolam
1577 5197 1677 5250 hoc
1721 5209 1810 5250 ar-

219 5274 512 5346 gumento,
537 5265 590 5318 t'n
618 5276 775 5346 quola
801 5267 1133 5336 generatione
1173 5264 1370 5320 licitum
1399 5267 1463 5320 sit
1494 5266 1810 5322 connubium

221 5337 366 5406 inter
392 5337 821 5406 consanguineos.

299 5404 326 5440 ι’
373 5403 606 5462 Exstant
629 5406 680 5460 hi
716 5419 906 5461 versus
945 5405 1088 5460 inter
1113 5411 1359 5473 poemata
1389 5403 1623 5470 Rabani,
1651 5405 1727 5462 uti
1757 5413 1812 5461 et

221 5471 324 5531 alii
347 5475 416 5530 de
440 5474 814 5532 benedictione
839 5471 1156 5543 cmmeterii,
1187 5475 1253 5528 de
1281 5489 1386 5543 quo
1413 5475 1573 5530 infra.
1611 5489 1616 5492 ·

303 5555 326 5586 ε
370 5544 679 5601 Oratoriu‘m
701 5546 891 5602 Sancti
916 5542 1137 5600 Joannis
1161 5545 1216 5598 in
1241 5542 1552 5600 cmzueterio
1577 5543 1812 5602 fratrum

219 5613 424 5672 itidem
475 5618 717 5672 censtrui
755 5617 920 5686 jussit
963 5616 1290 5672 Benedictus
1331 5615 1500 5672 abbas
1537 5616 1813 5670 Anianen-

221 5686 328 5739 sis.
369 5686 438 5740 Et
489 5689 576 5742 hic
624 5699 742 5743 mos
773 5687 980 5742 Ordinis
1022 5686 1212 5742 nostri.
1240 5695 1391 5749 erat,
1430 5696 1496 5740 ‘ut
1539 5686 1814 5756 peculium

228 5762 610 5882 Ct‘Bmctcrium
668 5759 961 5816 haberetur
1017 5771 1139 5814 cum
1199 5757 1396 5814 sacello
1447 5769 1607 5816 extra
1663 5757 1812 5814 clau-

228 5840 434 5882 srum.
803 5843 806 5847 '
919 5859 922 5862 -
1413 5843 1417 5846 ‘
1505 5860 1514 5866 -
1643 5844 1653 5850 ‘

225 5840 434 5886 “tum.
803 5843 806 5847 '
919 5859 922 5862 -
1413 5843 1417 5846 ‘
1505 5860 1514 5866 -
1643 5844 1653 5850 ’

1979 4841 2008 4884 α
2051 4841 2353 4911 Utrumque
2379 4840 2548 4896 refert
2573 4839 2862 4896 Browerus
2899 4840 2956 4894 in
2981 4839 3074 4895 lib.
3105 4856 3168 4906 ιι.
3195 4856 3315 4911 cap.
3343 4841 3402 4904 5,
3431 4842 3487 4896 in

1881 4913 2360 4984 ﬂprosargmmo
2395 4911 2788 4984 incarnationis
2833 4912 3125 4984 Domi-nica:
3167 4912 3302 4976 δὴ.
3345 4911 3489 4984 indi-

1916 4980 2094 5037 ctione
2126 4981 2210 5044 15,
2243 4981 2544 5034 dedicatum
2589 4991 2672 5035 est
2711 4982 2811 5036 hoc
2848 4983 3216 5036 cmmeterium
3245 4985 3312 5035 ab
3344 4980 3490 5035 Heil-

1887 5117 1892 5120 _
1917 5053 2077 5110 stolfo
2105 5051 2512 5122 archiepiscopo
2541 5049 2994 5122 Moguntiacensis
3023 5052 3278 5122 Ecclesia:
3305 5065 3491 5122 mense

1911 5123 2038 5178 Jan.
2069 5138 2198 5176 ιιι-ιιι
2251 5119 2332 5175 Kl.
2377 5119 2539 5175 Febr.
2585 5119 2652 5176 ιη’
2684 5123 2944 5179 honorem
2991 5123 3165 5176 sancti
3214 5119 3490 5174 Michaelis

1916 5192 2226 5264 archangeli
2281 5199 2334 5247 et
2383 5191 2564 5264 sancti
2611 5189 2835 5249 Joannis
2901 5192 3269 5264 evangelista,
3317 5191 3491 5264 sancti

1910 5259 2148 5322 Abundi'
2168 5263 2442 5332 martyris,
2472 5272 2529 5318 et
2573 5265 2744 5319 sancti
2772 5263 2999 5317 Amandi
3043 5259 3391 5323 confessoris,
3437 5271 3494 5316 et

1909 5335 2144 5392 aliorum
2194 5332 2546 5404 plurimorum
2599 5339 2940 5389 sanctorum'
2975 5339 3272 5404 martyrum
3323 5339 3488 5401 atque

1893 5400 2286 5462 'c'oni'cssorum
2329 5403 2550 5459 Christi.
2576 5424 2594 5455 ι
2629 5404 2903 5457 Renovato
2945 5400 3182 5455 oratorio
3222 5400 3364 5456 facta
3403 5400 3493 5458 est

1895 5479 2023 5536 .alia
2064 5476 2332 5531 dedicatio
2358 5491 2389 5528 a
2429 5474 2712 5529 Foleratno
2741 5473 3001 5526 Mindensi
3049 5472 3302 5543 episcopo
3347 5489 3492 5528 anno

1891 5545 2091 5613 3092,
2135 5563 2188 5602 tv
2235 5546 2374 5602 Non.
2421 5543 2757 5607 Decembris,
2805 5551 3028 5614 rogante
3057 5543 3343 5600 Buthardo
3389 5547 3484 5601 ab-

1899 5621 2162 5676 .ba.m.._,
2329 5625 2332 5628 λ
2564 5620 2570 5625 _
2787 5617 2810 5623 ..
3073 5617 3138 5623 ..

1897 5755 1906 5759 _
1995 5703 2019 5731 ο
2040 5688 2179 5746 Nota
2203 5693 2406 5742 morem
2433 5686 2714 5755 antiquum
2731 5681 2989 5742 Italorum
3013 5686 3324 5751 obvertendi
3351 5691 3468 5748 clau

1892 5824 1906 5831 ,
1922 5771 2034 5822 stra
2063 5761 2134 5818 ad
2157 5759 2510 5816 occidentem.
2693 5829 2696 5831 Δ
3189 5805 3204 5831 ι
