4006 6442
504 411 644 483 599.
709 453 712 456 .

1597 389 1656 448 s.
1697 382 1941 446 ElGlLlS
1979 331 2288 459 aestus
2307 367 2696 435 FULDENSIS

3697 339 3820 409 δυο

504 524 854 603 prudentium
901 511 1303 584 introductione
1323 523 1489 583 quam
1517 481 1740 580 propria
1778 501 2093 560 inventione
2119 499 2172 561 Α
2198 495 2394 550 fratres
2431 489 2534 545 sibi
2565 485 2795 543 invicem
2835 474 3097 540 serviant,
3123 469 3293 560 longe
3325 467 3491 543 positi
3539 481 3657 524 non
3693 465 3818 525 dis-

510 617 780 690 concepit.

539 827 541 829 ι
580 754 671 812 25.
713 749 982 821 Diligebat
1022 761 1152 817 ergo
1185 743 1382 799 fratres
1411 755 1558 802 suos,
1591 736 1730 792 sicut
1758 739 1946 790 sancta
1986 729 2096 784 Be-

511 827 636 923 guia
671 846 828 900 docet
870 838 1022 912 (Reg.
1052 836 1108 892 S.
1142 833 1359 898 Bened.,
1389 848 1504 902 cap.
1527 830 1608 899 2),
1633 837 1690 882 et
1717 825 1950 880 maxime
1980 821 2102 876 illos

515 956 655 1013 quos
687 939 742 994 in
777 936 874 991 Dei
903 932 1125 988 servitio
1153 938 1322 998 atque
1352 925 1532 980 divina
1565 921 1796 977 lectione
1828 917 2104 974 studiosos

513 1047 638 1091 esse
669 1027 944 1101 cognovit.
977 1023 1132 1079 interi
1151 1034 1288 1090 quos
1319 1033 1450 1072 sane
1481 1031 1566 1069 me
1606 1015 1803 1084 ipsum,
1851 1008 2102 1080 quamvis

516 1123 799 1193 indignum
830 1125 886 1172 et
913 1115 1162 1170 ultimum
1197 1123 1478 1164 servorum
1510 1105 1604 1159 Dei
1641 1117 1885 1163 servum,
1922 1107 2106 1154 tamen

517 1217 609 1288 pio
637 1211 816 1268 Patris
863 1205 1054 1262 affectu
1104 1203 1159 1256 in
1204 1215 1358 1256 suam
1405 1196 1830 1250 familiaritatem
1869 1200 1924 1246 et
1971 1206 2106 1260 gau—

521 1285 670 1362 dium
726 1299 953 1356 introire
1004 1291 1292 1349 concessit.
1356 1285 1784 1357 Disputationcm
1828 1291 1852 1318 ⁸
1894 1293 2111 1350 quoque

522 1397 718 1468 smpius
746 1407 871 1448 cum
907 1387 1130 1442 Rabano
1183 1382 1462 1454 magistro,
1493 1379 1585 1449 qui
1628 1377 1678 1431 ei
1723 1383 1845 1431 erat
1887 1370 2108 1443 speciali

523 1463 897 1545 familiaritate
942 1491 1251 1540 connexus,
1298 1471 1530 1541 excepit.
1580 1469 1647 1523 Et
1695 1467 2010 1537 frequenter
2055 1463 2108 1518 in

523 1575 875 1648 disputando,
905 1572 973 1627 ad
1003 1572 1107 1624 hoc
1133 1565 1470 1622 solummodo
1497 1577 1595 1617 nos
1620 1576 1740 1616 cum
1771 1559 1886 1629 ipso
1913 1557 1966 1611 in
1997 1553 2114 1622 ejus

521 1669 810 1745 praesentia
852 1666 1164 1726 concitavit,
1191 1671 1251 1715 ut
1279 1657 1573 1714 secundum
1602 1653 1928 1710 sententiam
1958 1649 2116 1705 Salo-

523 1763 724 1826 monis,
749 1759 976 1815 audiens
1005 1755 1245 1826 sapiens,
1276 1748 1575 1820 sapientior
1598 1744 1904 1800 efﬁceretur
1929 1740 2111 1810 (Prov.

2201 591 2510 645 creparent.
2574 585 2576 587 ’

2272 604 2294 642 Β
2337 604 2510 639 arent.

2272 604 2362 734 ἐξ.
2408 674 2582 732 Simili
2618 683 2851 742 namque
2879 662 3106 722 consilio
3135 666 3298 730 atque
3323 654 3618 712 devotione
3650 652 3814 711 idem

2202 774 2360 830 bonae
2390 766 2687 823 voluntatis
2730 763 2816 816 vir
2864 755 3290 814 anniversariam
3343 749 3600 824 Styrmes
3648 747 3813 822 [Leg.

2206 859 2463 933 Stirmis]
2518 856 2680 929 primi
2742 852 2952 908 abbatis
3003 860 3058 906 et
3112 845 3418 902 fundatoris
3478 840 3818 898 monasterii

2205 956 2415 1017 Fui-tlte,
2455 961 2510 1008 et
2549 949 2866 1004 memoriam
2916 942 3157 999 omnium
3207 939 3438 994 fratrum
3487 945 3817 993 nostrorum

2208 1051 2274 1106 de
2319 1049 2422 1103 hac
2466 1046 2586 1101 luce
2628 1041 3003 1098 defunctorum
3049 1036 3104 1091 in
3162 1032 3342 1089 natale
3384 1029 3565 1086 sancti
3611 1029 3819 1101 ignatii

2208 1141 2461 1215 martyris
2487 1137 2712 1203 Christi,
2748 1135 2840 1207 qui
2870 1131 3030 1204 paulo
3063 1129 3290 1185 inferius
3314 1127 3383 1183 ab
3411 1127 3517 1182 hac
3549 1125 3821 1180 anniver-

2210 1237 2354 1294 saria
2395 1239 2734 1294 numeratus,
2781 1235 3004 1298 propter
3048 1222 3494 1278 intercessionem
3537 1218 3681 1272 tanti
3716 1232 3818 1287 pa-

2214 1326 2378 1389 troni,
2409 1325 2462 1378 in
2500 1322 2790 1384 missarum
2820 1314 3206 1377 celebratione,
3239 1309 3559 1381 psalmodiis
3610 1316 3668 1363 et
3703 1321 3823 1361 ora-

2212 1417 2358 1472 tione
2385 1420 2572 1468 sancta
2602 1409 2879 1465 celebrare
2901 1405 2926 1445 d
2955 1402 3206 1460 sancivit.
3234 1400 3402 1470 Hujus
3430 1401 3509 1455 rei
3536 1398 3819 1469 siquidem

2214 1506 2532 1564 constitutio
2565 1504 2692 1558 dum
2743 1507 2953 1556 cuncta:
3003 1493 3408 1568 congregationi
3450 1491 3702 1562 perlecta
3739 1504 3825 1544 es-

2216 1609 2320 1666 set,
2349 1615 2414 1655 ae
2459 1596 2652 1652 deinde
2678 1594 2720 1649 si
2763 1592 3004 1663 placeret
3038 1589 3432 1656 interrogatum
3481 1581 3709 1646 fuisset,
3741 1594 3822 1637 re-

2217 1691 2582 1763 spondebatur
2617 1687 2684 1739 ab
2719 1682 2991 1745 omnibus,
3035 1678 3240 1733 Placet.
3289 1674 3397 1730 Sed
3446 1688 3514 1728 ne
3561 1672 3651 1728 cui
3707 1669 3822 1726 for-

2222 1796 2366 1842 tasse
2402 1785 2520 1840 hmc
2562 1780 2854 1836 celebratio
2893 1772 3269 1846 superstitiosa
3304 1781 3360 1826 et
3400 1783 3557 1825 cassa
3587 1780 3720 1822 esse
3747 1764 3824 1821 vi-

525 1851 587 1926 l)‘
629 1852 788 1909 omni
837 1862 1052 1946 (ίψῖψιθ
1095 1842 1366 1898 indusma
1401 1847 1457 1895 et
1491 1836 1786 1909 sagum“:
1832 1831 2119 1887 laborabat
2149 1863 2195 1922 B
2223 1831 3066 1946 ducatucrit-ga—tvcoilocutiobes
3110 1871 3425 1919 sanctorum
3465 1859 3736 1915 Patrum'
3772 1865 3826 1914 et

1164 1937 1176 1946 .
1400 1933 1432 1946 ιο
1476 1932 1488 1944 ο
1606 1945 1613 1946 κ
1667 1929 1698 1946 ο.
1730 1927 1888 1946 ,|_-._
1920 1925 2084 1946 __-‘:-
2533 1917 2540 1924 ’
3721 1900 3738 1922 ’

2533 1900 2635 1924 illul.
2677 1900 3066 1924 υυιιυυυιιυιιςο
3110 1900 3425 1919 δαυιιυιυιιι
3468 1900 3588 1915 ιιι-σι
3604 1900 3738 1922 ιιι-ι,

525 1925 587 2004 ut
610 1960 825 2018 gregem
850 1941 952 1997 sibi
980 1937 1355 1999 commissum,
1382 1932 1564 1987 divina
1593 1927 1893 1999 opitulante
1915 1925 2112 1996 gratia,

526 2037 582 2096 in
617 2016 726 2092 Dei
761 2032 984 2091 servitio
1016 2028 1335 2086 custodiret.
1386 2021 1601 2078 Nullum
1643 2019 1746 2075 zeli
1795 2017 1883 2072 vel
1933 2016 2122 2071 livoris

530 2131 655 2186 dolo
677 2125 1125 2201 persequebatur,
1151 2135 1252 2175 nec
1272 2130 1599 2190 quemquam
1624 2129 1790 2186 prava
1816 2110 2126 2182 suspicione

533 2199 813 2292 fatigabat,
845 2230 1019 2284 neque
1066 2218 1330 2283 perpetuo
1376 2204 1778 2263 exterminabat
1815 2201 1961 2256 odio.
1997 2199 2124 2253 Fuit

535 2314 737 2385 quippe
775 2309 830 2364 in
863 2307 1052 2362 diebus
1096 2302 1213 2372 ejus
1258 2299 1518 2355 fratribus
1546 2313 1672 2368 pax,
1716 2310 1812 2351 cor
1854 2309 2021 2348 unum
2069 2298 2126 2347 et

511 2473 518 2475 Δ
537 2404 719 2459 anima
746 2417 854 2455 una
881 2399 934 2453 in
974 2396 1116 2460 Deo;
1147 2409 1248 2449 nec
1288 2399 1408 2447 erat
1437 2390 1528 2461 qni
1560 2388 1908 2459 perturbaret
1937 2399 2128 2439 mona-

533 2494 760 2550 sterium
811 2491 865 2546 in
916 2497 1024 2544 tam
1079 2483 1384 2540 delectabili
1439 2479 1732 2536 concordia
1784 2479 2124 2533 roboratum.

534 2581 867 2642 Obedientiae
896 2580 1095 2633 bonum
1124 2590 1231 2630 non
1265 2574 1440 2628 solum
1472 2571 1673 2634 abbati,
1703 2569 1796 2625 sed
1823 2577 1878 2624 et
1909 2568 2012 2624 sibi
2041 2569 2125 2623 in-

512 2674 710 2735 'vicem
741 2689 864 2731 cum
911 2684 1126 2727 summa
1156 2667 1461 2723 reverentia
1493 2663 1752 2720 exhibere
1796 2661 2127 2733 gaudebant,

540 2768 782 2826 scientes
833 2779 892 2819 se
940 2776 1038 2832 per
1087 2761 1231 2815 hanc
1281 2757 1604 2813 obetlientiaa
1648 2755 1792 2810 viam
1841 2754 2015 2808 ituros
2063 2751 2134 2806 ad

539 2860 731 2918 Deum.
764 2857 910 2912 Adeo
934 2853 1078 2910 enim
1112 2852 1200 2906 hic
1227 2849 1551 2906 venerabilis
1579 2848 1666 2902 vir
1707 2861 1896 2916 sospes
1926 2853 1982 2900 et
2010 2843 2130 2898 ala-

539 2967 636 3016 cer
675 2951 732 3006 in
780 2951 884 3005 hoc
927 2952 1180 3014 suscepto
1212 2943 1474 3013 regimine
1500 2954 1674 3011 usque
1704 2939 1772 2992 ad
1811 2936 1974 2992 tinem
2009 2935 2135 2989 vitae

508 3061 656 3116 _sua:
699 3037 1051 3113 perdurabat,
1085 3043 1145 3091 ut
1181 3048 1458 3103 nunquam
1492 3030 1566 3085 illi
1614 3027 1985 3100 congregatio,
2031 3039 2136 3080 nec

543 3136 639 3194 ille
677 3127 1086 3202 congregationi
1154 3125 1545 3182 monachorum
1595 3121 1760 3175 ullam
1828 3118 2134 3174 molestiam

544 3221 970 3303 perturbationis
997 3220 1274 3275 videretur
1310 3215 1532 3273 inferre.
1565 3213 1719 3281 Quod
1764 3212 1890 3267 ideo
1935 3211 2136 3266 mirum
2165 3228 2210 3290 ρ

505 3373 507 3376 ι
544 3338 656 3379 non
677 3328 788 3383 est,
810 3317 957 3388 quia,
979 3322 1039 3368 nt
1065 3327 1226 3382 supra
1251 3310 1455 3366 dictum
1474 3316 1581 3374 est,
1607 3315 1726 3362 erat
1749 3305 1829 3361 eis
1849 3320 1946 3360 cor
1969 3319 2137 3359 unum

501 3405 505 3408 ’
534 3422 604 3488 et
625 3411 805 3468 anima
834 3423 940 3464 una
968 3407 1022 3462 in
1051 3405 1180 3460 Deo.

617 3545 710 3603 αι.
742 3545 841 3601 Hic
865 3556 1101 3615 quoque,
1130 3539 1273 3594 sicut
1301 3551 1517 3608 semper
1547 3534 1730 3591 facere
1759 3537 2137 3597 consueverat,

499 3680 504 3684 ~
549 3654 675 3698 eum
703 3639 927 3695 consilio
953 3643 1009 3691 et
1040 3648 1310 3690 consensu
1341 3629 1571 3685 fratrum
1601 3642 1824 3684 suorum
1857 3623 2143 3682 constituit

552 3744 716 3804 atque
746 3729 990 3786 decrevit
1043 3735 1103 3782 ut
1155 3725 1355 3780 fratres
1401 3725 1491 3794 qui
1539 3733 1695 3778 extra
1749 3717 2140 3775 monasterium

538 3822 857 3880 ministeria
888 3818 1186 3889 praevidere
1213 3823 1529 3876 noscuntur,
1562 3812 1821 3866 fratribus
1851 3808 1990 3864 infra
2028 3823 2146 3861 mo-

555 3913 854 3970 nasterium
897 3908 1366 3965 commanentibus
1397 3923 1494 3975 per
1530 3904 1770 3975 singulas
1810 3903 1938 3956 anni
1975 3901 2145 3970 septi-

557 4002 932 4074 manas,juxta
955 3998 1354 4053 ordinationem
1378 3995 1654 4065 praepositi
1681 3993 1764 4048 vel
1790 3993 2139 4053 decanornm,

523 4107 614 4160 .in
650 4103 772 4160 cibo
816 4107 871 4154 et
921 4104 1048 4168 potu
1091 4102 1252 4163 atque
1299 4091 1420 4145 aliis
1465 4088 1796 4160 quibuslibet
1845 4085 2146 4142 commodis

556 4196 875 4259 monasticze
904 4190 1027 4244 vitae
1061 4185 1503 4258 congruentibus,
1529 4195 1690 4250 super
1731 4179 1992 4234 indictant
2041 4178 2144 4232 sibi

491 4351 493 4354 ι
558 4304 845 4350 annonam,
877 4283 944 4339 ad
983 4284 1269 4337 honestam
1318 4274 1768 4338 consolationem,
1802 4287 1908 4326 non
1948 4269 2143 4336 coacti,

492 4449 500 4455 _
558 4386 654 4442 sed
695 4391 756 4437 ut
786 4397 880 4436 eos
907 4385 1154 4446 sumptus
1197 4371 1571 4442 permitteret,
1617 4373 1916 4436 spontanea
1957 4362 2150 4417 volun-

561 4487 672 4534 tate
699 4475 728 4515 δ
758 4472 1066 4528 servirent:
1107 4467 1179 4520 ita
1209 4473 1390 4518 tamen
1419 4469 1478 4515 ιιι
1507 4460 1620 4530 ipse
1649 4459 1825 4528 primo
1854 4467 1875 4495 ο
1903 4459 2146 4510 omnium

560 4567 721 4638 hujus
764 4560 1041 4618 servitutis
1093 4556 1305 4612 initium
1345 4553 1515 4607 indie
1565 4549 1772 4604 Natalis
1819 4547 2032 4603 Domini
2078 4546 2147 4601 ad

477 4636 870 4738 g___cxemplum
894 4647 1105 4706 caeteris
1125 4662 1247 4701 cum
1277 4643 1472 4716 gattdio
1499 4641 1846 4712 suscepisset.
1874 4636 2001 4692 Haec
2026 4637 2150 4692 ideo

545 4733 822 4804 fratribus
847 4757 978 4800 sane
1012 4748 1167 4795 extra
1203 4736 1549 4792 manentibus
1575 4732 1848 4791 commisit
1875 4731 2148 4796 instituta,

562 4847 624 4892 ut
661 4851 759 4908 per
789 4835 905 4889 haec
953 4829 1239 4888 charitatis
1278 4827 1456 4882 oilieia
1504 4824 1806 4881 mercedem
1851 4835 2153 4891 conseque-

561 4936 756 4984 rentur
784 4942 814 4980 a
847 4923 980 4987 Deo,
1008 4930 1064 4976 et
1102 4937 1131 4975 a
1159 4927 1430 4991 praecepto
1471 4916 1710 4988 Regulae,
1737 4930 1859 4986 qum
1887 4913 2044 4985 jubet
2091 4921 2153 4968 ut

634 5103 658 5129 ιι
700 5087 792 5144 Sic
845 5083 1189 5140 collationem
1241 5078 1308 5134 de
1361 5076 1526 5132 rebus
1572 5071 1904 5144 spiritalibus
1962 5069 2150 5140 appel-

559 5161 675 5214 lant
720 5143 1001 5218 nonnulli,
1039 5161 1100 5207 ut
1140 5150 1278 5204 alias
1321 5143 1686 5218 observatum.
1737 5143 1937 5218 Eod-m
1987 5155 2150 5218 sensu

562 5210 934 5286 Candidus—vin
974 5210 1292 5295 praefatione
1337 5216 1496 5286 hujus
1537 5215 1672 5295 Yitze
1716 5214 1968 5283 queritur
2006 5210 2150 5292 quod

560 5280 832 5356 sodalium
881 5280 1105 5352 suorum
1156 5291 1382 5345 haberet
1408 5280 1699 5356 'neminem
1731 5280 1750 5348 ζ
1779 5299 1908 5356 cum
1948 5280 2054 5356 quo
2092 5280 2148 5334 in

563 5351 759 5428 initia
787 5351 1046 5424 lectione
1111 5359 1427 5432 disputando
1479 5364 1535 5411 et
1604 5353 1832 5426 legendo
1884 5351 2150 5426 prolicere

565 5448 769 5510 posset.

639 5495 666 5550 β
699 5509 930 5564 Sanctus
949 5504 1277 5562 Benedictus
1301 5497 1662 5558 eellerarium,
1690 5495 1935 5550 infirmos
1958 5499 2015 5548 et
2055 5505 2150 5548 eos

566 5579 660 5652 qui
699 5577 841 5652 forte
878 5594 911 5632 a
955 5573 1180 5652 majoris
1222 5568 1481 5652 tn0t_ner_t_ti
1518 5566 1750 5652 negotiis
1789 5571 2147 5652 occupantur,

566 5635 763 5708 éximit
786 5663 820 5704 a
847 5635 1070 5706 servitio
1096 5657 1296 5701 mensa
1321 5641 1376 5696 in
1405 5635 1773 5711 Regulaacap.
1800 5635 1889 5711 35.

641 5704 945 5776 az'VVjAVbba—tes
980 5715 1373 5775 abbatissasve,
1404 5704 1516 5764 aut'
1532 5704 1741 5763 vicibus
1770 5707 1903 5769 suis,
1934 5714 2030 5761 aut
2053 5704 2152 5761 ali-

569 5775 856 5862 quotsane
895 5787 1021 5862 anni
1057 5785 1248 5840 diebus
1294 5780 1616 5862 jpgcoquina‘
1641 5777 1868 5862 subditis
1895 5777 2008 5832 suis
2047 5775 2152 5831 mi-

569 5846 862 5929 nistrasse,
907 5859 1104 5914 docent
1144 5867 1246 5910 nos
1294 5848 1426 5907 Vitae
1469 5846 1671 5907 sancta
1708 5846 2045 5916 Salabergze,
2095 5855 2154 5903 et

2225 1973 2298 2030 ibi
2345 1968 2583 2042 reperiet
2627 1965 2786 2036 hujus
2823 1957 3135 2017 festivitatis
3175 1966 3200 1996 ο
3241 1951 3569 2023 exemplum.
3611 1948 3826 2004 Eadem

2223 2081 2355 2122 vero
2384 2064 2472 2120 die
2505 2063 2575 2118 ob
2615 2055 2976 2114 reverentiam
3008 2059 3172 2107 tanta:
3211 2043 3596 2107 solemnitatis,
3627 2054 3828 2096 secun-

2227 2160 2353 2216 dum
2385 2151 2798 2226 congruentiam
2844 2144 3162 2202 monastica:
3203 2140 3354 2202 vitat,
3381 2137 3450 2191 ad
3477 2135 3681 2189 victum
3717 2130 3831 2185 fra-

2230 2259 2442 2306 ternum
2467 2222 2665 2301 cultius
2689 2240 2821 2313 quid
2848 2237 3005 2294 solito
3028 2231 3431 2304 jucundiusque
3457 2225 3574 2312 fieri
3599 2222 3828 2280 deman-

2231 2343 2401 2398 davit.
2450 2310 2764 2394 Lectionein
2795 2346 3010 2402 quoque
3057 2325 3179 2383 libri
3211 2323 3374 2387 illius,
3405 2310 3563 2392 quem
3599 2319 3666 2374 de
3717 2316 3831 2394 vita

2231 2431 2528 2504 supradicti
2574 2426 2787 2483 abbatis
2813 2433 2868 2478 et
2908 2421 3118 2492 origine
3165 2411 3477 2472 monasterii
3514 2408 3831 2480 nuperrime

2231 2498 2518 2589 nominati,
2546 2521 2748 2579 Christi
2777 2517 2952 2590 gratia
2976 2512 3266 2586 largiente,
3289 2503 3612 2576 composuit,
3642 2498 3831 2555 fratri-

2232 2623 2334 2678 bus
2365 2621 2431 2675 ad
2460 2628 2703 2673 mensam
2747 2610 2979 2666 recitare
3005 2603 3300 2678 prtecepit:
3331 2605 3602 2669 quatenus
3634 2593 3689 2647 in
3736 2606 3829 2646 ea-

2235 2717 2358 2771 dem
2387 2708 2659 2767 mirabilia
2697 2704 2894 2762 divinae
2921 2695 3251 2772 operationis
3281 2689 3584 2750 audientes,
3624 2682 3834 2757 gratias

2237 2805 2432 2862 divina:
2478 2797 2754 2870 majestati
2805 2792 3011 2848 referre
3055 2787 3370 2848 studerent,
3419 2789 3474 2835 et
3521 2777 3699 2832 omnis
3747 2774 3836 2843 ju-

2238 2895 2485 2952 cunditas
2532 2868 2703 2963 ipsius
2758 2879 3071 2942 festivitatis
3130 2878 3187 2933 in
3231 2874 3350 2946 ejus
3408 2868 3620 2926 laudem
3677 2879 3830 2923 reso-

2238 2995 2415 3043 naret.

2307 3077 2398 3133 26.
2439 3076 2584 3131 inter
2619 3072 2726 3127 alia
2754 3083 2884 3125 vero
2911 3064 3134 3138 pietatis
3159 3074 3349 3132 opera,
3377 3056 3484 3112 hoc
3519 3050 3836 3108 misericor-

2241 3171 2342 3228 dia:
2371 3170 2573 3224 bonum
2611 3161 2964 3235 probabiliter
2990 3159 3165 3229 egisse
3211 3151 3482 3215 laudatur,
3513 3145 3660 3218 quod
3685 3152 3837 3199 anto-

2246 3273 2522 3316 cessorem
2557 3271 2748 3319 suum,
2798 3265 2962 3323 quem
3001 3245 3274 3320 quondam
3321 3257 3443 3297 cum
3489 3237 3652 3294 sociis
3682 3231 3836 3305 quasi

2243 3360 2648 3428 persecutorem
2680 3344 2935 3417 fugiendo
2975 3342 3207 3403 vitabat,
3233 3351 3358 3393 cum
3386 3341 3534 3388 esset
3576 3341 3740 3384 causa
3773 3325 3835 3381 ιι-

2243 3420 2352 3502 iius
2382 3439 2772 3514 inquietudinis
2797 3437 2865 3492 ab
2895 3436 3222 3504 imperatore
3251 3428 3305 3484 in
3338 3424 3588 3482 exsilium
3615 3420 3834 3482 missus,

2244 3557 2349 3596 una
2379 3553 2502 3595 cum
2539 3534 2773 3590 fratrum
2804 3543 3027 3586 suorum
3078 3523 3342 3596 petitione
3374 3519 3439 3574 de
3469 3514 3666 3573 exsilio
3704 3508 3834 3568 libe-

2246 3631 2406 3688 ravit.
2437 3630 2675 3697 Quorum
2705 3624 2866 3678 ftJem
2915 3629 3076 3688 atque
3107 3609 3540 3670 misericordiam
3572 3606 3712 3660 adeo
3741 3601 3837 3658 mi-

2244 3723 2472 3779 rabatur
2495 3718 2794 3788 Augustus,
2834 3719 2894 3766 ut
2923 3711 3128 3764 diceret
3161 3720 3273 3768 eos,
3309 3700 3464 3771 juxta
3509 3704 3834 3768 pmoeptum

2247 3813 2527 3877 Veritatis,
2575 3825 2675 3880 pro
2729 3799 3168 3877 persecutoribus
3217 3796 3328 3852 suis
3381 3791 3654 3847 veraciter
3700 3800 3826 3842 exo-

2247 3918 2417 3959 rasse.
2463 3879 2601 3955 Hine
2644 3898 2830 3967 igitur,
2859 3894 3028 3948 frater
3059 3889 3313 3950 Modesto,
3345 3883 3646 3941 secundum
3695 3879 3829 3948 Apo-

2249 3995 2372 4051 stoii
2394 3990 2898 4053 commonitionem,
2927 3981 3286 4040 hnmiiiamini
3311 3978 3412 4034 sub
3441 3974 3652 4047 potenti
3680 3986 3834 4026 manu

2251 4087 2372 4150 Dei,
2403 4093 2460 4138 ut
2489 4099 2586 4138 vos
2617 4079 2819 4136 exaltet
2847 4079 2899 4132 in
2931 4085 3174 4144 tempore
3203 4067 3597 4129 tribulationis;
3628 4067 3834 4120 omnem

2251 4177 2675 4236 sollicitudinem
2723 4182 2963 4229 vestram
3012 4167 3362 4241 projicientes
3402 4164 3456 4217 in
3503 4177 3662 4223 eum,
3713 4175 3834 4229 quo-

2251 4271 2399 4327 niam
2432 4268 2532 4338 ipsi
2563 4281 2694 4322 cura
2743 4272 2827 4319 est
2857 4263 2924 4317 de
2954 4260 3130 4314 vobis.
3169 4255 3350 4312 Sobrii
3390 4261 3564 4308 estote
3606 4260 3666 4305 et
3708 4249 3835 4320 vigi-

2250 4363 2384 4427 late,
2412 4361 2538 4430 quia
2568 4356 2913 4412 adversarius
2952 4361 3133 4412 vester
3177 4347 3428 4404 diabolus
3456 4353 3719 4414 tanquam
3763 4341 3837 4396 ieo

2252 4454 2472 4524 rugiens
2519 4449 2712 4506 circuit
2758 4461 3006 4516 qttterens
3053 4457 3214 4514 quem
3259 4441 3508 4500 devoret,
3558 4434 3714 4506 cujus
3748 4447 3837 4486 ne-

2255 4544 2529 4617 quissimae
2554 4538 2820 4596 voluntati
2858 4551 2956 4591 vos
2993 4533 3250 4589 resistere
3279 4527 3548 4585 concedat
3585 4522 3839 4578 auxilium

2255 4609 2374 4701 Dei,
2420 4635 2536 4688 sine
2579 4647 2687 4702 quo
2727 4628 2860 4685 nihil
2889 4633 3069 4700 potest
3104 4614 3341 4680 humana
3386 4615 3655 4688 fragilitas
3695 4609 3836 4667 boni.

2255 4729 2374 4784 Non
2405 4727 2550 4783 enim
2577 4722 2769 4780 lectori
2797 4719 3123 4792 supradicta:
3158 4710 3549 4785 inquietudinis
3585 4717 3697 4762 tam
3729 4718 3841 4761 cre-

2253 4822 2353 4878 bra
2398 4819 2604 4875 mentio
2629 4814 2900 4872 calumnia
2946 4811 3214 4873 videatur,
3255 4806 3380 4862 dum
3411 4803 3577 4858 Petro
3607 4795 3834 4870 principi

2255 4913 2625 4984 apostolorum
2670 4906 2805 4964 nihil
2858 4905 3051 4961 obesse
3102 4897 3438 4970 dignoscitur
3478 4892 3636 4964 culpa
3688 4889 3838 4945 trina

2252 5072 2515 5135 aliorum;
2553 5076 2608 5123 et
2633 5065 2838 5136 Regula
2867 5059 3038 5136 sancti
3067 5053 3328 5136 Ferreoli,
3361 5049 3474 5136 .qu'i‘
3501 5056 3586 5102 ter
3613 5045 3669 5100 in
3701 5055 3839 5098 anno

2253 5121 2862 5210 i—d'fierip'rmeipitucap.
3012 5129 3087 5210 uti
3117 5121 3708 5210 ettl‘iitnalebeccense
3739 5129 3835 5192 ms.

2251 5183 2505 5280 Denique
2539 5183 2706 5280 abb'as
2749 5183 3147 5280 etrcellerarius
3183 5189 3743 5280 Clun'iaei‘coqm'rtmztw
3788 5183 3838 5235 in

2721 5254 3280 5348 procit‘ro‘oanttteste
3321 5254 3576 5348 Udairieo
3618 5257 3673 5312 in
3705 5254 3841 5309 Con-

2249 5331 3062 5410 suetudinnmrClttbiacensium
3091 5331 3186 5395 iib.
3211 5355 3258 5401 ι,
3285 5349 3407 5410 cap.
3431 5331 3520 5386 46.

2325 5400 2836 5480 ῖίᾞῖιῖιῖξῖεὶτξάὶιιίπι
2867 5400 3111 5471 Stnrmii
3161 5400 3374 5480 abbatis
3417 5412 3471 5460 et
3502 5400 3838 5480 qopditorunt

2253 5471 2597 5552 monasterii
2609 5471 3129 5562 jamvanteuEigilis
3174 5478 3418 5562 regimen
3446 5471 3760 5562 Polgbttltui,‘
3781 5473 3839 5518 ut

2251 5537 2524 5650 ἱιὲῗῖὲῖὲἶ
2537 5537 2728 5650 ’ῖίῇἕίίί
2771 5537 3840 5650 ﬁliaiP‘ﬂfdfﬂ;.§?.?..§‘§§.:ﬁﬂii

2434 5609 3106 5692 Eécré'fo"2u6'iésiiiuit,
3148 5631 3202 5678 et
3233 5615 3530 5676 solemnius
3579 5609 3839 5666 celebrari

2248 5707 2432 5780 jussit,
2460 5719 2652 5780 nempe
2681 5697 2917 5780 xvt__Kai.
2944 5695 3065 5752 Jan.

2329 5790 2354 5820 ο
2389 5764 2602 5850 Νοιιιρέ
2621 5774 2676 5829 in
2702 5771 2881 5828 collat.
2907 5784 3021 5836 xxx,
3049 5781 3168 5841 cap.
3194 5764 3246 5822 ί.
