4006 6482
227 371 334 433 Μ

1632 357 1792 424 Vm.
1832 359 2154 444 naraica.

3400 375 3507 434 ωε

225 479 535 556 negationis
555 478 756 550 saepius
789 478 844 538 in
873 476 1116 536 Ecclesia
1149 455 1395 544 recitata,
1428 494 1590 550 quam
1621 477 1809 534 divina
1838 484 1890 544 Α
1915 477 2250 535 monumenti
2296 481 2539 552 aptavit,
2595 483 2652 536 in
2701 497 2810 553 quo
2857 497 2916 539 se
2962 492 3085 554 post
3125 484 3336 540 obitum
3380 468 3522 558 eius

225 571 540 633 visitatione
566 583 944 645 compunctus,
985 574 1342 629 amarissimis
1390 572 1645 644 lacrymis
1687 574 1816 628 abo-

221 670 376 725 levit.
403 667 558 736 Quod
602 665 723 720 ideo
752 664 825 719 illi
856 665 1073 720 evenire
1101 681 1204 720 non
1235 665 1454 719 dubium
1487 673 1589 728 est,
1626 673 1686 718 ut
1711 665 1818 720 sci-

222 769 312 816 ret
354 775 411 815 se
455 757 835 813 conﬁdentiam
883 772 989 812 non
1023 756 1225 812 habere
1253 757 1304 811 in
1350 757 1591 820 homine,
1632 756 1724 811 sed
1761 756 1830 823 in

221 871 290 912 eo
319 855 388 910 de
417 871 523 924 quo
557 851 842 907 Psalmista
880 852 1095 906 diccbat
1126 867 1140 906 :
1172 853 1375 906 Bonum
1407 861 1479 905 est
1518 867 1728 922 sperare
1760 851 1816 905 in

221 947 472 1009 Domino,
505 960 661 1015 quam
695 960 904 1013 sperare
947 944 1001 996 in
1039 943 1397 1014 principibus;
1429 953 1479 998 et
1511 951 1573 996 ut
1617 942 1670 996 in
1717 957 1815 997 sua

220 1039 458 1109 disceret
487 1035 642 1106 culpa
670 1033 904 1104 qualiter
931 1035 1272 1103 postmodum
1312 1033 1364 1086 in
1417 1033 1678 1104 regimine
1719 1047 1816 1103 po-

219 1129 378 1188 situs.
419 1126 540 1182 aliis
589 1125 835 1180 misereri
870 1124 1164 1179 debuisset.
1213 1123 1409 1178 Paulus
1439 1138 1654 1194 quoque
1685 1138 1817 1194 apo-

216 1217 395 1276 stolus
424 1217 477 1271 in
516 1215 774 1270 membris
801 1213 1024 1277 Christi,
1058 1212 1258 1268 Christi
1306 1214 1516 1269 exstitit
1559 1229 1814 1284 persecu-

218 1323 347 1368 tor:
377 1321 432 1366 et
455 1309 546 1380 qui
577 1308 848 1378 quondam
880 1305 1056 1361 fuerat
1087 1306 1346 1375 magister
1374 1305 1600 1370 erroris,
1632 1306 1814 1362 dii-ina

216 1419 353 1460 voce
383 1411 688 1472 correptus,
719 1399 895 1454 factus
937 1408 1020 1452 est
1050 1397 1342 1466 discipulus
1391 1397 1660 1452 veritatis.
1712 1397 1815 1453 Lot

212 1495 389 1567 igitur
409 1508 568 1557 uxor,
595 1506 718 1545 cum
744 1488 992 1544 incendia
1015 1487 1222 1559 fugeret
1249 1486 1628 1550 Sodomorum,
1657 1503 1814 1545 versa

189 1597 300 1645 est
345 1587 398 1641 in
448 1593 686 1641 statuam
716 1583 865 1648 salis,
901 1582 968 1636 ad
999 1581 1405 1636 condimentum
1445 1582 1654 1636 scilicet
1684 1583 1814 1638 fide-

215 1678 378 1743 lium,
409 1677 538 1748 quia
586 1675 796 1746 punitio
826 1674 906 1729 rei
932 1671 1166 1728 eruditio
1193 1681 1278 1727 est
1309 1670 1462 1740 justi.
1497 1670 1605 1727 Sed
1643 1681 1698 1727 et
1725 1689 1814 1727 ar-

214 1769 337 1828 bori
384 1768 650 1839 siquidem
687 1765 1037 1822 infructuosa:
1073 1764 1392 1834 plerumque
1435 1772 1671 1820 stercora
1703 1765 1809 1820 cir-

1917 574 2154 630 condere
2195 575 2386 630 humili
2427 574 2821 646 supplicatione
2858 577 3126 648 poposcit.
3169 576 3302 633 lnde
3341 580 3522 650 igitur.

1918 679 2038 720 cum
2080 675 2226 722 esset
2267 671 2520 724 reductus
2563 669 2616 723 in
2659 668 2901 734 domum,
2947 669 3147 724 decidit
3190 670 3518 740 desperatus-

1916 757 1973 811 in
2018 757 2255 824 lectum,
2299 765 2352 814 et
2397 760 2647 830 cognovit
2692 759 2819 830 quia
2862 759 3159 815 moriturus
3197 767 3300 816 est.
3352 760 3508 828 Quod

1916 865 2038 906 cum
2076 850 2353 907 audissent
2384 851 2604 916 fratres,
2633 863 2895 908 venerunt
2917 853 3144 909 visitare
3167 845 3312 917 eum,
3343 862 3509 924 atque

1915 958 2014 1013 pro
2051 944 2204 998 exitu
2240 944 2436 1000 animae
2474 945 2620 1000 illius
2653 959 2842 1014 preces
2877 943 3102 1000 fundere
3127 943 3268 1010 Deo;
3299 939 3508 1016 quibus

1915 1036 2256 1106 conspectis,
2303 1036 2678 1108 gratulabatur
2717 1037 2773 1092 in
2813 1037 3047 1093 adventu
3090 1029 3313 1102 eorum,
3357 1045 3412 1091 et
3453 1037 3507 1092 in

1914 1127 2166 1183 oratione
2199 1128 2441 1198 ipsorum
2475 1129 2846 1186 delectabatur
2877 1128 3057 1184 anima
3091 1129 3228 1198 ejus.

1985 1217 2076 1274 28.
2121 1219 2332 1275 Interea
2387 1234 2621 1289 namque
2663 1220 2954 1291 rogabatur
3006 1237 3036 1275 a
3090 1219 3352 1277 fratribus
3401 1237 3510 1292 quo

1913 1312 2102 1382 purior
2137 1312 2204 1367 de
2243 1312 2350 1367 hoc
2389 1312 2590 1368 mundo
2629 1313 2949 1384 migrasset,
2985 1313 3230 1384 quamvis
3267 1314 3504 1379 occulta,

1915 1401 2257 1458 confessione
2297 1411 2352 1459 et
2394 1403 2553 1476 digna
2594 1405 2914 1474 pmnitentia
2953 1413 3315 1477 purgaretur:
3362 1414 3422 1460 ut
3462 1403 3505 1460 si

1915 1511 2074 1564 quem
2104 1495 2344 1561 laederet,
2370 1498 2584 1551 veniam
2609 1496 2946 1566 postularet;
2978 1497 3064 1552 vel
3101 1496 3146 1552 si
3176 1513 3205 1551 a
3235 1501 3509 1568 quoquam

1914 1585 2073 1641 L'esus
2112 1585 2335 1651 fuisset,
2379 1587 2702 1657 simpliciter
2733 1585 3072 1641 remissionis
3112 1587 3509 1658 indulgentiam

1914 1677 2088 1731 daret.
2135 1675 2622 1732 Commonitionem
2656 1676 2844 1746 itaque
2882 1674 3114 1730 fratrum
3155 1675 3388 1730 libenter
3413 1691 3510 1729 au-

1915 1767 2092 1832 diens,
2131 1768 2241 1822 ait:
2291 1767 2347 1822 Si
2394 1782 2588 1838 quem,
2632 1767 2840 1836 inquit,
2882 1766 3028 1832 laasi,
3073 1766 3262 1820 humili
3306 1765 3510 1836 suppli-

209 1859 466 1938 cnmfusa
505 1858 764 1929 prodesse
810 1865 1142 1922 noscuntur;
1173 1856 1279 1911 hoc
1309 1855 1514 1910 homini
1559 1857 1812 1912 videlicet
1839 1846 1887 1906 B
1915 1860 2132 1915 catione
2163 1861 2378 1914 veniam
2418 1876 2578 1931 rogo;
2629 1869 2684 1916 et
2725 1861 2768 1916 si
2809 1876 2841 1914 a
2881 1875 3154 1930 quoquam
3189 1859 3351 1916 laesus
3377 1859 3508 1915 fuis-

209 1954 361 2011 circa
388 1945 640 2007 manda-ta
668 1949 764 2004 Dei
795 1949 1129 2020 negligenter
1157 1947 1339 2018 agenti
1366 1950 1813 2004 commemoratio

203 2055 568 2119 peccatorum
590 2059 810 2100 suorum
843 2042 910 2098 ad
944 2051 1204 2098 aeternam
1240 2040 1556 2112 plerumque
1596 2042 1814 2112 proﬁcit

214 2137 510 2194 sanitatem
545 2155 559 2190 :
591 2136 717 2191 dum
753 2149 852 2206 per
881 2134 985 2189 hoc
1030 2133 1213 2188 divina
1265 2132 1618 2188 miseratione
1663 2149 1814 2188 com-

198 2238 454 2304 punctus
482 2228 778 2294 reviviscit,
805 2235 862 2283 et
885 2226 1139 2298 producit
1175 2241 1242 2281 ex
1275 2241 1333 2280 se
1378 2226 1644 2280 bonorum
1678 2241 1810 2296 ope-

201 2338 336 2393 rum
368 2321 602 2387 fructus,
631 2322 686 2376 in
717 2321 941 2376 odorem
973 2320 1356 2375 suavissimum
1405 2319 1634 2374 Domino
1676 2319 1808 2375 Deo.

367 2428 598 2484 namque
625 2412 745 2469 ideo
771 2413 1083 2470 testimonia
1111 2413 1306 2468 divinae
1336 2411 1588 2468 lectionis
1619 2413 1674 2467 in
1705 2413 1811 2470 hoc

212 2505 376 2580 libro,
404 2504 570 2561 frater
610 2504 871 2570 Modeste,
913 2505 1128 2570 notavi,
1171 2512 1232 2558 ut
1275 2519 1384 2558 non
1433 2503 1505 2559 sit
1542 2519 1668 2574 spes
1709 2504 1813 2560 sibi

193 2599 466 2672 -quisque,
497 2597 594 2654 sed
631 2604 800 2668 ponat
822 2595 877 2650 in
926 2595 1038 2650 Deo
1088 2610 1240 2665 spem
1288 2611 1475 2662 suam;
1515 2605 1571 2652 et
1613 2597 1706 2666 qui
1755 2611 1815 2652 se

183 2727 198 2759 ρ
214 2690 496 2761 existimat
523 2697 688 2750 stare,
729 2686 912 2741 videat
943 2701 1011 2742 ne
1046 2686 1242 2742 cadat:
1283 2694 1337 2741 et
1379 2685 1472 2757 qui
1503 2685 1687 2757 lapsus
1716 2701 1815 2756 per

179 2831 192 2840 .
214 2781 531 2852 superbiam
559 2779 726 2844 cadit,
760 2777 944 2833 divina
993 2777 1226 2832 lectione
1271 2785 1558 2848 correptus
1598 2777 1814 2832 studeat

189 2889 344 2946 _cum
391 2872 490 2928 Dei
534 2871 738 2926 auxilio
782 2884 1068 2941 resurgere
1102 2884 1201 2940 per
1228 2868 1624 2934 humilitatem;
1668 2876 1722 2923 et
1754 2876 1814 2923 ut

215 2965 399 3022 omnis
440 2971 694 3035 peccator
739 2963 795 3017 in
837 2961 1083 3016 Ecclesia
1127 2962 1492 3026 constitutus,
1531 2977 1653 3016 cum
1707 2959 1813 3017 ﬁde

189 3065 372 3113 erecta
413 3072 512 3127 per
553 3054 815 3111 humilem
859 3052 1259 3109 confessionem
1301 3069 1596 3124 veramque
1639 3053 1812 3124 paeni-

177 3202 186 3206 -
211 3146 450 3221 tentiam
476 3161 507 3200 a
535 3145 646 3201 Deo
668 3145 884 3201 veniam
916 3153 1117 3216 speret.

288 3236 381 3291 2⁵1.
419 3237 554 3292 Cum
593 3247 796 3303 autem,
841 3245 904 3292 ut
940 3252 1106 3306 supra
1144 3237 1590 3302 commemoravi,
1641 3237 1812 3292 aediﬁ-

216 3329 367 3386 cium
409 3328 635 3384 claustri
689 3327 806 3398 jam
853 3343 917 3385 ex
968 3336 1126 3400 parte
1184 3329 1239 3383 in
1299 3329 1467 3383 altum
1518 3329 1813 3384 crescendo

177 3491 180 3494 ,
217 3420 565 3494 profecisset,
609 3421 752 3476 idem
778 3421 1109 3477 venerabilis
1131 3419 1294 3474 Pater
1315 3430 1598 3489 correptus
1624 3419 1814 3474 morbo

219 3513 392 3584 erepit
434 3511 638 3568 acriter
678 3510 966 3566 inﬁrmari.
1018 3511 1161 3579 Qui,
1211 3526 1332 3566 cum
1379 3511 1579 3566 dehinc
1623 3509 1814 3564 mortis

217 3619 337 3660 suae
378 3611 593 3672 tempus
634 3610 885 3656 cerneret
930 3601 1216 3655 imminere
1240 3641 1256 3666 ,
1313 3602 1543 3668 rogabat
1587 3615 1646 3656 se
1687 3613 1816 3653 ora-

153 3705 168 3719 '
215 3693 393 3750 tionis
437 3691 613 3761 gratia
655 3692 852 3746 ducere
879 3691 932 3745 in
960 3691 1351 3749 cmmeterium.
1374 3690 1530 3759 cujus
1557 3707 1722 3760 supra
1748 3688 1820 3745 fe-

215 3785 402 3840 cimus
443 3782 797 3838 mentionem.
846 3782 1044 3838 Postea
1087 3797 1320 3854 namque
1352 3793 1574 3852 accepto
1606 3782 1820 3840 sarculo

221 3874 535 3946 designavit
579 3873 756 3930 locum
797 3875 1032 3946 sepulcri
1077 3876 1250 3946 ipsius
1286 3875 1340 3930 in
1378 3877 1630 3931 orientali
1663 3887 1819 3946 parte

219 3966 558 4032 cmmeterii;
596 3976 651 4023 et
681 3975 741 4020 ut
773 3967 968 4033 valuit,
995 3983 1095 4038 pro
1122 3967 1439 4024 inﬁrmitate
1465 3969 1582 4039 ipse
1607 3970 1818 4039 primus

225 4069 430 4120 terrain
453 4059 767 4130 percutiens
788 4057 942 4116 fodit.
974 4058 1383 4132 Sarc0phagum
1407 4077 1534 4117 vero
1557 4063 1611 4118 in
1635 4062 1816 4119 locum

296 4209 324 4236 ι
350 4195 566 4250 Annum
597 4195 703 4250 822
731 4196 949 4265 signant
976 4195 1214 4251 Annales
1247 4196 1544 4252 Fuldenses
1580 4197 1665 4252 his
1690 4213 1814 4252 ver-

224 4266 351 4322 bis:
385 4286 403 4318 ι
435 4267 576 4337 Eigil
605 4267 774 4321 abbas
800 4266 1084 4321 Fuldensis
1119 4268 1354 4337 cmnobii
1390 4267 1678 4323 defunctus
1711 4268 1818 4322 Ra-

224 4339 428 4392 banum
453 4335 822 4392 successorem
851 4339 1077 4408 accepit.
1106 4359 1123 4389 ι
1157 4335 1284 4408 Dies
1313 4339 1574 4393 hactenus
1600 4339 1818 4408 ignora-

227 4419 335 4463 tus.
394 4409 452 4479 ιιι
495 4408 632 4463 libro
661 4424 697 4461 ll
729 4407 1101 4462 Traditionum
1135 4407 1483 4462 Fuldensium
1509 4449 1522 4470 ,
1560 4407 1681 4479 pag.
1711 4408 1815 4461 527

225 4488 284 4533 et
310 4478 447 4551 528,
481 4479 679 4551 legitur
716 4479 931 4534 traditio
967 4479 1212 4550 quaedam
1251 4479 1408 4551 Eigili
1449 4478 1652 4551 abbati:
1669 4479 1812 4532 facta

233 4566 255 4601 σ
285 4565 338 4604 v1
371 4539 510 4604 Non.
534 4539 1026 4622 Kugusti,_a_nno'9
1055 4539 1614 4622 regnante‘Ludoviw
1644 4550 1816 4620 impe-
1845 4561 1900 4622 D
1927 4549 2100 4604 eidem
2129 4545 2271 4601 facta
2301 4553 2414 4622 est,
2440 4544 2508 4622 _in
2531 4558 2570 4622 Av
2598 4539 2715 4594 Kal.

227 4628 501 4689 ratorep
555 4630 612 4676 et
637 4619 776 4692 pag.
805 4619 912 4676 532
958 4629 1014 4678 et
1056 4619 1163 4676 553
1209 4622 1428 4676 invenio
1472 4619 1823 4676 donationem

1913 1967 2060 2017 sem,
2101 1952 2344 2006 dimittat
2379 1951 2454 2006 illi
2491 1953 2693 2008 dicitur
2720 1951 2868 2024 [Leg.
2900 1951 3096 2024 Deus];
3141 1960 3197 2006 et
3227 1967 3328 2022 ego
3355 1967 3511 2007 vera-

1911 2044 2054 2099 citer
2093 2042 2170 2097 illi
2218 2059 2285 2098 ex
2331 2043 2524 2098 intimo
2567 2044 2732 2098 corde
2776 2043 3014 2098 dimitto.
3077 2042 3319 2113 Cumque
3363 2043 3509 2101 enim

1912 2135 2031 2190 haec
2060 2136 2222 2190 verba
2260 2135 2374 2206 jam
2411 2135 2708 2190 moriturus
2742 2133 3047 2204 explesset,
3092 2132 3511 2189 commendabat

1911 2241 1972 2282 se
1996 2226 2106 2282 Deo
2133 2235 2186 2284 et
2209 2228 2464 2298 precibus
2495 2226 2730 2282 fratrum
2764 2242 3010 2291 suorum,
3036 2234 3200 2296 atque
3226 2225 3280 2280 in
3309 2224 3510 2280 lectum

1912 2334 2139 2390 corpore
2179 2329 2508 2390 congregato
2553 2319 2802 2390 spiritum
2849 2317 3125 2374 exhalavit
3145 2329 3193 2372 ι.
3241 2314 3361 2384 Quo
3384 2317 3507 2373 viso

1911 2412 2186 2482 perterriti
2235 2410 2438 2466 fratres
2481 2419 2537 2466 et
2571 2409 2684 2478 jam
2732 2423 2861 2466 tunc
2903 2411 2957 2465 in
3005 2409 3255 2481 angustia
3305 2409 3506 2480 positi,

1914 2501 2093 2557 Patris
2132 2502 2414 2558 interitum
2459 2501 2840 2573 suspirabant,
2887 2502 3122 2556 scientes
3161 2499 3376 2570 qualem
3414 2501 3515 2556 ha-

1897 2595 2147 2651 buerant
2193 2595 2412 2650 Patrem
2440 2637 2456 2661 ,
2515 2605 2570 2650 et
2613 2596 2922 2650 nescientes
2968 2593 3185 2665 qualem
3232 2595 3513 2665 accepturi

1913 2685 2168 2742 fuissent.
2219 2685 2390 2741 Nemo
2430 2687 2611 2752 enim,
2658 2685 2826 2740 frater
2865 2684 3138 2749 Modeste,
3185 2695 3516 2757 cognoscere

1912 2790 2125 2853 potest,
2170 2781 2275 2836 nisi
2319 2780 2409 2835 ille
2445 2781 2596 2835 solus
2627 2780 2718 2850 qui
2759 2780 2863 2833 hoc
2900 2779 3272 2848 experimento
3314 2787 3518 2852 cogno-

1912 2872 2028 2936 vit,
2075 2869 2256 2940 qualis
2296 2870 2617 2940 plerumque
2659 2868 2783 2924 ﬁliis
2826 2868 3045 2923 miseria
3085 2875 3166 2922 est
3191 2909 3204 2932 ,
3252 2867 3396 2937 quod
3435 2867 3518 2924 eis

1912 2961 2184 3034 legitimus
2211 2960 2375 3016 Pater
2398 2960 2666 3024 aufertur,
2711 2967 2766 3014 et
2806 2959 3054 3014 vitricius
3081 2947 3238 3031 [ch.'
3257 2957 3512 3038 vitricus]

1917 3063 2320 3125 consequenter
2343 3051 2618 3108 infertur:
2663 3051 2882 3122 propria
2924 3058 3100 3104 mater
3135 3050 3432 3115 occumbit,
3456 3059 3518 3129 et

1915 3163 2146 3205 noverca
2191 3146 2453 3203 succedit.
2505 3145 2660 3213 Quod
2703 3153 2890 3214 aperte
2936 3141 3362 3210 manifestabant
3408 3141 3515 3198 illa

1919 3244 2038 3299 dua:
2086 3241 2344 3296 mulieres
2390 3241 2539 3295 circa
2593 3237 2854 3294 infantem
2903 3238 3088 3292 vivum
3138 3237 3416 3308 litigantes
3449 3237 3516 3312 in

1912 3335 2121 3405 judicio
2167 3333 2478 3390 Salomonis
2519 3332 2664 3402 regis
2707 3331 3068 3387 Hierusalem.
3119 3329 3344 3384 Fratres
3383 3343 3518 3385 vero

1917 3437 2045 3499 post
2073 3429 2191 3484 haec
2223 3428 2518 3484 secundum
2549 3425 3000 3481 consuetudinem
3025 3423 3248 3478 Patrum
3276 3422 3520 3478 tulerunt

1921 3533 2122 3587 corpus
2159 3517 2312 3572 chari
2354 3516 2621 3580 senioris,
2668 3524 2725 3570 et
2762 3522 3045 3569 cantantes
3087 3521 3253 3584 atque
3290 3520 3516 3568 orantes

1923 3608 1979 3663 in
2020 3608 2306 3663 ecclesiam
2345 3606 2704 3663 deferebant:
2752 3613 2808 3658 et
2844 3603 2920 3658 ibi
2962 3599 3517 3670 oratione‘com'pleta

1924 3701 2239 3756 levaverunt
2278 3713 2481 3769 corpus
2519 3694 2660 3765 ejus,
2703 3705 2758 3749 et
2799 3693 3133 3762 sepelierunt
3173 3693 3228 3746 in
3265 3690 3518 3760 sepulcro

1924 3792 2068 3864 quod
2112 3791 2228 3861 ipse
2271 3789 2376 3845 sibi
2413 3795 2705 3859 paraverat
2736 3785 2946 3849 vivens,
2990 3782 3153 3838 fidem
3194 3780 3399 3837 habens
3429 3793 3518 3835 re-

1924 3884 2174 3958 surgendi
2201 3884 2252 3938 in
2277 3883 2365 3939 die
2393 3881 2658 3936 adventus
2693 3878 2906 3934 Domini
2933 3876 3106 3932 nostri
3136 3874 3266 3932 Jcsu
3287 3875 3517 3943 Christi,

1924 3979 2009 4034 cui
2037 3977 2208 4049 gloria
2234 3984 2291 4032 et
2310 3982 2556 4045 potestas
2583 3973 2639 4029 in
2663 3981 2950 4028 aeternum.
2979 3970 3172 4025 Amen.

1923 4196 2147 4250 Rabano
2183 4195 2363 4250 abbati
2402 4193 2602 4248 factam
2635 4208 2653 4242 ‹
2685 4204 2828 4243 anno
2850 4186 3146 4241 Dominicrc
3183 4182 3524 4237 incarnatio-

1925 4269 2010 4321 nis
2036 4267 2171 4329 8'22,
2222 4267 2408 4319 indict.
2444 4263 2534 4327 15,
2574 4261 2726 4328 regni
2766 4257 3024 4329 Ludovici
3065 4269 3206 4329 anno
3237 4254 3291 4316 9,
3331 4265 3519 4329 mense

1926 4321 2181 4398 Octobri,
2219 4337 2306 4388 die
2334 4352 2364 4387 v
2399 4321 2890 4398 Kal.'Novemliris.
2923 4326 3070 4398 sum
3095 4322 3293 4392 quibus
3323 4321 3519 4398 colligo

1929 4408 2114 4478 Eigilis
2154 4391 2297 4478 diem
2336 4404 2516 4478 obitus
2552 4399 2809 4478 incidisse
2844 4396 2904 4478 in
2947 4395 3076 4449 illud
3117 4391 3332 4478 tempus
3373 4391 3518 4478 (lira-(93d

1924 4463 2127 4532 elliuxit
2176 4491 2206 4529 a
2251 4476 2338 4529 die
2375 4489 2425 4527 vt
2473 4471 2608 4526 Non.
2651 4469 2729 4522 Au
2774 4469 2908 4529 usti,
2955 4481 3061 4536 quo
3103 4465 3256 4533 prior
3295 4463 3518 4517 traditio

1927 4549 2099 4592 ρῑιιρηι
2131 4545 2269 4592 facta
2301 4553 2414 4592 est-
2457 4544 2508 4592 in
2539 4558 2570 4592 v
2598 4539 2715 4592 Kal.
2737 4484 3087 4592 govembris.
3126 4549 3234 4592 uno
3268 4533 3374 4588 alia
3409 4533 3518 4589 Ra-

2794 4533 3087 4604 ovembris,
3126 4549 3234 4605 quo
3268 4533 3374 4588 alia
3409 4533 3521 4589 Ra-

1931 4621 2073 4676 bano
2103 4616 2406 4673 successori
2434 4613 2600 4668 facta.

237 4792 3518 4830 Μ

1337 4969 1692 5088 VITA
1775 4965 2415 5080 METRECA

1249 5193 1522 5255 Auctore
1576 5188 1782 5254 eodem
1829 5187 2120 5282 Caanrno
2172 5185 2497 5248 monacho.

841 5476 1232 5535 PREFATIO.

583 5572 854 5634 CANDIDUS
890 5573 1062 5644 fratri,
1081 5588 1176 5638 suo
1195 5637 1202 5640 ρ
1215 5569 1491 5645 Μᾳοεετο.
1515 5631 1526 5635 ε

245 5671 363 5732 [ioc
383 5679 616 5729 ’carmen
642 5669 842 5726 cecinit
868 5665 1143 5722 Candidus
1172 5679 1300 5720 ecce

245 5768 428 5826 Fratri
461 5768 659 5838 quippe
688 5779 786 5820 suo
815 5768 1007 5834 sponte
1039 5759 1301 5827 Modesto,
1344 5785 1346 5787 -

249 5857 404 5918 Lecti
432 5869 863 5915 commemorans
893 5851 1093 5920 inclyta
1121 5849 1266 5914 facta

1935 5443 2114 5534 Patris
2141 5474 2254 5541 hic,
2284 5450 2490 5530 abitum
2522 5464 2861 5544 [transitum]
2888 5451 3467 5538 hincque‘venustum.

1845 5550 1867 5624 ί
1915 5556 2274 5640 Quapropter
2307 5567 2501 5637 rogitat
2528 5563 2618 5618 hic
2649 5569 2862 5642 quoque
2889 5555 3047 5629 gleba
3067 5546 3311 5628 {aratorl'
3337 5547 3340 5550 ί

1929 5654 2333 5734 Prom‘ptOsque
2361 5663 2419 5714 et
2447 5655 2656 5712 resides
2682 5664 2927 5739 quosque
2955 5646 3216 5735 legentes,-
3271 5686 3286 5731 ί

1837 5780 1850 5782 -
1911 5755 2203 5810 'Formicze
2230 5748 2290 5807 ut
2318 5760 2532 5805 tenuem
2564 5743 2729 5800 farris
2759 5749 3010 5800 acervum
3057 5751 3062 5754 '
3181 5757 3184 5759 ·
3218 5751 3230 5761 δ
3272 5758 3276 5762 ι

1831 5851 1848 5855 ’⁷
1869 5864 1907 5908 .·
1945 5837 2112 5918 lbijus
2147 5859 2254 5901 non
2288 5839 2687 5917 temere‘deme
2717 5851 2914 5908 peroso
3066 5863 3070 5866 _
