4006 6452
535 409 660 468 ,405

548 517 776 574 Multum
807 515 1123 574 dilacerant.
1164 513 1274 571 Sed
1302 511 1480 586 magis
1506 521 1630 574 orat

549 610 837 668 Submisso
857 609 1042 680 capite
1067 615 1124 666 et
1149 614 1373 678 pectore
1395 620 1594 676 prono,

550 702 621 758 Ut
648 700 820 758 frater
846 700 998 757 socio
1025 699 1172 754 hunc
1201 698 1305 753 rite
1333 695 1568 765 relegat,

537 793 813 864 .Ursisque
839 791 1166 860 alitibusque
1194 787 1411 845 abdicat
1443 789 1599 840 atris.

616 883 850 954 Explicit
883 882 1128 954 prwfatto
1169 877 1401 936 Candidi
1435 876 1505 930 ad
1532 875 1851 939 Modestum,
1887 874 1976 946 qui
2011 891 2132 946 pro-

545 975 660 1044 prio
689 974 899 1030 nomine
919 967 1110 1030 Bruttii
1132 981 1180 1028 et
1207 969 1440 1025 Reccheo
1467 977 1802 1040 nuncupatur
1823 965 1979 1043 [Leg.
2001 981 2134 1032 tum.

545 1063 853 1138 cupantur].

938 1191 1355 1268 INCIPIT
1424 1159 1712 1264 VITA.

984 1342 1242 1386 CANDIDUS
1280 1344 1348 1382 AD
1387 1339 1692 1383 IIODESTUI.

549 1442 632 1499 Ex
661 1457 768 1514 quo
798 1454 886 1496 me
913 1439 1076 1495 Pater
1103 1439 1193 1494 ille
1220 1453 1382 1496 senex
1417 1437 1630 1508 fastigia
1657 1436 1783 1491 vita:

547 1534 689 1607 Eigil
719 1530 957 1602 Baugolﬁ
977 1573 992 1597 ,
1029 1530 1304 1600 quondam
1335 1530 1646 1586 labentibus
1673 1529 1832 1586 annis

547 1627 967 1696 Communisque
996 1624 1178 1679 Patris
1213 1623 1343 1679 olim
1379 1622 1734 1678 memorabile
1766 1636 1986 1689 nomen,

547 1720 827 1778 Litterulis
852 1719 1111 1774 mandare
1132 1716 1319 1787 jubet;
1352 1724 1475 1787 post
1495 1714 1649 1784 jussa
1677 1716 1822 1771 beati

547 1819 689 1875 Vota
714 1819 850 1883 viri,
884 1830 1176 1884 moresque
1205 1829 1400 1885 graves
1431 1813 1782 1882 animumque
1808 1810 2024 1866 virilem

547 1911 628 1964 Ex
661 1918 789 1963 tunc
816 1923 924 1962 non
952 1907 1148 1977 piguit,
1181 1921 1282 1960 nec
1309 1920 1452 1960 nunc
1478 1903 1791 1958 meminisse
1818 1903 1964 1974 piget
1990 1916 2098 1962 me.

548 1999 685 2053 Hinc
707 1997 886 2068 juvat,
913 2013 947 2051 o
974 1996 1168 2061 frater,
1198 2010 1307 2065 quo
1336 2011 1445 2050 non
1475 1994 1821 2064 praestantior
1845 1994 2006 2061 alter,

549 2085 720 2156 Hujus
747 2102 982 2156 namque
1011 2087 1160 2142 senis
1189 2084 1384 2141 famosi
1417 2085 1652 2141 culmina
1683 2085 1828 2152 vitm,

549 2176 680 2244 Qum
702 2177 918 2248 juvenis
941 2175 1078 2246 jam,
1107 2185 1338 2247 postque
1368 2190 1535 2232 senex
1566 2175 1922 2232 celeberrima
1948 2173 2082 2242 vidi,

548 2268 730 2324 Rebus
759 2269 815 2325 in
848 2270 1066 2324 eximiis
1091 2283 1321 2339 qumque
1348 2269 1621 2324 interdum
1649 2269 1873 2326 auribus
1895 2269 2082 2338 hausi,

550 2361 964 2434 Rclligiosorum
993 2377 1059 2416 ex
1088 2362 1250 2416 dictis
1277 2362 1366 2433 pia
1396 2362 1538 2417 facta
1566 2362 1810 2418 virorum
1828 2402 1844 2428 ,

547 2453 601 2508 In
638 2453 910 2509 cumulum
944 2460 1201 2525 congesta
1235 2453 1331 2508 tibi
1365 2468 1586 2508 sacrare
1615 2452 1879 2508 Modesto.

599 2545 727 2602 CAP.
744 2547 786 2600 ι.
805 2544 1034 2600 Ducitur
1047 2561 1178 2616 puer
1194 2544 1338 2615 Eigil
1359 2545 1427 2599 ad
1448 2546 1826 2600 monasterium
1840 2542 2098 2602 Fuldant.

547 2637 647 2693 lic
668 2636 884 2707 juvenis
913 2635 1109 2692 Norica
1139 2636 1411 2706 quondam
1445 2637 1668 2708 regione
1694 2651 1894 2696 serena

549 2727 757 2785 Nobilis
784 2729 1060 2784 exoritur:
1094 2729 1205 2784 illic
1233 2729 1379 2784 haud
1406 2728 1574 2784 multa
1603 2738 1853 2786 moratus

547 2818 812 2891 Tempora
830 2861 848 2886 ,
885 2821 1174 2892 progenies
1203 2820 1398 2890 patriis
1425 2830 1648 2876 evectus
1677 2821 1748 2878 ah
1774 2824 1894 2881 oris

546 2911 778 2966 Ducitur
805 2913 862 2967 in
887 2912 1080 2967 silvam
1110 2910 1218 2982 fagi
1248 2911 1315 2966 de
1343 2911 1562 2968 nomine
1591 2913 1792 2968 dictam

554 3002 886 3057 duchoniam
911 3022 924 3056 :
961 3001 1263 3057 undisonus
1289 3015 1514 3071 serpens
1538 3002 1634 3057 ubi
1657 3002 1862 3060 labitur
1885 3005 2068 3066 amnis

552 3091 744 3159 Fulda,
772 3093 916 3148 unde
943 3093 1046 3148 iste
1073 3093 1242 3158 locus,
1274 3093 1364 3149 ubi
1397 3109 1542 3150 nunc
1571 3095 1805 3165 iugentia
1834 3097 2018 3155 cernis

550 3183 768 3250 Maenia,
794 3183 972 3253 prima
1001 3183 1132 3238 olim
1162 3199 1361 3240 nomen
1391 3183 1460 3240 ab
1489 3184 1702 3254 origine
1731 3189 1987 3259 sumpsit.

553 3275 784 3331 Ventum
812 3281 895 3329 est
923 3275 1131 3335 interea
1156 3275 1308 3332 varia
1336 3292 1433 3347 per
1457 3279 1694 3347 compita
1720 3279 1878 3352 longe

548 3368 628 3423 Ad
656 3376 908 3424 sanctum
935 3367 1246 3441 lectumque
1272 3371 1454 3427 locum
1480 3373 1846 3444 templumque
1869 3373 2133 3446 dicatum,

552 3462 756 3535 Mat-lyr
787 3464 880 3519 ubi
908 3479 1010 3533 pro
1039 3463 1197 3520 laude
1229 3464 1324 3520 Dei
1354 3466 1668 3522 Bonifacius
1693 3468 1889 3536 almis,

547 3555 652 3624 Qui
681 3572 784 3628 pro
809 3556 928 3628 lege
952 3559 1051 3614 Dei
1079 3559 1217 3614 duro
1243 3559 1602 3617 succumbere
1626 3564 1788 3618 marti

548 3650 836 3718 Quondam
865 3667 974 3708 non
1003 3653 1207 3720 timuit,
1236 3653 1400 3725 digno
1428 3663 1717 3712 veneratur
1743 3657 1970 3714 honore.

550 3763 683 3822 CAP.
710 3763 775 3820 II.
822 3764 1181 3821 Prwsentatur
1218 3763 1425 3889 Stzrlme
1465 3766 1673 3834 abbati,
1715 3777 1766 3823 et
1802 3768 2039 3828 defertur
2065 3775 2135 3826 ad

1212 3853 1268 3889 sc
1305 3853 1336 3889 ο
1359 3853 1466 3889 am.

525 3865 532 3870 -
1212 3853 1466 3892 senatum.

548 3924 802 3980 Proditur
825 3925 982 3981 hicce
1008 3941 1145 3995 puer
1167 3936 1385 3992 ventus,
1412 3943 1523 3998 pro
1538 3929 1788 3999 postibus
1815 3936 2002 3987 astans

548 4015 709 4087 Eigil,
743 4015 885 4071 forte
912 4016 1031 4072 viro
1062 4018 1152 4087 qui
1185 4026 1315 4072 tunc
1340 4017 1544 4074 ditione
1572 4022 1799 4086 regebat

548 4105 868 4164 Ctenobium
897 4107 1168 4164 Fuldense
1199 4108 1390 4164 humili
1421 4110 1520 4164 sub
1549 4109 1822 4168 moenibus
1852 4109 2033 4182 hujus.

546 4197 718 4266 Quem
746 4214 872 4255 mox
894 4199 1245 4271 blandiloqua
1272 4200 1474 4273 Styrmi
1504 4219 1627 4258 cum
1654 4218 1936 4261 murmure
1960 4206 2138 4264 visum

549 4286 830 4362 Suscepit,
861 4289 1126 4362 lassisque
1157 4291 1272 4346 suis
1299 4291 1682 4362 complectitur
1708 4293 1870 4364 ulnis,

515 4379 628 4450 Ac
652 4379 835 4451 juveni
862 4381 1268 4452 consanguineo
1297 4381 1387 4438 dat
1419 4383 1569 4438 basia
1601 4394 1808 4456 pastor.

513 4513 518 4516 .
624 4469 846 4526 Talibus
872 4473 1130 4542 auspiciis
1158 4473 1430 4542 primmvis
1460 4476 1618 4530 miles
1647 4478 1714 4532 ab
1744 4478 1900 4535 annis

549 4559 753 4615 Christi
783 4561 950 4631 cmpit
977 4580 989 4615 :
1024 4563 1223 4618 abhinc
1249 4565 1340 4632 qui
1369 4565 1440 4620 sit
1469 4574 1590 4634 post
1618 4569 1816 4635 exitus,
1846 4578 2010 4642 atque

551 4650 656 4718 Qui
685 4653 790 4707 sibi
815 4651 926 4721 jam
958 4653 1123 4709 fuerit
1147 4655 1372 4724 juvenili
1404 4657 1458 4711 in
1486 4667 1710 4727 pectore
1739 4677 1952 4731 sensus,

517 4739 789 4814 'Quzeque
814 4744 933 4800 viro
963 4747 1329 4801 succrescenti
1359 4753 1666 4805 constantia
1696 4755 1936 4822 mentis;

549 4833 609 4891 Si
642 4835 773 4891 mihi
799 4836 908 4891 vita
937 4851 1120 4894 comes
1149 4837 1344 4904 fuerit,
1376 4841 1424 4896 si
1453 4842 1678 4912 spiritus
1706 4845 1854 4901 intus

549 4929 761 5002 Corpus
785 4931 923 4997 alet,
950 4931 1134 5003 lingua
1161 4941 1217 4988 et
1243 4934 1458 4990 solitum
1486 4937 1529 4991 si
1562 4954 1759 4993 munus
1783 4938 2022 5005 habebit,

549 5021 984 5092 Progressusque
1011 5021 1162 5078 dabit
1187 5039 1398 5079 summa
1430 5041 1494 5080 ac
1519 5028 1830 5083 veneranda
1869 5030 2141 5091 secundos

534 5110 824 5181 'Majestas,
855 5113 1044 5168 eadem
1074 5113 1260 5183 paucis
1288 5130 1548 5185 superare
1574 5121 1818 5177 camenis

549 5201 832 5272 Incipiam.
865 5202 1093 5260 Abbatis
1120 5214 1243 5275 post
1268 5206 1384 5262 haec
1411 5209 1708 5267 subductus
1735 5212 1803 5267 ab
1829 5213 1948 5269 aede

551 5290 654 5348 Hic
683 5307 816 5362 puer
843 5293 1084 5351 inberbis
1112 5296 1311 5352 scholae
1339 5296 1578 5354 defertur
1605 5303 1673 5354 ad
1703 5317 1886 5357 arcem
1904 5345 1921 5370 ,

551 5382 668 5440 Lex
694 5393 898 5444 aeterna
925 5385 1020 5444 Dei
1051 5403 1285 5460 semper,
1316 5405 1420 5458 qua
1451 5406 1675 5447 munere
1701 5393 1905 5450 Christi

550 5473 801 5546 Discitur
819 5493 851 5533 a
878 5479 1084 5550 pueris,
1113 5480 1492 5552 seniorumque
1520 5497 1616 5537 ore
1644 5484 1884 5540 docetur.

623 5571 736 5630 Nec
768 5587 923 5630 mora
959 5574 1217 5630 continua
1253 5576 1418 5644 coepit
1451 5575 1717 5634 elementa
1754 5594 1968 5649 parare.

554 5664 736 5737 thue
764 5667 882 5738 apis
910 5666 1159 5722 esuriens
1192 5667 1367 5737 primo
1399 5684 1521 5724 cum
1556 5678 1799 5743 tempore
1829 5673 1971 5728 veris

628 5793 655 5823 ι
693 5781 987 5850 Ratgarius
1027 5781 1258 5848 scilicet,
1309 5798 1472 5852 quem
1517 5788 1850 5842 monoceroti
1898 5787 2137 5843 insiden-

558 5860 668 5909 tem
696 5853 942 5932 appinxit
977 5852 1252 5912 Modestus
1299 5853 1404 5912 hoc
1442 5854 1561 5914 loco
1605 5857 1664 5915 in
1711 5857 1972 5926 primario
1988 5858 2131 5916 Can-

1634 403 1693 464 s.
1734 398 1982 462 EIGILIS
2019 395 2310 466 ABBATIS
2345 391 2732 473 FULDENsIs

2151 513 2210 575 Α
2234 508 2456 564 Enitens
2489 507 2711 581 paribus
2739 505 2932 563 volitat
2962 517 3061 577 per
3087 503 3331 576 gramina
3362 507 3578 578 pennis,

2161 4587 2224 4652 D

3711 390 3829 458 ω

2231 600 2696 673 Campigenosque
2725 600 2826 656 sibi
2855 605 3029 654 certat
3056 598 3347 669 decerpere
3376 599 3567 670 ﬂores;

2228 692 2405 749 Altius
2434 692 2560 748 inde
2589 692 2800 755 volans,
2831 689 3052 761 glaucas
3081 689 3438 747 stridentibus
3464 693 3566 749 alis

2231 782 2386 840 Nunc
2410 785 2635 853 salices,
2675 798 2823 838 nunc
2847 797 3082 854 namque
3106 783 3285 854 pirum
3312 782 3703 859 platanumque
3730 789 3809 849 ni.

3519 877 3749 952 [tentem

2229 967 2478 1026 Floribus
2507 984 2603 1024 ore
2632 967 2782 1038 legit,
2813 966 2985 1024 tiliam
3015 965 3230 1024 fervore
3258 970 3462 1025 recenti
3494 971 3624 1030 hinc

2231 1059 2543 1116 Mellilluam
2573 1060 2773 1131 satagit
2804 1075 2948 1115 caeco
2976 1061 3074 1116 sub
3101 1061 3337 1118 condere
3365 1069 3528 1120 tecto.

2229 1150 2387 1206 Haud
2415 1167 2573 1207 secus
2603 1151 2691 1206 hic
2714 1150 2932 1219 juvenis
2959 1151 3225 1208 librorum
3253 1156 3493 1211 carmine
3521 1157 3757 1228 primum

2231 1241 2537 1302 Corticibus
2563 1242 2730 1298 veluti
2761 1243 2902 1296 rasis
2927 1243 3048 1312 quis
3073 1244 3316 1314 pascitur
3341 1246 3504 1312 acris,

2232 1333 2414 1390 Donec
2439 1335 2493 1389 vi
2519 1349 2732 1404 quoque
2759 1348 2866 1388 non
2893 1336 3134 1404 propria,
3167 1336 3260 1392 sed
3291 1353 3516 1396 munere
3544 1339 3743 1401 Christi

2229 1426 2530 1482 Proﬁciens
2559 1434 2720 1480 aetate
2750 1424 2912 1480 simul
2941 1441 3213 1497 sensuque
3242 1429 3444 1500 sagaci,

2231 1519 2386 1576 Pasci
2413 1525 2718 1594 promeruit
2750 1524 2983 1581 umbrati
3015 1525 3254 1584 nectaris
3283 1527 3502 1598 haustu.

2339 1633 2470 1689 Cap.
2496 1635 2579 1690 ill.
2622 1636 2709 1692 Fit
2734 1640 3023 1694 monac/tus
3047 1651 3094 1697 et
3122 1641 3402 1696 ordinatur
3423 1644 3708 1713 presbyter.

2231 1740 2372 1797 Hinc
2399 1745 2563 1800 etiam
2595 1750 2878 1805 monachis
2902 1749 3013 1818 jam
3041 1757 3172 1807 tunc
3197 1752 3556 1811 Fuldensidus
3581 1755 3786 1814 bereus

2237 1833 2476 1890 Moribus
2503 1846 2666 1907 atque
2694 1839 2906 1905 habitu,
2933 1842 3059 1898 vitae
3084 1843 3323 1900 caelestis
3350 1861 3538 1902 amore

2239 1924 2562 1994 Succensus,
2592 1945 2715 1984 cum
2743 1932 2972 1988 consilio
3000 1933 3341 2006 fratrumque
3365 1936 3656 2009 Patrisqu

2233 2018 2504 2091 Jungitnr,
2537 2037 2601 2078 ac
2630 2025 2816 2081 nitidis
2843 2025 3044 2082 Christi
3077 2029 3415 2099 succingitur
3440 2032 3614 2089 amis

2237 2111 2478 2183 Signifer
2505 2116 2802 2186 intrepidus
2830 2118 3032 2176 Christi
3065 2124 3328 2180 tutamine
3358 2123 3546 2180 fretus.

2235 2203 2325 2258 Fit
2349 2221 2531 2262 comes
2563 2210 2768 2265 interea
2795 2210 2974 2268 Patris
3006 2214 3252 2285 fidusque
3279 2217 3550 2284 minister,

2234 2295 2504 2367 Prospere
2529 2311 2720 2356 cuncta
2747 2317 2980 2373 gerens:
3015 2307 3237 2376 supplex
3264 2309 3483 2364 oracula
3509 2309 3667 2380 cujus

2238 2385 2449 2456 Saepius
2480 2404 2588 2444 una
2618 2407 2742 2446 cum
2773 2396 2997 2451 senibus
3023 2399 3288 2467 Spatiatur
3312 2401 3380 2454 ad
3406 2400 3536 2455 alta.

2237 2473 2394 2547 Saepe
2419 2479 2587 2534 etiam
2615 2490 2740 2538 ante
2767 2499 2957 2541 omnes
2987 2487 3160 2542 multa
3191 2497 3544 2560 exspectante
3566 2499 3778 2549 cutem

2233 2564 2430 2626 Jussus
2449 2569 2784 2641 juradabat,
2814 2576 3120 2649 iterumque
3147 2579 3368 2636 infanda
3394 2583 3634 2639 vetabat.

2233 2660 2316 2718 Ac
2351 2679 2544 2736 magna
2580 2666 2785 2738 ingenii
2820 2686 3051 2741 quasque
3085 2673 3420 2730 discreverat
3451 2687 3595 2742 arte,

2237 2751 2507 2824 Tempore
2538 2772 2646 2812 non
2682 2759 2811 2824 alio,
2847 2763 3061 2817 meritis
3094 2771 3152 2819 et
3183 2765 3440 2835 dogmate
3466 2766 3671 2835 clarus,

2234 2843 2387 2902 Felix
2418 2856 2574 2918 patre
2604 2858 2754 2906 satus
2781 2854 3078 2922 quondam,
3109 2854 3360 2912 felicibus
3388 2860 3570 2926 annis,

2235 2935 2378 3009 Eigil
2407 2939 2514 2995 hoc
2536 2942 2759 2998 sortitus
2789 2952 2910 2998 erat
2937 2946 3268 3015 baptismate
3295 2963 3510 3003 nomen.

2234 3028 2410 3102 Fungi
2439 3037 2742 3102 promeruit
2768 3038 2837 3092 ab
2864 3037 3018 3094 Lullo
3044 3041 3279 3111 praesule
3310 3055 3471 3098 sacro

2235 3119 2547 3194 Presbyter,
2579 3125 2796 3182 infestis
2828 3130 3012 3184 mundi
3049 3132 3300 3202 direptus
3329 3134 3400 3188 ab
3427 3133 3609 3190 undis.

2139 3233 2210 3300 ορ
2274 3210 2404 3267 Cap.
2431 3213 2518 3268 IV.
2560 3211 2846 3287 Cetalogus
2872 3219 3116 3276 abbatum
3143 3226 3450 3279 monasterii
3473 3226 3773 3297 “pedica.

2239 3301 2480 3373 Contigit
2512 3305 2717 3362 interea
2747 3311 2897 3366 senio
2932 3314 3230 3385 morboque
3263 3330 3522 3386 peresm-

2237 3393 2511 3466 Styrmcn,
2552 3399 2642 3468 qui
2677 3399 2853 3456 fuerat
2884 3404 3094 3473 primus
3128 3405 3386 3464 ftmdator
3411 3409 3670 3467 etabbas

2233 3484 2481 3541 Coenobii
2508 3487 2814 3556 Fuldensis,
2848 3494 2917 3548 ab
2946 3495 3047 3550 hac
3075 3510 3292 3568 quoque
3318 3497 3439 3555 luce
3465 3501 3730 3572 migrasse

2234 3575 2543 3643 Credimus,
2576 3579 2628 3634 in
2661 3581 2836 3638 lucem
2863 3600 3082 3656 semper
3105 3588 3232 3644 sine
3254 3588 3368 3645 fine
3389 3602 3724 3650 manentem.

2235 3665 2406 3736 Cujus
2433 3678 2558 3738 post
2584 3671 2792 3726 obitum
2820 3678 3078 3731 concordi
3103 3693 3240 3734 voce-
3259 3680 3522 3737 boantem

2236 3758 2469 3831 Baugolf
2490 3763 2708 3836 eligitur
2734 3766 2905 3839 larga,
2936 3769 3260 3829 Germanica
3287 3776 3492 3844 proles,

2236 3850 2370 3909 Rite
2397 3853 2558 3912 Pater
2586 3863 2938 3928 prmeessoris
2969 3874 3252 3934 porrectus
3281 3870 3352 3924 ab
3379 3884 3494 3925 ore.

2515 3967 2644 4024 CAP.
2673 3971 2738 4026 Ὗ.
2772 3971 3136 4046 Metaphoram
3158 3979 3360 4034 inducit
3378 3990 3555 4050 poeta.

2309 4076 2424 4133 Hoc
2467 4095 2592 4135 nam
2618 4093 2865 4140 cessante
2911 4091 3172 4147 successit
3205 4091 3525 4151 Monoceros
3561 4108 3610 4164 ι,
3653 4098 3742 4169 qui

2236 4166 2404 4264 Eone
2429 4187 2648 4245 gregem
2681 4175 2782 4231 sibi
2808 4181 3156 4236 commissum
3185 4184 3298 4256 (res
3325 4183 3467 4242 fmda
3497 4166 3746 4264 refertur)

2238 4258 2436 4317 Nescio
2470 4279 2574 4335 qua
2625 4265 2822 4335 fronte,
2850 4271 3083 4328 stimulis
3103 4274 3340 4345 agitabat
3363 4277 3563 4350 ineptis
3591 4299 3605 4336 :

2240 4351 2424 4410 Donec
2477 4356 2530 4410 vi
2558 4356 2721 4414 nimia
2746 4369 2958 4429 pastum
2990 4361 3276 4437 fontesque
3302 4367 3552 4437 ﬂuentes,

2238 4442 2430 4502 Dulcia
2450 4462 2686 4519 namque
2706 4451 2824 4508 loca
2855 4463 2910 4508 et
2945 4456 3160 4516 stabula
3182 4459 3292 4515 alta
3319 4473 3544 4520 coactus

2243 4532 2474 4602 Deserit,
2507 4549 2670 4608 atque
2696 4540 2820 4614 fuga
2850 4548 3032 4616 regnis
3059 4548 3294 4607 decessit
3323 4553 3504 4610 avitis.

2243 4623 2381 4716 Quid
2411 4629 2613 4698 majora
2635 4635 2880 4702 sequar?
2926 4639 3062 4693 tomi
3089 4640 3218 4696 dum
3248 4645 3458 4712 pondus
3482 4647 3536 4700 in
3563 4647 3706 4716 iStis,

2243 4715 2302 4810 Si
2334 4720 2457 4792 quis
2503 4724 2571 4778 ab
2612 4739 2707 4780 ore
2726 4725 2856 4781 velit
2887 4744 3184 4804 peragrans
3218 4736 3331 4792 haec
3356 4748 3552 4794 cuncta
3582 4715 3797 4810 referre,

2241 4809 2566 4881 Congeritur
2591 4817 2824 4886 quodam
2853 4818 3111 4878 instinctu
3141 4840 3271 4895 grex
3310 4829 3484 4886 omnis
3511 4831 3580 4885 ab
3608 4849 3714 4890 uno

2241 4899 2531 4974 Lanigero,
2578 4907 2969 4979 circumspecte
2991 4913 3250 4972 collectus
3283 4918 3333 4972 in
3361 4935 3551 4984 unum,
3577 4930 3636 4977 et

2243 4989 2407 5063 Spem
2433 4995 2538 5052 sibi
2560 4999 2823 5068 direptam
2853 5003 3032 5058 saltim
3080 5006 3332 5078 viresque
3371 5013 3595 5082 recepit,

2238 5085 2416 5158 Atque
2449 5088 2644 5144 iterum
2677 5093 2952 5150 insolitum
2981 5099 3256 5167 repedavit
3292 5103 3503 5159 concite
3524 5115 3757 5174 pastum.

2371 5199 2499 5255 CAP.
2538 5201 2624 5256 Vl.
2660 5202 2824 5276 Regia
2851 5225 2978 5263 cura
3003 5211 3144 5266 circa
3169 5213 3363 5282 fratres
3390 5215 3708 5277 Fuldenses.

2310 5314 2448 5371 Hinc
2481 5333 2698 5388 quoque
2727 5322 2936 5379 sublato
2971 5326 3207 5384 silvestri
3239 5334 3606 5405 Monocerote,

2239 5405 2532 5476 Improvisa
2580 5409 2688 5464 cito
2719 5415 2954 5469 surrexit
2978 5419 3124 5489 regia
3153 5437 3283 5476 cura

2239 5498 2501 5566 Ludwici,
2554 5503 2644 5574 qui
2685 5520 2898 5574 semper
2923 5519 3038 5563 erat
3067 5511 3305 5570 melioris
3328 5527 3536 5572 amator

2239 5589 2397 5657 Vitae,
2421 5593 2511 5661 qui
2561 5596 2854 5652 monachos
2883 5609 3032 5655 casto
3063 5603 3247 5659 dilexit
3275 5622 3481 5662 amore.

2241 5684 2409 5751 Quem
2437 5685 2580 5742 Deus
2608 5689 2949 5760 omnipotens
2978 5709 3190 5766 sospem
3221 5699 3286 5753 de
3315 5702 3443 5755 sede
3482 5710 3705 5772 paterna

2239 5796 2727 5926 ilgemmati,
2771 5808 3113 5870 notans.th
3157 5813 3404 5888 symbolo
