4006 6442
317 323 424 380 405

1698 315 1858 373 VITA
1894 312 2217 371 METRICA.

3479 311 3585 376 406

313 424 558 492 Collocat
575 441 630 490 et
654 431 1000 518 [collocatio]
1022 445 1247 515 regnum
1272 428 1411 486 lucis
1448 426 1742 498 sedemque
1771 428 1898 483 bea-
1924 432 1978 504 Α
2001 425 2151 482 CAP.
2209 423 2300 479 IX.
2357 421 2655 496 Increpatio
2676 431 2840 495 poetae
2891 431 2941 477 et
2989 423 3283 476 exhortatio
3324 424 3580 493 ejusdem.

1672 516 1828 592 [tam

305 621 456 675 Misit
486 619 554 674 ab
580 620 808 676 occiduo
833 620 922 675 hic
947 619 1242 675 monachos
1276 616 1367 687 qui
1394 615 1632 671 maxime
1655 623 1894 684 nostros,

304 714 449 780 Quin
490 722 543 766 et
571 712 828 768 ﬁnitimos
850 712 1046 768 fratres
1074 731 1088 766 :
1121 712 1356 781 hincque
1379 709 1502 764 inde
1535 706 1805 764 cubantes

305 806 488 860 Mores
537 813 592 861 et
643 807 818 860 studia
846 814 900 860 et
929 805 1074 877 leges
1114 813 1170 860 et
1195 806 1446 876 dogmata
1478 811 1696 873 patrum

301 899 548 969 lncmpta
596 901 854 972 incipere,
885 902 1118 975 etlapsa
1152 917 1414 957 renovare
1445 909 1747 955 monerent.

303 1014 439 1071 Car.
476 1017 588 1072 VII.
629 1017 849 1089 Legatio
887 1019 1116 1089 fratrum
1159 1020 1228 1074 ad
1271 1020 1638 1088 imperatorem
1668 1017 1889 1072 directa.

307 1107 608 1165 Subdimur
629 1110 859 1178 interea,
889 1111 1024 1166 duro
1048 1112 1268 1168 custode
1295 1120 1524 1175 remoto,

301 1198 526 1256 Scilicet
568 1204 852 1268 extremis,
879 1219 1049 1274 usque
1079 1203 1209 1257 dum
1236 1203 1404 1259 frater
1443 1200 1712 1268 Adalfrid,

307 1291 464 1346 Unus
492 1293 560 1349 ab
609 1293 873 1359 occiduis,
927 1296 1129 1350 nostris
1158 1296 1450 1350 comitatus
1476 1295 1546 1349 ad
1565 1294 1676 1348 alta

299 1380 608 1447 Fratribus,
645 1376 829 1440 eximii
861 1387 1082 1441 subiens
1110 1385 1331 1441 oracula
1359 1386 1529 1457 regis,

299 1473 698 1544 Frustrataque
743 1475 859 1530 loco
887 1485 940 1532 et
970 1477 1088 1531 diro
1123 1477 1350 1546 spoliata
1380 1477 1644 1546 magistro

298 1565 488 1620 Fuldse
518 1565 677 1622 Patre
703 1569 810 1636 pio,
840 1585 1029 1625 rursus
1079 1571 1328 1626 vestirier
1354 1581 1492 1624 orat.

295 1658 399 1713 Cui
432 1660 516 1729 pia
558 1662 842 1732 progenies
878 1672 1074 1720 contra}
1090 1665 1168 1718 sic
1196 1680 1292 1720 ore
1336 1665 1548 1720 locutus
1580 1680 1593 1717 :

373 1748 522 1804 Vade
576 1768 696 1824 age,
724 1754 1120 1824 consiliumque
1146 1771 1314 1818 voca,
1345 1756 1651 1824 fratresque
1683 1753 1882 1810 saluta.

297 1840 370 1895 Et
397 1858 779 1912 quemcunque
805 1844 974 1900 velint
993 1846 1146 1915 iuste
1177 1846 1385 1916 ritequc
1417 1854 1694 1916 repertum

294 1932 552 2003 Expetito
597 1944 831 2004 patrem,
854 1953 918 1992 ex
951 1939 1110 1994 nobis
1139 1940 1375 1997 concede
1402 1938 1594 1994 labori.

372 2026 616 2092 Dixerat,
642 2036 696 2082 et
730 2028 912 2084 lattum
955 2029 1100 2085 clara
1130 2029 1336 2084 dimisit
1374 2030 1441 2084 ab
1468 2029 1616 2084 aula.

294 2117 393 2173 Ille
437 2121 529 2175 ubi
582 2123 821 2191 percepit
857 2123 999 2194 regis
1022 2138 1278 2194 responsa
1324 2123 1589 2194 potentis,

291 2208 475 2278 Atque
505 2212 619 2266 bzec
668 2213 782 2282 ipsa
831 2229 930 2269 suo
957 2215 1178 2272 volvens
1200 2215 1301 2270 sub
1321 2223 1542 2286 pectore
1571 2221 1790 2281 versat,

296 2298 566 2358 llortatur
597 2305 780 2360 socios
797 2304 1016 2370 creber,
1033 2305 1192 2375 jubet
1211 2321 1331 2362 esse
1355 2314 1602 2376 paratos,
1779 2368 1783 2370 _

292 2391 458 2462 Cogit
485 2394 621 2449 inire
661 2395 828 2462 viam,
857 2405 916 2452 et.
951 2397 1186 2452 celerem
1225 2412 1323 2468 per
1349 2412 1515 2467 opaca
1541 2395 1784 2452 locorum
1837 2381 1839 2383 ’

294 2480 521 2536 Concite
549 2481 690 2538 ferre
715 2485 962 2555 gradum,
990 2501 1087 2556 per
1110 2495 1305 2549 terras,
1333 2483 1880 2556 gramina,liinpltas,

293 2573 406 2627 Per
451 2584 682 2642 montes,
718 2577 992 2647 vallesque
1029 2577 1211 2640 simul,
1255 2592 1351 2646 per
1380 2577 1548 2632 densa
1577 2575 1842 2643 ferarum,

293 2663 516 2731 Lustra,
548 2667 702 2739 lupus
732 2669 1061 2724 horrendum
1090 2667 1302 2722 ululans
1325 2666 1414 2721 ubi
1443 2667 1632 2721 devius
1666 2680 1762 2721 ore

296 2754 630 2826 Sanguineo,
670 2771 810 2826 saepe
862 2757 1088 2813 insidias
1113 2757 1214 2811 sub
1237 2757 1402 2810 corde
1422 2754 1648 2810 volutat.

369 2843 480 2903 Nec
511 2863 683 2915 mora,
732 2864 965 2920 cumque
1003 2849 1117 2905 dies
1151 2849 1330 2904 noctis
1375 2853 1727 2918 superaverat
1768 2860 1887 2899 um-

1709 2933 1884 3012 [bras,

295 3029 616 3102 Titanisque
643 3032 844 3090 rubens
866 3033 984 3088 orbi
1008 3032 1100 3094 lux
1123 3031 1234 3088 alta
1266 3031 1511 3099 refulsit;

297 3123 496 3179 Statim
539 3141 660 3181 cum
685 3128 848 3183 sociis
871 3127 1070 3184 missus
1094 3128 1162 3184 de
1186 3144 1312 3200 rege
1342 3127 1626 3194 remissus,

294 3218 480 3294 Ardua
504 3221 754 3276 certatim
797 3222 1002 3292 pariter
1028 3223 1100 3278 ad
1124 3223 1326 3278 mmuia
1357 3221 1529 3278 tendit

295 3308 506 3375 Fuldac,
554 3322 708 3381 parta
745 3313 968 3384 quidem
1011 3330 1197 3370 secum
1233 3315 1375 3370 bona
1398 3314 1540 3368 dona
1575 3317 1882 3383 reportans.

369 3401 579 3458 interea
617 3404 759 3462 latos
783 3405 972 3464 volitat,
1015 3418 1251 3477 pennata
1272 3421 1372 3476 per
1402 3422 1584 3478 agros,

297 3489 550 3550 Ctenobii
585 3493 869 3551 FulJensis
899 3513 1068 3552 ovans
1098 3498 1550 3554 adlabituraures

296 3581 557 3637 Fratrum
601 3583 766 3651 fama,
807 3587 956 3653 boni,
983 3603 1202 3646 cursum
1247 3590 1562 3646 rumoribus
1609 3587 1770 3657 aptis,

294 3673 468 3731 Forte
499 3677 674 3730 virum
701 3687 968 3744 ostentat,
1008 3680 1215 3749 absque
1265 3681 1583 3736 discrimine
1615 3693 1833 3749 sospem

296 3767 643 3836 Confectum,
693 3771 928 3848 lazvique
961 3784 1148 3831 monet
1182 3774 1256 3833 nil
1295 3783 1476 3834 mente
1512 3773 1718 3830 vereri.

371 3861 499 3920 llrec
537 3864 713 3922 adhuc
745 3880 1052 3923 memorans
1078 3866 1235 3924 lictor
1273 3867 1339 3922 de
1367 3883 1494 3937 rege
1514 3874 1743 3922 venusto

299 3953 498 4010 Missus
544 3956 676 4020 adit,
711 3958 992 4028 nostrique
1032 3957 1192 4013 simul
1219 3975 1346 4018 cum
1385 3959 1630 4028 principe
1653 3957 1862 4014 fratres

301 4049 554 4115 Odilbob,
585 4052 833 4110 Baccheo
857 4067 882 4094 α
907 4066 962 4114 et
991 4057 1194 4121 senior,
1213 4055 1332 4124 jam
1363 4054 1582 4112 functus
1601 4073 1624 4120 ς,
1651 4064 1882 4129 uterque

299 4142 592 4216 Presbyter
625 4156 678 4203 et
715 4149 1032 4212 monachus,
1067 4149 1248 4204 anitiio
1277 4148 1494 4220 Letique
1518 4148 1762 4204 minores

301 4231 448 4290 δυςεὶ
486 4246 631 4292 tecta
659 4248 888 4308 petunt:
921 4256 1095 4309 neque
1131 4241 1276 4295 enim
1296 4248 1419 4308 post
1451 4248 1698 4308 tempora
1717 4236 1890 4298 multa

300 4330 587 4392 Fratribus
628 4333 846 4398 accitis,
876 4333 1026 4406 regis
1066 4333 1144 4386 ita
1165 4331 1385 4386 nuntius
1409 4346 1589 4386 orsus.

293 4423 434 4502 βω».
475 4423 606 4480 Vill.
637 4424 922 4495 Responsio
964 4424 1302 4495 imperatoria
1340 4421 1593 4491 fratribus
1633 4419 1886 4492 aperitur.

378 4515 664 4576 Ludwicus
705 4517 1074 4588 rexpaciiicus
1095 4515 1396 4588 Caesarque
1413 4528 1660 4580 serenus,

303 4607 605 4678 Vobisjpm
630 4610 846 4678 propria
879 4608 1154 4662 mandavit
1186 4622 1318 4661 voce
1347 4605 1598 4670 salutem,

302 4703 378 4760 Et
421 4721 794 4776 quemcunque
822 4704 978 4776 cupit.
1000 4712 1179 4759 vestra
1204 4703 1498 4758 concordia
1519 4717 1750 4758 concors

301 4795 436 4862 Rite
477 4806 708 4866 patrem,
756 4796 1008 4868 justeque
1037 4793 1195 4849 simul
1217 4794 1484 4866 digneque
1505 4802 1786 4866 repertum

301 4885 478 4942 Liesis
502 4888 797 4944 luminibus
818 4896 1000 4942 vestro
1043 4886 1311 4942 concessit
1329 4885 1524 4940 amori.

383 4977 552 5044 Dixit,
577 4989 632 5035 et
657 4980 920 5036 introrsus
941 4979 1055 5034 oris
1077 4978 1373 5049 spiramina
1414 4976 1616 5046 sepsit.

302 5072 466 5131 Nulla
510 5088 667 5128 mora
686 5073 746 5128 in
763 5072 938 5128 medio
961 5070 1192 5142 supplex
1224 5070 1276 5125 in
1309 5069 1470 5125 rebus
1511 5051 1704 5140 egenis

303 5163 567 5220 Fratrum
587 5164 866 5236 congeries
907 5178 1166 5232 responsa
1206 5171 1332 5217 ante
1359 5177 1458 5216 ora
1486 5161 1714 5216 ferentis

303 5255 551 5325 Corpore
574 5255 808 5327 collapsa
829 5257 1058 5328 genibus
1077 5254 1383 5323 procumbit
1402 5252 1570 5317 humi,
1608 5268 1734 5310 mox

304 5347 511 5405 Grates
530 5348 842 5419 persolvens
867 5348 1060 5418 dignas
1095 5347 1212 5402 haec
1247 5359 1472 5399 munera
1499 5345 1676 5398 danti.

388 5477 415 5506 ι
455 5464 631 5518 Fuere
672 5462 793 5531 ejus
840 5459 1075 5516 nominis
1114 5457 1410 5531 Fuldenses
1456 5457 1709 5531 monachi
1749 5457 1892 5513 duo:

307 5551 459 5592 unus
498 5529 748 5590 Rercheo
801 5533 1002 5596 senior,
1039 5531 1104 5582 de
1157 5544 1265 5596 quo
1326 5529 1434 5593 hic,
1493 5529 1584 5597 qui
1638 5530 1893 5584 diaconus

310 5608 572 5664 Einhiltm
599 5604 890 5661 hlilizensis
912 5602 1198 5656 abbatissa:
1231 5599 1439 5653 litteras
1466 5601 1772 5653 donationis
1795 5615 1891 5664 pro

311 5679 650 5734 monasterio
676 5675 924 5730 Fuldensi
946 5672 1164 5740 scripsit
1187 5686 1331 5723 anno
1349 5670 1474 5734 800,
1505 5671 1554 5723 in
1582 5671 1671 5723 tib.
1701 5687 1734 5724 ιι
1763 5670 1895 5727 Tra-

316 5750 588 5807 ditionum
610 5748 978 5808 Fuldensmm,
1019 5759 1138 5815 pag.
1165 5742 1292 5802 5H.
1323 5753 1379 5815 et
1419 5743 1508 5812 qui
1542 5743 1652 5812 jam
1683 5751 1894 5815 presby-

317 5831 404 5878 ter
423 5821 592 5889 aliam
611 5821 832 5893 scripsit
849 5832 990 5880 anno
1010 5812 1142 5886 819,.
1163 5828 1290 5889 pag.
1317 5812 1420 5874 551
1439 5832 1459 5884 ,'
1482 5815 1619 5873 alter
1641 5812 1892 5877 Baccheo

2075 521 2206 587 Quis
2235 519 2328 572 tibi
2370 525 2482 571 tum
2511 516 2746 571 fraterna
2774 517 2970 571 coliors
3019 515 3072 568 in
3117 521 3333 584 pectore
3357 517 3584 573 sensus?

2000 613 2113 667 Imo
2149 611 2275 665 talia
2307 609 2540 664 volventi
2569 624 2688 677 qua:
2726 618 2905 662 mente
2934 607 3182 661 voluntas
3204 607 3236 660 ?

1999 707 2212 772 Quasve
2253 713 2488 757 tremens
2511 701 2688 755 cieras
2727 709 2984 754 concreto
3007 714 3238 769 corpore
3274 703 3477 755 voces?

1998 797 2190 850 Nonne
2228 795 2344 849 vias
2383 791 2606 863 simplex
2634 790 2864 846 fratrum
2893 807 2951 846 se
2980 790 3145 845 flectit
3170 791 3222 844 in
3251 792 3442 847 ambas

1997 887 2258 950 Discolor,
2309 894 2471 955 atque
2511 883 2839 939 subintravit
2895 882 3168 938 discordia
3204 895 3366 951 pone,

1996 981 2344 1048 Turbataque
2379 980 2487 1033 ruit
2522 977 2713 1048 simpla
2765 975 3053 1032 concordia
3093 977 3288 1030 retro?

1995 1070 2146 1126 Talia
2180 1070 2225 1124 si
2261 1071 2456 1124 subeas
2488 1069 2650 1133 ultra,
2696 1083 2730 1122 ο
2779 1067 3052 1122 sociabilis
3077 1069 3230 1132 ordo,

1993 1161 2256 1225 Concilio,
2302 1160 2449 1215 tenui
2490 1161 2653 1214 liceat
2701 1168 2758 1213 te
2796 1174 2928 1213 voce
2977 1174 3217 1213 monere.

1991 1254 2162 1309 Parce
2219 1260 2386 1315 metu,
2420 1250 2629 1320 solique
2659 1249 2768 1304 Deo
2804 1250 3082 1304 confidere
3105 1249 3272 1306 disce.

1991 1349 2160 1404 Posce
2204 1347 2314 1400 Deo
2348 1343 2568 1415 placita,
2613 1345 2657 1398 si
2687 1345 2829 1408 scis;
2880 1345 2929 1398 si
2959 1359 3180 1413 poscere
3229 1344 3430 1412 nescis,

1989 1441 2098 1495 Ant
2127 1439 2220 1493 tibi
2245 1438 2290 1491 si
2327 1437 2466 1490 desit
2490 1437 2605 1489 veri
2659 1436 2924 1506 sapientia
2977 1437 3148 1501 verbi,

1989 1534 2143 1588 Alma
2191 1531 2406 1600 altaque
2448 1528 2550 1583 fide
2610 1537 2929 1599 regnantem
2986 1543 3219 1582 cernuus
3270 1542 3386 1594 ora,

1990 1628 2093 1694 Qui
2124 1627 2264 1680 bona
2300 1632 2496 1678 cuncta
2553 1622 2720 1686 dabit,
2758 1630 2812 1674 et
2857 1621 2987 1674 nulli
3025 1619 3219 1691 probra
3255 1619 3522 1691 rependit.

1992 1740 2121 1795 CAP.
2146 1737 2211 1792 Χ.
2262 1739 2437 1792 Datur
2477 1736 2688 1790 licentia
2719 1736 2991 1804 aspirandi
3029 1752 3186 1800 super
3227 1735 3431 1788 abbatis
3469 1733 3576 1788 cle-

1916 1800 1964 1866 Β
2029 1813 2224 1875 ctione,
2273 1821 2319 1862 et
2373 1809 2650 1862 consitium
2691 1800 2958 1860 seniorum
2997 1816 3047 1860 et
3082 1807 3284 1859 abbatis
3334 1806 3539 1859 electio.

2060 1924 2235 1994 Larga
2282 1922 2500 1993 quidem
2525 1935 2687 1989 super
2714 1920 2817 1972 hoc
2839 1932 3094 1972 concessa
3134 1925 3218 1970 est
3243 1917 3394 1986 copia
3427 1914 3580 1972 faudl'.

1987 2018 2294 2080 Fratribus,
2330 2017 2492 2084 inque
2523 2016 2697 2066 vicem
2726 2012 2920 2066 dehinc
2943 2011 3214 2079 respirare
3246 2017 3502 2079 potestas.

1985 2111 2074 2165 Fit
2102 2107 2278 2162 subito
2314 2105 2542 2159 fratrum
2572 2103 2792 2174 passim,
2825 2116 3124 2156 concursus
3150 2100 3204 2152 in
3236 2114 3423 2154 unum.

1985 2201 2184 2272 Longis
2211 2197 2510 2270 porticibus
2538 2196 2762 2251 claustri
2797 2195 3069 2255 confessio
3101 2194 3257 2263 longa

1985 2293 2259 2348 Cernitur.
2301 2292 2439 2347 Hinc
2469 2291 2622 2344 vario
2645 2290 2796 2342 varia
2826 2302 3076 2342 sermone
3101 2286 3296 2340 levata.

1987 2383 2214 2439 Concite
2245 2382 2492 2452 prorupit
2520 2381 2573 2434 in
2605 2379 2842 2433 medium
2875 2393 2963 2431 res
2994 2377 3232 2440 dissona,
3262 2374 3468 2429 circum

1986 2478 2130 2533 Fusa
2158 2485 2320 2541 rotat,
2354 2489 2554 2528 acuens
2585 2472 2750 2526 variis
2781 2470 3088 2524 rumoribus
3122 2469 3230 2522 iras

1987 2568 2229 2623 Infausta
2265 2566 2529 2638 genitrice
2560 2572 2676 2618 sata
2711 2562 2982 2616 discordia
3012 2559 3214 2630 proles.

1984 2660 2070 2716 An
2101 2659 2292 2728 loquar
2313 2698 2328 2722 ,
2359 2672 2427 2710 an
2455 2655 2687 2710 sileam?
2708 2653 2851 2724 vulgi
2882 2652 3145 2706 sententia
3178 2648 3340 2712 fatur,

1989 2750 2142 2818 Quod
2167 2749 2290 2818 quis
2317 2747 2652 2818 ﬂammigero
2683 2743 2858 2798 valide
2879 2751 3160 2797 contactus
3186 2742 3252 2794 ab
3291 2742 3434 2812 igne,

1984 2829 2173 2913 ignem
2201 2839 2536 2909 llammigero
2565 2835 2827 2906 pavitanti
2862 2845 3038 2889 mente
3068 2843 3305 2887 veretur.

1986 2933 2152 2988 Hicce
2172 2933 2386 2987 Patrem
2409 2930 2546 3001 petit
2573 2929 2738 2993 hunc,
2771 2929 2918 2982 illum
2938 2941 3169 2996 namque
3200 2924 3286 2979 ille
3312 2921 3576 2996 reposcit,

1986 3027 2158 3094 Quem
2191 3039 2316 3095 pars
2344 3037 2449 3077 una
2481 3021 2649 3092 cupit,
2677 3019 2874 3090 refugit
2901 3033 3027 3088 pars
3057 3017 3225 3070 altera
3252 3034 3263 3067 :
3296 3014 3455 3085 longe

1987 3117 2327 3187 Compellare
2357 3130 2543 3170 senem
2568 3113 2807 3182 juvenis,
2843 3112 3111 3179 audetque
3141 3109 3316 3162 virum
3338 3108 3423 3161 vir

1912 3170 2227 3266 α’νοεὶἶηιε
2257 3205 2469 3261 infestis
2491 3170 2733 3274 duroque
2766 3170 3040 3257 lacessere
3055 3200 3241 3254 verbo.

1988 3299 2100 3356 Nec
2131 3299 2401 3369 iamquis
2424 3297 2704 3367 proprium
2731 3294 2919 3348 furtim
2955 3301 3186 3348 testatur
3208 3304 3470 3348 amorem.

1988 3392 2241 3448 Curritur
2279 3391 2347 3445 ad
2376 3390 2533 3443 solita
2560 3389 2740 3442 saltim
2769 3387 2961 3442 solatia
2985 3386 3147 3439 votis.

1991 3484 2255 3541 Omnibus
2287 3485 2341 3538 in
2373 3498 2658 3538 commune
2687 3483 2797 3536 Deo
2824 3491 2955 3551 prex
2987 3480 3092 3533 alta
3121 3475 3375 3532 refertur.

1994 3577 2272 3647 Supplicat
2297 3575 2494 3629 obnixe
2516 3574 2728 3628 ostendi
2754 3571 2994 3625 fraterna
3020 3570 3288 3623 voluntas.

1991 3673 2226 3728 Dextera
2243 3671 2372 3740 quid
2399 3683 2561 3740 super
2584 3670 2685 3723 hoc
2715 3675 2916 3721 statuat
2939 3680 3130 3718 manus
3156 3657 3577 3732 Omnipotentiss

1992 3762 2247 3834 Perspice
2275 3779 2416 3818 nunc
2445 3777 2662 3832 precor,
2696 3776 2729 3814 o
2755 3757 3216 3816 conﬁdentissime
3238 3753 3430 3820 frater,

1990 3856 2110 3929 ipse
2143 3859 2284 3913 Deus
2312 3873 2406 3912 rex
2429 3855 2701 3927 perspicui
2731 3868 3014 3924 possessor
3049 3849 3270 3921 olympi,

1991 3950 2143 4006 Fidis
2168 3966 2331 4020 quam
2362 3949 2520 4004 facile
2553 3949 2818 4003 miserans
2843 3946 2896 3999 in
2931 3946 3090 4000 rebus
3119 3941 3305 4014 egenis

1989 4043 2237 4099 Consulit
2263 4043 2626 4111 omnipotens,
2655 4040 2861 4094 discors
2889 4046 2944 4091 et
2968 4036 3177 4089 l'uttulis
3208 4048 3397 4088 amens

1986 4138 2092 4192 Ast
2112 4137 2321 4192 heresis
2353 4133 2584 4204 refugit,
2616 4133 2794 4187 subito
2824 4127 3188 4199 bipatentibus
3217 4129 3387 4179 intrat

1990 4229 2140 4284 Lazta
2173 4229 2386 4296 quidem
2409 4226 2668 4280 comitata
2696 4224 2796 4277 [ide
2825 4218 3115 4278 concordia
3138 4215 3329 4284 portis.

1999 4378 2001 4380 .
2063 4320 2134 4374 At
2158 4334 2286 4374 vero
2315 4320 2523 4372 interea
2549 4314 2794 4385 quatitur
2824 4309 3146 4365 densissime
3166 4306 3375 4375 signum
3412 4302 3554 4374 (cum

3300 4397 3510 4470 tranat.

1914 4535 1970 4600 Β
1997 4505 2114 4573 Quo
2154 4503 2344 4558 moniti
2377 4501 2608 4557 fortasse
2637 4497 2832 4552 animis
2857 4510 2964 4551 non
2992 4493 3199 4548 viribus
3221 4491 3411 4562 inquis,

1998 4599 2202 4657 Ordine
2226 4597 2497 4668 permixto
2525 4595 2721 4649 fratres
2751 4593 3120 4664 glomerantur
3149 4590 3202 4642 in
3239 4602 3424 4641 unum.

1997 4695 2136 4750 Exin
2169 4709 2317 4748 litore
2343 4693 2562 4762 quidem
2591 4689 2750 4744 solito
2775 4689 2831 4741 fit
2863 4687 3023 4741 lectio
3059 4700 3275 4748 versus,

1996 4783 2127 4839 Inde
2158 4799 2389 4853 sequens
2417 4781 2630 4836 tandem
2654 4778 2923 4847 extemplo
2954 4791 3111 4846 prece
3137 4776 3236 4828 rite
3260 4782 3502 4842 peracta,

1991 4872 2190 4948 Erupit
2228 4879 2284 4931 in
2309 4891 2496 4931 vocem
2525 4875 2764 4944 graviter
2791 4887 2917 4942 pars
2943 4871 3109 4924 ardua
3139 4870 3386 4933 fratrum,

1998 4969 2079 5025 Ac
2107 4969 2307 5024 salubri
2333 4968 2528 5024 debiuc
2551 4965 2808 5030 consilio,
2829 4964 2906 5018 sic
2929 4977 3023 5018 ore
3069 4962 3296 5017 ferebat.

2070 5065 2201 5129 Nos,
2233 5081 2266 5117 ο
2296 5063 2400 5121 fida
2429 5077 2639 5124 manus,
2676 5060 2826 5115 vario
2863 5061 3114 5114 turbante
3145 5053 3398 5118 tumultu,

2001 5157 2156 5227 Saepe
2185 5154 2284 5210 sub
2314 5155 2542 5209 adverso
2569 5153 2765 5222 partim
2790 5151 3012 5207 sudasse
3038 5149 3221 5202 labore

2001 5250 2260 5320 Contigit.
2294 5247 2353 5302 In
2378 5262 2664 5304 commune
2694 5255 2875 5300 tamen
2896 5239 3211 5296 discrimina
3233 5234 3408 5290 morbi

2001 5347 2216 5404 llixtim
2240 5360 2340 5401 nos
2369 5344 2629 5400 tolerasse
2655 5342 2782 5397 mali
2804 5339 3140 5408 contingeret
3165 5333 3339 5389 adhuc
3361 5345 3380 5386 :

1994 5468 2203 5539 junior,
2257 5466 2362 5539 alio
2391 5464 2609 5539 nomine
2652 5459 2948 5539 Modestus,
2983 5453 3072 5507 cui
3098 5451 3244 5539 obice.
3271 5449 3394 5539 Vita
3439 5465 3578 5539 pano

1999 5523 2216 5610 cupata'.
2271 5538 2355 5610 De
2394 5535 2621 5610 Odilbob
2684 5529 2818 5584 nihil
2869 5525 3137 5610 succurrit
3181 5523 3576 5610 adnotandum,

1999 5595 2103 5666 nisi
2143 5610 2284 5680 quod
2314 5607 2551 5680 ejusdem
2589 5604 2699 5680 fere
2740 5595 3165 5680 t_iou_i_inis.[t;ater
3193 5595 3459 5680 Odilleoz‘
3484 5609 3581 5676 n9—

2000 5665 2307 5737 niinat'urin
2335 5665 2541 5730 Alcuini
2568 5671 2796 5742 cpistola
2814 5668 2986 5738 64,ad
3003 5665 3229 5724 Fratres
3256 5669 3310 5721 in
3354 5665 3576 5723 ecclesia

2000 5755 2171 5811 sancti
2205 5747 2484 5819 Liudgarii
2511 5742 2757 5816 episcopi.
