4006 6454
473 357 581 415 ιοῖ

477 472 620 529 Celsi
653 471 910 528 fulminea
937 473 1119 528 subito
1151 473 1207 528 ni
1238 473 1458 530 dextera
1499 474 1681 530 Patris

476 568 719 637 Desuper
759 565 1051 622 adveniens
1085 568 1254 621 nostri
1286 569 1661 624 miseresceret
1688 570 1852 626 ultro.

477 658 584 715 Sed
611 660 738 730 quia
767 675 866 715 nos
891 659 1060 714 voluit
1090 661 1270 729 magni
1302 675 1555 732 regnator
1579 663 1788 734 Olympi

475 751 602 806 Haec
625 752 821 805 iterum
853 751 968 806 loca
1004 752 1303 822 percipere,
1335 769 1439 807 non
1475 754 1748 824 linquere;
1781 770 1986 826 nosque

472 841 684 896 Rursus
711 841 764 896 in
797 843 1075 910 antiquam
1107 851 1305 897 nostra:
1334 843 1637 898 conducere
1667 843 1898 899 formam

473 933 643 998 Viue;
692 947 840 987 nunc
879 933 1104 998 animm,
1149 934 1278 988 totis
1321 949 1462 989 nunc
1506 935 1714 990 viribus
1737 947 1854 991 esto

473 1025 714 1096 Quisque
743 1041 855 1080 sum
885 1027 1116 1095 vitaeque
1147 1041 1372 1091 memor,
1403 1029 1714 1098 prmsumite
1745 1030 1984 1085 Patrem'

472 1117 694 1173 Fratres
731 1119 821 1187 qui
850 1118 1047 1182 valeat,
1082 1117 1301 1187 supplex
1335 1105 1460 1173 licet
1485 1134 1580 1174 ore
1611 1127 1827 1174 recuset
1855 1138 1866 1174 :

470 1210 589 1267 Non
614 1211 776 1274 hunc,
797 1211 887 1280 qui
914 1210 1062 1280 cupit
1089 1219 1251 1279 atque
1273 1211 1477 1280 nequit,
1511 1211 1636 1266 licet
1663 1226 1757 1265 ore
1781 1218 2056 1281 reposcat,

472 1302 714 1358 Moribus
741 1302 970 1371 insignis
985 1302 1199 1370 pariter
1227 1317 1351 1356 cum
1379 1303 1628 1372 dogmate
1655 1317 1813 1357 sacro
1833 1316 1900 1357 ac

472 1395 653 1452 Mente
681 1398 791 1467 pia,
820 1396 982 1466 digne
1011 1403 1217 1450 tantam
1240 1397 1549 1462 praecedere
1579 1397 1814 1451 turbam.

544 1487 670 1542 Haec
700 1503 1012 1542 memorans
1037 1488 1435 1556 circums‘iecte
1463 1504 1590 1558 pars
1616 1490 1787 1542 ardua
1831 1487 2058 1542 Patrum

470 1578 757 1633 Extulerat
777 1619 792 1643 ,
822 1593 888 1633 ea
917 1578 1043 1634 dein
1091 1588 1342 1649 repetens
1376 1595 1591 1649 quoque
1624 1589 1818 1636 caetera
1851 1593 2025 1651 prona

469 1670 732 1736 Contulit,
764 1671 928 1741 inque
955 1671 1131 1726 vicem
1162 1673 1338 1742 spisso
1373 1688 1623 1728 sermone
1647 1673 1930 1728 reformat.

480 1755 486 1760 ’
546 1765 702 1819 Haud
739 1781 891 1820 mora
919 1765 1180 1821 continuo
1207 1766 1464 1820 concordi
1497 1777 1677 1820 mente
1705 1774 1945 1821 vetustus

469 1855 723 1912 Poscitur
752 1857 806 1910 in
837 1857 1057 1911 Patrem
1085 1856 1283 1912 Norica
1311 1858 1533 1926 regione
1559 1874 1754 1912 serena

471 1948 680 2002 Nobilis
706 1949 998 2001 adveniens
1027 1948 1155 2001 olim
1183 1956 1238 2001 et
1266 1949 1592 2017 parvissima
1622 1948 1801 2018 proles

469 2037 635 2110 Eigil,
678 2047 912 2108 tuncque
934 2040 1118 2109 gravis
1155 2048 1398 2094 veterum
1431 2049 1705 2094 scrutator
1733 2053 1980 2093 avorum.

471 2132 661 2198 Quove
690 2131 1002 2197 reluctanti,
1039 2132 1228 2186 sedato
1257 2139 1477 2201 pectore
1505 2147 1674 2200 pauca
1701 2147 1716 2186 :

470 2223 802 2278 Fraternum
845 2233 972 2277 ante
1001 2224 1218 2293 quidem
1246 2225 1526 2278 nobiscum
1549 2223 1726 2279 fmdus
1757 2222 1924 2278 inisse

471 2307 550 2370 Te
583 2315 898 2370 meminisse
926 2315 1101 2380 decet,
1131 2316 1341 2370 socium
1371 2315 1635 2370 miserere
1668 2324 1908 2381 tuorum,
1948 2321 2004 2368 et

474 2405 532 2461 Si
561 2406 692 2476 quid
720 2407 888 2461 habes
917 2407 1156 2470 virtutis,
1189 2407 1266 2460 ait
1297 2407 1587 2462 concordia
1618 2406 1866 2470 fratrum,

473 2498 734 2567 Corporis
754 2506 920 2566 atque
935 2497 1130 2552 anima:
1156 2499 1410 2570 precibus
1439 2514 1543 2553 neu
1559 2499 1819 2553 subtrahe
1842 2495 2066 2551 nostris.

471 2609 600 2666 CAP.
642 2609 735 2666 XI.
780 2608 1071 2665 Excusatio
1109 2609 1378 2680 ejusdem,
1433 2610 1752 2693 et.objectio
1798 2609 2065 2679 fratrum,

991 2691 1038 2734 et
1079 2698 1366 2735 consensus
1405 2691 1562 2736 senis.

549 2772 704 2828 Tunc
730 2788 946 2843 quoque
969 2772 1248 2843 longtevus
1267 2814 1282 2838 ,
1308 2783 1582 2828 commoto
1610 2781 1830 2842 pectore
1853 2778 2068 2837 contra,

471 2862 663 2918 Nonne
691 2863 844 2917 vides
875 2863 1020 2932 quod
1048 2864 1149 2917 hoc
1179 2879 1376 2934 corpus
1406 2863 1566 2917 effeta
1599 2873 1857 2918 senectus

469 2955 758 3029 Deprimit,
789 2958 1135 3027 exagitatquc
1163 2967 1348 3028 caput,
1380 2959 1613 3028 vestigia
1640 2957 1894 3026 torquet?

472 3048 635 3104 Visus
664 3049 983 3120 languescit,
1014 3049 1222 3104 lacerat
1246 3051 1545 3118 praeconia
1575 3049 1763 3112 tussis,

471 3137 728 3208 Corporis
758 3154 823 3193 ac
850 3148 990 3194 totos
1014 3141 1189 3209 quatit
1216 3156 1360 3212 mger
1392 3142 1665 3198 anhelitus
1695 3143 1886 3197 artus?

475 3231 637 3287 Solus
659 3241 1013 3302 quapropter,
1043 3231 1240 3297 fateor,
1277 3234 1572 3289 subsistere
1605 3243 1754 3288 tanta

471 3321 721 3380 Pondera
747 3339 854 3378 non
880 3323 1054 3378 valeo.
1085 3323 1282 3378 Senior
1318 3325 1396 3379 sic
1418 3341 1512 3380 ore
1545 3340 1854 3396 repugnans

474 3417 717 3484 Dixerat,
753 3427 808 3471 et
835 3417 1009 3472 luteos
1041 3418 1297 3489 lacrymis
1330 3419 1570 3490 perfudit
1599 3420 1818 3474 ocellos.

543 3509 740 3564 Desine
771 3507 945 3579 plura,
979 3508 1160 3574 Pater,
1194 3511 1390 3581 inquit,
1419 3525 1473 3568 et
1500 3513 1632 3567 cede
1658 3513 1863 3582 petenti
1887 3511 2017 3568 huic

470 3601 772 3657 Ctenobio:
807 3619 936 3667 non,
964 3618 1082 3667 oro,
1117 3619 1300 3659 senem
1335 3614 1385 3659 te
1407 3621 1537 3660 cura
1572 3605 1856 3678 refringat.

471 3689 641 3760 Hujus
668 3707 903 3763 namque
928 3693 1109 3764 operis
1135 3693 1363 3751 fratrum
1392 3698 1684 3752 concordia
1717 3707 1897 3754 tecum

471 3781 693 3836 Viribus
727 3783 942 3838 infessis
973 3784 1181 3853 pariter
1208 3783 1436 3842 sufferre
1463 3787 1703 3843 laborem

473 3871 678 3943 Sponte
707 3875 872 3938 subit,
909 3890 1009 3930 nec
1040 3885 1092 3929 te
1118 3877 1292 3930 solum
1317 3879 1416 3932 sub
1445 3877 1590 3935 fasce
1618 3881 1802 3935 dolere

475 3962 743 4019 Sustinet.
780 3964 980 4019 Hincce
1011 3965 1157 4019 senis
1181 3968 1377 4021 durum
1411 3970 1728 4025 mollescere
1755 3971 1925 4043 coepit

472 4054 703 4119 Pectus;
736 4065 791 4110 et
821 4055 947 4109 hinc
974 4053 1176 4111 fratres
1205 4058 1366 4113 dictis
1392 4059 1589 4114 affatur
1615 4063 1824 4117 amicis.

545 4146 662 4202 Non
696 4163 782 4202 me
807 4147 944 4204 velle
975 4147 1158 4219 fugam
1191 4151 1441 4206 mihimet
1462 4169 1560 4224 pro
1590 4153 1750 4210 laude
1771 4155 1975 4226 pacisci

477 4238 648 4308 Hujus
679 4241 941 4310 profiteor
967 4241 1180 4312 operis;
1215 4257 1317 4298 nec
1351 4245 1546 4299 terruit
1577 4245 1679 4300 hoc
1708 4261 1804 4300 cor

480 4332 751 4390 Horridus
777 4337 880 4390 iste
901 4335 1055 4390 labor
1083 4355 1094 4390 :
1137 4337 1231 4392 sed
1258 4338 1536 4394 debilitata
1567 4350 1821 4396 senectus

479 4427 762 4491 Terrebat,
793 4431 1126 4499 morbusque
1157 4440 1395 4496 tumens,
1430 4443 1484 4488 ct
1507 4433 1733 4502 pestifer
1760 4435 1955 4490 hostis.

476 4519 633 4575 Nunc
658 4518 772 4587 jam
803 4520 939 4575 cedo
969 4523 1220 4590 equidem
1241 4525 1431 4593 jussis,
1465 4541 1528 4580 ac
1548 4527 1701 4596 jussa
1731 4526 1960 4584 facesso.

476 4613 556 4668 Tu
588 4621 770 4668 tamen
796 4615 1003 4668 interea
1030 4617 1261 4684 pariter,
1293 4622 1585 4674 concordia
1612 4620 1867 4690 fratrum,

482 4703 697 4761 Viribus
736 4703 953 4760 infessis
975 4722 1186 4762 mecum
1214 4711 1417 4779 partire
1445 4711 1706 4769 laborem.

475 4820 606 4877 Car.
664 4818 781 4874 XII.
846 4819 965 4875 Itur
1004 4822 1075 4875 ad
1133 4840 1505 4908 regemsuper
1542 4827 1744 4882 abbatis
1782 4829 2070 4899 conﬁrma-

1191 4905 1351 4952 ηοηε.

546 4978 674 5033 Rrec
701 4979 796 5033 ubi
836 4979 980 5035 dicta
1012 4990 1216 5047 essent,
1248 4979 1431 5038 verrat
1485 4983 1724 5040 fraterna
1750 4994 1994 5057 potestas

478 5071 701 5126 Fratres
729 5088 793 5126 ac
821 5073 1000 5128 socios
1025 5076 1250 5145 proprio
1279 5076 1347 5132 de
1370 5092 1600 5147 corpore
1625 5078 1818 5145 lectos,

479 5163 581 5230 Qui
613 5179 734 5218 cum
763 5163 924 5219 Patre
946 5165 1105 5220 simul
1135 5169 1350 5224 noviter
1373 5170 1589 5225 seniore
1613 5179 1830 5242 recepto

481 5255 646 5329 Regis
675 5259 741 5314 ad
769 5260 954 5315 eximii
986 5277 1150 5332 super
1178 5263 1281 5318 hoc
1310 5264 1529 5319 decreta
1561 5274 1864 5320 recurrant.

551 5349 645 5403 His
680 5366 895 5421 quoque
921 5355 1240 5426 compositis
1272 5367 1525 5426 pergunt,
1568 5359 1860 5413 comitatur
1885 5358 2068 5415 Aaron

480 5442 697 5498 Primus
723 5446 791 5499 ah
826 5447 928 5511 his,
964 5450 1112 5502 misit
1141 5449 1313 5505 solers
1336 5466 1474 5520 quos
1501 5451 1647 5520 regia
1679 5467 1806 5506 cura

479 5533 563 5590 Ad
593 5545 836 5592 nostrum
871 5555 1158 5596 commune
1183 5543 1381 5596 bonum
1409 5544 1508 5597 sub
1543 5552 1807 5613 tempore,
1838 5559 1946 5614 quo
1970 5559 2072 5601 nos

480 5626 762 5698 improbus
787 5641 951 5702 atque
979 5633 1161 5686 minax
1193 5633 1410 5689 demum
1436 5634 1718 5690 furialibus
1745 5636 1892 5692 ausis

482 5717 796 5778 Monoceros
827 5722 939 5792 jam
980 5725 1212 5780 cessavit
1256 5735 1461 5781 terrere
1505 5726 1748 5798 fugaces.

553 5811 771 5870 Solibus
794 5815 922 5869 hinc
949 5814 1116 5873 etiam
1143 5818 1418 5876 nonnullis
1449 5818 1552 5874 rite
1583 5818 1824 5891 relectis,

1563 358 1621 415 S.
1661 352 1910 417 EIGILIS
1944 352 2238 416 ABBATIS
2276 354 2662 417 FULDENSIS

2073 3177 2144 3258 ὀ

2095 4575 2152 4636 1)

3630 306 3744 415 tos

2087 479 2140 538 Α
2166 474 2325 530 Venit
2355 475 2419 529 ad
2448 475 2671 530 occidua
2695 474 2811 529 haec
2838 472 3025 530 eadem
3054 469 3252 543 legatio
3271 485 3420 542 rura,

2156 568 2388 624 Cmsaris
2408 570 2611 640 antiqui
2641 569 2864 640 supplex
2892 568 3109 623 oracula
3134 584 3384 638 poscens.

2159 659 2295 714 Tum
2326 675 2558 729 namque
2581 660 2842 714 occiduus
2869 660 3168 714 monachus
3207 667 3261 712 et
3285 659 3572 730 presbyter
3594 660 3694 716 alti

2158 749 2323 821 Regis
2357 751 2422 804 ad
2469 751 2784 820 adspeetum
2810 751 2959 820 prior
2988 750 3250 804 invitatus
3272 749 3453 805 Aaron

2070 882 2076 887 .
2158 839 2530 911 Progreditur,
2560 857 2863 911 causasque
2888 842 3012 896 vita:
3043 841 3349 912 fratresque
3376 842 3592 898 venisse

2159 933 2482 997 Fuldenses,
2513 934 2701 988 humili
2725 950 2906 987 coram
2936 949 3186 988 sermone
3211 943 3463 1003 patenter

2163 1025 2308 1096 Rege
2338 1026 2534 1094 aperit,
2573 1035 2734 1094 atque
2765 1034 2891 1079 ante
2917 1025 3064 1080 fores
3096 1025 3316 1080 adstare
3348 1025 3578 1081 reclusis

2161 1117 2308 1186 Quos
2336 1134 2456 1172 cum
2489 1134 2587 1188 pro
2615 1117 2818 1172 foribus
2853 1117 3034 1173 Caesar
3063 1120 3370 1188 prmsensit,
3401 1127 3460 1173 ut
3485 1101 3695 1174 intrent

2161 1212 2388 1266 Dicitur.
2421 1210 2489 1263 At
2515 1212 2696 1266 senior
2723 1211 2954 1265 fratrum
2987 1213 3222 1283 stipante
3251 1225 3467 1268 caterva

2159 1303 2375 1359 lntrans
2399 1303 2631 1373 procidit
2656 1303 2720 1357 ad
2749 1320 2938 1373 genua,
2971 1305 3308 1374 genibusque
3334 1305 3586 1362 volutans

2168 1397 2290 1452 Una
2311 1412 2434 1451 cum
2473 1397 2656 1460 sociis,
2699 1397 2906 1451 vultum
2939 1401 3219 1469 regnantis
3246 1399 3502 1456 honorat.

2162 1487 2273 1544 Nec
2300 1504 2450 1543 mora
2481 1489 2758 1554 continuo,
2790 1489 2978 1543 dextra
3008 1490 3183 1544 innuit
3207 1491 3322 1559 ipse
3357 1489 3575 1555 nitenti,

2163 1579 2338 1649 Atque
2363 1591 2543 1635 astare
2564 1578 2718 1648 jubet
2743 1599 2754 1633 :
2787 1581 2937 1649 prior
2965 1590 3019 1636 et
3043 1581 3121 1635 sic
3145 1581 3331 1651 incipit
3371 1581 3505 1650 ipse.

2234 1674 2278 1730 Ο
2306 1676 2438 1736 nati,
2467 1673 2771 1744 fratresque
2807 1675 2936 1735 mei,
2970 1673 3205 1744 lectique
3235 1684 3512 1744 parentes,

2169 1765 2304 1836 Spes
2333 1767 2544 1836 patriae,
2574 1767 2852 1834 nostrique
2878 1767 3042 1819 decus
3070 1774 3120 1818 et
3153 1765 3322 1836 gloria
3353 1764 3526 1836 regni,

2092 1835 2142 1898 Β
2173 1860 2278 1914 Vos
2304 1861 2571 1913 horrenda
2603 1859 2764 1913 nimis
2793 1867 2918 1913 ante
2949 1858 3264 1912 discrimina
3290 1857 3458 1928 pestis

2170 1951 2460 2005 Lethiferte
2489 1950 2752 2020 urgebant
2785 1967 2798 2003 :
2833 1949 3015 2003 saltim
3047 1965 3191 2003 nunc
3220 1958 3372 2002 eruta
3397 1947 3562 2003 corda

2170 2042 2397 2112 Erigite.
2431 2052 2792 2110 maestumque
2819 2048 3021 2095 metum
3050 2039 3312 2095 secludite
3340 2059 3352 2093 :
3386 2048 3567 2094 vestra

2170 2133 2375 2202 Regula
2405 2133 2548 2202 quod
2577 2132 2788 2196 doceat,
2824 2131 3030 2187 intento
3053 2132 3218 2187 corde
3255 2141 3454 2187 tenete.

2170 2222 2289 2293 Ipsa
2319 2232 2405 2277 est
2430 2232 2582 2292 porta
2613 2231 2774 2292 atque
2801 2230 2949 2276 arcta
2981 2223 3091 2284 via,
3119 2237 3238 2291 qua:
3269 2221 3416 2275 ducit
3440 2221 3505 2275 ad
3528 2221 3640 2275 alta

2172 2313 2358 2384 Regna
2393 2313 2502 2383 poli
2529 2331 2543 2379 ;
2579 2313 2888 2368 contendite
2914 2329 3056 2368 nunc
3088 2313 3295 2366 intrare
3323 2327 3420 2381 per
3444 2311 3592 2366 illam
3618 2313 3634 2364 !

2175 2405 2247 2460 Ut
2273 2421 2371 2476 per
2399 2421 2518 2460 eam
2544 2406 2706 2461 modo
2733 2413 3034 2470 currentes,
3064 2405 3298 2459 veniatis
3319 2405 3385 2458 ad
3410 2404 3558 2458 illum

2175 2497 2276 2564 Qui
2317 2515 2415 2554 vos
2443 2500 2509 2554 de
2539 2499 2778 2555 tenebris
2805 2500 3072 2554 miserans
3109 2509 3164 2553 et
3193 2515 3414 2554 carcere
3453 2512 3620 2564 caeco,

2173 2589 2292 2644 Non
2325 2591 2558 2656 meritis,
2589 2592 2842 2661 produxit
2869 2591 2920 2645 in
2945 2591 3264 2645 admirabile
3295 2591 3494 2646 lumen.

2176 2681 2394 2736 Currite
2417 2699 2581 2746 nunc,
2613 2681 2833 2746 fratres,
2861 2682 2985 2736 vitae
3015 2683 3143 2737 dum
3167 2682 3347 2736 lumen
3382 2681 3617 2746 habetis,

2174 2774 2289 2830 Neu
2321 2775 2556 2828 tenebrae
2584 2790 2680 2828 vos
2703 2774 3031 2845 pmripiant.
3058 2774 3196 2829 Ante
3221 2773 3400 2828 omnia
3433 2788 3648 2843 pacem,

2175 2868 2372 2924 Veram
2403 2884 2616 2938 pacem,
2643 2869 2883 2938 inquam,
2916 2869 3033 2924 sine
3059 2884 3166 2939 qua
3193 2883 3290 2921 nec
3310 2882 3509 2922 munus
3537 2865 3604 2920 ad
3629 2864 3758 2918 altar

2175 2958 2402 3016 Proficit
2435 2959 2679 3020 allatum,
2727 2962 2925 3030 (neque
2955 2960 3100 3012 enim
3132 2958 3404 3028 possessio
3439 2968 3756 3027 quemquam

2174 3053 2513 3122 Pauperibus
2545 3049 2763 3120 profusa
2785 3051 2961 3120 juvat,
2987 3065 3088 3106 nec
3118 3059 3327 3121 martyr
3349 3048 3416 3101 ab
3445 3046 3554 3101 alto

2178 3143 2368 3200 Judice
2397 3144 2535 3197 dona
2570 3141 2690 3196 tulit
2718 3141 2980 3213 unquam)
3013 3151 3246 3201 servate.
3279 3139 3529 3195 monebo.

2246 3236 2372 3290 Haec
2393 3236 2580 3290 dicens
2605 3234 2818 3305 aliaque
2844 3234 3004 3289 simul
3043 3235 3204 3304 longo
3244 3233 3436 3287 ordine
3468 3230 3659 3297 multa,

2173 3331 2346 3400 Quem
2372 3329 2526 3385 vobis
2552 3329 2806 3398 optastis,
2840 3327 2936 3388 ait.
2966 3327 3248 3398 producite
3271 3325 3494 3380 Patrem

2171 3424 2416 3480 Fratres.
2451 3421 2662 3477 Canitie
2689 3420 2869 3474 subito
2896 3433 3223 3490 conspersus
3254 3415 3392 3487 Eigil

2171 3513 2426 3586 Pergitur
2465 3514 2517 3566 in
2551 3512 2690 3568 medi
2717 3527 2807 3574 im,
2837 3510 3105 3566 constanti
3139 3518 3317 3564 mente
3345 3515 3610 3563 vetustus.

2171 3607 2340 3677 Regis
2371 3606 2438 3659 ad
2478 3604 2763 3674 imperium
2794 3604 3015 3674 propius
3036 3609 3380 3673 processerat
3404 3600 3568 3654 ultra.

2168 3699 2555 3771 Progrediens,
2605 3714 2764 3769 quem
2823 3706 2882 3753 ut
2910 3697 3214 3767 conspexit,
3251 3711 3342 3750 rex
3373 3696 3574 3749 arduus
3604 3691 3756 3746 infit:

2170 3793 2354 3851 lstene
2392 3803 2579 3866 pastor
2605 3795 2780 3858 adest,
2815 3808 2972 3862 quem
3001 3792 3179 3848 omnis
3206 3789 3499 3846 concordia
3537 3787 3757 3841 fratrum

2169 3885 2415 3941 Concors
2453 3885 2724 3956 provehit,
2759 3893 2921 3954 atque
2950 3883 3146 3954 probat
3184 3897 3295 3936 uno
3322 3894 3418 3936 ore
3445 3877 3686 3934 canoro?
3709 3882 3760 3930 at

2171 3975 2340 4048 Regis
2374 3975 2696 4046 suppliciter
2720 3991 2889 4046 pauca
2919 3974 3116 4046 legatio
3147 3973 3399 4039 fratrum,

2171 4068 2276 4124 iste
2304 4078 2404 4132 est,
2431 4083 2464 4122 o
2487 4068 2623 4122 bone
2641 4083 2758 4131 rex,
2785 4083 2927 4122 nunc
2942 4066 3198 4122 inclinata
3225 4065 3491 4121 recumbit

2172 4163 2229 4218 ln
2260 4172 2312 4217 te
2364 4179 2575 4218 summa
2607 4163 2794 4219 eadem
2823 4181 2837 4216 :
2870 4170 3082 4218 tantum
3133 4163 3363 4218 decerne
3387 4160 3703 4226 tenendum,
3731 4171 3763 4215 ο

2174 4253 2314 4324 Spes
2339 4265 2526 4308 nostra
2564 4263 2876 4324 nostraeque
2903 4255 3069 4310 decus
3098 4264 3151 4310 et
3186 4254 3356 4326 gloria
3388 4256 3533 4309 vitae.

2173 4345 2302 4401 CAP.
2342 4345 2476 4400 Xlll.
2515 4343 2862 4415 Conﬁrmatio
2914 4346 3047 4416 regis
3083 4355 3130 4400 et
3183 4345 3460 4398 instructio
3507 4343 3758 4414 ejusdem.

2249 4439 2387 4495 Ecce
2413 4454 2578 4494 senex
2614 4439 2714 4493 iste
2743 4439 2831 4493 hic
2861 4453 3124 4508 praesens,
3151 4453 3312 4507 quem
3336 4437 3563 4506 poscitis
3603 4443 3760 4492 astat.

2177 4531 2334 4588 Hunc
2360 4531 2616 4586 habetote
2641 4530 2878 4595 Patrem,
2911 4531 3058 4586 hunc
3085 4529 3286 4585 fratres
3321 4536 3536 4584 servate
3570 4542 3759 4598 paren-

3540 4622 3692 4694 [tem.

2179 4719 2367 4790 Tuque
2393 4725 2516 4774 tuos
2541 4717 2780 4784 addisce,
2803 4717 2988 4784 Pater,
3017 4734 3235 4774 servare
3269 4718 3510 4773 minores

2178 4808 2334 4866 Omni
2362 4825 2484 4864 cum
2520 4809 2720 4874 studio,
2753 4808 2916 4878 inque
2937 4809 3110 4865 vicem
3143 4808 3232 4878 pia
3256 4807 3460 4862 hedera
3487 4805 3663 4862 solers

2176 4900 2410 4972 Jungere
2435 4917 2654 4972 semper
2675 4917 2796 4956 ama
2822 4918 2838 4966 ;
2867 4909 3017 4956 retro
3046 4900 3109 4955 de
3142 4915 3275 4969 pace
3302 4908 3526 4955 ruentes

2177 4992 2422 5063 Corripe,
2453 5009 2524 5048 ne
2552 5000 2798 5064 pereant,
2828 4993 2978 5047 suavi
3005 4991 3299 5060 reducique
3321 4989 3527 5046 salubri

2172 5085 2256 5142 Ad
2278 5101 2466 5156 pacem
2499 5086 2761 5154 repedare
2785 5084 2940 5139 doce.
2969 5083 3249 5139 Discretus
3272 5082 3325 5136 in
3350 5081 3498 5136 omni

2171 5177 2254 5233 Re
2289 5194 2502 5248 quoque
2530 5178 2837 5233 causidicus
2858 5187 3020 5233 sunto
3046 5196 3058 5231 :
3086 5177 3229 5248 quod
3258 5177 3478 5232 condita
3503 5187 3694 5230 norma

2173 5268 2490 5324 Communis
2520 5269 2713 5325 doceat
2743 5270 2952 5324 intento
2979 5267 3142 5323 corde
3173 5275 3376 5323 teneto.

2172 5360 2313 5414 Ecce
2343 5359 2413 5414 ibi
2448 5359 2724 5430 repperies
2749 5359 2913 5414 ﬁxum
2941 5359 3068 5429 quid
3095 5367 3282 5430 pastor
3306 5357 3464 5413 ovilis

2172 5450 2436 5518 Praevius,
2459 5460 2620 5522 atque
2649 5460 2804 5506 tener
2831 5451 2962 5521 quid
2983 5449 3181 5505 dehinc
3209 5457 3332 5520 post
3352 5457 3502 5518 terga
3531 5455 3763 5516 sequens

3537 5538 3692 5612 [grex

2173 5634 2507 5707 Exsequitur
2542 5638 2744 5708 operis,
2774 5636 2982 5707 pariter
3003 5635 3094 5706 qui
3129 5642 3319 5706 pastus
3345 5633 3527 5689 obesis

2174 5729 2458 5799 Lanigeris
2484 5731 2660 5800 prosit
2694 5731 2914 5795 teneris,
2947 5729 3038 5799 qui
3067 5736 3334 5798 congruat
3361 5727 3540 5797 agnis.

2177 5821 2290 5879 Nec
2317 5822 2496 5880 minus
2517 5823 2707 5880 ordine
2735 5823 3036 5895 composito
3064 5831 3339 5879 scrutator
3363 5835 3564 5882 avarus
