4006 6454
218 354 328 412 409

217 469 352 535 Quae
382 462 545 536 :egris
567 462 836 519 debilibus
857 470 1093 528 maneat,
1129 477 1250 534 qure
1269 479 1400 521 cura
1427 462 1693 520 fovendis.

215 558 368 612 Hanc
394 555 716 609 Benedictus
737 570 905 609 ovans
931 571 1086 610 sacro
1110 557 1402 625 spiramine
1422 556 1610 625 plenus

213 651 414 722 Legem
447 648 742 710 constituit,
777 649 1159 702 monachorum
1187 650 1290 705 rite
1317 651 1594 720 magister,

215 740 660 808 Servandamque
689 738 800 792 suis
823 754 1002 792 secum
1040 739 1323 793 mandarat
1349 739 1599 793 ainmnis.

214 830 368 886 Hanc
399 829 493 885 tibi
530 845 671 884 nunc
702 829 980 884 committo
1024 830 1292 900 equidem,
1333 838 1386 883 tu
1421 830 1639 900 percipe
1670 846 1794 884 nor-

1533 922 1718 993 [matr].

211 1015 390 1084 Atque
422 1015 474 1069 in
507 1029 568 1070 ea
593 1021 784 1080 totum,
814 1030 847 1069 ο
877 1023 1078 1085 pastor,
1107 1016 1206 1070 sub
1234 1015 1436 1068 ftedere
1468 1013 1622 1068 ﬁrmo

210 1106 533 1166 Cteuobium
561 1107 846 1169 Fuldense,
875 1109 1011 1163 bona
1043 1108 1240 1164 exhinc
1259 1109 1440 1162 omnia
1471 1109 1680 1163 circum

209 1201 453 1268 Quaeque
483 1197 598 1253 loca
629 1199 797 1267 ipsius
818 1198 930 1268 jam
959 1199 1298 1267 decernoque
1328 1198 1548 1252 tuenda.

212 1290 345 1345 Hzec
373 1291 468 1354 ait,
502 1299 556 1345 et
585 1289 812 1344 fratrum
843 1291 1093 1359 precibus
1123 1307 1214 1344 rex
1242 1290 1473 1360 inclytus
1501 1289 1658 1345 almis

207 1383 498 1454 Expetitis,
528 1383 583 1438 in
609 1397 738 1451 pace
774 1382 933 1436 simul
957 1383 1162 1438 dimisit
1190 1383 1363 1438 abire.

206 1520 342 1577 CAP.
381 1518 519 1575 XIV.
555 1517 842 1573 Revertitur
896 1535 988 1589 per
1043 1516 1367 1588 Moguntiam
1411 1516 1574 1571 Pater
1623 1515 1784 1587 Eigil.

281 1656 414 1712 Post
446 1659 564 1712 haec
592 1657 716 1714 inde
741 1673 945 1723 means,
994 1659 1198 1714 socium
1229 1659 1522 1715 comitante
1549 1667 1788 1726 caterva,

206 1750 315 1804 lste.
349 1749 512 1803 Pater
542 1749 696 1804 laetus
725 1765 970 1820 gressum
996 1751 1196 1804 direxit
1229 1751 1295 1805 ad
1325 1753 1537 1816 urbem,

1592 346 1755 405 VITA
1794 346 2123 407 METRICA.

1831 468 1884 530 Α
1911 462 2062 532 Saepe
2089 464 2303 533 quidem
2328 464 2546 536 stropha
2576 472 2810 522 mentem
2834 461 3116 524 confundit
3144 468 3382 539 inanem,
3461 478 3468 482 '

3372 352 3481 416 ιω

1899 553 2086 611 Hostis
2112 559 2352 628 perversi
2377 569 2524 613 retro
2557 559 2781 614 feriente
2806 561 3001 632 sagitta
3026 581 3040 616 :

1900 651 2011 708 Ant
2039 653 2113 707 ita
2140 653 2425 720 subripiet,
2457 669 2782 722 sensumque
2822 654 3113 724 interpolat
3141 669 3297 710 error

1900 743 2232 809 llutnannm,
2260 745 2386 814 quia
2410 744 2586 799 nullus
2620 745 2774 799 adest
2801 744 2852 797 in
2883 760 3048 800 carne
3079 760 3302 800 manens
3324 744 3426 810 vir,

1896 834 1960 889 Ut
1996 835 2180 900 homo,
2211 835 2300 904 qui
2334 851 2604 904 nunquam
2637 850 2740 888 non
2771 835 2883 888 falli
2912 836 3080 904 possit
3111 835 3164 888 in
3198 836 3325 900 ista,

1897 923 2160 991 Quamvis
2188 925 2471 995 magnifice
2498 925 2711 996 ingenio
2742 926 2863 994 quis
2887 925 3084 994 polleat
3108 925 3237 988 alto,

1900 1013 2074 1083 thue
2097 1014 2186 1068 ille
2217 1015 2515 1080 interdum,
2541 1016 2729 1084 sophia
2761 1017 2884 1085 quis
2912 1015 3087 1070 acrior
3113 1023 3313 1082 exstat,

1893 1106 2115 1173 Ingenio
2150 1106 2431 1176 majorque
2461 1116 2663 1171 manet,
2695 1107 2820 1175 quid
2845 1116 3020 1162 mente
3050 1116 3269 1161 retunsa

1893 1199 2113 1253 Falsum
2145 1200 2455 1268 concipiat;
2493 1208 2679 1253 contra
2717 1207 2772 1252 et
2799 1198 2926 1267 quid
2951 1199 3149 1253 rectius
3177 1205 3343 1265 atque

1894 1290 2085 1345 Verius
2111 1289 2196 1344 ille
2222 1290 2399 1344 minus
2428 1290 2644 1359 sapiens
2671 1289 2956 1359 meritique
2982 1288 3205 1342 minoris

1891 1379 2082 1436 Cordis
2117 1380 2170 1434 in
2204 1381 2438 1450 hospitio
2475 1380 2740 1435 interdum
2770 1381 3114 1452 praesentiat:
3142 1379 3266 1434 inde
3287 1389 3344 1436 at

1891 1471 2078 1526 Nullus
2106 1472 2158 1526 in
2194 1475 2294 1526 hac
2317 1473 2427 1525 vita
2453 1471 2680 1541 positus,
2717 1473 2788 1526 sit
2808 1487 2933 1541 spes
2961 1472 3084 1534 sibi,
3112 1485 3213 1526 nec
3233 1485 3292 1526 se

1893 1561 2114 1618 Consilii
2142 1561 2366 1618 alterius
2399 1563 2600 1616 tumide
2629 1578 2737 1617 non
2763 1562 2908 1616 dicat
2932 1577 3120 1633 egere;

1891 1652 2057 1722 Cujus
2085 1653 2372 1724 judicium,
2397 1655 2498 1709 etsi
2528 1670 2632 1709 non
2658 1654 2896 1710 zabolica
2927 1654 3063 1709 fallit

1892 1742 2206 1798 Gannatura
2237 1744 2289 1809 ιι,
2325 1754 2502 1799 tamen
2542 1745 2760 1814 laqueos
2794 1746 2918 1801 hinc
2949 1746 3076 1801 inde
3102 1747 3330 1803 tumoris

212 1841 501 1909 Quondam
552 1843 860 1913 opulentam
909 1843 1118 1914 opibus,
1155 1859 1317 1913 opere
1368 1852 1674 1899 constructa
1703 1859 1794 1898 ve-
1821 1827 1868 1887 Β
1897 1835 2010 1890 Νοη
2045 1836 2200 1890 Γεθίιθ
2229 1846 2450 1904 super?“
2476 1839 2770 1906 Βηίνίοτθδο
2805 1838 3020 1893 “mihi
3049 1839 3192 1891 Ρειῐί

1557 1933 1724 2006 [tusto

208 2025 456 2096 Apparet
485 2042 606 2096 quze
630 2041 864 2096 namque
892 2042 1054 2096 super
1081 2027 1320 2098 glacialis
1349 2029 1508 2097 aquai

207 2116 409 2185 Bipam
439 2118 612 2173 Rheni
641 2134 658 2172 :
686 2120 739 2172 in
767 2135 924 2190 quem
953 2120 1169 2175 ﬂuitans
1192 2120 1528 2191 turgentibus
1549 2119 1707 2174 undis

207 2208 353 2279 (Non
388 2208 595 2280 [Forte,
629 2209 784 2282 Nam]
814 2219 966 2280 parte
1005 2228 1072 2267 ex
1102 2211 1206 2266 alia
1241 2219 1480 2269 castrum
1533 2227 1637 2280 qua
1670 2225 1792 2264 cer-

299 2355 304 2358 .
1305 2303 1474 2375 [nilur
1506 2304 1715 2373 ingens,

207 2390 364 2446 Haud
390 2391 575 2460 procul
607 2408 636 2445 a
666 2401 830 2462 ponte
856 2405 882 2433 α
910 2407 1150 2460 sursum,
1176 2409 1336 2464 quem
1389 2393 1593 2463 sospite
1621 2406 1788 2463 regno

205 2481 352 2536 Olim
377 2497 470 2535 rex
496 2481 717 2537 Carolus
747 2482 895 2546 fecit)
926 2485 1226 2552 prolabitur
1251 2486 1424 2540 amnis

208 2571 451 2636 Mogoin,
493 2586 555 2624 ex
593 2588 720 2640 quo,
748 2581 806 2625 ut
837 2574 976 2626 fama
1012 2584 1190 2637 sonat,
1222 2574 1491 2644 Moguntia
1515 2574 1660 2630 dicta
1682 2580 1788 2630 est.

215 2697 222 2704 ς
283 2659 551 2714 I-laistolfo
578 2662 786 2716 interea
810 2663 958 2716 venit
988 2663 1330 2734 gratissimus
1357 2666 1552 2736 hospes

209 2750 355 2820 Eigil
390 2751 632 2819 pontiﬁci
661 2768 818 2808 sacro
846 2754 1298 2825 Mogun'tiacensis

208 2843 491 2908 Ecclesiae,
528 2846 794 2914 condigne
823 2848 984 2901 etiam
1024 2857 1306 2918 susceptus
1333 2849 1556 2903 honore.

207 2933 455 2989 Primum
487 2936 702 2991 ducitur
733 2939 798 2990 ad
834 2939 1109 3011 templum,
1162 2942 1520 3013 precibusque
1558 2939 1794 3013 peractis

208 3024 467 3079 Praesulis
497 3027 733 3083 occurrit
758 3032 934 3087 subito
962 3036 1356 3104 conspectibus,
1389 3036 1550 3104 inque

210 3117 408 3176 Oscula
435 3122 582 3191 pacis
603 3122 717 3176 iens
741 3140 962 3193 pronus,
996 3129 1282 3198 dignanter
1311 3131 1520 3184 adorat.

209 3210 505 3280 Postquam
531 3214 825 3268 consedere
853 3218 1012 3272 simul
1041 3233 1326 3288 provectus
1355 3231 1580 3291 uterque

213 3301 501 3371 Temporis
522 3313 702 3370 mtate,
727 3307 1032 3377 pariterque
1064 3311 1115 3363 in
1151 3312 1400 3382 dogmate
1431 3313 1578 3366 claro

211 3394 373 3463 Legis
397 3394 622 3462 justitiae
651 3399 868 3465 przcsul,
891 3410 1183 3471 pastorque
1208 3412 1473 3469 vetustus,

207 3483 518 3539 Adveniens
548 3487 695 3554 prior
718 3488 866 3542 urbis
897 3505 1058 3559 apex,
1082 3492 1158 3545 sic
1187 3493 1375 3562 incipit
1398 3507 1510 3545 ore.

278 3575 416 3638 Nos,
444 3575 627 3638 Pater,
657 3577 711 3630 in
737 3579 927 3645 primis
952 3580 1230 3634 laudemus
1248 3583 1740 3650 Cunctipotentem,

210 3666 400 3735 Atque
424 3665 514 3718 olli
551 3675 734 3735 grates
769 3667 958 3737 dignas
989 3671 1230 3724 dicamus
1264 3680 1508 3736 ovantes,

211 3757 314 3825 Qui
351 3755 454 3810 sibi
487 3772 586 3810 nos
613 3758 833 3827 proprio
863 3761 1086 3814 devotos
1111 3777 1330 3817 munere
1355 3777 1548 3817 vernos

211 3849 334 3905 Una
365 3862 490 3902 cum
516 3849 680 3902 sociis
714 3864 902 3918 sospes
926 3851 1184 3906 conduxit
1214 3853 1267 3906 in
1297 3869 1484 3907 unum.

210 3941 486 3997 Praeterea
519 3949 569 3995 te
596 3956 757 3996 nosse
783 3943 940 3996 decet
967 3958 1086 4011 qua:
1113 3945 1350 4012 pondera
1380 3946 1653 4013 quondam

215 4033 501 4099 Quamque
530 4030 830 4100 importuna
866 4040 1030 4086 temet
1059 4049 1327 4101 pressere,
1356 4043 1582 4106 tuosque

214 4125 536 4195 consocios,
557 4125 848 4180 indiscreta
874 4137 1135 4196 regnante
1165 4137 1410 4197 tyranno,
1442 4139 1498 4184 et

215 4215 450 4271 Maxime
476 4232 636 4281 nunc,
660 4219 783 4285 quia
814 4227 867 4270 te
893 4217 1059 4271 voluit
1087 4229 1336 4288 regnator
1360 4219 1572 4291 Olympi

214 4309 372 4365 Notis
401 4311 674 4379 praeficere
701 4310 845 4377 vigili
871 4310 1132 4365 tulamine
1163 4314 1402 4366 mandris
1426 4331 1438 4365 :

213 4403 301 4458 Ne
321 4402 664 4472 quandoque,
696 4402 873 4465 Pater,
907 4403 1178 4472 subjectos
1213 4419 1360 4458 more
1393 4404 1588 4474 prioris

213 4493 530 4563 Exagitans,
563 4508 628 4547 ex
658 4494 741 4548 his
775 4493 913 4548 forte
950 4494 1254 4564 indignatus
1283 4497 1522 4552 aherres.

213 4584 336 4639 Non
365 4594 417 4639 te
447 4585 680 4653 decipiat
703 4585 836 4639 falsa
872 4593 927 4640 et
957 4584 1174 4654 fugitiva
1205 4595 1446 4655 potestas

213 4673 377 4730 Scecli
413 4672 719 4744 pompiferi,
751 4691 854 4730 nec
878 4683 930 4730 te
960 4691 1215 4745 pomposa
1245 4677 1429 4747 virago

212 4765 518 4820 Possideat.
553 4765 691 4819 lram
719 4767 948 4831 cohibe;
979 4765 1100 4836 fuge
1127 4783 1320 4824 nomen
1352 4768 1499 4822 avari
1525 4785 1540 4834 ;

214 4855 411 4911 Omnia
441 4855 527 4910 fac
560 4872 682 4911 cum
712 4857 973 4912 consilio:
1005 4859 1084 4912 sic
1104 4857 1250 4912 ldida
1279 4841 1553 4927 quondam

213 4946 458 5002 Basileos
484 4946 700 5002 Solimze
729 4957 998 5016 repetens,
1030 4949 1108 5002 sic
1137 4948 1324 5019 lcgifer
1353 4950 1468 5018 ipse

217 5037 417 5093 Vester
444 5039 559 5103 ait;
588 5051 643 5095 et
678 5048 798 5110 post
825 5039 1022 5094 factum
1058 5049 1109 5095 te
1131 5056 1289 5110 paena
1314 5055 1529 5095 reorum

216 5130 336 5187 Non
367 5134 598 5197 cruciet,
634 5148 733 5188 nec
766 5135 926 5188 verba
966 5133 1160 5187 dehinc
1208 5133 1302 5187 tibi
1335 5133 1451 5188 dira
1480 5133 1816 5189 manebunt.-

218 5222 452 5292 Consnle
475 5239 716 5294 quosque
747 5234 887 5290 tuos,
914 5233 1119 5294 pastor,
1151 5225 1354 5293 pietate
1379 5235 1598 5293 paterna
1625 5242 1640 5292 ;

219 5315 454 5370 Consule
485 5332 726 5386 quosque
751 5325 871 5371 tuos
901 5315 1094 5370 fratres
1119 5335 1130 5368 :
1159 5317 1283 5384 qttia
1309 5332 1448 5385 saepe
1479 5318 1678 5372 minori

220 5403 436 5476 Optima
466 5423 689 5479 quaeque
711 5410 874 5473 bona,
905 5422 1085 5461 rerum
1113 5408 1202 5475 qui
1228 5409 1440 5461 condita
1472 5424 1712 5476 praesens

219 5493 441 5570 Inspicit
467 5499 839 5571 Omnipotens,
880 5500 1084 5570 pandit,
1118 5499 1386 5571 dignaque
1423 5501 1646 5554 revelat.

292 5667 317 5696 ι
357 5655 434 5709 De
459 5655 547 5709 illo
570 5665 729 5725 ponte
758 5655 930 5726 ligneo
977 5670 1133 5724 quem
1161 5655 1385 5711 Carolus
1434 5655 1655 5726 Magnus
1705 5669 1794 5710 su-

225 5739 317 5794 per
343 5726 592 5781 Rhenum
617 5726 871 5782 :Bdiﬁcari
912 5727 1093 5795 jussit,
1125 5728 1322 5796 quique
1375 5742 1627 5797 supremo
1652 5727 1792 5784 illius

228 5798 345 5854 vita:
392 5813 536 5854 anno
573 5797 939 5875 conﬂagravit,
1001 5806 1165 5870 agunt
1217 5797 1556 5870 Eginhardus
1607 5809 1660 5856 et
1699 5798 1792 5860 alii

1896 1925 2364 1991 Connnemorans,
2397 1927 2609 1995 aliaque
2640 1928 2798 1981 simul
2826 1928 2893 1981 lo:
2918 1945 2984 1998 go
3008 1929 3198 1982 ordine
3227 1928 3444 1998 pnesul,

1898 2014 2092 2071 Statim
2110 2015 2277 2085 jussit
2304 2018 2494 2071 adesse
2518 2018 2688 2077 viros.
2713 2019 2803 2087 qui
2830 2019 2932 2073 rite
2963 2019 3272 2074 ministrent

1901 2107 2130 2174 Undam,
2158 2110 2250 2178 qui
2289 2107 2566 2172 Cererem,
2612 2109 2904 2174 Bacchum,
2953 2125 3274 2179 mensasque
3323 2125 3484 2180 repo-

3219 2197 3240 2270 [
3255 2207 3406 2253 nant.

1897 2305 2016 2360 tpse
2047 2300 2227 2345 autem
2265 2291 2470 2346 interea
2494 2306 2705 2346 sacram
2736 2291 2999 2360 spatiatur
3034 2288 3101 2344 ad
3123 2304 3277 2344 aram

1895 2385 2029 2439 Cum
2062 2384 2274 2439 clericis
2303 2384 2409 2438 alta
2436 2393 2658 2440 acturus
2683 2385 3042 2438 modulamina
3073 2383 3270 2437 missa}.

1898 2473 2172 2530 Laudibus
2195 2474 2422 2543 expletis
2444 2474 2671 2539 Christi,
2708 2474 3046 2530 venerandus
3073 2475 3278 2528 honore

1897 2562 2100 2618 Praesul
2135 2565 2421 2633 perspicuo
2444 2566 2681 2635 patulam
2709 2566 2946 2634 suscepit
2969 2566 3022 2618 in
3049 2564 3229 2618 aulam

1894 2653 2157 2708 Ahbatetn
2188 2656 2527 2726 comitesque
2555 2672 2718 2721 suos;
2750 2656 2996 2710 manibus
3025 2656 3149 2710 data
3179 2654 3393 2726 lympha
3490 2670 3494 2676 '

1895 2742 2181 2806 Funditur,
2215 2754 2271 2800 et
2293 2761 2474 2802 coram
2504 2746 2683 2803 subito
2714 2745 2772 2802 fit
2811 2761 2992 2802 mensa
3032 2755 3269 2816 reposta,

1897 2837 2032 2894 Vate
2059 2849 2220 2912 atque
2256 2843 2580 2911 hospitibus,
2606 2843 2777 2911 epulis
2811 2851 3036 2897 onerata
3068 2843 3330 2898 venustis.

1896 2931 1992 2985 l-lis
2021 2933 2090 2985 ita
2118 2933 2398 2997 confectis,
2427 2936 2688 2988 successit
2723 2934 2881 2988 lcClio
2921 2949 3098 2999 sacra,

1898 3024 2070 3089 Quam
2098 3024 2298 3092 praesul
2323 3025 2482 3079 solito
2509 3025 2686 3096 tetigit
2715 3039 2924 3079 summo
2948 3032 3104 3080 tenus
3129 3039 3245 3090 ore,

1893 3116 2166 3172 Interdum
2201 3118 2408 3172 satians
2429 3132 2624 3188 supera
2647 3117 2928 3172 dulcedine
2957 3119 3124 3172 cives.

1819 3197 1863 3261 C
1896 3207 2010 3262 Hac
2033 3223 2266 3278 namque
2305 3209 2558 3279 explicita
2593 3209 2909 3264 mussabant
2936 3224 3032 3264 ora
3060 3209 3296 3262 virorum

1895 3301 2081 3356 Dulcia
2110 3302 2378 3371 colloquia
2405 3321 2417 3355 :
2451 3317 2711 3357 resonans
2739 3319 2842 3372 pax
2874 3302 3110 3371 undique
3138 3303 3371 3358 circumv

1893 3391 2035 3447 Fusa
2058 3394 2225 3458 volat,
2258 3395 2472 3462 penitus
2505 3394 2565 3448 ﬁt
2585 3395 2737 3450 laetus
2765 3396 2818 3448 in
2843 3395 2965 3448 aula

1900 3484 2059 3540 Urbis
2084 3501 2246 3554 apex,
2274 3496 2566 3556 pastorque
2586 3504 2772 3552 senex,
2799 3488 3088 3558 cunctique
3112 3487 3368 3542 minores.

1894 3576 2190 3632 Amborum
2217 3595 2434 3649 quoque
2467 3581 2702 3649 tripudio
2729 3588 3016 3634 versantur
3037 3581 3090 3634 in
3117 3580 3249 3634 alto.

1897 3665 2035 3722 Hinc
2062 3668 2225 3723 Pater
2257 3670 2358 3724 iste
2388 3671 2533 3740 pius,
2557 3670 2785 3724 fratrum
2819 3681 3043 3742 gyrante
3069 3687 3290 3739 corona,

1897 3757 2025 3813 Post
2059 3759 2264 3829 epulas,
2306 3771 2428 3830 post
2463 3761 2745 3832 colloquia,
2783 3773 2904 3833 post
2927 3763 3115 3834 pocula
3144 3764 3268 3820 laeta

1898 3849 2178 3906 Submisso
2212 3853 2386 3922 capite
2409 3852 2588 3907 saltim
2614 3853 2840 3908 divortia
2871 3855 3023 3910 laetus

1894 3940 2030 3995 Nota
2063 3950 2276 4011 potens,
2307 3959 2336 3996 a
2369 3941 2623 4012 pontiﬁce
2647 3944 2961 4000 benedictus
2982 3946 3186 4002 abibat.

1963 4033 2079 4087 Non
2112 4034 2262 4087 multi
2294 4035 2497 4089 ﬂuxere
2533 4035 2672 4101 dies,
2701 4050 2800 4092 nec
2829 4048 3070 4107 tempora
3101 4037 3266 4092 multa

1892 4122 2228 4189 Praetericre,
2261 4127 2456 4182 dehinc
2490 4126 2716 4181 fratrum
2747 4128 2973 4196 genialis
2996 4141 3224 4183 acervus

1894 4216 2027 4271 Cum
2059 4216 2218 4270 Pater
2241 4221 2383 4272 unde
2410 4219 2570 4283 ierat,
2601 4220 2796 4272 iterum
2824 4225 3094 4272 remearat
3112 4218 3322 4272 eodem.

1894 4306 2101 4362 Ventus
2136 4319 2156 4345 ε
2190 4323 2423 4375 namque
2452 4323 2616 4362 senex
2654 4308 2844 4362 famosi
2871 4296 3104 4362 nominis
3130 4306 3266 4376 Eigil

1896 4398 2028 4454 Cum
2060 4399 2224 4453 sociis
2252 4397 2415 4467 digno
2441 4398 2675 4467 primum
2707 4398 2965 4453 collectus
3003 4399 3228 4464 honore,

1896 4493 2180 4547 Fratribus
2210 4509 2240 4546 a
2269 4493 2503 4562 propriis
2529 4492 2691 4546 altatn
2719 4491 2960 4546 defertur
2997 4492 3049 4546 in
3077 4492 3268 4560 adem,

1816 4563 1872 4624 Β
1896 4588 2091 4644 Christi
2123 4596 2328 4659 martyr
2351 4588 2438 4642 ubi
2469 4594 2680 4657 compta
2709 4587 3002 4656 requiescit
3029 4586 3081 4642 in
3109 4600 3255 4653 arca,

1894 4681 2172 4748 Quondam
2204 4695 2324 4734 cum
2353 4679 2514 4734 sociis
2536 4679 2643 4733 telo
2667 4679 2872 4750 scpitus
2897 4688 3078 4734 acuto.

1893 4770 2050 4831 Ilinc,
2077 4786 2235 4841 prece
2263 4764 2552 4840 completa,
2591 4771 2980 4824 monachorum
3005 4768 3215 4826 conﬂua
3246 4770 3405 4827 turba

1891 4861 1948 4914 ln
1973 4872 2124 4930 parte
2143 4862 2368 4917 occidua
2398 4861 2583 4930 templi
2611 4862 2823 4916 seniore
2857 4862 3032 4916 reviso

1895 4950 2088 5006 Statim
2121 4969 2292 5022 prona
2329 4953 2456 5014 ruit,
2490 4952 2706 5005 Patrem
2736 4951 2801 5006 de
2830 4966 2981 5006 more
3009 4951 3226 5008 salutat.

1900 5042 2016 5110 Qua
2042 5043 2356 5106 resalutata,
2385 5041 2605 5111 propius
2631 5042 2890 5098 accedere
2913 5053 3101 5098 contra

1899 5135 2142 5205 Namque
2160 5134 2332 5204 jubet,
2367 5150 2660 5204 pacemque
2687 5135 2879 5200 iniens,
2910 5145 3070 5206 atque
3095 5133 3276 5190 oscula
3305 5132 3476 5202 ﬁgens

1897 5225 2146 5296 Congrua
2173 5243 2189 5291 ;
2226 5241 2374 5281 more
2399 5226 2617 5281 Patrum
2645 5229 2847 5297 pariter
2871 5243 2994 5282 cum
3021 5225 3276 5279 fratribus
3303 5223 3418 5294 ipse

1897 5319 2167 5374 Davidicae
2193 5319 2371 5373 subito
2404 5319 2600 5375 cecinit
2635 5318 2997 5375 modulamina
3021 5316 3201 5369 M11832.

1897 5407 1977 5464 En
2024 5425 2188 5480 quam
2228 5410 2380 5466 dulce
2429 5413 2651 5477 bonum,
2711 5410 2926 5475 fratres,
2984 5419 3256 5476 quamque
3304 5405 3474 5465 ardua

3172 5496 3405 5570 [semper

1897 5659 2014 5729 ejus
2045 5660 2299 5730 temporis
2325 5657 2624 5714 annalists}.

1969 5731 1996 5771 ι)
2030 5731 2287 5800 Vulpinos
2315 5739 2483 5783 astus.

1971 5812 1995 5848 ο
2026 5801 2083 5870 ω
2110 5810 2215 5868 est,
2251 5800 2475 5856 veniens.
