4006 6446
207 399 304 464 61⁸

210 513 272 571 Ut
296 524 426 581 opus
451 509 747 579 inemptum
772 508 960 566 divino
977 523 1204 568 munere
1228 527 1446 569 sacrum

209 605 327 662 Cum
341 602 517 668 sociis
545 617 702 658 sacro
727 604 899 674 possit
928 605 1248 661 concludere
1277 608 1404 662 line.

269 699 334 752 At
359 705 486 767 post
515 699 630 752 hac
658 699 881 769 propius
905 697 1108 755 Christi
1136 703 1398 757 tutamine
1423 702 1594 758 fretus

209 793 342 851 Iden
368 790 566 862 praesul
601 791 737 856 iens,
765 792 880 848 toll
901 793 1216 849 venerabile
1245 810 1446 864 corpus

209 884 489 942 Instruxit:
520 884 663 938 levat
694 886 806 954 ipse
831 885 1003 956 prior,
1034 887 1177 941 hunc
1203 902 1334 941 voce
1362 886 1606 942 valenter

210 981 465 1052 nyunum
493 975 783 1050 magniﬁco
808 979 982 1035 laudis
1017 969 1204 1034 nidore
1231 979 1492 1034 refertum

209 1072 500 1144 Gignentis,
527 1069 819 1141 Genltique
843 1070 1025 1136 simul,
1057 1087 1126 1127 ac
1151 1069 1386 1142 Spiritus
1411 1070 1559 1125 almi.

270 1167 340 1223 Te
377 1181 510 1238 ergo
549 1166 716 1222 Deum
757 1166 1036 1222 laudamus
1058 1207 1072 1233 ,
1115 1174 1166 1222 te
1201 1166 1604 1234 Dominumque
1635 1162 1773 1218 fate-

1518 1254 1538 1328 t
1561 1269 1704 1321 mar.

207 1350 274 1407 Te
299 1351 600 1421 genitorem
630 1357 951 1421 perpetuum
979 1357 1122 1405 terra
1148 1357 1454 1403 veneratur.

207 1445 398 1499 Cuncta
430 1443 524 1498 tibi
557 1443 831 1514 angelicas
855 1449 1040 1497 agitans
1070 1441 1334 1496 mirabilis
1355 1441 1490 1494 ordo
1513 1481 1527 1504 ,

207 1537 436 1607 Namque
469 1536 580 1607 poli
608 1545 924 1606 cunctmque
950 1543 1246 1605 potestates
1273 1533 1611 1596 veneranda),

205 1629 464 1685 Cherubin
501 1645 716 1702 quoque
753 1631 1016 1701 Seraphin
1047 1631 1357 1702 pariterque
1381 1636 1638 1683 verenter

203 1720 315 1777 Jure
339 1722 442 1777 tibi
474 1721 570 1777 soli
602 1722 894 1776 ineessanti
927 1737 1060 1776 voce
1089 1721 1381 1776 reclamant
1409 1736 1423 1773 :

1473 405 1490 442 -’
1576 397 1741 460 ma
1777 398 1918 460 ιητ
1925 399 2100 460 ΒΙΟΔ.

1791 509 1845 582 Α
1871 515 2024 571 Ibant
2043 515 2238 586 aequati
2267 526 2513 579 numero,
2541 507 2925 586 Christumque
2950 501 3236 571 canebant.

3350 391 3458 464 ιιι

1872 609 2118 678 Cumque
2135 607 2332 679 quibus
2355 607 2584 663 admista
2606 623 2733 677 pars
2760 608 2886 663 hinc
2909 619 3074 680 atque
3093 609 3216 664 inde
3241 610 3455 679 piorum

1869 697 2276 769 Presbyterum,
2301 700 2566 769 turbaque
2587 713 2838 768 premens
2850 714 2974 754 cum
3000 699 3204 754 lumine
3221 699 3452 769 circum;

1872 791 1935 846 Vi
1967 793 2134 846 multa
2169 791 2404 848 loculum
2425 792 2621 860 gaudet
2648 791 2961 862 contingere
2983 792 3192 847 dextra.

1943 881 2110 952 Regia
2141 884 2337 952 quippe
2365 883 2449 938 via
2481 883 2675 954 pannis
2703 883 3061 938 candentibus
3087 892 3236 952 apte,

1873 974 2036 1043 Regis
2059 977 2307 1044 perpetui
2344 992 2596 1046 magnum
2623 991 2744 1045 qua:
2773 976 2922 1031 ducit
2948 977 3016 1030 ad
3051 975 3213 1042 altar,

1875 1065 2058 1120 Strata
2091 1065 2192 1120 fuit
2222 1067 2349 1124 illuc
2377 1068 2538 1132 idem,
2568 1083 2705 1136 quos
2735 1067 2852 1138 ipse
2879 1067 3136 1123 sacerdos
3195 1055 3211 1095 ⁷

1873 1163 2276 1221 Ercanberctus
2309 1179 2480 1219 ovans
2505 1163 2707 1220 Christi
2731 1165 2956 1220 devotus
2983 1179 3174 1220 amore

1874 1255 2128 1326 Martyris
2158 1255 2423 1319 exhibuit,
2457 1265 2611 1311 ostro
2643 1256 2968 1326 peplumque
2993 1256 3264 1326 rigentem

1872 1348 2097 1417 Insuper
2117 1348 2466 1403 accumulans
2493 1349 2644 1403 auxit
2673 1365 2770 1419 per
2807 1363 2992 1418 seque,
3023 1364 3280 1417 suosque.

1947 1442 2044 1496 llis
2067 1442 2137 1496 ita
2159 1441 2432 1511 perceptis
2458 1457 2705 1513 gressum
2740 1443 2982 1512 porrexit
3007 1443 3080 1497 ad
3109 1457 3268 1497 aram

1874 1534 2205 1590 Pontiﬁcalis
2237 1550 2394 1605 apex,
2426 1550 2621 1605 magno
2652 1535 2942 1589 comitatus
2972 1535 3206 1599 honore,

1875 1629 1932 1684 In
1965 1639 2120 1700 parte
2142 1630 2365 1684 occidua
2396 1628 2642 1684 Romano
2668 1645 2822 1683 more.
2841 1637 3148 1699 peractam.

1878 1722 2065 1777 Elevat
2091 1722 2301 1777 interea
2328 1722 2571 1792 populari
2599 1713 2734 1776 voce
2760 1729 2985 1791 repente

206 1814 452 1876 Sanctus,
479 1823 718 1878 sanctus,
760 1824 981 1869 sanctus
1011 1814 1154 1870 enim
1187 1813 1446 1867 Dominus
1466 1811 1609 1866 Deus
1638 1823 1778 1864 unus
1802 1881 1834 1884 4
1877 1815 2095 1870 Advena
2129 1816 2280 1884 plebs
2302 1815 2466 1884 Iiyrie
2496 1814 2700 1869 eleison
2732 1831 2746 1877 ;
2782 1813 2842 1866 ﬁt
2863 1813 3070 1867 clamor
3097 1811 3164 1866 ad
3195 1817 3366 1865 astra.

205 1907 434 1962 Sabaoth
465 1927 479 1960 :
511 1907 638 1962 (ξωῆ
663 1923 859 1977 magna
894 1908 1159 1977 tellusque
1183 1905 1462 1978 replentur

203 2001 334 2056 Dona
391 2001 577 2074 [Leg.,
609 2000 804 2074 Doxa]
851 2010 1124 2072 perpetua:
1166 1999 1468 2070 majestatis
1503 2017 1518 2053 :
1561 2013 1775 2068 quoque

1509 2091 1705 2166 [temet

201 2184 371 2256 (Icelus
407 2184 737 2255 apostolicus
757 2185 991 2256 pollens.
1023 2193 1184 2256 atque
1206 2185 1442 2257 inclytus
1472 2185 1630 2249 ordo,

201 2273 372 2344 Teque
399 2277 785 2345 prophetarum
822 2291 1079 2331 numerus
1111 2276 1411 2343 laudabilis,
1443 2290 1597 2345 :eque

199 2365 266 2421 Te
294 2367 507 2422 nitidus
532 2379 728 2424 testum
753 2368 938 2423 laudat
966 2369 1240 2424 exercitus
1263 2370 1480 2424 arlens.

197 2458 437 2514 Ecclesia
472 2468 522 2514 te
541 2475 697 2515 sacra
719 2461 864 2516 canit
886 2460 1075 2516 dill'usa
1103 2476 1204 2530 per
1229 2462 1439 2528 urbem,

198 2547 496 2620 Majcstatis
517 2551 660 2605 enim
687 2549 905 2605 Patrem
939 2551 1214 2606 immensa:
1238 2549 1627 2615 venerandum,

189 2633 359 2711 ﬁtque
397 2649 550 2697 tuum
575 2644 799 2713 proprio
823 2659 1011 2698 verum
1040 2643 1108 2697 de
1133 2652 1350 2712 pectore
1380 2641 1599 2708 Natum,

197 2731 464 2790 Sanctum
489 2750 614 2788 nam
641 2733 979 2789 Paracletum
1017 2734 1210 2804 aequali
1240 2734 1459 2788 numine
1485 2731 1692 2788 flatum.

197 2825 270 2881 'l'u
297 2829 464 2884 doxa:
487 2841 583 2880 rex
615 2841 678 2880 ac
703 2825 860 2890 lucis,
889 2825 976 2880 lux
1008 2825 1172 2880 ardua
1203 2825 1472 2881 Christus.

185 2921 272 2976 'Tu
302 2920 582 2994 genitoris
610 2935 671 2975 es
691 2929 930 2974 aeternus
957 2919 1074 2973 sine
1103 2929 1348 2987 tempore
1375 2925 1552 2971 natus.

195 3015 269 3070 Tu
300 3014 586 3070 hominem
612 3014 896 3084 suscepisti
931 3012 1184 3068 mundum
1218 3011 1288 3066 ad
1313 3009 1677 3078 liberandum,

195 3105 440 3178 Virginis
464 3115 626 3175 atque
663 3115 874 3160 uterum
899 3121 1005 3160 non
1036 3104 1247 3159 horruit
1273 3105 1381 3158 alta
1408 3111 1670 3174 potestas.

195 3200 422 3256 Devicto
448 3199 640 3254 mortis
667 3199 887 3254 stimulo
916 3206 970 3253 tu
995 3199 1170 3253 victor
1193 3197 1392 3267 ubique

201 3293 366 3360 Fidis.
403 3311 530 3349 nam
558 3295 827 3350 miserans
855 3295 1114 3349 reserasti
1143 3309 1306 3364 regna
1344 3291 1615 3361 polorum.

203 3384 279 3440 Tu
305 3386 492 3440 Patris
515 3386 566 3440 in
595 3387 784 3441 dextra
811 3401 1010 3457 regnas
1038 3387 1240 3440 virtute
1269 3383 1516 3455 perenni,

200 3477 451 3550 Desuper
475 3481 767 3535 adveniens
794 3491 978 3536 certus
1009 3497 1242 3551 namque
1279 3480 1482 3534 arbiter
1511 3475 1679 3531 orbis.

198 3569 274 3625 Te
300 3577 547 3641 petimus
575 3573 754 3642 proni,
779 3573 1030 3642 proprios
1055 3571 1280 3626 defende
1319 3570 1558 3633 colonos,

194 3651 388 3720 Mundi
419 3679 556 3734 quos
584 3665 804 3735 proprio
831 3666 1104 3720 redemisti
1132 3665 1392 3735 sanguine
1417 3662 1598 3716 Soter.

193 3757 432 3814 Salvum
461 3754 547 3810 fac
575 3756 827 3826 populum
853 3757 1026 3810 hostis
1051 3755 1117 3810 de
1148 3755 1301 3809 fauce
1327 3753 1632 3808 reductum.

178 3834 383 3918 ‘h-tque
416 3854 566 3901 tuam
591 3847 837 3917 dignare,
867 3847 1029 3910 Deus,
1063 3847 1384 3903 benedicere
1414 3853 1634 3900 sortem.

198 3939 535 4008 Auxilioque
570 3947 663 3990 tuo
687 3953 812 4006 rege
838 3937 1126 3991 sublimato
1147 3955 1243 4008 per
1271 3954 1464 4002 arvum,
1495 3944 1550 3991 et

202 4026 361 4083 Omni
395 4026 594 4096 quippe
621 4026 708 4082 die
736 4034 901 4080 temet
929 4027 1298 4081 benedicimus
1322 4027 1445 4080 alte.

204 4115 625 4186 Laudamusque
647 4124 798 4170 tuum
829 4125 1026 4171 cuncta
1062 4131 1160 4187 per
1187 4117 1380 4171 saacula
1410 4129 1626 4171 nomen.

204 4207 384 4265 Haece
408 4209 498 4263 die
524 4223 642 4270 nos,
670 4205 884 4262 Christe
915 4217 1124 4278 potens,
1154 4208 1377 4278 dignare
1405 4206 1578 4273 tueri;

205 4300 317 4356 Neu
351 4317 456 4356 nos
487 4299 882 4356 commaculeut
914 4315 1122 4372 spurcce
1157 4299 1404 4370 contagia
1434 4300 1578 4354 vitae.

206 4393 250 4450 0
281 4394 458 4451 nostri
487 4395 767 4458 miserere,
800 4391 964 4457 Deus,
995 4391 1166 4447 nostri
1192 4392 1474 4460 miserere,

208 4485 401 4558 Sitque
435 4495 529 4542 tna
559 4487 700 4541 circa
731 4495 938 4540 nosmet
971 4484 1252 4539 miseratio
1280 4485 1447 4556 larga,

207 4577 380 4640 Corde
410 4577 634 4648 quidem
663 4575 771 4630 ﬁxo
801 4576 964 4632 veluti
991 4575 1310 4630 conﬁdimus
1339 4575 1390 4630 in
1419 4584 1489 4628 te.

206 4671 260 4728 In
286 4682 358 4739 te,
389 4687 605 4729 summe
628 4670 790 4737 Deus,
824 4686 1002 4740 spero,
1036 4686 1142 4724 non
1167 4669 1351 4722 turbcr
1375 4667 1425 4724 in
1453 4681 1646 4724 aevum.

207 4766 360 4832 Hunc
382 4768 652 4839 hymnum
685 4765 861 4820 subito
890 4763 1130 4834 trepidus
1159 4760 1393 4830 suscepit
1429 4759 1496 4813 ab
1531 4773 1626 4814 ore

207 4859 498 4917 Pontiﬁcis
527 4858 665 4914 forte
691 4857 854 4913 simul
883 4856 1286 4911 ecclesiasticus
1315 4854 1468 4918 ordo,

208 4955 527 5010 Altithrono
556 4964 782 5007 cantans
809 4949 918 5004 alto
947 4948 1305 5004 modulamine
1336 4946 1570 5000 Iaudem.

280 5045 419 5102 Nam
459 5045 724 5100 feretrum
750 5042 929 5106 loculi,
966 5057 1120 5096 sacra
1150 5056 1254 5110 quo
1277 5038 1534 5110 martyris
1565 5037 1696 5092 almi

209 5134 453 5198 Membra
493 5138 702 5195 inclusa
728 5135 932 5205 jaceut,
969 5135 1021 5189 in
1057 5134 1227 5206 prima
1258 5133 1402 5186 fonte
1429 5139 1682 5202 gerentes

211 5233 387 5290 Ambo
410 5248 627 5308 graves,
647 5231 911 5300 amboque
938 5243 1117 5291 senes,
1145 5225 1438 5282 Haistolfus
1460 5233 1510 5280 et
1544 5225 1682 5297 Eigil
1708 5241 1723 5279 :

216 5325 442 5383 Scilicet
461 5342 495 5381 a
531 5334 683 5398 tergo
709 5323 915 5394 pariter
941 5320 1344 5390 monachusque
1372 5318 1624 5373 sacerdos

217 5417 621 5476 Ercanberctus
649 5413 887 5488 Bangolli
918 5427 1224 5487 germanus,
1258 5419 1312 5466 et
1340 5411 1505 5466 abbas

219 5510 584 5583 Theo'garius
607 5526 621 5564 :
641 5495 1043 5578 Bruunvvarque
1071 5516 1122 5567 ⁸,
1150 5501 1579 5556 simulRabanus
1602 5506 1656 5554 et
1685 5499 1799 5570 ipse

203 5599 519 5678 ,Presbyter
539 5613 591 5658 et
622 5599 935 5662 monachus,
969 5594 1258 5650 multorum
1279 5589 1401 5661 june
1427 5591 1702 5662 magister.

292 5751 316 5778 ⁸
335 5737 546 5792 Forsan
572 5732 934 5790 Brunwarlus
957 5729 1371 5800 chorepiscopus
1387 5768 1402 5792 ,
1434 5727 1500 5781 ad
1517 5742 1686 5800 quem
1703 5741 1799 5782 ex-

225 5816 334 5878 stat
388 5807 598 5863 Rabani
639 5803 948 5878 poema‘lﬁ.
991 5798 1292 5878 Brovverps‘
1321 5807 1471 5878 putat
1514 5798 1803 5869 ipsummet

225 5877 398 5940 fuisse
421 5870 672 5938 abbatem
695 5873 1162 5944 Hersl‘elde'nsem,
1201 5870 1492 5930 Lamberto
1533 5886 1810 5942 memoras

1800 1881 1850 1945 Β
1878 1881 2216 1962 Christicolis
2243 1881 2433 1960 ardent
2458 1907 2676 1975 penitus
2697 1897 2910 1960 fervore
2931 1903 3137 1959 recenti

1877 2000 2130 2054 Numinis
2149 2000 2332 2053 infusi.
2359 2000 2582 2062 Verum,
2619 1999 2870 2052 mirabile
2893 1999 3064 2062 dictu,

1877 2092 1958 2148 Tu
1989 2093 2098 2147 scis
2121 2108 2228 2146 nou
2261 2091 2419 2145 solito
2444 2091 2621 2145 laudis
2649 2106 2751 2144 vos
2781 2091 3038 2146 omnibus
3061 2104 3220 2158 aequa

1878 2184 2139 2247 Elﬁcitur,
2163 2183 2435 2254 Iacrymas
2462 2182 2792 2253 profundunt
2819 2182 3008 2252 gaudia
3042 2179 3241 2235 mentis
3270 2195 3304 2250 :_

1877 2279 2103 2334 Laetitiae
2130 2279 2402 2351 laerymze,
2436 2285 2488 2332 et
2510 2285 2702 2332 cantus
2727 2278 3026 2332 miscentur
3051 2277 3104 2330 in
3131 2287 3318 2329 unum.

1879 2370 2016 2425 Hinc
2043 2371 2186 2424 aliud
2225 2371 2422 2425 cecinit
2452 2369 2612 2424 simili
2644 2370 3015 2425 moderamine
3044 2385 3264 2426 carmen

1881 2464 2014 2519 SOrs
2037 2464 2267 2526 Domini,
2295 2479 2488 2533 magna
2515 2461 2690 2516 laudis
2720 2461 3003 2516 dulcedine
3028 2461 3250 2532 plenum

1881 2554 2172 2630 Gigneutis
2201 2554 2493 2624 chitique
2515 2554 2674 2608 simul
2698 2569 2761 2607 ac
2789 2552 3026 2624 Spiritus
3056 2553 3182 2609 almi

2197 2645 2255 2702 In
2282 2647 2444 2702 celsis
2466 2646 2694 2701 Domino
2717 2644 2886 2716 gloria
2915 2660 3111 2715 magno

2204 2740 2326 2793 Voti
2350 2740 2528 2808 sitque
2556 2737 2684 2793 boni
2702 2739 2992 2807 terrigenis
3021 2752 3162 2806 pax:

2195 2831 2506 2886 Laudamus
2534 2844 2748 2898 quoque
2778 2837 2849 2892 te,
2881 2835 2935 2882 et
2960 2827 3366 2884 sanctiﬁcamus

2199 2921 2428 2990 Propter
2456 2919 2801 2990 magniﬁcum
2829 2927 2883 2973 et
2907 2919 3074 2974 decus
3095 2918 3279 2975 altum.
3451 2901 3454 2904 I

1884 3015 2011 3072 Hzec
2033 3023 2144 3069 tam
2169 3014 2366 3084 quippe
2387 3013 2477 3067 diu
2508 3011 2668 3067 celsae
2689 3009 2938 3079 jubilatio
2960 3013 3110 3067 vocis

1879 3107 2196 3172 Personuit,
2224 3107 2399 3162 donec
2430 3120 2626 3162 saxoso
2657 3106 2901 3160 mem-bra
2932 3104 3182 3175 sepulcro

1886 3201 2172 3257 lucludunt
2202 3242 2214 3264 ,
2239 3199 2531 3268 clausaque
2578 3197 2773 3252 dehinc
2798 3198 3072 3268 pausanda
3110 3196 3459 3268 relinquunt:

1806 3251 1855 3318 ε
1885 3286 1999 3352 Hoc
2029 3311 2259 3366 namque
2279 3295 2515 3350 occidua:
2538 3301 2746 3364 martyr
2775 3293 3071 3348 tumulatus
3099 3293 3328 3359 honore,

1884 3391 2176 3449 Altithroni
2201 3391 2341 3461 regis
2361 3397 2573 3459 compta
2591 3387 2735 3455 jacet
2759 3388 2902 3442 altus
2928 3387 2981 3441 in
3005 3403 3098 3441 ara
3121 3427 3136 3451 ,

1886 3486 2090 3541 Absida
2104 3500 2263 3554 quam
2277 3499 2439 3554 super
2449 3489 2725 3537 exstructa
2740 3495 2974 3548 namque
2991 3477 3466 3547 imminetingens:

1893 3577 2176 3647 Quamque
2212 3581 2424 3646 egomet
2451 3616 2466 3640 ,
2498 3573 2772 3644 quondam
2802 3572 2905 3627 hac
2927 3569 3129 3626 Christi
3157 3568 3393 3624 nutritus
3412 3565 3471 3623 in

3233 3661 3399 3734 [θυῐαν

1894 3760 2189 3833 Presbyter
2215 3769 2272 3816 et
2291 3757 2589 3815 monachus
2613 3758 2798 3813 Brnun
2824 3756 3056 3826 vilisque
3079 3753 3356 3827 magister,
3449 3831 3452 3834 _

1893 3853 2122 3924 Depinxi
2145 3853 2359 3924 ingenio
2383 3852 2553 3916 tenui,
2576 3866 2858 3921 parvaque
2878 3849 3117 3904 Minerva

1891 3944 2160 4001 Formans
2187 3944 2431 4014 expressi
2463 3943 2644 3997 varios
2671 3940 2948 4012 ferrugine
2969 3938 3165 3994 vultus.

2033 4095 2190 4153 CAP.
2218 4094 2408 4151 XVIII.
2447 4093 2781 4166 Supplicatio
2812 4092 3030 4163 pictoris
3068 4097 3114 4144 et
3142 4098 3328 4159 poeta.

1965 4209 2133 4280 Cujus
2154 4225 2426 4280 quemque
2453 4225 2584 4281 rogo
2606 4204 2919 4262 meminisse
2946 4206 3214 4272 legentem

1894 4299 2009 4355 Hoc
2046 4315 2202 4369 opus,
2231 4300 2437 4353 orando
2462 4299 2748 4352 Dominum
2789 4295 3007 4365 pietatis
3029 4306 3216 4346 amore

1895 4391 1970 4447 Ut
1989 4392 2255 4446 scelerum
2275 4391 2486 4444 veniam
2516 4389 2687 4444 ﬁdens
2719 4393 2994 4441 meremur
3017 4383 3088 4436 ab
3110 4382 3222 4448 illo,

1895 4483 1997 4552 Qui
2031 4501 2139 4540 non
2157 4483 2270 4538 vult
2297 4495 2627 4552 quemquam
2649 4480 2858 4551 peccati
2885 4486 3068 4534 uiorte
3097 4476 3280 4547 perire
3303 4492 3331 4548 :_

1818 4609 1873 4672 Β
1899 4575 2004 4631 Sed
2031 4577 2200 4647 magis
2218 4563 2289 4630 'ut
2310 4575 2524 4628 rediens
2554 4575 2701 4627 vivat
2731 4571 3025 4626 virtutibus
3050 4569 3230 4624 almis.

1898 4667 1993 4722 liis
2017 4680 2232 4735 quoque
2253 4665 2480 4734 patratis
2503 4679 2732 4718 summae
2749 4661 3045 4716 celebratio
3068 4661 3248 4715 missu:

1896 4757 2170 4812 Laudibus
2196 4755 2432 4809 intonuit
2457 4755 2633 4825 dignis
2661 4770 2680 4807 :
2707 4769 2812 4824 qua
2838 4752 2946 4806 rite
2971 4759 3192 4821 peracta

1895 4849 2049 4904 Lassi
2075 4864 2197 4903 cum
2219 4847 2403 4908 sociis,
2435 4846 2598 4899 mlta
2624 4845 2934 4914 crepitante
2957 4851 3196 4908 caterva,

1897 4939 2135 4996 llaistolf
2149 4949 2311 5007 atque
2350 4938 2488 5006 Eig‘rl
2520 4938 2665 4992 ducti
2693 4937 2794 4992 sub
2826 4945 2970 4992 tecta
2993 4942 3289 4992 recurrunt

1899 5034 2166 5090 Moenibus
2188 5047 2256 5086 en
2279 5031 2404 5084 altis
2425 5029 2622 5098 praesul
2644 5029 2888 5083 convivia
2910 5028 3068 5083 laetus

1901 5125 2100 5180 Pastor
2123 5132 2178 5176 et
2202 5122 2318 5192 ipse
2339 5120 2499 5174 simul
2523 5138 2534 5172 :
2563 5129 2914 5189 Itmrumque
2942 5119 3069 5173 inde
3091 5117 3336 5170 minores

1903 5219 2025 5274 Mox
2056 5219 2276 5281 adeunt,
2309 5215 2488 5270 Patris
2514 5215 2720 5269 celeres
2746 5224 2864 5268 tum
2881 5213 3024 5267 forte
3042 5205 3280 5264 ministri

1901 5310 2050 5365 Dona
2080 5308 2258 5362 ferunt
2285 5308 2496 5361 Cereris
2521 5306 2690 5359 multo
2719 5306 2916 5360 sudore
2944 5298 3220 5356 canistris.

1903 5401 2140 5469 Qumsita
2168 5411 2250 5455 ast
2277 5400 2364 5454 alii
2391 5400 2544 5452 vario
2567 5399 2756 5451 tib-lore
2785 5409 3061 5463 respersas

1903 5497 2110 5550 Instant
2134 5493 2278 5549 ferre
2301 5493 2504 5561 dapes;
2527 5488 2621 5543 alii
2649 5501 2890 5553 namque
2911 5485 3114 5555 inclyta
3131 5485 3282 5544 vitro

1905 5585 2113 5644 Ordine
2137 5585 2442 5654 composito
2467 5579 2768 5634 miscebant
2797 5575 2987 5646 pocula
3013 5575 3231 5632 Bacchi.

1907 5732 2018 5784 tum
2073 5723 2138 5776 ad
2179 5732 2376 5772 annum
2424 5713 2528 5768 846
2571 5711 2930 5782 Theotgarius
2967 5707 3272 5784 cujusgloci
3317 5677 3486 5784 abbas

1905 5778 2456 5922 iuet‘itﬁlt‘reiaslarla‘
2475 5801 2546 5843 an
2582 5778 2820 5846 cenabit
2866 5778 3046 5844 sancti
3085 5781 3320 5844 Abans.
3349 5778 3484 5837 muli

1905 5884 2019 5926 non
2105 5879 2177 5939 qu
3303 5885 3306 5890 -
3441 5897 3450 5905 .
