4006 6442
539 367 644 428 IIII

543 478 648 540 Nec
681 482 861 540 minus
882 483 1146 540 intererat
1173 485 1346 556 epulis
1377 485 1536 544 simul
1562 489 1700 544 alma
1730 490 1973 560 paternis

541 575 722 630 Lectio
754 593 768 630 :
797 590 1030 647 namque
1057 577 1210 632 cibus
1234 577 1388 634 fortis
1412 580 1721 651 solidusque
1742 582 2004 648 virorum,

539 672 780 732 Intentus
816 667 1022 722 satiaus
1051 669 1231 738 superi
1258 670 1588 741 pinguedine
1616 672 1785 726 verbi.

644 782 794 838 CAP.
823 783 962 838 XIX.
1001 783 1076 837 De
1103 786 1333 840 crastina
1365 785 1688 841 dedicatione
1708 795 1754 841 et
1781 788 2002 860 reliqua.

551 877 554 880 ’
607 872 856 928 Crastina
887 889 1117 943 cumque
1144 877 1257 931 dies
1289 877 1468 931 fuscas
1503 877 1802 933 dimoverat
1825 879 1939 934 alas

540 965 742 1031 Noctis,
774 975 832 1021 et
856 966 1150 1022 umbrifera
1180 967 1371 1022 nebula
1395 971 1719 1024 concederat
1742 971 1904 1038 arvis,

482 1124 488 1131 ἢ
541 1057 727 1112 Evolat
753 1058 987 1128 hospitio
1016 1058 1273 1126 solisjam
1306 1059 1422 1115 luce
1454 1068 1684 1126 retecta,

485 1164 489 1209 ξ
539 1149 672 1205 Cum
705 1151 871 1205 sociis
894 1151 1079 1221 jussus
1103 1150 1396 1206 Humberct
1415 1153 1835 1223 chorepiscopus
1864 1162 2022 1208 antra
2044 1151 2112 1208 ad

539 1241 791 1298 Ecclesia:
813 1243 1073 1296 sacranda
1101 1242 1224 1304 duo,
1255 1257 1374 1310 qua:
1399 1242 1518 1298 luce
1543 1244 1757 1313 reliquit

539 1332 798 1388 Hesterna
822 1333 1034 1403 praesul.
1069 1333 1307 1388 Primum
1325 1335 1466 1404 quod
1507 1346 1717 1406 spectat
1742 1338 1930 1402 Eoum,

539 1423 811 1480 Pontiﬁcis
846 1425 986 1490 vice,
1015 1425 1187 1498 rigido
1211 1436 1533 1497 conspectus
1561 1428 1614 1482 in
1641 1437 1812 1494 ostro,

537 1515 853 1587 Aggreditur
876 1517 1114 1587 speicum
1146 1517 1323 1572 saltim
1351 1536 1362 1571 :
1386 1534 1492 1586 quo
1525 1534 1715 1589 nempe
1751 1525 1965 1575 sacrato

538 1605 651 1661 Uno
680 1623 803 1663 cum
834 1608 1007 1674 titulo,
1035 1609 1196 1664 simili
1238 1625 1361 1664 mox
1392 1611 1583 1665 ordine
1610 1623 1789 1666 sacrat

535 1693 675 1751 Solis
705 1697 768 1750 ad
799 1713 1053 1754 occasum
1085 1708 1359 1769 spectans,
1384 1701 1525 1769 quod
1558 1703 1782 1772 respicit
1803 1711 2038 1759 antrum.

534 1784 886 1856 Excipiuntur
916 1789 1060 1843 enim
1084 1789 1279 1844 infecta
1305 1791 1434 1846 hinc
1462 1792 1649 1846 altaria
1679 1794 1826 1848 bina.

534 1878 706 1934 Unam
733 1896 837 1949 qua
869 1881 1072 1953 Martyr
1097 1886 1272 1939 media
1306 1887 1578 1941 testudine
1601 1888 1788 1957 templi

535 1970 665 2025 Ante
690 1971 810 2037 fuit,
840 1974 985 2028 aliud
1012 1991 1117 2045 qua
1148 1975 1351 2046 Styrmi
1384 1993 1611 2046 corpore
1631 1980 1865 2048 quiescit

530 2062 606 2119 Ac
623 2064 781 2136 digna
796 2065 1020 2138 Liobgid
1032 2083 1268 2139 pausans
1279 2070 1556 2126 Bonifacio
1579 2071 1786 2144 [Forte,
1810 2074 2112 2152 Bonifacia]

530 2223 655 2280 Sola
672 2225 818 2296 jacet
843 2228 1002 2286 busto
1024 2233 1308 2289 mulierum
1332 2244 1478 2292 sorte
1502 2240 1730 2310 sepulta.
1822 2167 2041 2241 [nept's’

529 2316 658 2402 Qua:
679 2321 893 2377 rediens
921 2340 1030 2378 uno
1056 2323 1241 2382 Jacobi
1266 2328 1428 2382 simul
1451 2340 1615 2399 atque
1645 2331 1878 2404 Philippi

529 2400 661 2468 Cttm
691 2414 846 2471 titulo
872 2418 1071 2487 przesul
1101 2428 1330 2474 venturo
1353 2421 1565 2476 dedicat
1595 2438 1757 2478 anno.

638 2504 710 2561 Ut
734 2507 893 2563 liceat
920 2511 1080 2566 dictis
1101 2527 1366 2566 summam
1398 2516 1790 2583 comprendere
1808 2519 2017 2587 paucis,

533 2597 686 2655 Hanc
715 2587 891 2656 aulam
917 2603 1153 2659 llaistolf
1177 2606 1373 2674 prmsul
1404 2605 1675 2677 Moguntia
1711 2610 1892 2664 censis

528 2692 781 2750 Ecclesiae
812 2695 1012 2751 Christi
1044 2697 1316 2766 primaevis
1344 2698 1436 2752 mil
1475 2714 1500 2753 s
1523 2701 1591 2753 ab
1619 2701 1797 2766 annis,

526 2782 660 2840 Cum
694 2800 887 2858 magno
922 2788 1102 2843 studio
1135 2805 1200 2844 ac
1224 2806 1419 2860 magno
1448 2791 1670 2859 pietatis
1693 2808 1903 2860 amore,

527 2877 752 2947 Insuper
785 2887 841 2934 et
869 2895 1064 2951 magno
1088 2892 1402 2938 s-mctorum
1431 2893 1614 2938 sacrat
1639 2885 1871 2951 honore,

525 2969 729 3045 Ordine
748 2975 1010 3045 prtedicto
1038 2977 1319 3046 complens
1345 2979 1612 3047 promissa
1644 2978 1873 3047 petenti.

527 3085 677 3144 CAP.
708 3088 826 3144 XX.
864 3087 1304 3176 Commemoratio
1337 3091 1545 3148 Rabani
1581 3094 1823 3164 magistri
1845 3103 1895 3149 et
1939 3094 2110 3166 operis

1245 3181 1382 3234 ejus.

1363 374 1422 432 S.
1463 376 1709 435 EIGILIS
1744 375 2034 435 ABBA'I‘IS
2069 374 2455 435 FULDENSIS
2489 377 2650 436 VITA
2684 377 3010 438 METRICA.

2146 489 2200 550 Δ
2224 487 2415 544 Nescio
2441 487 2570 560 quid
2599 491 2780 562 magni
2810 493 3076 564 ﬁngentes
3106 493 3225 548 art’e
3257 493 3484 553 fecunda
3502 537 3518 564 ,

3697 385 3813 449 ιη

2215 579 2365 646 Quod
2393 591 2570 636 tamen
2596 584 2710 651 ipse
2738 597 2882 645 reor,
2912 581 3058 638 salva
3084 593 3374 656 menteque
3402 587 3618 659 fideque
3640 633 3659 660 .

2212 669 2374 727 Iétius
2402 671 2656 726 Ecclesia:
2683 683 2737 726 et
2763 672 2962 728 Christi
2995 673 3254 743 praeferre
3286 675 3538 748 figuram.

2285 762 2568 834 Templum
2596 766 2794 835 quippe
2846 765 2942 820 Dei
2986 777 3232 822 sanctum
3260 778 3387 836 est,
3421 773 3567 842 quod
3605 773 3808 837 Paulus

3519 864 3738 938 [aperte

2213 943 2568 1002 Christicolas
2591 961 2712 1002 esse
2738 947 2941 1002 Christi
2983 964 3079 1004 vas
3103 961 3365 1019 personat
3402 954 3542 1025 ipse.
3781 949 3786 954 ’

2213 1036 2378 1106 Cujus
2414 1048 2636 1094 tectura:
2666 1040 2921 1112 princeps
2954 1050 3008 1097 et
3036 1044 3288 1099 conditor
3312 1055 3459 1102 astat

2211 1129 2432 1187 Arbiter
2459 1133 2572 1202 ipse
2601 1132 2764 1199 Deus,
2795 1133 3342 1207 fundamentumque,
3372 1140 3628 1198 columna

2211 1222 2541 1279 Inconcussa
2571 1239 2795 1280 manens
2824 1240 3040 1296 semper
3065 1228 3267 1285 virtute
3291 1234 3538 1300 perenni.

2214 1313 2328 1382 Qua
2358 1315 2479 1370 fidei
2509 1316 2706 1370 merito
2733 1332 2877 1372 nunc
2910 1318 3000 1373 hic
3034 1318 3187 1388 plebs
3212 1322 3417 1377 advena
3445 1323 3672 1380 Christo

2216 1403 2550 1478 Subrigitur,
2581 1409 2949 1478 templumque
2979 1409 3090 1464 Deo
3115 1413 3414 1483 conglescit
3449 1417 3478 1457 δ
3502 1417 3556 1471 in
3583 1419 3785 1476 almum

2214 1495 2366 1564 Quod
2404 1512 2536 1553 vero
2570 1499 2624 1552 in
2657 1514 2871 1554 summo
2897 1497 3076 1571 lapide
3105 1504 3447 1560 concluditur
3477 1523 3586 1562 uno
3607 1549 3623 1573 ,

2219 1588 2427 1645 Edocet
2456 1591 2572 1660 ipse
2599 1605 2844 1656 monens,
2874 1591 3081 1648 intenta
3119 1603 3298 1650 mente
3329 1598 3628 1667 rogandum

2214 1677 2483 1750 Egregius
2509 1681 2722 1746 doctor,
2756 1689 2814 1734 ut
2841 1682 2932 1751 qui
2962 1682 3164 1738 virtute
3188 1688 3393 1755 potenti
3421 1688 3476 1741 in

2216 1767 2384 1824 Nobis
2420 1771 2585 1840 erepit
2613 1787 2751 1840 opus
2783 1772 3064 1841 p'acitum,
3095 1774 3348 1842 dignetur
3377 1777 3429 1832 in
3459 1778 3628 1834 altum

2143 1843 2192 1904 Β
2219 1859 2488 1916 Perticere
2509 1860 2658 1925 Jesu,
2689 1863 2859 1919 donec
2882 1863 3168 1919 manifesta
3201 1867 3452 1924 micando
3474 1910 3491 1936 ,

2213 1953 2295 2008 Ac
2317 1952 2524 2010 Iamosa
2551 1955 2670 2010 dies
2697 1956 2900 2011 Christi
2931 1959 3191 2027 procedat
3229 1959 3281 2014 in
3307 1962 3517 2017 orbem.

2219 2047 2444 2103 Octona:
2475 2049 2706 2105 interius
2736 2059 2942 2106 stantes
2969 2051 3204 2123 hincque
3247 2054 3372 2110 inde
3395 2055 3659 2114 columnae
3682 2101 3700 2126 ,

2215 2137 2424 2209 Totque
2460 2139 2888 2197 beatitudinihus
2916 2152 3193 2213 aptantur,
3223 2154 3284 2200 ut
3319 2155 3443 2217 apte

2213 2227 2421 2299 Quique
2442 2239 2634 2300 quater
2656 2233 2781 2287 bina
2808 2234 2926 2289 bzec
2946 2235 3280 2305 complentes
3301 2237 3442 2294 dicta
3465 2239 3732 2297 Tonantis
3748 2282 3770 2309 ,

2211 2325 2271 2381 In
2300 2326 2403 2382 hac
2425 2327 2539 2382 aede
2569 2328 2664 2384 Dei
2693 2328 2864 2384 fulcra
2890 2341 3205 2387 mereantur
3233 2334 3443 2391 haberi.

2212 2416 2460 2474 Circulos
2484 2419 2731 2476 ecclesiae
2758 2422 2850 2492 qui
2881 2423 3029 2477 nullo
3054 2423 3160 2479 ﬁne
3190 2429 3456 2483 rotundus

2213 2507 2522 2573 Clauditur,
2553 2511 2783 2566 interius
2808 2513 3176 2583 complectens
3200 2518 3483 2574 commoda
3503 2517 3650 2584 vitae,

2216 2597 2376 2668 Spem
2409 2615 2623 2670 quoque
2650 2601 2773 2656 vitae
2799 2612 3072 2673 perpetuae
3103 2621 3436 2679 regnumque
3463 2624 3720 2679 perenne,
3745 2605 3804 2667 an

2212 2688 2442 2745 Praemia
2472 2707 2731 2746 mansura
2762 2703 2884 2762 post
2913 2695 3054 2750 hanc
3085 2697 3306 2768 signare
3335 2698 3548 2756 videtur
3571 2740 3588 2764 ,
3765 2700 3768 2703 ’

2213 2781 2393 2837 Vitam
2419 2782 2541 2852 quis
2562 2781 2694 2850 justi
2721 2784 2918 2840 merito
2945 2786 3208 2842 vittantur
3235 2788 3287 2842 in
3315 2804 3509 2845 aevum.

2213 2891 2344 2949 Car.
2377 2891 2543 2948 XXII.
2578 2894 2655 2949 De
2689 2897 2923 2981 ejusdem
2976 2899 3206 2954 ecclesia:
3257 2902 3604 2968 dedicatione,
3649 2921 3806 2977 quam

2647 2978 2996 3022 cmmeterium
3027 2981 3237 3030 vocant.
3268 2982 3378 3028 etc.

2284 3053 2401 3111 Hoc
2427 3057 2596 3128 igitur
2624 3059 2888 3129 templum
2920 3059 3151 3118 Domino
3178 3064 3322 3133 quod
3352 3065 3597 3122 condidit
3623 3065 3774 3124 almo

2212 3145 2449 3219 Impiger
2474 3149 2565 3203 ille
2590 3164 2780 3213 senex,
2806 3153 3256 3222 metropolitanus
3280 3157 3348 3210 ab
3384 3157 3518 3213 urbe

598 3251 768 3324 Hujus
815 3269 1010 3326 nempe
1059 3255 1201 3310 diem
1248 3213 1650 3324 ξίᾷὦθτωηηυθ
1701 3270 1766 3311 ac
1815 3265 2030 3327 tempus
2057 3265 2112 3312 ει
2136 3213 2183 3277 C
2214 3213 2538 3308 Digrediens
2571 3239 2841 3308 Haislolil‘,
2870 3243 3138 3315 Turingea
3171 3262 3300 3302 rura
3325 3250 3560 3317 petendo
3587 3292 3604 3317 ,

1787 3347 2030 3421 [annum,

524 3440 710 3498 Ollicia
738 3443 968 3513 pariter,
996 3451 1308 3500 sanctorum
1338 3453 1394 3500 et
1424 3447 1644 3502 nomina
1668 3445 1891 3516 partim,

524 3534 693 3603 Quem
724 3552 889 3606 supra
923 3537 1093 3608 tetigi,
1124 3535 1516 3606 Rabanusjure
1544 3537 1805 3609 magister

524 3625 782 3682 Versibus
802 3627 1073 3692 obtitulat,
1103 3630 1300 3697 partim
1327 3644 1578 3685 sermone
1601 3630 1816 3685 retexit.

523 3715 700 3772 Panso
721 3720 973 3789 equidem
1004 3718 1157 3788 cujus
1185 3739 1328 3778 nunc
1357 3723 1447 3779 hic
1467 3725 1661 3780 ordine
1688 3724 1828 3779 dicta

521 3807 797 3878 Florigera
826 3809 954 3865 huic
980 3812 1131 3880 operi
1160 3812 1379 3884 dignum
1407 3813 1670 3884 inﬁgenda
1691 3813 1876 3883 putavi
1901 3829 1914 3866 :

523 3895 801 3962 Quatenus
823 3897 874 3951 in
899 3898 1038 3954 libro
1069 3901 1171 3956 hoc
1198 3903 1423 3957 memori
1447 3905 1717 3959 narranda
1746 3903 1923 3958 relatu

522 3985 693 4041 Illwsa
723 3987 1034 4058 intactaque
1060 3990 1217 4045 simul
1247 4002 1535 4047 serventur
1573 3995 1627 4048 in
1660 4010 1855 4048 aevum.

593 4075 720 4131 Haec
743 4077 862 4144 tibi,
897 4079 1068 4135 frater
1099 4081 1170 4135 mi
1201 4096 1386 4136 coram
1418 4083 1677 4139 solemnia
1706 4099 1946 4154 praesens

524 4165 592 4222 Ut
622 4167 754 4234 vidi,
781 4178 840 4224 ut
868 4171 1037 4235 sensi,
1069 4183 1131 4226 ut
1159 4188 1321 4242 super
1359 4174 1474 4229 haec
1495 4176 1776 4232 addiscere
1797 4177 1968 4247 quivi,

502 4255 778 4327 gVersibus
803 4263 1026 4333 exposui
1055 4282 1068 4317 :
1104 4264 1217 4334 jam
1241 4281 1383 4320 nunc
1414 4267 1501 4322 hic
1533 4267 1703 4323 limite
1733 4269 1896 4335 facto,

522 4349 651 4418 Quae
681 4355 1024 4424 superaddita
1061 4364 1208 4422 sunt,
1248 4357 1338 4412 alii
1369 4359 1658 4414 scribenda
1687 4361 1932 4430 relinquo
1973 4374 2024 4417 α.

521 4462 651 4518 CAP.
692 4463 835 4519 XXI.
875 4466 953 4539 De
978 4468 1326 4536 mdiﬁcatione
1352 4468 1582 4524 basilice
1610 4471 1854 4527 rotundae
1875 4513 1891 4539 ,
1926 4482 1979 4528 et
2009 4473 2106 4529 de-

877 4538 1172 4607 signatione
1193 4540 1426 4608 ejusdem
1453 4550 1753 4598 structum.

480 4691 490 4698 .
530 4685 534 4688 ,
595 4623 722 4678 Haec
753 4625 842 4679 ubi
878 4625 1025 4682 facta
1056 4636 1113 4682 at
1137 4637 1287 4694 sunt,
1318 4630 1487 4686 instat
1512 4634 1810 4703 prudenter
1834 4635 2036 4708 ubique

521 4709 758 4772 Sedulus
788 4717 1074 4774 addiscens
1099 4722 1400 4778 communis
1430 4724 1623 4794 gaudia
1651 4725 1776 4780 vitae

522 4808 682 4882 Eigil,
710 4809 968 4880 subjectis
991 4827 1148 4868 sacro
1170 4827 1449 4870 connexus
1473 4831 1696 4883 amore,

521 4899 780 4956 Fratrum
809 4902 1056 4968 consilio,
1085 4919 1307 4974 parvam
1336 4923 1441 4977 qua
1473 4923 1700 4977 corpora
1730 4907 1964 4967 fratrum

525 4993 665 5050 Hinc
692 4993 949 5051 defuncta
971 4995 1160 5064 jaceut
1179 4997 1372 5054 devote
1399 5014 1635 5070 namque
1670 5001 1959 5057 rotundam

519 5086 772 5144 Condidit
792 5087 1104 5156 ecclesiam,
1128 5089 1349 5147 latitans
1376 5107 1480 5162 qua
1509 5093 1693 5163 pervia
1716 5105 1906 5166 crypta

521 5179 632 5235 Sub
673 5180 865 5238 tellure
891 5181 1042 5248 latet,
1073 5198 1179 5238 una
1215 5199 1337 5254 quae
1373 5185 1476 5240 rite
1503 5186 1758 5241 columna

517 5267 731 5341 Incipit,
765 5286 831 5328 ac
860 5288 1021 5344 supra
1046 5275 1260 5330 octonis
1289 5277 1538 5331 subrecta
1573 5276 1843 5332 columnis
1870 5316 1888 5344 ,

517 5359 864 5430 Prmpulchre
895 5367 947 5420 in
977 5382 1190 5423 summo
1219 5367 1398 5434 lapide
1424 5368 1764 5423 concluditur
1796 5383 1926 5424 uno.

471 5451 478 5526 ξ
518 5449 638 5526 Hoc
680 5469 816 5526 opus
841 5457 947 5515 hoc
973 5463 1174 5516 etenim
1206 5459 1389 5515 divino
1411 5475 1637 5516 munere
1656 5460 1801 5518 docti

517 5542 734 5610 Pastor,
771 5557 828 5604 et
853 5550 967 5620 ipse
994 5553 1156 5609 simul
1183 5552 1669 5610 infantumdoctor
1719 5553 1980 5615 honestus
2014 5609 2020 5615 ,

519 5635 654 5695 Cum
677 5640 840 5696 sociis
860 5640 1075 5711 jaciunt
1102 5645 1211 5699 alto
1238 5644 1545 5701 sinuamine
1582 5645 1779 5700 mentis
1803 5685 1819 5710 ,

591 5767 619 5797 ι
641 5731 868 5846 ᾼξὶξιιξῃὶ
895 5775 1086 5846 versus
1129 5768 1186 5846 et
1212 5740 1458 5846 prosam.
1493 5764 1597 5821 hac
1633 5764 1700 5820 de
1723 5777 1796 5846 Ie
1839 5759 2107 5841 babesjn

519 5825 616 5897 tib.
640 5843 681 5887 ιι
709 5829 1109 5904 Antiquitatum
1129 5825 1517 5903 Fuldensium,
1565 5851 1687 5909 cap.
1719 5835 1775 5898 5.
1881 5837 1886 5841 ’
2013 5872 2016 5873 ν

2215 3331 2485 3402 Tempore
2511 3332 2774 3402 disposito
2800 3350 2924 3390 cum
2955 3337 3125 3391 ternis
3151 3337 3364 3394 dedicat
3393 3341 3524 3397 aris.

2217 3420 2383 3489 Cujus
2414 3430 2471 3478 et
2500 3424 2617 3494 ipse
2647 3425 2809 3480 simul
2844 3425 3112 3482 infantum
3155 3430 3346 3485 doctor
3372 3433 3587 3503 opimus
3609 3474 3626 3501 ,

2214 3508 2384 3579 Quem
2424 3528 2567 3584 saepe
2593 3515 2769 3584 posui,
2803 3515 2986 3587 digne,
3018 3518 3304 3590 docteque,
3333 3522 3530 3591 pieque

2213 3601 2385 3659 OIIicii
2418 3620 2736 3671 numerum,
2766 3615 3003 3678 tempus,
3037 3623 3349 3680 annumque
3381 3613 3633 3685 diemque

2215 3693 2349 3750 Cum
2377 3707 2628 3752 sanctum
2667 3697 2889 3769 reliquis
2917 3700 3068 3754 varia
3093 3701 3474 3772 complectitur
3501 3717 3644 3761 arte.

2214 3805 2346 3864 CAP.
2401 3806 2588 3864 XXIII.
2629 3810 2710 3866 De
2759 3811 2987 3888 claustri
3029 3825 3336 3888 structura,
3396 3827 3445 3872 et
3500 3818 3803 3888 inﬁrmitate

2900 3884 3124 3940 abbatis.
3557 3884 3568 3888 ’
3745 3894 3748 3897 ’

2282 3971 2384 4026 Ast
2408 3987 2544 4044 Opus
2570 3989 2696 4030 ecce
2727 3990 2924 4031 novum
2951 3979 3103 4034 senio
3122 3977 3412 4049 depressus
3433 3981 3636 4038 acerbo

2213 4063 2477 4130 Exorsus,
2519 4068 2738 4123 tandem
2781 4071 2962 4125 subito
2989 4069 3050 4125 ﬁt
3084 4073 3288 4127 mentio
3313 4073 3555 4129 claustri.

2213 4154 2511 4212 Consilium
2537 4160 2773 4214 subeunt
2801 4161 3046 4231 quidam,
3079 4163 3209 4216 dant
3237 4179 3385 4220 more
3405 4165 3607 4234 prioris

2213 4247 2502 4304 Constitui.
2532 4249 2631 4306 Ast
2660 4252 2750 4306 alii
2774 4253 3098 4323 depromunt
3121 4270 3271 4310 more
3295 4254 3540 4312 Romano

2215 4336 2358 4393 Solis
2384 4341 2451 4395 ad
2475 4356 2732 4396 occasum
2761 4344 2951 4408 satius,
2985 4331 3078 4399 ubi
3107 4355 3317 4418 martyr
3340 4346 3558 4417 opimus

2212 4431 2360 4487 Pone
2389 4433 2557 4502 jacet.
2592 4433 2729 4490 Huic
2763 4437 2990 4492 consilio
3017 4454 3238 4494 cessere
3259 4441 3469 4508 priores
3500 4481 3517 4507 ,

2211 4522 2388 4593 Atque
2409 4525 2536 4581 huic
2567 4527 2882 4596 suppliciter
2906 4530 3185 4585 consensit
3211 4541 3404 4586 caetera
3429 4533 3618 4601 pubes.

2131 4579 2188 4641 Β
2285 4579 2552 4680 Quidnam
2577 4579 2735 4687 plitra
2767 4618 2958 4689 loquar
2982 4621 3006 4674 ?
3032 4619 3228 4676 Statim
3257 4579 3511 4678 menst
3541 4622 3747 4681 laboris

2215 4703 2500 4773 Tenditur,
2538 4706 2846 4779 effossaque
2882 4711 2996 4766 solo
3026 4711 3340 4768 fundamina
3363 4724 3592 4784 ponunt.

2213 4795 2410 4852 Fervet
2437 4813 2594 4869 opus,
2621 4800 2941 4872 animosque
2973 4802 3134 4858 simul
3159 4804 3413 4874 viresque
3440 4805 3734 4860 ministrat.

2213 4888 2436 4948 Cunctis
2469 4909 2573 4963 par
2595 4909 2750 4960 cura,
2776 4903 2939 4966 atque
2966 4897 3148 4968 operis
3178 4906 3438 4969 concepta
3461 4898 3736 4954 voluntas.

2214 4987 2368 5055 Quod
2401 4997 2581 5045 tamen
2607 4988 2863 5046 infectum
2889 4999 3010 5062 post
3031 5007 3090 5047 se
3111 4991 3481 5064 compleverat
3500 4993 3664 5050 alter.

2283 5081 2539 5139 Protinus
2568 5084 2776 5139 interea
2807 5085 2988 5156 magni
3014 5083 3335 5140 discrimine
3357 5085 3536 5140 morbi

2213 5173 2542 5244 Corripitur,
2565 5176 2838 5246 cessitque
2858 5175 2968 5232 cito
2992 5176 3246 5232 violentia
3272 5177 3429 5232 lassis

2211 5263 2475 5321 Anubus.
2511 5264 2786 5336 Increpuit
2815 5283 3066 5324 mussans
3095 5268 3389 5325 concordia
3429 5267 3667 5323 fratrum

2213 5355 2349 5414 Cum
2381 5359 2582 5430 gemitu
2611 5358 2790 5414 Patris
2827 5359 2999 5415 inviso
3031 5361 3320 5432 perterrita
3346 5361 3554 5417 morbo.

2213 5451 2283 5507 Et
2311 5459 2492 5508 tamen
2520 5451 2609 5507 ille
2639 5452 2740 5507 sibi
2763 5451 3005 5508 collectis
3034 5452 3240 5508 viribus
3264 5453 3380 5523 ipse

2213 5544 2472 5616 Corporis
2490 5545 2789 5615 hospitium
2815 5547 2963 5603 tenui
2994 5546 3194 5608 virtute
3219 5536 3511 5601 dehiScens
3534 5583 3552 5612 ,

2214 5637 2430 5694 Primus
2452 5653 2683 5707 namque
2702 5637 2894 5708 aperit,
2921 5637 3158 5711 propriis
3180 5637 3540 5707 manibusque
3561 5632 3791 5694 ηοιιιςίι

2288 5755 2318 5798 ιι
2348 5755 2406 5811 Id
2426 5762 2532 5823 est,
2563 5751 2830 5814 coalescit.
