4006 6478
190 347 333 462 tu
1270 387 1366 444 an
1401 386 1620 446 vrum
1656 388 1716 445 s.
1756 386 2000 462 ωουλδ
2034 343 2402 447 APPENDIX.
3365 339 3476 460 tta

224 510 351 567 Car.
381 502 571 571 XXIV.
594 502 673 558 De
695 503 835 558 obitu
862 509 912 557 et
938 502 1230 571 sepultura,
1257 512 1306 558 et
1328 504 1586 575 epilaphio
1610 504 1793 576 ipsius.
1823 504 1876 565 Α
1899 506 2111 571 Insons,
2139 520 2374 576 sonsque
2399 504 2574 576 capit;
2607 519 2712 562 nec
2731 504 2933 564 habent
2952 505 3262 566 discrimina
3289 506 3475 568 tinem.

292 598 426 655 Hinc
454 596 627 665 magis
654 604 819 667 atque
845 595 1016 666 magis
1052 594 1226 650 fervet
1252 635 1267 658 ,
1320 604 1660 666 mortemque
1697 596 1803 652 mi-
1899 599 2168 656 Lethifera
2191 601 2308 654 inec
2333 599 2550 669 rapidus
2573 616 2742 670 usque
2765 601 2891 656 dum
2918 601 3073 658 fortis
3097 610 3151 658 et
3173 602 3369 658 ardens

1545 683 1730 756 [nattrr
1900 692 2134 749 Ultimus
2169 692 2258 746 ille
2283 693 2399 748 dies
2420 693 2628 748 nebula:
2651 693 2921 764 clangoris
2946 707 3005 749 et
3029 695 3121 750 ira

223 782 396 842 Effera
431 781 513 836 vis
537 779 732 845 morbi,
763 780 1086 850 tandemque
1113 786 1338 849 urgente
1363 777 1550 832 dolore
1899 785 1957 841 In
1984 801 2270 841 commune
2294 787 2437 856 rapit
2459 794 2630 842 totum
2665 787 2766 841 sub
2797 795 3002 841 tartara
3028 786 3310 842 mundum.

223 876 423 931 Ductus
449 875 516 929 ad
543 882 784 929 extrema
805 882 910 937 est,
935 873 1186 942 sistitque
1214 872 1266 925 in
1287 871 1472 926 limine
1497 870 1722 926 lethum.
1969 877 2039 932 Αι
2067 877 2228 932 Pater
2253 878 2342 932 hic
2371 877 2601 950 genitale
2620 879 2793 933 solum
2816 919 2831 944 ,
2863 879 3205 949 patriamque
3225 883 3482 948 parentes

224 965 392 1035 Quem
414 963 621 1020 circum
648 964 930 1037 glomerati
953 978 1164 1029 omnes.
1203 962 1333 1018 hinc
1359 963 1606 1019 cominus
1635 972 1799 1033 atque
1897 966 2080 1023 Infans
2115 969 2438 1038 postposuit,
2462 969 2767 1026 Buchonica
2799 987 2924 1024 rura
2952 969 3160 1042 petivit.

1575 1053 1730 1126 [hinc
1897 1059 2130 1115 Iustitiae
2157 1060 2415 1130 gradibus
2437 1061 2697 1130 paulatim
2725 1061 3000 1132 providus,
3035 1062 3190 1117 hicce

221 1147 972 1219 Namquesenesjnvenesqne
1000 1153 1217 1202 astant:
1244 1161 1376 1218 prex
1399 1145 1539 1200 alma
1564 1143 1799 1200 refertur
1897 1153 1957 1209 1η
1993 1153 2096 1208 hac
2133 1153 2248 1207 ωδε
2276 1151 2454 1206 locum
2487 1153 2670 1208 divino
2704 1167 2926 1208 munere
2956 1151 3160 1208 celsum

221 1240 276 1296 In
294 1254 582 1295 commune
601 1239 710 1294 Deo
735 1240 885 1295 chari
912 1255 1011 1309 pro
1033 1238 1250 1294 flamine
1279 1238 1475 1293 Patris.
1899 1243 2205 1300 Promeruit
2231 1259 2245 1308 ;
2275 1243 2407 1298 nulli
2437 1252 2682 1299 veterum
2705 1244 2908 1315 pietate
2935 1243 3224 1299 secundus.

219 1331 356 1388 Tum
385 1329 616 1387 fratrum
645 1331 898 1400 precibus
931 1331 1109 1386 saltim
1140 1331 1538 1387 commenditus
1565 1341 1614 1395 ι,
1637 1343 1702 1384 ac
1720 1326 1799 1385 sic
1899 1335 2055 1390 Hunc
2079 1335 2150 1389 ita
2183 1334 2426 1389 nutribat
2458 1334 2690 1405 geminis
2715 1334 2970 1390 discretio
2998 1333 3248 1389 mammis

219 1425 276 1482 lu
308 1425 509 1479 lectum
538 1424 776 1478 moriens
812 1424 983 1478 lassos
1007 1424 1360 1494 protenderat
1386 1431 1538 1478 artus
1566 1462 1583 1487 ν
1900 1427 2070 1482 Mater
2096 1426 2378 1492 virtutum,
2411 1441 2623 1481 summo
2646 1427 2718 1481 sit
2741 1426 2912 1497 gratia
2946 1424 3164 1480 Christo
3188 1465 3204 1490 ,

223 1515 631 1585 Undantemque
667 1516 902 1570 animam
937 1531 1162 1585 superas
1190 1514 1452 1586 proflabat
1481 1515 1548 1570 ad
1578 1529 1761 1569 auras.
1901 1521 1974 1579 Ut
2007 1538 2107 1578 nec
2136 1531 2326 1591 sponte
2350 1536 2478 1577 suos
2505 1535 2742 1591 unquam
2785 1529 2995 1576 terrore
3030 1520 3279 1574 videntes

285 1607 399 1662 Hoc
430 1608 579 1664 obitu
609 1608 860 1663 concussi
887 1610 1087 1673 animo.
1117 1609 1366 1679 altusque
1396 1625 1494 1678 per
1523 1623 1718 1664 omnes
1897 1613 2243 1684 Praeciperet,
2270 1629 2369 1668 nec
2395 1613 2463 1667 ab
2485 1613 2572 1667 his
2596 1626 2834 1682 unquam
2864 1611 3196 1666 conterritus
3223 1608 3349 1666 iret.

216 1697 259 1752 lt
285 1697 544 1767 gemitus,
571 1699 916 1769 queritantur
944 1701 1034 1756 hic
1070 1702 1332 1772 genitoris
1363 1701 1564 1757 amissa
1897 1704 2136 1761 Auribus
2161 1704 2372 1759 admitti
2400 1704 2606 1774 sprevit
2634 1702 2920 1772 prudentia
2946 1701 3127 1756 Patris

217 1792 460 1860 Gaudia._
498 1792 606 1850 Sed
652 1793 814 1864 hujus
865 1811 1055 1868 gerere
1101 1797 1246 1868 quod
1289 1795 1465 1871 [quid]
1539 1810 1773 1869 namque
1823 1865 1865 1871 _
1901 1794 2116 1851 Frivola
2143 1794 2490 1864 vaniloquum
2519 1813 2533 1857 ;
2568 1809 2668 1849 nec
2697 1792 2824 1849 huic
2854 1793 3120 1848 insomnis
3144 1799 3200 1848 et
3228 1797 3346 1844 atra

1423 1865 1599 1965 [potes
1617 1865 1724 1960 vir,
1823 1865 1873 1927 Β
1901 1884 2169 1955 Suspicio,
2201 1885 2446 1939 incautos
2479 1891 2693 1952 torquet
2714 1898 2834 1952 quae
2857 1881 3091 1936 maxime
3119 1891 3396 1950 quosque,

213 1977 338 2034 Cum
370 1995 472 2035 sua
503 1981 697 2052 cuique
726 1982 843 2038 dies
876 1991 1040 2053 atque
1061 1984 1414 2055 irreparabile
1446 1994 1670 2056 tempus
1899 1976 2207 2032 Ρΐίενειῐιιιῑο
2240 1974 2345 2030 Sed
2377 1990 2480 2030 nec
2508 1974 2667 2029 facile
2689 1981 2992 2028 commotus
3020 1972 3073 2026 in
3100 1971 3180 2026 ira
3203 2011 3220 2036 ν

214 2069 433 2125 Certum
451 2071 574 2140 jure
601 2083 800 2127 manet.
835 2073 1002 2128 Solita
1027 2075 1109 2129 sic
1126 2074 1243 2145 lege
1269 2076 1510 2145 priorum
1897 2066 2027 2122 Dira
2054 2077 2110 2123 et
2135 2064 2500 2120 ﬂammivoma
2537 2063 2736 2118 mentis
2776 2061 3026 2117 incendia
3055 2058 3336 2130 prompsit.

214 2160 308 2217 Hic
329 2161 491 2225 obiit,
519 2163 748 2235 aliisque
767 2164 886 2221 loca
916 2166 1029 2221 hate
1057 2167 1281 2222 tutanda
1306 2167 1542 2238 reliquit.
1897 2161 2000 2218 Hic
2024 2162 2168 2217 acies
2192 2160 2436 2231 geminas
2478 2156 2698 2214 flectens
2727 2155 2948 2212 divertit
2969 2163 3026 2210 et
3055 2151 3272 2221 aufert,

213 2253 341 2309 Exin
368 2268 525 2309 more
547 2255 768 2310 Patrum
794 2256 992 2312 fratres
1018 2273 1144 2313 mox
1179 2258 1376 2328 quippe
1404 2259 1644 2314 cadaver
1709 2239 1713 2243 ’
1898 2254 2086 2310 Hostis
2115 2253 2360 2326 pestiferi
2390 2266 2617 2323 prorsus
2646 2264 2750 2304 neu
2778 2263 2915 2302 vana
2943 2247 3210 2301 viderent.

213 2345 534 2400 Exanimum
567 2346 746 2417 templi
774 2355 993 2403 orantes
1016 2349 1116 2403 sub
1152 2356 1293 2403 tecta
1327 2347 1594 2404 ferebant.
1897 2347 2160 2404 Pcenitnit
2186 2347 2314 2409 alte,
2347 2346 2393 2402 si
2433 2359 2594 2416 quem
2629 2342 2913 2414 conspexit
2944 2341 3173 2396 inertem

212 2438 331 2493 Inde
354 2439 614 2510 interque
649 2456 839 2497 manus
864 2442 1101 2505 sibimet,
1128 2458 1288 2512 quem
1314 2441 1517 2498 fecerat
1541 2442 1655 2512 ipse
1677 2481 1695 2508 ,
1899 2439 2033 2497 Vela
2065 2443 2215 2505 dare,
2248 2439 2584 2508 nimiumque
2611 2435 2825 2508 fugam,
2852 2443 3163 2505 tetrumque
3195 2431 3454 2490 timorem

209 2528 510 2588 Poscentes
533 2534 774 2603 requiem
793 2574 808 2598 ,
843 2535 1032 2588 tumuli
1061 2535 1162 2590 sub
1190 2537 1408 2591 domate
1429 2535 1689 2591 condunt.
1899 2529 2022 2603 Ipse
2048 2532 2132 2587 sui
2161 2531 2364 2586 blando
2394 2545 2536 2599 saepe
2574 2527 2910 2599 compescuit
2933 2540 3050 2582 ore.

203 2620 372 2690 Cujus
405 2622 741 2692 epitaphium
767 2623 966 2680 celebri
1001 2639 1123 2679 cum
1152 2625 1403 2696 dogmate
1423 2625 1538 2692 jam
1567 2633 1696 2681 tunc
1901 2624 2041 2680 Hinc
2060 2625 2225 2680 etiam
2253 2623 2427 2694 sopita
2453 2621 2556 2676 fuit
2579 2621 2819 2691 hincque
2852 2619 2978 2674 inde
3010 2617 3248 2690 maligna

209 2715 481 2771 Versibus
509 2717 778 2785 expressit
803 2725 992 2773 noster
1017 2719 1275 2774 Rabanus
1297 2721 1509 2775 ovando
1901 2715 2141 2772 Infausta
2164 2715 2426 2787 genitrice
2461 2723 2581 2770 sata
2618 2711 2890 2769 discordia
2910 2709 3113 2782 proles.

213 2807 277 2863 Et
294 2807 471 2864 Pater
491 2818 546 2864 et
565 2817 774 2880 pastor,
800 2812 1010 2867 meritis
1029 2821 1084 2867 et
1114 2813 1366 2885 dogmate
1389 2813 1585 2870 celsus.
1903 2805 2015 2861 Nec
2041 2813 2255 2876 poterat
2289 2804 2486 2858 exhinc
2529 2802 2760 2856 fratrum
2799 2797 3091 2855 concordia
3131 2794 3332 2864 rumpi.

403 2897 846 2955 Commemoratio
884 2903 1031 2956 citari
1061 2901 1240 2958 Patris
1267 2913 1318 2958 et
1353 2905 1601 2976 pastoris.
1903 2896 2077 2969 Hujus
2113 2897 2413 2952 strenuitas
2440 2894 2726 2950 Fuldensis
2752 2890 2985 2948 cmnobii
3012 2905 3102 2945 res

275 2988 477 3046 Gemis
501 3005 663 3059 quam
687 2990 824 3045 nihil
854 3002 957 3056 eat,
992 2994 1282 3059 ceruis,mi
1313 2995 1484 3051 frater
1511 3003 1688 3052 amate
1711 3033 1730 3063 ,
1904 2991 2024 3048 Non
2052 2991 2177 3048 tulit
2198 2992 2251 3046 in
2277 2999 2464 3061 partes
2497 3004 2712 3059 rapere,
2736 3002 2840 3043 nec
2864 2994 3014 3042 torva
3042 2989 3328 3054 potentum

212 3081 364 3138 ὅπου
407 3081 674 3152 noctivagi
703 3098 843 3138 vana
872 3093 929 3140 et
959 3086 1202 3156 peritura
1227 3096 1486 3157 potestas.
1905 3083 2160 3149 Lumina,
2183 3099 2284 3139 nec
2305 3097 2590 3154 procerum
2626 3080 2860 3135 tumidos
2886 3077 3145 3135 horrebat
3170 3075 3424 3131 honores.

211 3174 286 3230 En
308 3174 466 3245 jacet
490 3175 737 3232 obtectus
775 3177 1001 3243 tumulo,
1039 3194 1201 3248 quem
1228 3179 1457 3249 plurima
1483 3181 1756 3249 quondam
1853 3247 1865 3249 _
1903 3176 2078 3232 Noxia
2109 3191 2336 3247 qumque
2364 3183 2575 3241 vetans,
2605 3173 2775 3229 vetuit
2805 3173 2899 3228 sed
2930 3171 3166 3226 maxime
3189 3169 3370 3236 fures,
3449 3185 3454 3190 '

211 3266 395 3321 Turba
424 3280 612 3321 senum
633 3265 1003 3338 iuvenumque
1029 3247 1184 3324 simul
1214 3247 1408 3342 stipata
1443 3247 1677 3342 tegebat.
1834 3247 1879 3310 δ
1908 3272 2219 3343 Insequitur
2246 3284 2522 3342 pansaque
2548 3267 2709 3334 mala,
2743 3274 3056 3323 constanter
3083 3263 3310 3336 agendo.
3387 3304 3390 3305 γ

212 3355 318 3412 Sed
351 3356 487 3412 licet
507 3358 574 3412 ad
599 3373 838 3428 praesens
871 3369 1059 3415 careat
1085 3359 1365 3417 affectibus
1389 3363 1511 3418 istis
1541 3404 1560 3430 ,
1909 3363 2380 3434 Cacopragmones
2411 3361 2438 3400 δ
2461 3359 2550 3414 hic
2575 3360 2676 3414 rite
2698 3357 2889 3428 procul
2924 3355 3132 3426 expulit
3156 3370 3188 3410 a
3217 3368 3298 3409 se.
3395 3350 3398 3353 ’

210 3447 268 3506 In
309 3448 548 3504 fratrum
578 3451 830 3520 precibus
860 3466 1078 3522 semper
1104 3452 1317 3507 laetatur
1342 3453 1607 3509 honestis.
1908 3453 2010 3509 Hic
2036 3454 2220 3516 decus,
2247 3451 2336 3505 hic
2362 3458 2560 3505 nostra:
2583 3447 2765 3503 fautor
2792 3456 2848 3502 et
2877 3445 3043 3516 gloria
3073 3444 3195 3498 vitae

213 3537 342 3594 Haec
376 3554 503 3594 nam
527 3541 768 3596 conditio
797 3543 1021 3606 misera,
1050 3543 1276 3613 diraque
1297 3545 1398 3600 sub
1427 3559 1560 3598 aura
1909 3544 2156 3608 Exstitit,
2179 3544 2268 3598 hic
2293 3542 2474 3612 operis
2502 3539 2673 3600 nostri
2705 3537 2984 3606 nostrique
3011 3535 3215 3590 laboris

211 3631 455 3687 Condita
483 3629 626 3685 fama
647 3631 856 3704 [Forte,
877 3633 1010 3706 fata]
1029 3645 1247 3691 manent
1267 3637 1478 3691 cunctis
1491 3635 1810 3694 mortalibus
1908 3635 1966 3691 In
2007 3636 2108 3690 hac
2136 3633 2250 3688 aede
2277 3632 2372 3688 Dei
2403 3631 2606 3687 salubri
2645 3644 2768 3684 cum
2806 3629 3058 3698 dogmate
3099 3623 3232 3678 Noe.

1537 3726 1736 3800 [agris
1984 3724 2155 3795 Hujus
2180 3733 2232 3780 te
2253 3722 2587 3786 meminisse,
2610 3735 2759 3792 rogo,
2785 3727 3118 3786 cunctosque
3143 3715 3401 3785 legentes,

207 3811 376 3881 Hanc
400 3810 576 3881 legem
599 3811 724 3881 jure
749 3815 911 3885 primi
937 3830 1186 3873 meruere
1210 3825 1486 3888 parentes,
1908 3817 2024 3875 Hoc
2049 3833 2205 3888 opus,
2237 3824 2296 3870 ut
2326 3813 2539 3870 Domini
2562 3828 2756 3883 magna
2784 3819 2839 3866 et
2863 3807 3140 3865 miseratio
3167 3805 3318 3878 larga

217 3905 396 3961 Unius
422 3904 494 3959 ob
519 3905 732 3976 culpam
757 3908 898 3963 hanc
919 3925 1075 3980 reges
1104 3926 1465 3981 proceresque
1486 3919 1733 3982 potentes
1753 3952 1768 3978 ,
1909 3910 2063 3969 Hunc
2088 3911 2142 3966 in
2168 3917 2433 3980 perpetua
2466 3907 2652 3977 requie
2675 3910 2965 3961 conservet
2984 3901 3041 3956 in
3062 3915 3256 3956 atrum.

218 3994 406 4061 Dives,
431 3995 617 4066 inops;
646 3995 914 4064 dominus,
942 4013 1160 4065 servus;
1193 4010 1526 4067 contractus,
1557 4018 1761 4074 egenus
1785 4019 1801 4068 ;

289 4143 315 4171 ι
342 4131 584 4207 Barbare
604 4149 702 4204 pro
727 4136 1117 4191 commendatus
1143 4179 1158 4201 ,
1201 4153 1324 4192 eum
1349 4138 1411 4191 ad
1439 4107 1657 4192 modum
1696 4152 1804 4207 quo
1907 4131 2386 4207 epigrammatihns
2409 4129 2540 4207 594,
2566 4126 2690 4193 164,
2711 4125 2836 4182 967-

221 4201 482 4259 Alcuiuus
505 4201 673 4259 utitur
700 4220 830 4262 voce
869 4208 1212 4262 commendite
1237 4222 1338 4279 pro
1365 4201 1729 4263 commendaui
1750 4208 1804 4264 in
1941 4201 1957 4204 ί
1985 4201 2021 4244 ⁵
2050 4203 2105 4258 ili
2129 4212 2231 4268 εει,
2256 4201 2542 4270 maleﬁco“-

233 4370 3494 4419 Μ

1539 4539 2149 4628 APPENDIX

229 4723 308 4788 1η
341 4743 468 4808 qua
501 4726 776 4808 refertur
804 4725 1039 4808 Eigt’lt's
1087 4724 1472 4810 epitaphium
1505 4723 1766 4804 duplex,
1816 4730 1873 4784 et
1909 4721 2156 4786 libellus
2191 4718 2464 4802 supplex
2498 4737 2537 4780 a
2576 4712 2896 4781 monachis
2927 4709 3347 4778 Fuldenst'bus
3374 4710 3504 4778 Ca-

1467 4827 1608 4890 rolo
1647 4826 1882 4904 Magno
1906 4831 2266 4905 porrectus.

303 5110 351 5166 l.
381 5108 501 5166 Hoc
529 5107 650 5166 loco
696 5104 902 5161 referre
943 5104 1098 5176 juvat
1141 5103 1334 5176 Eigilis
1368 5103 1592 5176 abbatis
1628 5103 1807 5176 epita-
1833 5106 1888 5166 D
1914 5101 2166 5176 Martyris
2191 5115 2320 5171 ergo
2346 5098 2902 5176 sacra_cum_pr:esule
2926 5095 3204 5176 transtulit
3226 5106 3352 5152 ossa
3372 5101 3396 5162 ’,

232 5179 414 5304 ghium
455 5179 686 5262 duplex)
731 5193 896 5232 unum
945 5170 1000 5258 a_
1035 5170 1293 5240 Rabauo,
1335 5175 1560 5230 alterum
1590 5170 1811 5257 ali'ipso
1990 5170 2068 5228 Ac
2095 5170 2481 5254 binas’pariter
2502 5171 2769 5254 has'dicat
2790 5170 3069 5253 ecclesias.
3259 5235 3273 5249 .

280 5252 399 5304 Iade
425 5256 806 5304 compositum.
837 5247 1108 5302 Candidus
1155 5255 1446 5304 utrumque
1483 5256 1773 5304 exscrmsrt
1793 5284 1812 5304 .
1918 5243 2051 5300 Post
2074 5245 2188 5298 haec
2215 5241 2320 5296 alta
2349 5251 2503 5304 netu,
2539 5256 2883 5304 animamque
2909 5241 2975 5294 ad
3003 5239 3182 5293 sidera
3201 5251 3273 5292 mi

279 5233 806 5320 iaileconipositum.
837 5247 1108 5320 Candidus
1155 5233 1446 5320 utrumque
1483 5233 1773 5317 exscripsit
1793 5284 1812 5313 ,
1918 5243 2051 5320 Post
2074 5233 2320 5320 haec-alta
2336 5242 2503 5320 petit,
2539 5242 2883 5320 animamque
2909 5241 2975 5320 ad
3003 5239 3182 5320 sidera
3201 5233 3394 5305 misit,

237 5308 642 5377 et'ilabanicum
671 5320 886 5390 quidem
914 5333 1035 5372 cum
1062 5318 1166 5372 hoc
1201 5308 1401 5372 titulo':
1663 5308 1684 5317 ’
1795 5308 1805 5313 ⁷
1920 5384 1967 5390 __
1989 5313 2246 5390 Corporis
2271 5308 2468 5390 infirmi
2500 5313 2740 5390 membra
2768 5308 2966 5367 locavit
2989 5317 3046 5364 et
3072 5308 3181 5364 hic.

327 5411 666 5485 Epitaphium
687 5377 875 5467 Ἐιῡιιι
905 5408 1079 5463 abbati
1103 5409 1168 5463 ab
1199 5408 1415 5462 Rabano
1448 5409 1725 5463 dictatum.
2325 5377 3344 5485 ἓῗξξιξξξξςιξᾘίδ

327 5451 666 5485 upupam...
700 5451 875 5467 ων...
905 5451 1076 5463 κη-..
1103 5451 1163 5463 ...,
1199 5451 1413 5462 ...η-..ν
1448 5451 1725 5463 ...η-...πη

237 5497 564 5585 Ingrediens,
595 5502 786 5585 lector,
817 5499 1068 5585 perparvi
1097 5499 1329 5585 domatis
1351 5507 1566 5585 antrum
1599 5538 1616 5564 ,

1991 5451 2298 5525 Conscripsi
2325 5457 2470 5511 hunc
2496 5455 2728 5509 titulum.
2760 5451 3008 5506 Christus
3039 5457 3300 5520 utrosque
3323 5451 3500 5522 iuvet.

1984 5526 2228 5582 Alterum
2267 5526 2507 5582 condidit
2548 5523 2684 5585 Eigil
2715 5524 2828 5585 ipso
2875 5521 2942 5574 ad
2981 5521 3200 5576 modum
3239 5520 3500 5585 epitaphii

307 5537 564 5628 ἓξυΝηδν
597 5537 786 5585 ³”ν“’¹.’
820 5537 1004 5571 im?“
1025 5537 1068 5554 "
1097 5537 1329 5597 """jm"
1351 5537 1566 5580 """.“:"
1599 5538 1616 5564 ν
1984 5537 2228 5582 Alterum
2267 5537 2507 5582 condidit
2548 5537 2609 5579 ts:
2652 5537 2684 5577 ll
2715 5537 2828 5593 ipso
2875 5537 2942 5574 aa
2981 5537 3200 5576 moaum
3239 5537 3421 5594 epitap

382 5589 478 5630 rne
510 5575 696 5630 terrens
728 5573 966 5630 titulum.
989 5585 1261 5630 no~ceqne
1297 5569 1403 5624 fata
1429 5585 1552 5624 vlrt.
1921 5595 2130 5630 mm“;
2163 5613 2311 5630 mn...
2366 5596 2505 5630 mw.
2538 5539 2722 5630 εαξη.
2774 5591 2956 5630 "mm
2995 5591 3270 5630 and“...
3337 5609 3421 5630 ..η

209 5590 1403 5712 .nﬁﬁﬁiﬁi‘ri'i‘éiﬁo‘iihiiqiiga'if“
1429 5590 1552 5624 ω’
1914 5595 2334 5740 falli-impare
2365 5596 2508 5667 quod
2538 5590 2750 5649 “idem
2774 5591 2958 5648 τειιιιίι
2995 5590 3295 5663 Candidus;
3337 5590 3503 5667 ιιιῖαιι

311 5712 410 5740 n..:
444 5715 578 5740 :-.....
607 5716 656 5740 :_
683 5714 887 5740 ι.......Ι.-.
942 5713 1033 5740 ..ΛΑ
1067 5727 1229 5740 aII-\A-
1262 5720 1402 5740 ’.ρο-..ι
1442 5719 1622 5740 ..υ-..ιιι
2164 5708 2178 5723 ⁸

311 5712 412 5780 Qui
437 5715 582 5784 jacet
605 5716 658 5770 in
683 5714 908 5776 tumulo,
942 5713 1035 5768 sed
1058 5727 1229 5784 super
1250 5720 1406 5784 astra
1442 5719 1622 5766 manet
1915 5712 2258 5784 "“"',',""_'_“_
2290 5773 2417 5784 mm
2439 5757 2549 5784 Lm
2580 5755 2737 5784 ,μω
2773 5755 2908 5784 ,_.__.,
2933 5757 3216 5784 κώμη,
3246 5759 3344 5784 ,ω

246 5755 917 5857 ῃοΐλξξῆᾖέξξξξῇῖάἶῆ
943 5755 1622 5852 1.1,;i;“gi'ci;;;:fpgg:"“
2063 5758 2258 5814 Versus
2286 5773 2417 5829 quos
2439 5757 2549 5826 ipse
2576 5755 2737 5812 abbas
2766 5755 2908 5829 Eigil
2929 5757 3216 5814 dictaverat
3241 5759 3366 5826 tibi.

317 5801 582 5912 Muitauue
608 5858 749 5912 facta
777 5857 920 5912 bona
950 5856 1053 5912 rite
1076 5854 1286 5912 Dereait
1311 5868 1497 5912 ovans.
1914 5852 2096 5910 Abbas
2130 5851 2220 5908 hic
2247 5847 2384 5912 Eigil
2424 5848 2717 5909 tumulatus
2744 5859 2892 5910 sorte
2923 5851 3168 5912 quiesco.

427 5847 582 5924 taq'ue
608 5858 749 5914 facta
777 5857 920 5914 bona
950 5856 1053 5912 rite
1075 5854 1286 5929 peregit
1311 5847 1510 5914 ovans.
1914 5852 2096 5910 Abbas
2130 5851 2220 5908 hic
2247 5847 2384 5919 Eigil
2424 5848 2717 5909 tumulatus
2744 5859 2892 5910 sorte
2923 5851 3173 5932 quiesco,
