4006 6488
235 418 325 478 4⁸35

1442 396 1767 454 AUCTORE
1808 394 1865 450 S.
1905 392 2148 449 EiGll.E.

3321 377 3426 435 ηδ

239 517 641 605 quemadmodum
689 532 719 570 a
756 515 887 571 viris
935 513 1070 569 satis
1110 509 1378 574 ﬁdelibus,
1415 509 1524 564 imo
1557 507 1702 562 vasis
1737 517 1762 545 ⁸
1795 517 1843 572 Α
1871 519 2041 574 usque
2080 502 2134 556 in
2181 500 2320 554 hanc
2362 504 2578 552 aetatem
2633 493 2867 550 nutritus
2907 500 2962 547 et
3007 493 3250 547 eruditus
3291 508 3436 548 sum.

929 604 933 605 ν
1133 602 1138 605 -
1467 599 1477 605 .
1750 604 1753 605 γ
1874 596 1904 605 Α
2125 601 2134 605 -
2359 604 2362 605 ν
2734 599 2844 605 ,Μ
2884 583 3072 605 ,ηε-,ε
3126 582 3322 605 __,,,,_M
3349 598 3432 605 μ,

237 599 428 677 Christi,
468 609 605 664 illius
631 606 730 660 viri
769 604 1032 676 principia
1081 602 1138 656 et'
1179 599 1663 658 conversationem,
1709 604 1764 650 et

241 705 511 766 fundamina
545 700 782 770 praedicti
823 697 1134 752 monasterii
1163 694 1376 765 agnovi,
1431 693 1557 747 huic
1586 699 1644 744 ut
1671 704 1765 760 po-

243 801 307 854 tui
334 793 492 849 libello
529 791 766 860 ingessi:
799 803 899 842 nec
934 803 1039 841 non
1079 796 1133 840 et
1164 800 1349 838 earum
1389 797 1569 838 rerum
1592 768 1775 835 diverJ

241 890 424 945 sitates,
450 895 580 950 quas
612 879 765 933 istius
795 876 976 931 saeculi
1019 890 1210 930 cursus
1241 873 1608 927 indesinenter
1632 869 1771 939 pati-

241 992 334 1041 tur,
363 973 488 1028 sicut
527 970 763 1038 ipsorum
792 967 964 1020 relatu
1008 965 1092 1020 vel
1131 980 1250 1020 meo
1288 962 1477 1016 obtutu
1517 969 1776 1030 expertus

243 1081 360 1126 sum,
388 1059 627 1115 similiter
655 1057 879 1111 inserui.
906 1055 1037 1109 Nam
1066 1064 1120 1108 et
1148 1068 1247 1124 ego
1284 1052 1422 1123 Eigil
1461 1052 1513 1104 in
1545 1051 1778 1117 discipu-

244 1161 337 1213 latu
384 1155 514 1209 illius
569 1151 690 1224 plus
741 1166 903 1221 quam
957 1149 1146 1219 viginti
1199 1161 1370 1201 annos
1425 1152 1778 1198 conversatus

239 1262 382 1310 eram,
425 1253 475 1299 et
498 1244 598 1298 sub
639 1243 805 1312 ipsius
833 1241 1064 1296 cmnobii
1107 1237 1388 1307 disciplina
1433 1236 1501 1289 ab
1544 1233 1773 1289 infantia

300 1389 321 1416 ι
350 1375 398 1429 Id
429 1379 509 1426 est
557 1371 854 1441 virginibus
891 1385 985 1441 seu
1016 1362 1782 1441 sanctimonialibus,“quibus

239 1448 435 1502 forsitan
461 1431 818 1511 Angildvrutha
857 1439 1127 1511 abbatissa
1162 1443 1411 1511 prmerat,
1446 1434 1508 1511 in
1553 1431 1779 1511 Biscbo-

240 1513 513 1571 fleeimensi,
549 1501 622 1564 an
673 1509 1008 1579 Kizzingensi
1047 1501 1382 1579 part'henone
1408 1503 1604 1579 v_i_cino.
1644 1501 1784 1554 Pau-

239 1586 308 1638 lus
338 1581 625 1650 apostolusi
651 1573 926 1650 mulierem
966 1573 1065 1631 vas'
1094 1575 1326 1650 appellat
1365 1573 1384 1626 ι
1416 1573 1632 1650 'l‘hess.,
1663 1584 1783 1650 cap.

1867 596 2203 665 Quapropter
2233 588 2486 645 nonnulla
2515 601 2703 641 eorum
2728 599 2848 654 qua:
2883 583 3095 652 scripsi,
3126 582 3325 637 vidisse
3349 598 3436 638 me

1870 695 2098 742 testatus
2136 699 2275 737 sum.
2323 681 2401 734 En
2449 678 2616 733 habes
2661 676 2804 747 quod
2847 675 3110 746 poscebas
3139 675 3440 746 putativum

1870 777 2075 832 nomini
2121 783 2212 827 tuo
2255 772 2512 834 dicatum,
2565 767 2767 836 tibique
2800 767 3058 820 tuendum
3101 766 3440 820 derelictum.

1874 869 1954 922 Tu
1981 865 2281 920 invidorum
2306 859 2603 917 maledictis
2629 859 2923 927 responde;
2957 866 3012 910 tu
3045 870 3130 910 me
3160 856 3332 925 magis
3354 855 3448 910 be—

1872 955 2118 1011 nevolum
2141 969 2301 1022 quam
2327 957 2810 1022 przesumptuosum
2839 947 3091 1010 defende;
3118 955 3174 1000 tu
3197 959 3284 999 me
3306 947 3448 1015 apud

1873 1045 2147 1100 Christum
2175 1058 2361 1096 verum
2390 1054 2646 1111 sponsum
2688 1047 2841 1092 tuum
2881 1037 3083 1092 sanctis
3115 1036 3450 1092 orationibus

1879 1144 1986 1192 ιιιιὸ
2013 1139 2277 1187 sustenta.

1881 1359 2221 1419 Jussanensis
2252 1357 2504 1420 emnobii,
2544 1371 2678 1425 quas
2712 1373 2836 1408 vasa
2862 1355 3054 1408 Christi
3081 1354 3457 1425 pretiosissima

1884 1441 2059 1495 vocat;
2094 1441 2149 1484 et
2179 1428 2460 1483 concilium
2491 1422 2842 1481 Cabilonense
2864 1422 3178 1487 secundam,
3211 1440 3332 1493 cap.
3364 1422 3455 1485 52,

1884 1502 2130 1574 prmcipit
2151 1499 2439 1552 abbatissis
2474 1504 2532 1550 ut
2557 1512 2615 1549 se
2647 1496 2991 1574 virginesque
3008 1495 3125 1574 .sibi
3138 1495 3460 1574 commissas

1887 1563 2178 1627 observent
2217 1579 2276 1621 ut
2311 1584 2434 1622 vasa
2460 1576 2640 1621 sancta
2665 1566 2722 1619 in
2741 1563 3052 1618 'ministerio
3080 1563 3290 1618 Domini
3325 1579 3463 1634 prcr-

240 1670 302 1714 tv,
333 1640 464 1704 vers.
514 1651 572 1702 4.
606 1649 843 1702 Donatus
887 1640 1333 1701 Vesontionensis
1359 1640 1786 1714 episcopus__l’ic-

1927 1652 2098 1696 arata.

240 1670 302 1714 iv,
333 1667 464 1704 vers.
514 1661 572 1702 4.
606 1661 843 1702 Donatus
894 1661 1333 1701 Vesontionensrs
1359 1661 1642 1712 episcopus
1684 1661 1786 1692 nc-
1891 1661 1922 1713 ρ

237 1722 397 1794 gulam
423 1721 488 1774 ab
516 1735 580 1774 se
605 1718 980 1773 concinnatam
1008 1716 1254 1771 inscribit
1289 1709 1788 1768 sanctimonialibus

240 1851 3416 1896 W—

1334 2014 1865 2133 INClPIT
1953 2009 2346 2130 VITA.

289 2337 341 2391 Ξ.
378 2335 652 2403 Tempore
685 2328 915 2402 quodam
953 2333 1172 2383 sanctus
1219 2340 1282 2379 ac
1331 2324 1669 2378 venerandus
1709 2337 1799 2376 ar—
1824 2323 1872 2383 B
1898 2317 2195 2390 profundus
2229 2316 2283 2370 in
2332 2329 2512 2379 sensu,
2565 2329 2730 2384 sagax
2767 2315 2820 2369 in
2857 2315 3203 2386 cogitatione,
3233 2319 3474 2389 prudens

228 2425 600 2494 cbiepiscopus
622 2420 930 2475 Bonifacius
957 2417 1208 2488 Noricam
1230 2430 1255 2456 ιι
1287 2416 1560 2485 regionem
1592 2415 1798 2484 ingres-
1897 2409 1951 2462 in
1983 2423 2261 2472 sermone;
2289 2407 2514 2478 pulchro
2539 2420 2780 2476 aspectu,
2811 2425 2996 2480 gressu
3020 2415 3343 2482 composito,
3371 2417 3472 2471 ho-

229 2531 333 2579 sus,
362 2529 484 2568 cum
535 2512 852 2566 sacerdotes
901 2517 955 2564 et
985 2510 1266 2563 universos
1299 2505 1554 2561 Ecclesiae
1581 2504 1798 2559 ordines
1899 2498 2068 2553 nestis
2097 2498 2356 2562 moribus,
2379 2497 2489 2550 vita
2525 2498 2888 2553 immaculata.
2919 2501 3216 2569 Charitate,
3250 2504 3473 2559 humili-

221 2605 288 2658 ad
309 2603 638 2658 catholicam
693 2602 958 2655 imbueret
1006 2599 1185 2663 fidem,
1228 2604 1558 2664 cunctosque
1597 2595 1794 2648 ibidem
1901 2596 2028 2647 tate.
2063 2587 2497 2651 mansuetudine,
2527 2587 2827 2655 alacritate,
2854 2590 3094 2646 omnium
3137 2592 3192 2646 in
3223 2608 3281 2649 se
3310 2596 3478 2651 traxit

225 2693 604 2746 haereticorum
631 2703 848 2743 errores
879 2689 946 2740 ab
975 2686 1230 2741 Ecclesiis
1252 2684 1568 2754 repelleret;
1598 2681 1800 2735 Christi
1900 2698 2167 2737 amorem.
3423 2690 3426 2692 ‘

223 2781 442 2852 populos
470 2794 696 2850 quoque
731 2779 907 2849 gentis
933 2777 1097 2842 illius,
1125 2776 1248 2830 licet
1277 2783 1458 2830 essent
1485 2773 1798 2838 Christiani,
1970 2772 2022 2826 5.
2062 2772 2192 2826 Post
2229 2787 2335 2826 non
2371 2771 2586 2840 longum
2636 2773 2891 2842 temporis
2936 2775 3221 2846 presbyter
3251 2792 3473 2832 omnum

221 2871 288 2925 ab
311 2870 553 2938 antiquis
583 2877 764 2922 tamen
791 2882 1122 2937 paganorum
1150 2865 1414 2934 contagiis
1450 2873 1506 2919 et
1531 2863 1802 2934 perversis
1899 2861 2191 2925 voluntate,
2236 2861 2584 2930 omniumque
2604 2864 2880 2918 'consensu
2918 2880 3199 2920 servorum
3246 2867 3341 2921 Dei
3382 2883 3473 2921 or-

217 2961 588 3032 dogmatibus,
628 2959 910 3014 veracibus
945 2958 1147 3012 Christi
1193 2958 1452 3012 doctrinis
1490 2957 1798 3021 cohiberet;
1901 2951 2134 3015 diuatus,
2163 2952 2327 3022 coepit
2365 2952 2592 3022 mystica
2620 2953 2760 3007 dicta
2802 2953 3001 3009 Christi
3047 2957 3474 3029 circumquaque

219 3057 499 3118 cmperunt
534 3049 586 3103 ei
619 3047 864 3102 certatim
908 3046 1117 3101 nobiles
1149 3047 1250 3100 viri
1295 3047 1349 3100 in
1381 3046 1660 3102 servitium
1699 3047 1806 3099 Do-
1902 3041 2232 3110 temporibus
2268 3042 2605 3111 Opportunis,
2629 3043 2841 3112 populis
2871 3045 3135 3100 instanter
3157 3049 3473 3117 prmdieare.

221 3140 344 3193 mini
403 3140 728 3193 nutriendus
773 3152 899 3192 suas
940 3136 1134 3192 offerre
1179 3135 1394 3192 suboles
1423 3155 1434 3190 :
1466 3144 1592 3190 tunc
1639 3137 1802 3190 etiam
1905 3130 2087 3187 Sacrae
2113 3134 2278 3188 etiam
2306 3135 2535 3188 virtutes
2559 3149 2658 3202 per
2675 3135 2855 3190 divina
2887 3139 3058 3192 sancti
3084 3138 3317 3208 Spiritus
3345 3143 3480 3195 cha-

214 3244 348 3298 puer
409 3229 626 3283 Sturmi
668 3237 885 3297 precatu
930 3236 1210 3296 parentum
1256 3227 1324 3281 ab
1375 3243 1440 3281 co
1485 3235 1800 3297 susceptus;
1905 3224 2127 3279 rismata
2173 3225 2371 3280 flebant
2401 3225 2469 3279 ab
2504 3241 2570 3280 eo
2609 3227 2873 3296 plurimae.
2909 3228 3132 3294 Quoties
3162 3245 3258 3299 per
3291 3241 3481 3287 sancta

215 3319 303 3388 qui
343 3318 553 3372 Norica
586 3318 859 3386 provincia
884 3325 1123 3381 exortus,
1154 3316 1420 3372 nobilibus
1459 3324 1514 3370 et
1539 3315 1804 3370 Christia-
1904 3312 2210 3366 orationum
2239 3315 2417 3367 studia
2444 3315 2496 3367 in
2528 3314 2622 3369 Dei
2654 3316 2870 3370 nomine
2902 3317 3298 3374 immundorum
3325 3322 3486 3391 spiri-

211 3412 293 3464 nis
325 3411 660 3480 parentibus
689 3416 981 3478 generatus
1025 3415 1081 3461 ct
1115 3407 1353 3461 nutritus
1381 3405 1501 3459 fuit.
1535 3405 1636 3472 Qui
1687 3420 1808 3458 car-
1909 3411 2059 3457 tuum
2089 3404 2476 3459 habitationem
2507 3421 2536 3458 τι
2568 3409 2942 3475 peccatoribus
2968 3409 3289 3464 Christianis
3317 3427 3486 3480 expu-

210 3501 319 3553 nali
349 3500 584 3569 quidem
615 3499 801 3552 relicta
832 3498 1149 3566 cognatione
1188 3504 1389 3549 nostrae
1417 3494 1808 3562 redemptionis
1910 3493 2009 3547 liti
2040 3494 2262 3560 Quoties
2295 3509 2393 3565 per
2416 3496 2811 3565 impositionem
2842 3513 3193 3568 manus,‘per
3225 3501 3485 3558 humilem

203 3598 436 3643 secutus
475 3586 640 3657 [adde
664 3583 993 3655 consilium],
1021 3584 1472 3654 peregrinationis
1504 3583 1648 3635 viam
1688 3595 1812 3634 cum
1912 3583 2214 3636 orationem
2261 3583 2329 3637 ab
2373 3585 2613 3638 adversis
2641 3585 3038 3641 valetudinibus
3077 3588 3287 3642 sanavit
3320 3605 3490 3660 :egro-

199 3682 480 3750 episcopo
505 3679 754 3745 paritera
775 3692 879 3744 quo
901 3686 1016 3728 erat
1040 3685 1342 3744 susceptus,
1372 3674 1530 3727 ﬂente
1555 3673 1807 3726 universa
1835 3668 1880 3730 C
1915 3672 2029 3726 tos!
2065 3672 2288 3738 Quoties
2323 3675 2651 3743 serpentinis
2687 3675 2885 3730 infecta
2917 3678 3080 3731 corda
3106 3679 3347 3744 venenis,
3393 3681 3490 3737 do-

193 3768 532 3842 parentela,
562 3773 837 3836 gratanter
861 3765 1109 3833 arripuit.
1141 3764 1382 3831 Cumque
1409 3763 1654 3832 pluribus
1679 3777 1808 3832 pro—
1907 3763 2082 3817 ctrina
2113 3762 2337 3818 salutari
2367 3765 2708 3830 subveniens,
2737 3766 2934 3822 lethale
2971 3768 3117 3823 virus
3142 3771 3284 3838 quod
3326 3773 3490 3841 pesti-

194 3859 410 3914 vinciis
445 3857 760 3926 peragratis
789 3854 854 3908 ad
901 3854 1156 3908 Friteslar
1186 3852 1506 3908 Hessionum
1546 3853 1598 3906 in
1631 3851 1807 3922 regio-
1907 3850 2020 3906 fere
2048 3852 2270 3917 latebat,
2307 3855 2572 3909 medendo
2599 3856 2838 3911 curavit!
2892 3857 3195 3925 Diseordes,
3227 3875 3360 3929 pace
3399 3879 3490 3917 ru—

196 3966 324 4005 nem
351 3946 550 4003 sancti
579 3946 676 3998 viri
709 3946 1012 3999 coenobium
1038 3945 1250 3998 tandem
1281 3945 1675 4014 pervenissent,
1705 3959 1804 3998 no-
1907 3950 2021 4013 pta,
2047 3942 2115 3996 ad
2138 3943 2486 3998 concordiam
2506 3944 2789 4002 charitatis
2815 3949 2992 4004 redire
3021 3957 3146 4005 ante
3165 3951 3292 4006 solis
3325 3967 3488 4007 occa-

196 4040 368 4094 bilem
428 4050 672 4106 puerum
732 4049 830 4087 suo
895 4034 1110 4088 cuidam
1174 4033 1529 4102 presbytero,
1588 4033 1805 4086 nomine

201 4126 506 4196 Wigbcrto
541 4124 591 4188 ι),
631 4132 850 4177 sanctus
888 4123 1282 4176 commendavit
1306 4123 1610 4192 episcopus.
1643 4122 1808 4178 Adhi-

198 4217 311 4270 bita
347 4225 495 4269 tunc
526 4213 676 4267 omni
720 4213 995 4282 diligentia
1026 4214 1307 4281 presbyter
1332 4221 1551 4266 sanctus
1580 4228 1807 4282 puerum

200 4307 478 4362 Sturmen
535 4306 606 4359 ad
653 4306 747 4359 Dei
778 4305 1162 4374 omnipotentis
1201 4305 1483 4358 servitium
1528 4298 1810 4360 instituere

197 4399 438 4454 studuit.
491 4396 732 4450 Psalmis
770 4395 946 4473 tenaci
993 4394 1267 4448 memoria:
1297 4393 1530 4457 traditis,
1569 4392 1811 4447 lectioni-

198 4489 418 4558 busque
451 4485 886 4556 quamplurimis
911 4482 1134 4552 perenni
1177 4483 1690 4538 commemoratione
1720 4483 1813 4536 fir-
1911 4481 2118 4536 coelesti
2164 4483 2237 4536 illi
2268 4483 2622 4552 inspiratione
2650 4485 2902 4555 cogitatio
2929 4487 3118 4542 incidit
3155 4489 3207 4542 in
3245 4505 3341 4544 cor
3365 4531 3379 4554 ,
3434 4501 3492 4546 ut

196 4579 395 4642 matis,
432 4590 666 4630 sacram
696 4575 861 4643 erepit
883 4572 1084 4627 Christi
1115 4587 1248 4642 puer
1283 4571 1615 4640 Scripturam
1647 4572 1809 4641 spiri-
1911 4573 2135 4627 arctiori
2167 4589 2223 4628 se
2252 4575 2361 4628 vita
2389 4583 2443 4629 et
2469 4576 2636 4629 eremi
2660 4577 2908 4646 squalore
2941 4581 3352 4652 constringeret.
3383 4583 3491 4636 llu-

199 4668 331 4720 tuali
369 4665 698 4733 intelligere
730 4678 890 4717 sensu
919 4680 930 4715 :
960 4670 1191 4730 quatuor
1215 4661 1630 4730 Evangeliorum
1655 4659 1813 4714 Chri-
1904 4664 1994 4733 jus
2013 4666 2355 4735 cogitationis
2387 4665 2572 4737 iugem
2609 4669 2924 4723 memoriam
2953 4671 3178 4742 singulis
3204 4677 3492 4731 momentis

193 4759 266 4812 sti
325 4756 614 4829 mysteria
658 4754 1052 4809 studiosissime
1093 4751 1305 4806 curavit
1340 4751 1659 4816 addiscere;
1710 4750 1788 4804 No

1913 4764 1968 4810 et
1993 4756 2142 4810 boris
2196 4758 2417 4826 gerebat
2447 4758 2502 4812 in
2544 4767 2787 4826 pectore,
2820 4761 2991 4814 donec
3039 4763 3218 4817 divina
3249 4766 3492 4820 admoni-

193 4861 323 4900 τυιη
366 4859 610 4915 quoque
657 4860 720 4898 ac
775 4843 940 4897 VciUS
987 4843 1414 4905 Testamentum,
1459 4841 1513 4895 in
1552 4849 1810 4912 quantum
1914 4848 2058 4902 tione
2085 4850 2398 4913 instructus,
2427 4851 2545 4904 viro
2586 4851 2679 4904 Dei
2728 4851 3003 4907 Bouifacio
3052 4856 3489 4926 archiepiscopo,

190 4939 545 5001 sufficiebat,
584 4935 829 4989 lectionis
853 4934 1169 4988 assiduitate
1201 4933 1252 4986 in
1279 4932 1457 4986 cordis
1479 4933 1561 4986 sui
1593 4932 1810 4985 thesau-
1838 5005 1881 5017 Ἀ
1915 4941 2056 5008 quod
2089 4940 2268 4994 animo
2297 4940 2504 4995 occulte
2538 4951 2859 5010 conceperat
2886 4982 2901 5006 ,
2954 4943 3180 5013 spiritali
3231 4948 3493 5017 magistro

193 5041 318 5080 tum
378 5027 706 5082 recondere
749 5025 976 5078 curavit.
1033 5024 1163 5076 Erat
1189 5022 1406 5090 quippe,
1446 5029 1506 5075 ut
1550 5022 1808 5091 scriptum
1838 5005 1888 5063 D
1914 5031 2187 5084 revelat-ir,
2219 5031 2333 5096 Quo
2357 5038 2632 5098 comperto
2658 5032 2740 5085 vir
2765 5005 3000 5088 εωιοιυέ
3027 5049 3057 5088 a
3087 5035 3198 5090 Deo
3226 5005 3367 5090 ιη,ιῷ
3405 5037 3490 5089 in-

189 5127 296 5182 est,
337 5115 656 5172 meditatio
688 5113 803 5182 ejus
849 5114 902 5168 in
950 5114 1065 5182 lege
1110 5110 1320 5166 Domini
1365 5112 1453 5166 die
1509 5127 1571 5166 ac
1611 5118 1810 5178 nocte;
1912 5118 2258 5186 spirationem
2288 5119 2628 5174 descendisse
2668 5121 2949 5187 intellexit,
2975 5123 3319 5194 gaudensque
3347 5124 3492 5192 quod

1909 4123 2129 4192 spiritus
2156 4125 2537 4192 humilitatem,
2569 4127 2748 4182 cordis
2778 4127 3270 4198 longanimitatem;
3304 4131 3488 4196 ﬁdem.

1910 4228 2061 4282 spem
2091 4221 2253 4282 atque
2280 4215 2623 4280 charitatem,
2649 4231 2839 4270 omnes
2875 4219 3075 4272 habere
3105 4218 3310 4272 docuit.

1979 4303 2032 4356 4.
2056 4304 2297 4372 Cumque
2338 4319 2476 4374 pene
2497 4307 2670 4360 tribus
2689 4307 2845 4361 annis
2878 4309 2955 4362 sic
2979 4309 3387 4379 presbyteratus
3407 4311 3492 4366 sui

1909 4393 2250 4462 praedicando
2280 4410 2344 4448 ac
2376 4395 2698 4464 baptizando
2720 4395 2951 4450 officium
2989 4407 3202 4466 gereret
3230 4400 3282 4453 in
3309 4401 3485 4470 plebe,

206 5344 242 5347 __
263 5287 289 5315 ι
323 5275 668 5347 Bajoariam
712 5274 962 5347 scilicet,
993 5273 1258 5347 Tassiloni
1304 5273 1426 5347 du_ci
1472 5272 1772 5347 subiectam
1795 5315 1810 5338 ,
1914 5275 2108 5347 gratia,
2137 5275 2364 5347 quodid
2391 5275 2601 5332 facilius
2635 5289 2988 5336 exsecuturus
3017 5280 3291 5334 videretur
3329 5281 3491 5334 homo

191 5341 765 5426 {Verica'mnantiquis
795 5343 1136 5426 appellatam.
1167 5343 1239 5426 De
1268 5341 1554 5426 ea_Paulus
1584 5341 1816 5426 'Waene-
1913 5341 2210 5426 famularis.
2264 5346 2330 5426 Et
2384 5348 2658 5426 Bajoarios
2709 5365 2849 5420 saepe
2903 5351 3086 5403 invisit
3116 5349 3442 5426 _Bonil‘acius
3469 5394 3482 5411 .

191 5364 765 5427 npﬁtcttmpnuqms
795 5364 1136 5427 appellatum.
1167 5364 1239 5396 me
1268 5364 1328 5395 ea
1359 5364 1554 5398 rutilus
1597 5364 1816 5398 warne-
1952 5364 2210 5414 opulal‘ts.
2265 5364 2330 5400 nl.
2384 5364 2658 5417 bajoartos
2709 5365 2849 5420 saepe
2903 5364 3086 5403 an'tStl.
3136 5364 3442 5405 ὕοιηιοοιιιδ
3469 5394 3482 5411 .

188 5411 322 5486 frrdi
373 5432 433 5486 tn
470 5415 584 5468 lib.
620 5429 677 5466 ιιι
710 5415 775 5486 de
801 5415 1000 5486 Δ(ιεςῑιδ
1029 5411 1524 5486 Langobardorum,
1555 5427 1672 5486 cap.
1701 5412 1760 5486 3i
1795 5429 1810 5466 :
1913 5364 2243 5470 rlucbertum
2285 5417 2476 5472 ducem
2513 5421 2780 5473 fautorem
2817 5428 3071 5486 expertus
3113 5418 3166 5470 in
3196 5420 3369 5474 reditu
3417 5438 3484 5476 ex

189 5498 214 5562 ς
250 5482 543 5562 Noricum
570 5482 849 5562 provincia
883 5496 1042 5562 quam
1069 5480 1436 5562 Btijoariorum
1469 5480 1694 5562 populus
1725 5481 1788 5562 in;

1914 5487 2160 5562 Romana
2183 5488 2610 5562 peregrinatione
2634 5480 2951 5562 *τρεῖωῂδηὶιο
2978 5487 3100 5562 Ἱᾷἐ,
3125 5503 3233 5557 quo
3263 5489 3488 5548 forsitan

182 5549 530 5615 habitabat,
571 5549 743 5606 liabet
795 5554 862 5606 ab
910 5552 1117 5605 oriente
1144 5549 1514 5613 Pannoniam,
1540 5549 1626 5603 ’ah
1673 5551 1810 5605 occi-
1914 5571 2096 5610 secum
2129 5549 2422 5612 Sturmi'um
2453 5559 2673 5610 adduxit
2699 5558 2751 5609 in
2781 5549 3160 5612 Germaniam:
3419 5590 3422 5592 η
3539 5556 3544 5561 ·

184 5621 361 5678 dente
389 5623 699 5688 Snaviam,
729 5638 757 5675 a
789 5623 1014 5676 meridie
1039 5621 1262 5684 Italiam,
1298 5622 1366 5690 ab
1393 5620 1657 5690 aquilonis
1683 5636 1810 5673 vero

182 5705 351 5760 parte
395 5692 656 5747 Danubii
687 5692 902 5746 fluenta.
940 5712 958 5742 ι
995 5690 1128 5744 llinc
1151 5689 1345 5760 Carolo
1383 5689 1572 5760 Magno
1596 5691 1808 5744 occasio

185 5759 465 5817 mittendi
525 5763 762 5816 Sturmii
808 5763 871 5815 ad
897 5761 1231 5816 Tassilonem
1263 5759 1618 5817 reformanda:
1660 5761 1808 5830 pacis

609 5855 877 5913 PATBOL.
925 5853 1050 5914 CV.
2941 5853 3010 5911 1;.

1982 5627 2014 5706 ’ὓ
2051 5625 2252 5698 Nempe
2301 5637 2484 5682 sancto
2520 5626 2815 5697 ,Wigbcrto
2869 5627 3049 5682 abbati
3101 5627 3489 5689 Fritislaricnsi

1914 5711 2105 5764 primo.

1909 4047 2027 4087 sum
2066 4032 2389 4102 imperavit;
2422 4034 2762 4103 patientiam,
2794 4038 2956 4091 animi
2995 4041 3490 4105 mansuetudinem,
3569 4076 3572 4080 -
