4006 6440
501 366 605 435 427

1842 358 1995 419 i'l‘l‘A
2036 360 2093 415 S.
2137 354 2417 415 STURMll

3652 336 3767 392 ωε

501 494 762 552 lfominus
783 492 932 548 illum
959 505 1057 563 per
1076 504 1227 545 suam
1254 488 1484 560 gratiam
1506 485 1796 540 admonere
1822 483 2073 550 dignatus
2099 479 2152 538 Α
2176 485 2389 543 quaque
2423 476 2478 524 et
2500 467 2908 523 considerantes
2938 470 3159 523 terram,
3193 466 3428 521 montes,
3450 456 3644 519 colles,
3673 469 3774 511 su-

500 598 604 654 est,
637 586 728 641 tali
759 585 936 640 studio
982 581 1359 638 devotissimus
1406 578 1586 632 fautor
1612 582 1887 646 gratanter
1910 571 2076 624 exsti-

504 682 593 735 tit.
623 674 904 745 Adjunctis
927 689 1057 743 ergo
1086 673 1136 727 ei
1159 672 1365 726 duobus
1391 666 1702 728 comitibus,
1724 662 2080 727 omnibusque

503 771 788 840 diligenter
824 764 1125 826 instructis,
1152 762 1393 816 oratione
1422 757 1561 812 facta
1607 765 1662 811 et
1708 749 2082 807 benedictione

504 839 669 934 super
688 875 781 914 eos
809 858 958 922 data,
989 854 1228 925 Pergite,
1255 854 1331 906 ait
1364 852 1665 920 episcopus,
1696 846 1751 899 in
1788 845 1927 898 hanc
1958 839 2087 895 soli-

507 956 745 1011 tudinem
768 966 888 1022 qua:
914 949 1186 1004 Bochonia
1222 950 1563 1012 nuncupatur
1581 980 1595 1005 ,
1647 944 1944 1006 aptumque
1972 946 2086 986 ser-

508 1051 588 1106 vis
617 1048 709 1104 Dei
736 1048 801 1102 ad
832 1041 1240 1101 inhah‘itandum
1259 1035 1527 1106 exquirite
1558 1037 1757 1087 locum.
1784 1027 1983 1081 Potens
2006 1029 2089 1076 est

505 1144 651 1199 enim
676 1142 817 1196 Deus
846 1150 1039 1208 parare
1071 1132 1245 1189 servis
1272 1129 1385 1184 suis
1417 1127 1591 1181 locum
1614 1123 1668 1176 in
1693 1121 1929 1174 deserto.
1962 1114 2091 1168 Per-

506 1246 700 1288 rexere
750 1230 930 1297 itaque
960 1225 1035 1279 illi
1067 1233 1178 1277 tres
1205 1221 1275 1275 ad
1307 1231 1549 1273 eremum
1580 1231 1593 1267 z
1642 1208 1977 1280 ingressique
2005 1219 2092 1259 so-

507 1323 753 1381 litudinis
785 1317 1019 1387 agrestia
1065 1315 1203 1377 loca,
1232 1319 1429 1381 praeter
1458 1304 1653 1361 cadum
1695 1316 1758 1355 ac
1787 1309 1984 1353 terram
2038 1300 2095 1349 et

510 1416 757 1483 ingentes
784 1409 1007 1463 arbores
1034 1418 1172 1474 pene
1208 1399 1341 1455 nihil
1385 1403 1692 1456 cernentes,
1725 1392 1915 1444 devote
1938 1384 2097 1441 Chri-

510 1512 654 1559 stum
692 1496 987 1571 poscebant
1008 1473 1065 1548 ut
1098 1492 1262 1562 pedes
1300 1487 1511 1541 illorum
1545 1483 1600 1535 in
1620 1482 1760 1534 viam
1789 1476 1940 1547 pacis
1962 1473 2093 1527 diri-

512 1565 811 1664 geret.-Die
847 1585 1008 1640 tertio
1051 1583 1412 1651 pervenerunt
1459 1573 1524 1626 ad
1557 1571 1733 1625 locum
1787 1565 1875 1636 qui
1929 1576 2098 1632 usque

513 1653 674 1737 hodie
701 1676 931 1746 Hersfelt
962 1687 987 1714 ι
1012 1671 1228 1727 dicitur.
1280 1666 1424 1721 Visis
1455 1658 1857 1731 exploratisque
1902 1653 2099 1708 ibidem

514 1772 655 1849 locis
689 1772 1110 1837 circumquaque
1140 1760 1350 1833 positis,
1387 1755 1662 1812 Christum
1692 1750 1794 1805 sibi
1826 1747 2002 1801 locum
2031 1743 2100 1797 ad

2178 559 2389 631 periora
2430 565 2486 611 et
2522 554 2779 609 inferiora
2813 551 3177 621 explorantes,
3218 547 3307 601 ubi
3350 545 3614 600 Dominus
3648 558 3776 598 ser-

2178 651 2261 705 vis
2294 650 2407 705 suis
2448 647 2503 701 in
2551 643 2842 700 solitudine
2883 643 2950 694 ad
3000 637 3409 693 inhabitandam
3459 643 3643 705 aptum
3675 634 3781 689 de-

2181 745 2511 796 monstraret
2548 736 2756 800 Iocum;
2803 732 2966 788 tertio
2987 731 3203 787 demum
3232 730 3321 784 die
3346 729 3414 783 ad
3442 729 3617 782 locum
3644 741 3783 796 per-

2182 838 2446 886 venerunt
2468 827 2559 881 ubi
2582 827 2781 879 flutnen
2806 824 2952 893 quod
2992 822 3191 877 dicitur
3238 820 3450 875 Ludera
3495 820 3661 872 intrat
3718 817 3781 870 in

2184 921 2431 977 Fuldam.
2463 917 2590 972 lude
2616 929 2834 970 reversa
2876 928 3036 981 nave,
3064 917 3347 981 cmpernnt
3375 909 3443 964 ad
3487 908 3781 978 propriam

2187 1029 2429 1071 remeare
2456 1012 2671 1075 cellam,
2698 1007 2835 1063 nihil
2880 1007 2986 1061 tale
3034 1005 3366 1076 reperientes
3394 1002 3534 1071 quod
3579 1016 3783 1055 eorum

2191 1109 2485 1180 placuisset
2509 1105 2805 1162 obtutibus,
2821 1108 3017 1172 praeter
3040 1099 3182 1169 quod
3208 1096 3480 1168 paulisper
3496 1094 3784 1149 demorati

2193 1209 2317 1255 sunt
2341 1199 2394 1252 in
2427 1198 2546 1252 loco
2567 1196 2661 1267 qui
2683 1195 2880 1250 dicitur
2904 1191 3209 1254 Rohenbah,
3239 1189 3329 1242 ubi
3351 1188 3431 1242 eis
3458 1188 3633 1241 visum
3663 1185 3788 1247 fue-

2194 1298 2280 1346 rat
2324 1304 2483 1358 posse
2515 1295 2701 1342 serrOS
2722 1284 2817 1339 Dei
2842 1292 3115 1351 utcunque
3135 1293 3254 1339 esse
3284 1295 3296 1331 :
3328 1292 3435 1331 non
3464 1285 3645 1330 tamen
3675 1292 3785 1345 per

2194 1383 2374 1439 omnia
2401 1380 2730 1435 aestimantes
2742 1375 3053 1431 venerando
3076 1372 3327 1441 episcopo
3355 1369 3643 1439 placuisse.
3673 1368 3789 1434 Qui

2198 1489 2319 1529 cum
2342 1488 2439 1541 per
2469 1471 2711 1540 ejusdem
2738 1466 2975 1522 fluminis
3004 1463 3211 1518 alveum
3243 1462 3643 1530 renavigarent,
3658 1469 3791 1529 post

2199 1578 2307 1617 non
2336 1561 2553 1628 longum
2582 1565 2792 1627 tempus
2817 1555 2883 1609 ad
2916 1569 3014 1609 sua
3061 1550 3387 1622 paupercula
3414 1554 3790 1620 pervenerunt

2201 1650 2545 1710 habitacula:
2576 1657 2688 1702 tum
2712 1645 2986 1701 Christum
3015 1643 3089 1697 ibi
3127 1641 3274 1697 omni
3304 1648 3545 1709 tempore
3577 1639 3788 1707 depre-

2205 1751 2414 1808 cantes,
2443 1748 2503 1794 ut
2535 1739 2615 1793 eis
2641 1737 2999 1792 desideratam
3028 1732 3338 1787 ostenderet
3369 1730 3537 1785 eremi
3572 1729 3794 1783 habita-

518 1816 655 1849 -υγιυ
691 1816 1040 1837 unm-"rm.
1086 1816 1108 1821 ν
1143 1816 1161 1833 ,ν
1338 1816 1348 1824 .

518 1862 930 1916 inhabitandam
960 1853 1204 1911 benedici
1259 1851 1619 1920 poposcerunt
1647 1860 1660 1895 :
1691 1851 1853 1908 atque
1881 1837 1936 1890 in
1983 1834 2102 1888 loco
2127 1818 2177 1877 B
2206 1836 2404 1890 tionem
2428 1871 2444 1897 ,
2488 1829 2577 1884 ubi
2613 1827 2905 1883 secundum
2943 1830 3269 1894 przeceptum
3315 1820 3485 1873 sancti
3517 1816 3788 1873 Bonifacii

522 1954 615 2007 illo
637 1952 724 2005 ubi
753 1966 894 2004 nunc
921 1943 1307 2002 monasterium
1338 1940 1500 1993 situm
1526 1943 1629 1997 est,
1660 1945 1827 2002 parva
1850 1929 2103 1982 arborum

523 2042 818 2098 corticibus
841 2047 983 2093 tecta
1018 2037 1294 2090 instruunt
1336 2024 2107 2087 habitacula,manseruntque

527 2134 634 2187 illic
660 2137 871 2199 tempus
902 2143 1007 2181 non
1037 2124 1326 2184 modicum,
1360 2117 1532 2174 sacris
1576 2112 1795 2185 jejuniis
1825 2119 1880 2165 et
1905 2106 2107 2177 vigiliis

529 2235 691 2295 atque
719 2219 1054 2276 orationibus
1078 2218 1189 2270 Deo
1225 2211 1547 2267 servientes.

602 2285 654 2368 ὲ.
694 2313 823 2366 Post
851 2310 1185 2377 aliquantum
1233 2314 1362 2357 vero
1407 2290 1663 2369 tempdris
1701 2301 1889 2349 sancto
1934 2285 2112 2346 studio

533 2406 772 2478 repletus
801 2400 1026 2463 Sturmi,
1065 2410 1316 2467 egressus
1340 2394 1404 2448 de
1428 2405 1610 2446 eremo
1634 2388 1702 2442 ad
1745 2392 1992 2441 sanetum
2022 2398 2112 2436 ar-

533 2472 936 2565 chiepiscopum
959 2486 1290 2543 Bonifacium
1319 2481 1591 2553 perrexit;
1636 2477 1793 2547 eique
1815 2482 1871 2529 et
1895 2472 1996 2527 loci
2026 2486 2117 2541 po-

534 2587 807 2649 sitionem,
835 2589 889 2636 et
919 2589 1079 2635 terrze
1102 2576 1444 2647 qualitatem,
1465 2580 1521 2626 et
1549 2585 1702 2639 aqua:
1723 2568 2028 2627 decursum,
2064 2567 2120 2616 et

536 2677 711 2731 fontes
759 2680 813 2728 et
866 2669 1054 2733 valles,
1085 2675 1141 2722 et
1178 2664 1360 2720 omnia
1398 2677 1517 2731 qua:
1566 2660 1635 2714 ad
1673 2656 1849 2712 locum
1885 2653 2120 2725 pertine-

536 2770 690 2831 bant,
711 2780 809 2834 per
834 2761 1081 2818 ordinem
1107 2756 1374 2826 exposuit.
1406 2751 1560 2820 Quod
1585 2749 1672 2802 vir
1719 2756 1939 2801 sanctus
1960 2743 2123 2796 Doni-

542 2833 1176 2918 faciusarchiepiscopus
1195 2844 1484 2912 diligenter
1508 2837 1734 2893 audiens
1755 2844 1810 2888 et
1835 2833 2125 2904 prudenter

542 2961 725 3004 secum
763 2950 1126 3014 pertractans,
1164 2935 1448 2991 eremitam
1480 2946 1639 2985 suum
1659 2930 1688 2968 ι)
1709 2926 1858 2983 omni
1891 2923 2127 2979 charita—

545 3040 616 3095 tis
646 3013 839 3090 aﬂectu
865 3029 1121 3100 suscepit,
1153 3038 1445 3093 secumque
1473 3018 1717 3075 habitare
1734 3013 2127 3084 aliquantisper

546 3127 852 3199 imperavit.
880 3124 1012 3179 Post
1030 3117 1357 3188 colloquium
1384 3123 1565 3167 autem
1593 3108 1745 3165 dulce
1773 3104 1913 3175 quod
1942 3101 2131 3156 habuit

550 3198 675 3277 cum
704 3218 965 3290 magistro
991 3254 1007 3280 ,
1054 3223 1109 3269 et
1148 3211 1342 3265 uberes
1398 3216 1676 3260 sacrarum
1729 3198 2129 3266 Scripturarum

546 3286 969 3372 consolationes,
999 3305 1282 3374 episcOpns
1311 3297 1490 3352 taliter
1519 3295 1730 3348 locutus
1767 3297 1852 3343 est
1884 3306 1896 3341 :
1930 3286 2134 3339 Locum

546 3403 767 3474 quidem
795 3412 955 3470 quem
984 3401 1258 3463 repertum
1305 3385 1519 3442 habetis
1540 3426 1554 3448 ,
1599 3381 1843 3437 habitare
1872 3391 1968 3430 vos
2007 3389 2134 3443 pro-

549 3464 673 3567 pter
701 3464 957 3546 viciniam
1021 3481 1319 3539 barbaricae
1377 3475 1553 3547 gentis
1598 3471 1947 3543 pertimesco.
1999 3464 2138 3518 Sunt

548 3586 798 3648 enint,ut
835 3577 998 3642 nosti,
1036 3574 1144 3628 illic
1199 3573 1253 3626 in
1302 3568 1552 3639 proximo
1609 3563 1820 3618 feroces
1870 3560 2133 3613 Saxones.

554 3678 895 3745 Quapropter
921 3668 1076 3723 vobis
1102 3658 1446 3719 remotiorem
1480 3666 1536 3714 et
1562 3655 1876 3711 inferiorem
1924 3651 1979 3704 in
2013 3648 2141 3703 soli-

562 3769 744 3821 tudine
796 3762 1061 3833 requirite
1102 3755 1512 3817 habitationem,
1537 3766 1696 3821 quam
1727 3749 1844 3803 sine
1900 3743 2141 3816 periculo

558 3857 725 3911 vestri
752 3847 930 3908 colere
957 3847 1186 3919 queatis.
1224 3846 1376 3899 Tunc
1400 3843 1484 3896 vir
1505 3841 1698 3896 beatus
1729 3836 1931 3892 Sturmi
1961 3833 2143 3904 cogni-

557 3948 633 4003 tis
658 3945 930 4006 omnibus,
958 3955 1077 4010 quas
1113 3939 1162 3993 ei
1199 3936 1415 3990 fuerant
1442 3948 1472 3985 a
1503 3932 1668 3985 Beato
1700 3930 1963 3997 imperata
1990 3964 2004 3988 ,
2058 3938 2145 3977 sa-

558 4038 672 4095 cris
700 4035 819 4106 ejus
845 4030 1106 4087 doctrinis
1147 4028 1387 4082 imbutus
1441 4023 1728 4088 animoque
1771 4015 2141 4078 confortatus,

554 4131 632 4185 de
656 4125 1005 4198 inquisitione
1047 4120 1151 4176 ioci
1199 4116 1478 4177 sollicitus,
1509 4113 1576 4166 ad
1622 4123 1864 4164 eremum
1895 4106 2146 4160 alacriter

565 4220 823 4296 perrexit.
852 4217 1107 4285 Quicum
1136 4212 1201 4266 ad
1255 4223 1382 4264 suos
1436 4203 1773 4275 pervenisset
1827 4199 2034 4263 socios,
2091 4198 2145 4251 in

564 4293 843 4385 praedictis
872 4324 966 4365 eos
1002 4304 1202 4377 reperit
1258 4296 1578 4356 habitaculis
1624 4309 1779 4350 suum
1827 4293 1986 4347 anxie
2012 4302 2147 4361 prm-

568 4382 756 4459 stolari
801 4402 1110 4455 adventum.
1143 4394 1287 4460 Quos
1327 4405 1449 4445 cum
1474 4386 1732 4449 vidisset,
1784 4384 1850 4437 ab
1897 4382 2149 4453 episcopo

568 4493 754 4549 verbis
781 4489 1024 4562 pacificis
1050 4487 1172 4542 illos
1200 4481 1473 4544 salutavit,
1502 4492 1705 4547 eosque
1749 4474 1973 4528 multum
2003 4481 2059 4525 et
2083 4471 2149 4523 de

572 4584 804 4639 adventu
832 4597 948 4644 suo,
983 4586 1039 4633 et
1079 4577 1144 4630 de
1187 4571 1421 4642 episc0pi
1476 4567 1787 4622 narratinne
1841 4563 2148 4618 consolatus

572 4679 678 4729 est.
707 4670 948 4738 Cumque
977 4681 1072 4737 per
1110 4663 1351 4718 ordinem
1379 4659 1459 4713 eis
1481 4656 1647 4712 verba
1677 4653 1849 4709 sancti
1875 4650 2154 4720 exposuis-

556 4772 660 4818 set
700 4758 974 4830 episcopi,
1024 4753 1313 4824 assumptis
1367 4765 1548 4804 scetun
1598 4746 1807 4801 duobus
1861 4739 2151 4804 fratribus,

572 4850 937 4907 ascenderunt
966 4860 1156 4900 navem
1187 4842 1462 4915 superiora
1484 4844 1731 4909 petentes
1763 4833 1877 4888 loCa
1904 4850 1919 4886 :
1954 4847 2051 4901 per
2072 4830 2151 4883 al-

575 4959 739 5000 veum
796 4941 977 4997 Fuldte
1007 4937 1243 4994 ﬂuminis
1298 4935 1511 5007 navigio
1560 4946 1788 5004 pergere
1838 4933 2151 4996 eruperunt,

578 5038 872 5090 lustrantes
912 5033 1110 5101 ubique
1154 5030 1268 5083 loca
1297 5030 1362 5084 ad
1407 5026 1646 5083 omnium
1697 5022 2019 5079 torrentium
2075 5019 2159 5072 vel

580 5126 808 5181 fontium
833 5137 948 5177 ora.
993 5120 1182 5177 Navim
1210 5118 1433 5192 egressi,
1474 5114 1912 5189 perambulantes
1935 5114 2163 5168 cireum-

653 5292 680 5318 ιι
719 5278 833 5333 lloc
856 5278 975 5332 loco
1006 5271 1743 5345 ChristophorusBrovverus
1778 5267 2052 5345 immerito
2071 5282 2164 5345 ar-

582 5348 697 5472 ﬁuit
725 5347 1103 5431 Trithemium,
1133 5337 1645 5426 qtti'ﬂersfcldensis
1669 5338 1980 5420 monasterii
2010 5337 2163 5390 initia

631 5418 760 5472 ullo.
785 5434 1023 5472 regimen
1050 5417 1291 5471 Sturmto
1320 5414 1499 5467 abbati
1552 5425 1726 5472 primo
1765 5408 1973 5462 tribuit.
2021 5405 2154 5459 Illud

631 5418 760 5482 ullo,
785 5420 1023 5487 regimen
1050 5405 1291 5471 Sturmio
1316 5412 1499 5487 abbati
1531 5407 1973 5487 Διιι-ξιῐιθψιςίιιιιξι.
2021 5405 2154 5487 Illud

509 5537 524 5549 ,
584 5475 766 5541 movet
803 5475 1133 5550 Browerum,
1187 5484 1329 5554 quod
1388 5475 1782 5554 Hersféldensis
1809 5476 2043 5531 basilica:
2090 5475 2157 5528 ad

588 5573 790 5611 annum
816 5558 918 5611 850
962 5549 1311 5610 fundamenta
1351 5552 1583 5621 primum
1635 5549 1971 5621 jactasuut,
1994 5553 2159 5621 _test_e

586 5626 875 5681 Lamberto
937 5627 1037 5681 loci
1084 5614 1420 5680 domestico:
1456 5614 2161 5691 putatque_liersfe_lden_sis

587 5695 817 5751 abbatiaz
843 5697 991 5750 initia
1017 5696 1188 5751 serius
1217 5685 1496 5754 coaluisse,
1517 5685 1710 5745 Carolo
1734 5686 1925 5754 Magno
1944 5685 2055 5753 jam
2074 5685 2163 5737 flo-

591 5776 763 5834 rente,
782 5776 836 5823 et
863 5766 1102 5838 reliquiis
1117 5764 1291 5821 sancti
1309 5762 1569 5834 Wigberti
1590 5775 1655 5817 eo
1670 5756 1967 5815 Fritislaria
1991 5766 2161 5809 trans-

2205 1926 2439 1999 episcopi
2466 1930 2686 1995 possent
2703 1920 2904 1991 jugiter
2929 1916 3155 1971 Domino
3169 1912 3345 1969 securi
3366 1911 3668 1965 deservire.
3695 1908 3787 1962 Sic

2208 2020 2261 2075 in
2294 2016 2502 2073 Domini
2527 2013 2786 2071 servitute
2814 2011 2901 2066 die
2926 2017 3195 2076 noctuque
3237 2004 3479 2074 jejuniis,
3505 2002 3714 2072 vigiliis
3739 2010 3792 2055 et

2207 2106 2544 2163 orationibus
2565 2092 2996 2176 perseverantes,
3011 2093 3225 2152 Domini
3248 2093 3341 2147 Dei
3360 2092 3443 2147 sui
3472 2091 3793 2146 memoriam

2209 2213 2317 2253 non
2346 2195 2683 2259 amittebant,
2721 2193 2963 2247 dicentes
2992 2188 3047 2242 in
3092 2187 3253 2242 corde
3278 2199 3378 2239 suo
3402 2200 3418 2237 :
3447 2181 3796 2235 Providebam

2210 2288 2495 2344 Dominum
2530 2286 2587 2339 in
2616 2291 2888 2352 conspectu
2915 2294 3027 2333 meo
3064 2276 3283 2347 semper,
3311 2274 3562 2345 quoniam
3602 2290 3638 2326 α
3663 2273 3796 2327 dex-

2213 2378 2309 2432 tris
2345 2386 2420 2431 est
2449 2376 2599 2440 mihi,
2627 2388 2689 2429 ne
2713 2385 3035 2427 commovear
3075 2365 3248 2437 (Psal.
3273 2365 3387 2435 xv).
3418 2364 3560 2418 Laus
3580 2377 3801 2433 quoque

2215 2471 2415 2526 Christi
2446 2468 2702 2524 continua
2739 2464 2793 2518 in
2843 2478 2937 2518 ore
2982 2462 3189 2532 pariter
3230 2468 3287 2515 et
3338 2461 3503 2516 corde
3552 2460 3795 2530 ipsorum

2218 2563 2540 2623 resonabat,
2596 2554 2879 2628 implentes
2921 2548 3052 2609 illud
3106 2546 3540 2622 Psalmigraphi:
3580 2549 3802 2603 Benedi-

2220 2672 2335 2711 cam
2373 2654 2652 2708 Dominum
2698 2650 2753 2704 in
2791 2649 2931 2703 omni
2979 2658 3235 2718 tempore,
3282 2660 3485 2714 semper
3521 2643 3642 2698 laus
3695 2642 3802 2714 ejus

2221 2747 2276 2801 in
2307 2762 2397 2800 ore
2424 2760 2535 2797 meo
2565 2740 2737 2813 (Psal.
2763 2738 2986 2809 nam).

2295 2857 2348 2912 6.
2382 2856 2533 2911 Tunc
2593 2861 2813 2907 sanctus
2864 2849 3146 2920 cpiscopus
3193 2845 3549 2911 Bonifacius,
3601 2862 3806 2901 memor

2226 2947 2466 3004 eremitre
2494 2944 2572 3000 sui
2607 2941 2811 2996 Sturmi
2836 2981 2851 3005 ,
2896 2938 3146 3009 quodque
3189 2939 3256 2991 de
3303 2937 3654 3006 inquisitione
3708 2936 3805 2989 loci

2228 3040 2503 3097 habuisset
2550 3044 2832 3107 peractum
2867 3033 3139 3088 admirans
3166 3072 3181 3096 ,
3225 3030 3475 3084 nuntium
3520 3028 3671 3082 misit
3719 3028 3806 3098 qui

2232 3132 2380 3187 illum
2410 3136 2621 3200 rogaret
2642 3131 2850 3183 concite
2876 3126 2943 3181 ad
2965 3141 3023 3180 se
3041 3124 3244 3179 venire.
3276 3121 3395 3189 Quo
3417 3121 3544 3175 dum
3574 3135 3805 3192 propere

2234 3224 2454 3279 nuntius
2482 3221 2757 3284 venisset,
2806 3217 3007 3288 reperit
3040 3231 3163 3272 eum
3193 3215 3246 3268 in
3300 3228 3462 3283 supra
3498 3212 3811 3266 memoratis

2234 3314 2483 3367 insistere
2512 3308 2851 3366 habitaculis.
2878 3303 2988 3363 'Cui
3024 3304 3320 3361 honorifice
3356 3304 3611 3366 salutato,
3645 3302 3814 3355 Vene-

2237 3405 2455 3465 randus,
2475 3396 2569 3466 ait,
2601 3393 2760 3454 Pater
2783 3406 2967 3453 noster
2992 3396 3275 3466 episcopus
3298 3394 3526 3448 multum
3555 3401 3608 3446 te
3634 3390 3815 3445 videre

2237 3492 2564 3554 desiderans,
2598 3488 2807 3559 rogavit
2836 3496 2895 3541 ut
2923 3487 2990 3541 ad
3034 3501 3179 3549 eum,
3204 3484 3247 3538 si
3276 3499 3383 3538 non
3411 3481 3688 3553 graveris,
3730 3495 3816 3532 vce

2238 3584 2356 3639 nias
2384 3601 2397 3636 :
2426 3582 2588 3636 habet
2607 3580 2750 3634 enim
2778 3591 3001 3633 necesse
3025 3575 3192 3629 multa
3223 3583 3397 3628 tecum
3421 3571 3689 3627 conferre.
3714 3568 3818 3622 Au-

2240 3673 2368 3729 ditis
2390 3674 2571 3744 itaque
2598 3671 2714 3739 ejus
2742 3668 3079 3725 sermonibus
3101 3667 3185 3720 vir
3200 3665 3474 3721 studiosus
3495 3662 3700 3717 Sturmi
3726 3663 3819 3714 hu-

2241 3767 2366 3822 mile
2396 3780 2712 3836 responsum
2761 3758 3013 3825 reddidit,
3044 3759 3227 3813 dicens
3254 3776 3267 3810 :
3301 3755 3519 3811 Christo
3549 3754 3661 3808 Deo
3704 3766 3822 3821 gra-

2244 3859 2346 3913 tias
2372 3873 2471 3927 ago
2505 3854 2648 3924 quod
2677 3868 2808 3907 mere
2837 3851 3118 3922 parvitatis
3140 3862 3345 3903 memor
3370 3854 3553 3899 Lautus
3581 3842 3821 3913 pontifex

2244 3948 2309 4003 al
2339 3962 2422 4001 me
2452 3947 2504 3999 in
2536 3947 2675 4000 hanc
2702 3942 3047 3997 solitudinem
3076 3956 3232 3994 suum
3263 3938 3515 3992 nuntium
3555 3934 3827 3989 destinare

2244 4040 2493 4109 dignatus
2524 4044 2624 4090 est.
2666 4030 2989 4101 Vocatisq‘ue
3035 4031 3103 4085 ad
3159 4044 3218 4084 se
3276 4027 3537 4082 fratribus
3576 4023 3827 4095 prrecepit

2245 4125 2758 4184 a'lvenientinuntio
2790 4122 3073 4177 charitatis
3099 4116 3330 4174 officium
3360 4117 3693 4186 impendere.
3725 4114 3826 4181 Qui

2247 4220 2530 4291 diligenter
2583 4214 2700 4286 ejus
2751 4220 3078 4284 prmceptum
3131 4210 3428 4281 implentes,
3483 4209 3533 4262 ei
3590 4219 3828 4261 mensam

2248 4315 2565 4380 posuerunt,
2592 4305 2740 4360 cibos
2771 4318 2906 4373 quos
2943 4302 3248 4355 habuerunt
3271 4298 3580 4353 offerentes.
3607 4297 3721 4364 Qun
3749 4310 3833 4349 re-

2249 4401 2391 4456 fecto
2420 4400 2617 4453 fratres
2638 4396 2684 4451 ei
2718 4394 2950 4449 abeundi
2978 4391 3247 4446 licentiam
3276 4386 3831 4459 paposceruut.Tunc

2252 4497 2441 4545 vocato
2468 4487 2535 4541 ad
2571 4501 2627 4540 se
2656 4484 2737 4537 vir
2763 4482 2855 4536 Dei
2886 4479 3108 4544 nuntio,
3159 4479 3362 4548 gratias
3403 4476 3454 4531 ei
3506 4472 3835 4545 fatigationis

2253 4596 2364 4635 suae
2394 4577 2656 4638 referens,
2674 4574 2810 4629 dixit
2834 4592 2846 4627 :
2887 4571 3142 4628 Sanctum
3167 4569 3501 4625 Bonil‘aeium
3526 4566 3836 4636 pontificem

2253 4687 2282 4724 a
2309 4670 2470 4725 Anobis
2495 4667 2668 4723 servis
2708 4666 2821 4720 suis
2847 4664 3086 4735 pacificis
3111 4662 3341 4716 salutato
3373 4658 3737 4720 sermonibus,
3764 4653 3839 4709 cio

2253 4776 2359 4830 que
2383 4758 2546 4813 dicito
2573 4756 2715 4826 quod
2737 4767 2857 4824 post
2886 4763 2938 4808 te
2959 4753 3280 4823 quantocius
3302 4758 3490 4820 potero
3512 4737 3839 4819 properabo.

2254 4848 2643 4918 Benedixitque
2673 4845 2838 4905 illum,
2869 4851 2922 4899 et
2951 4843 3100 4897 abire
3125 4840 3392 4910 permisit.
3424 4836 3683 4907 Sequenti
3712 4850 3843 4889 vero

2244 4927 2368 5004 'die,
2392 4938 2561 5007 petita
2587 4952 2617 4989 a
2647 4933 2906 4989 fratribus
2948 4931 3320 4987 benedictione
3366 4928 3452 4982 vir
3479 4929 3574 4983 Dei
3637 4925 3844 4981 Sturmi

2259 5029 2443 5083 statim
2474 5027 2745 5098 profectus
2779 5032 2893 5087 est,
2941 5030 3264 5090 arreptoque
3314 5019 3542 5083 itinere,
3602 5018 3671 5073 ad
3700 5015 3848 5070 Sele-

2262 5120 2420 5184 Itcim,
2452 5115 2543 5171 ubi
2589 5123 2835 5170 sanctum
2862 5106 3124 5181 comperit
3153 5110 3487 5179 episcopum,
3514 5104 3847 5177 properavit.

2265 5271 2409 5327 latis.
2439 5270 2638 5325 Verum
2656 5267 2769 5339 ipse
2791 5255 3851 5339 Lambertusllersfeldensismonasterii

2267 5342 2420 5397 initia
2454 5340 2653 5394 diserte
2679 5328 2893 5407 reponit
2940 5353 3083 5391 anno
3117 5335 3242 5397 756,
3274 5328 3857 5407 tametsi‘angustjoris

2261 5410 2500 5467 basilica:
2520 5398 2863 5463 fundamenta
2882 5408 2933 5460 in
2951 5408 3208 5460 honorem
3223 5403 3395 5457 sancti
3418 5398 3856 5470 Wigbertijaeta

2264 5466 2389 5538 sunt
2417 5496 2557 5534 anno
2592 5479 2715 5540 830,
2747 5486 2866 5547 post
2897 5492 3067 5547 annos
3112 5474 3180 5528 94
3200 5488 3246 5547 _a
3279 5466 3593 5547 monasterii
3620 5466 3856 5535 origine.

2338 5552 2365 5590 ι»
2402 5550 2634 5604 Sanctus
2671 5541 2978 5602 Bonifacius
3009 5543 3308 5599 Sturmium
3364 5541 3635 5594 eremitam
3696 5548 3866 5604 suum

2266 5601 2717 5746 v'giarieﬁsolcbat,
2746 5625 2881 5673 teste
2928 5614 3167 5672 Candido
3194 5613 3247 5667 in
3276 5610 3399 5666 Vita
3446 5608 3619 5665 sancti
3663 5601 3865 5676 Eigili:

2271 5707 2299 5745 a
2380 5707 2406 5745 a
2438 5706 2501 5745 IS.

2271 5698 2501 5745 abbaus.
