4006 6474
170 376 264 433 629

1387 364 1716 423 AUCTORE
1755 364 1813 422 S.
1855 365 2103 423 EIGILE.

3281 364 3388 421 450

169 490 251 546 Die
274 489 438 540 autem
460 477 695 535 secundo
732 486 840 548 quo
865 476 1140 548 profectus
1161 485 1263 543 est,
1291 478 1360 534 ad
1386 479 1698 549 episcopum
1727 484 1781 543 Α
1804 492 1911 548 gno
1947 477 2126 535 crucis
2159 474 2359 531 Christi
2389 473 2551 529 fronti
2591 474 2856 543 impresso
2883 489 3107 530 securus
3146 473 3393 544 quis-scca

168 572 457 635 ambulando
479 571 751 639 pervenit,
781 578 835 625 et
861 571 916 626 in
954 571 1072 625 loco
1105 584 1229 625 eum
1275 571 1523 638 superius
1561 569 1707 625 dicto

170 664 406 732 iride/lar
437 659 660 714 invenit.
692 658 935 729 Cumque
964 661 1256 715 indicatum
1305 669 1493 715 sancto
1519 658 1709 714 fuisset

169 757 407 827 episcopo,
428 750 709 806 eremitam
747 765 903 806 suum
929 751 1185 808 Sturmen
1233 752 1491 818 adfuisse,
1521 754 1708 808 statim

168 848 298 903 illum
322 844 569 915 pncoepit
584 844 653 899 ad
684 860 743 900 se
778 846 923 902 duci.
956 846 1198 917 Cumque
1226 850 1489 904 adductus
1517 848 1711 905 fuisset

167 950 274 995 ante
298 951 432 1002 eum,
459 938 526 991 ad
552 948 753 992 terram
793 953 853 992 se
882 939 1157 994 humiliter
1190 942 1504 1009 prostravit,
1547 949 1604 995 et
1626 956 1711 995 sa-

165 1034 312 1089 lutato
334 1028 603 1100 pontifice,
633 1044 691 1083 se
720 1029 966 1085 benedici
996 1033 1272 1099 poscebat.
1301 1032 1399 1086 Cui
1428 1032 1711 1087 benedicto

166 1133 212 1179 et
239 1122 531 1183 resalutato,
556 1120 625 1173 ad
653 1133 713 1174 se
740 1120 997 1175 accedere
1024 1135 1147 1174 eum
1177 1120 1364 1188 jussit,
1387 1130 1442 1176 et
1478 1121 1713 1176 )sculato

163 1228 237 1268 eo.
258 1212 399 1279 juxta
416 1222 475 1263 se
502 1208 693 1263 sedere
717 1209 1000 1278 praecepit;
1032 1217 1089 1263 et
1105 1225 1229 1264 cum
1254 1209 1403 1265 omni
1430 1211 1713 1266 charitatis

163 1304 331 1360 affectu
360 1302 410 1357 in
434 1302 671 1356 adventu
701 1301 844 1356 illius
873 1301 1086 1357 hetatus
1108 1311 1213 1365 est,
1244 1303 1562 1373 rogavitque
1589 1318 1710 1358 eum

161 1404 210 1449 ut
227 1392 603 1462 aliquantulum
630 1401 852 1462 propter
878 1391 993 1460 ejus
1021 1408 1263 1449 amorem
1283 1402 1340 1448 et
1365 1395 1712 1464 praesentiam

161 1487 247 1541 sibi
283 1501 311 1539 a
349 1484 643 1539 constituto
681 1484 886 1554 jejunio
933 1485 1255 1555 indulgeret.
1283 1484 1434 1551 Quod
1476 1484 1560 1539 vir
1593 1485 1710 1553 Dei,

159 1592 264 1632 cum
287 1590 467 1644 magna
499 1589 668 1645 agens
718 1574 1065 1639 discretiOne,
1098 1584 1320 1644 propter
1353 1576 1712 1631 reverentiam

158 1668 329 1723 summi
356 1666 654 1721 sacerdotis
679 1674 735 1721 et
762 1667 1013 1734 magistri
1053 1669 1304 1722 assensit.
1352 1667 1547 1722 Totum
1597 1683 1716 1722 san-

157 1767 300 1821 ctum,
326 1758 520 1826 inquit,
555 1758 739 1821 credo,
768 1758 913 1825 quod
938 1773 969 1810 a
993 1757 1146 1812 vobis
1191 1758 1321 1812 mihi
1358 1756 1522 1811 fuerit
1549 1758 1716 1825 impe-

1809 570 1922 624 bat.
1953 569 2044 625 Sic
2080 570 2162 624 vir
2197 577 2415 624 sanctus
2440 568 2607 622 armis
2640 567 3013 637 spiritualibus
3042 575 3386 635 perornatus,

1810 660 1979 718 lorica
2006 661 2231 730 iustitiae
2283 670 2456 716 totum
2512 675 2708 729 corpus
2756 660 3022 723 induens,
3069 658 3393 737 scuto'fidei

1809 764 1998 826 pectus
2021 757 2289 819 muniens,
2315 762 2476 823 caput
2527 754 2677 825 galea
2730 751 2921 806 salutis
2952 757 3261 820 protegens,
3285 750 3395 820 gla-
3494 748 3501 757 '

1812 847 1902 901 dio
1931 846 2080 901 verbi
2110 847 2205 901 Dei
2232 845 2526 921 accinetus,
2559 843 2625 898 ad
2654 850 2929 898 certamen
2970 848 3161 895 contra
3211 840 3395 895 diabo-

1812 934 1920 989 lum
1954 938 2238 1005 processit.
2270 934 2421 990 Tunc
2441 935 2672 1003 quadam
2695 931 2801 996 die,
2827 932 2951 987 dum
2978 939 3251 1002 pergeret,
3272 945 3398 1000 per-

1811 1029 2050 1083 veni‘tad
2078 1028 2221 1081 viam
2250 1044 2370 1098 quzc
2413 1027 2481 1082 ad
2524 1026 2889 1096 Turingorum
2933 1023 3209 1092 regionem
3254 1038 3397 1077 mer-

1812 1119 1969 1174 candi
2000 1133 2163 1173 causa
2191 1119 2257 1171 ad
2283 1117 2606 1186 Magontiam
2634 1124 2917 1186 pergentes
2940 1115 3109 1178 ducit,
3137 1113 3229 1168 ubi
3270 1113 3391 1184 pla-

1814 1219 1900 1265 tea
1932 1210 2025 1265 illa
2069 1226 2233 1279 super
2270 1208 2468 1264 flumen
2506 1208 2729 1263 Fuldam
2783 1207 2971 1263 vadit:
3029 1207 3103 1263 ibi
3144 1222 3398 1277 magnam

1816 1303 2135 1359 Sclavorum
2187 1302 2586 1356 multitudinem
2640 1301 2862 1369 reperit,
2891 1298 3131 1367 ejusdem
3162 1296 3402 1351 fluminis

1815 1394 1987 1448 alveo.
2016 1429 2029 1444 .
2056 1432 2067 1445 .
2099 1392 2345 1447 lavandis
2398 1391 2719 1461 corporibus
2772 1405 2830 1445 se
2877 1389 3225 1444 immersisse.
3254 1387 3401 1454 Quo-

1816 1501 1935 1539 rum
1966 1484 2106 1538 nuda
2134 1499 2360 1553 corpora
2404 1482 2626 1546 animal,
2650 1483 2735 1536 cui
2764 1481 3106 1550 prmsidehat.
3136 1481 3397 1551 pertime-

1815 1584 2253 1637 scens,rtremere
2281 1575 2465 1645 C(Bpil,
2499 1582 2555 1630 et
2586 1575 2701 1644 ipse
2727 1574 2811 1628 vir
2837 1573 2931 1629 Dei
2957 1588 3149 1629 eorum
3169 1571 3400 1628 fetorem

1815 1667 2115 1721 exhorruit.
2149 1666 2251 1732 Qui
2288 1682 2437 1721 more
2466 1666 2767 1737 gentilium,
2798 1681 3015 1721 servum
3037 1664 3253 1719 Domini
3276 1665 3409 1719 sub-

1817 1759 2139 1821 sannabant,
2169 1765 2218 1810 et
2253 1773 2376 1811 cum
2424 1772 2547 1812 eum
2583 1757 2777 1811 Ledere
2823 1756 3156 1819 voluissent,
3212 1754 3407 1811 divina

158 1857 328 1902 ratum.
345 1847 530 1901 Mensa
551 1847 723 1916 posita
752 1848 802 1902 in
820 1849 1106 1916 praesentia
1134 1849 1369 1918 episcopi
1400 1848 1718 1911 fuit,susce-
1745 1832 1792 1890 Β
1817 1850 2060 1918 potentia
2086 1851 2382 1918 compressi
2424 1858 2480 1904 et
2538 1848 2792 1918 prohibiti
2845 1856 2990 1902 sunt.
3027 1846 3175 1902 Unus
3223 1856 3410 1901 autem

156 1942 251 2009 ptis
269 1955 443 1999 coram
484 1954 558 1992 eo
587 1939 745 2003 cibis,
774 1955 909 2007 quos
962 1940 1051 1993 ille
1084 1942 1342 2010 praicepit
1366 1942 1593 1996 honeste
1618 1956 1715 1995 co-

154 2029 364 2085 medere.
391 2028 489 2083 Cui
551 2028 756 2084 refecto
778 2029 1095 2098 ferculoque
1120 2031 1319 2111 levato,
1343 2046 1570 2101 surgens
1598 2033 1718 2102 epi-

154 2135 326 2189 scopus
350 2120 581 2175 adduxit
620 2135 802 2175 secum
832 2121 890 2175 in
934 2122 1282 2176 secretiorem
1304 2123 1482 2177 locum
1530 2124 1719 2178 solita-

152 2213 274 2266 rium
299 2228 475 2275 suum,
504 2213 600 2266 ubi
631 2213 931 2267 diutissime
962 2214 1030 2268 de
1057 2215 1392 2284 spiritalibus
1418 2225 1718 2272 tractarere

152 2303 311 2365 rebus,
325 2312 377 2357 et
405 2304 471 2358 de
500 2305 918 2359 conversatione
947 2306 1174 2359 multum
1213 2307 1720 2375 disputavere.Erat

149 2392 325 2461 quippe
380 2391 632 2461 pontifex
683 2403 905 2449 sanctus
967 2396 1196 2450 nimium
1245 2398 1427 2451 animo
1479 2398 1718 2453 intentus

150 2484 294 2552 (quod
320 2491 508 2552 postea
541 2484 762 2554 claruit)
799 2487 1172 2542 monachicam
1213 2488 1264 2541 in
1311 2489 1602 2545 solitudine
1631 2492 1718 2544 in-

148 2575 354 2638 stituere
377 2577 878 2631 conversationem.
922 2576 1075 2632 Unde
1100 2578 1263 2632 etiam
1300 2587 1428 2633 tunc
1449 2580 1722 2634 interea:-

146 2673 249 2727 tera
276 2666 544 2736 colloquia
578 2677 928 2736 percontatus
955 2668 1191 2735 estquid
1237 2669 1303 2723 de
1347 2669 1721 2738 exploratione

145 2752 236 2809 loci
285 2756 571 2811 habuisset
628 2766 830 2811 actum.
886 2756 984 2812 Cui
1046 2758 1340 2813 adveniens
1392 2762 1720 2817 anachoreta

146 2844 332 2900 Sturmi
362 2849 688 2917 respondit:
718 2848 1117 2919 Navigavimus,
1151 2852 1348 2920 inquit,
1377 2868 1591 2906 sursum
1623 2868 1721 2921 per

145 2935 336 2992 alveum
358 2938 604 2994 ﬂuminis
625 2938 807 2993 Fulda:
830 2956 844 3003 ;
869 2955 966 3009 per
992 2940 1177 3009 plures
1199 2942 1314 2996 dies
1341 2942 1476 2995 nihil
1511 2942 1618 2996 tale
1634 2957 1720 2996 re-

144 3028 368 3094 perimus
397 3031 550 3099 quod
582 3031 736 3085 vobis
760 3030 979 3085 laudare
1012 3046 1421 3099 prtcsumamus.
1450 3034 1719 3089 Intellexit

144 3125 349 3173 sanctus
385 3120 682 3187 episcopus
710 3121 1149 3188 praedestinatum
1195 3138 1224 3175 a
1254 3124 1362 3178 Deo
1390 3123 1566 3179 locum
1595 3141 1720 3180 nec-

142 3205 254 3259 dum
277 3206 449 3263 fuisse
478 3208 795 3263 revelatum.
829 3208 1045 3281 [Supple
1068 3211 1210 3283 ideo]
1240 3212 1560 3282 Prophetica
1590 3231 1721 3271 voce

142 3296 339 3355 locutus
367 3311 456 3356 est
481 3301 535 3355 ei
560 3342 575 3366 ,
608 3303 795 3358 dicens
819 3320 833 3356 :
865 3303 1042 3359 Locus
1066 3306 1285 3374 quidem
1314 3306 1369 3359 in
1397 3307 1487 3362 illa
1535 3309 1724 3362 solitu-

138 3387 250 3443 dine
279 3406 311 3443 a
340 3390 459 3445 Deo
489 3401 711 3461 paratus
737 3401 851 3458 est,
897 3410 1059 3464 quem
1092 3397 1312 3464 quando
1341 3397 1452 3451 vult
1477 3398 1724 3454 Christus

136 3480 296 3534 servis
324 3482 447 3536 suis
480 3484 749 3537 ostendet.
780 3484 1117 3554 QuaprOpter
1141 3487 1251 3540 noli
1288 3489 1355 3542 de
1404 3490 1725 3557 inquirendo

134 3584 366 3637 cessare,
400 3574 587 3651 sciens
611 3582 666 3628 et
709 3576 935 3630 credens
960 3578 1104 3646 quod
1156 3594 1279 3632 eum
1318 3581 1523 3648 absque
1560 3582 1745 3637 dubio

134 3660 194 3714 ibi
223 3663 506 3732 reperies.
546 3662 638 3719 Sic
660 3680 785 3717 eum
813 3675 1021 3719 certum
1052 3668 1120 3721 de
1156 3668 1263 3722 loci
1293 3669 1600 3725 inventione
1647 3670 1726 3725 fa-

130 3763 292 3819 ctum,
327 3763 389 3808 et
417 3754 491 3807 ad
522 3757 835 3811 monasticae
875 3758 999 3812 vita:
1024 3774 1265 3814 amorem
1305 3761 1584 3816 incitatum
1610 3803 1624 3826 ,
1671 3773 1727 3819 et

130 3844 190 3897 de
210 3844 456 3914 spiritali
492 3852 684 3899 contra
711 3846 961 3900 zabulum
990 3838 1285 3903 certamine
1300 3850 1526 3905 multum
1552 3853 1726 3907 imbu-

132 3936 341 3999 tum,ad
361 3935 627 3990 dilectam
651 3950 894 3992 remeare
920 3939 1167 4008 permisit
1201 3941 1579 4007 eremum.Qui
1601 3959 1723 3998 cum

130 4041 273 4082 suam
300 4028 656 4098 pervenisset
687 4028 754 4081 ad
780 4029 972 4083 cellam
1020 4045 1140 4101 qua:
1200 4031 1255 4084 in
1309 4031 1428 4085 loco
1475 4035 1723 4101 superius

125 4114 230 4183 jam
262 4118 674 4188 comprehenso
703 4117 929 4188 Hersfelt
981 4119 1160 4174 fuerat
1184 4129 1534 4186 constructa,
1578 4123 1724 4177 salu-

134 4211 251 4264 tatis
298 4210 575 4263 fratribus
624 4224 761 4278 quos
796 4209 993 4264 ibidem
1039 4212 1256 4279 reperit,
1290 4221 1618 4280 praeceptum
1659 4228 1724 4268 ac

131 4302 460 4369 promissum
485 4302 665 4356 saneti
692 4302 942 4371 exposuit
967 4303 1225 4372 episc0pi.

197 4394 248 4447 7.
287 4395 546 4464 Cumque
574 4408 868 4462 parumper
893 4407 1058 4462 penes
1086 4394 1232 4462 ipsos
1259 4388 1436 4449 fessus
1464 4395 1726 4464 respiras—

1817 1956 1881 1994 ex
1929 1941 2053 2004 illis,
2082 1942 2172 2009 qui
2230 1950 2350 1995 erat
2404 1941 2643 2010 ipsorum
2694 1940 2998 2007 interpres,
3051 1937 3410 2006 interregavit

1817 2046 1940 2087 eum
1968 2024 2074 2100 quo
2112 2031 2375 2086 tenderet.
2404 2030 2718 2099 Respondit,
2748 2029 2804 2084 in
2832 2028 3169 2098 superiorem
3196 2035 3409 2096 partem

1817 2125 1985 2180 eremi
2016 2139 2074 2179 se
2106 2124 2222 2179 fore
2243 2124 2467 2178 iturum.

1886 2215 1941 2269 8.
1984 2202 2183 2283 Sicque
2217 2214 2301 2268 vir
2328 2214 2423 2269 Dei
2462 2211 2563 2283 pe'r
2600 2211 2933 2269 horrendum
2973 2210 3122 2266 solus
3170 2224 3411 2280 pergens

1817 2305 2113 2367 desertum,
2129 2314 2330 2375 praeter
2354 2307 2573 2371 bestias,
2597 2304 2899 2375 quarumin
2921 2317 2986 2357 eo
3006 2301 3108 2356 fuit
3130 2302 3412 2356 abundan-

1820 2397 1914 2459 tia,
1939 2406 1994 2451 et
2027 2398 2205 2451 avium
2238 2393 2473 2451 volatum
2503 2406 2558 2452 et
2587 2397 2833 2467 ingentes
2861 2396 3109 2459 arbores,
3136 2401 3191 2447 et
3213 2401 3412 2462 praeter

1819 2488 2049 2558 agrestia
2080 2489 2385 2543 solitudinis
2415 2488 2528 2543 loca
2554 2488 2687 2543 nihil
2701 2502 2954 2550 cernens,
2973 2487 3191 2540 tandem
3212 2492 3410 2553 quarto

1820 2581 1908 2635 die
1927 2581 2371 2650 prastergredieus
2396 2580 2571 2633 locum
2596 2579 2685 2633 ubi
2701 2577 3089 2637 monasterium
3117 2576 3280 2630 situm
3303 2582 3408 2635 est,

1820 2673 2097 2740 superiora
2134 2678 2345 2740 petens,
2378 2670 2469 2725 ubi
2510 2669 2705 2724 ﬂumen
2733 2669 2879 2739 quod
2919 2668 3115 2725 dicitur
3152 2665 3413 2736 Gysilaha

1821 2760 2004 2816 Fuldte
2044 2761 2194 2815 alveo
2243 2776 2304 2815 se
2356 2761 2655 2819 immiscet;
2690 2761 2885 2817 deinde
2948 2758 3106 2828 paulo
3160 2756 3412 2824 superius

1820 2868 2171 2923 progressus,
2224 2853 2315 2907 ubi
2372 2853 2565 2907 semita
2595 2850 2695 2906 fuit
2725 2868 2844 2921 qua:
2876 2852 3100 2920 antiquo
3144 2849 3413 2904 vocabulo

1821 2943 2143 3000 Ortessueca
2174 2945 2473 3007 dicebatur,
2496 2952 2619 3013 post
2656 2959 2911 2999 occasum
2947 2942 3077 2998 solis
3128 2941 3410 3010 pervenit,

1822 3038 2003 3106 ibique
2032 3052 2091 3091 se
2117 3044 2172 3091 et
2197 3037 2408 3091 asinum
2434 3038 2592 3092 sudm
2618 3037 2830 3091 munire
2860 3043 3081 3106 propter
3110 3043 3415 3110 nocturnos

1823 3128 2072 3183 incursus
2101 3136 2372 3196 satagens.
2416 3126 2549 3182 Cum
2582 3136 2762 3182 autem
2792 3126 2994 3183 ibidem
3022 3141 3079 3181 se
3128 3125 3415 3180 nocturnis

1822 3220 2020 3274 castris
2064 3218 2275 3273 munire
2300 3227 2539 3283 curaret,
2571 3218 2722 3272 audit
2744 3216 2931 3288 procul
2958 3217 3193 3278 sonitum
3220 3231 3376 3285 aquae
3394 3252 3412 3279 ,

1820 3310 1964 3379 quod
1992 3319 2171 3362 utrum
2198 3306 2328 3361 ferae
2349 3323 2418 3360 an
2447 3308 2609 3361 homo
2635 3306 2871 3369 fecisset,
2892 3305 3192 3376 ignorabat.
3242 3303 3412 3360 Stans

1822 3400 2066 3463 silenter,
2095 3398 2317 3452 intentis
2343 3398 2567 3451 auribus
2610 3396 2987 3450 auscultabat:
3020 3395 3170 3450 audit
3210 3395 3414 3461 iterum

1823 3487 2060 3541 sonitum
2092 3499 2264 3554 aqure.
2312 3485 2464 3539 Tunc
2513 3486 2639 3555 quia
2671 3486 2754 3538 vir
2790 3485 2883 3538 Dei
2917 3484 3154 3539 clamare
3202 3485 3412 3551 noluit,

1824 3592 2015 3632 cavam
2057 3575 2204 3629 ferro
2233 3575 2376 3643 quod
2407 3590 2570 3629 manu
2608 3574 2822 3629 ferebat
2851 3575 3090 3643 pulsavit
3114 3575 3368 3629 arborem
3387 3614 3403 3635 ,

1826 3666 2127 3735 intelligens
2155 3665 2427 3719 hominem
2456 3679 2577 3719 esse
2597 3705 2612 3730 ,
2658 3672 2792 3718 nutu
2834 3664 2951 3719 Dei.
3010 3664 3104 3719 Ille
3130 3679 3260 3719 vero
3289 3680 3416 3720 cum

1825 3757 2065 3811 audisset
2108 3755 2347 3811 sonitum
2372 3756 2655 3826 pulsantis,
2682 3755 2809 3811 illuc
2853 3770 3153 3825 properans
3198 3758 3413 3827 proela-

1823 3846 2010 3901 mavit.
2065 3845 2318 3912 Quicum
2347 3847 2861 3916 appropinquasset,
2916 3848 3160 3903 videntes
3213 3848 3415 3904 alteru-

1826 3946 1969 3992 trum
2006 3947 2194 3993 mutuo
2250 3953 2310 3994 se
2353 3940 2743 3994 salutaverunt.
2776 3940 3019 4010 Cumque
3071 3956 3195 3998 cum
3250 3943 3415 3998 homo

1822 4028 1916 4083 Dei
1944 4029 2331 4100 interrogasset
2354 4030 2497 4085 unde
2530 4031 2761 4096 veniret,
2788 4033 3066 4101 respondit
3111 4048 3169 4088 se
3196 4035 3265 4090 de
3290 4035 3415 4089 ινδ.

1822 4122 2044 4176 dereiba
2074 4124 2263 4178 venire
2285 4163 2300 4188 ,
2341 4123 2545 4178 domini
2584 4125 2668 4179 sui
2697 4124 2855 4180 Orcis
2909 4142 3111 4195 equum
3159 4126 3213 4180 in
3249 4141 3414 4182 manu

1823 4211 2038 4265 ducere.
2053 4210 2390 4266 Collocantes
2403 4212 2586 4281 itaque
2602 4229 2660 4268 se
2678 4214 2900 4277 ibidem,
2924 4215 3132 4281 pariter
3145 4223 3304 4269 nocte
3320 4215 3414 4270 illa

1824 4310 2163 4359 manserunt.
2194 4302 2326 4355 Erat
2349 4303 2545 4371 quippe
2573 4302 2662 4357 ille
2695 4304 2856 4359 homo
2896 4303 3139 4357 locorum
3171 4303 3225 4359 in
3272 4303 3410 4358 soli-

1826 4389 2012 4445 tudine
2053 4390 2432 4457 peritissimus.
2491 4391 2733 4460 Cumque
2781 4393 2853 4447 illi
2884 4394 2970 4447 vir
3004 4393 3220 4449 Domini
3265 4396 3413 4465 quod

135 4493 228 4547 set,
259 4486 461 4539 stravit
507 4485 722 4538 asinum
762 4499 943 4548 suum,
975 4492 1298 4554 sumptoque
1338 4485 1536 4540 viatico
1580 4484 1724 4539 solus
1750 4513 1802 4571 Ι)
1828 4480 2008 4535 animo
2037 4482 2284 4550 gestabat
2304 4490 2359 4536 et
2385 4482 2515 4551 quid
2546 4491 2761 4550 gereret
2790 4484 3116 4550 revelasset,
3149 4487 3319 4555 cwpit
3358 4487 3411 4542 ei

132 4574 403 4641 profectus
430 4583 544 4639 est,
578 4575 680 4628 iter
708 4589 866 4629 suum
903 4573 1119 4629 Christo
1140 4615 1155 4640 ,
1207 4574 1298 4644 qu'i
1327 4584 1411 4630 est
1440 4576 1547 4641 via,
1582 4577 1722 4629 veri-

136 4670 213 4717 tas
237 4675 291 4719 et
310 4667 450 4730 vita,
482 4666 897 4730 commendans,
920 4663 1066 4719 solus
1091 4666 1312 4721 omnino
1339 4668 1534 4721 sedens
1557 4682 1720 4736 super

132 4755 359 4819 asinum,
392 4771 499 4825 per
528 4744 840 4809 vastissima
867 4755 1068 4809 deserti
1105 4754 1223 4811 loca
1261 4770 1487 4827 pergere
1532 4756 1716 4824 erepit.

136 4840 279 4899 Tunc
297 4848 501 4901 avidus
528 4839 770 4901 locorum
797 4844 1127 4913 explorator,
1160 4846 1357 4914 ubique
1402 4846 1580 4916 sagaci
1624 4846 1722 4901 ob-

136 4943 244 4989 tutu
274 4947 575 4992 montuosa
624 4944 788 5004 atque
816 4936 975 5005 plana
1027 4935 1361 5006 perlustrans
1390 4937 1530 4998 loca,
1561 4952 1717 4990 mena

135 5034 212 5082 tes
238 5044 460 5101 quoque
490 5038 550 5085 et
587 5024 753 5083 colles
778 5029 1049 5098 vallesque
1096 5028 1366 5098 aspiciens
1391 5067 1407 5092 ,
1459 5028 1636 5083 fontes
1670 5035 1726 5083 et

135 5124 425 5188 torrentes,
456 5133 626 5192 atque
653 5120 843 5175 ﬂuvios
874 5121 1250 5185 considerans,
1274 5120 1547 5190 pergebat.
1576 5119 1727 5174 Psal-

136 5225 249 5265 mos
274 5226 409 5267 vero
444 5212 501 5266 in
535 5224 632 5265 ore
661 5210 924 5275 retinens,
954 5211 1121 5264 Deum
1160 5211 1449 5280 gemitibus
1474 5246 1489 5275 ,
1543 5210 1725 5266 animo

136 5300 198 5355 ad
213 5305 417 5359 cadum
444 5302 654 5366 levato,
669 5304 889 5368 orabat;
920 5302 990 5356 ibi
1017 5303 1384 5356 tantummodo
1406 5302 1721 5370 quiescens,

139 5390 221 5444 ubi
256 5408 383 5447 eum
416 5409 535 5447 nox
566 5392 823 5461 compulit
846 5391 1108 5446 habitare.
1132 5391 1201 5444 Et
1227 5400 1352 5446 tunc
1381 5394 1597 5460 quando
1625 5392 1724 5445 ali-

142 5482 252 5537 cubi
282 5486 578 5549 noctabat,
607 5500 729 5539 cum
778 5483 921 5537 ferro
947 5483 1088 5551 quod
1135 5494 1294 5536 manu
1325 5485 1596 5553 gestabat,
1640 5497 1722 5537 se-

141 5584 254 5639 pem
280 5575 554 5629 caedendo
591 5574 736 5643 ligno
772 5574 826 5628 in
860 5588 991 5643 gyro
1028 5574 1329 5642 composuit
1366 5574 1433 5627 ad
1481 5581 1721 5627 tutamen

144 5654 386 5720 animalis
407 5666 523 5731 sui,
542 5682 610 5721 ne
637 5665 783 5727 ferm,
801 5681 1029 5735 quarum
1057 5665 1309 5734 perplura
1334 5665 1406 5721 ibi
1437 5665 1723 5720 multitudo

143 5762 272 5821 crat,
303 5755 439 5811 illud
472 5757 816 5813 devorarent.
846 5756 962 5828 Ipse
991 5766 1169 5812 autem
1204 5756 1254 5810 in
1282 5756 1377 5810 Dei
1409 5756 1623 5812 nomine
1650 5756 1723 5813 si-

1830 4575 2073 4630 locorum
2116 4578 2333 4632 nomina
2364 4579 2607 4635 indicare
2626 4617 2641 4646 ,
2671 4588 2726 4635 et
2756 4589 3060 4636 torrentum
3093 4591 3150 4637 et
3177 4581 3411 4638 fontium

1829 4665 2026 4725 ﬂuenta
2056 4667 2395 4724 denuntiare.
2412 4669 2512 4737 Qtti
2538 4685 2661 4725 cum
2689 4680 2817 4727 tunc
2846 4672 2898 4726 in
2930 4673 3021 4728 illo
3042 4672 3269 4729 fuissent
3291 4673 3411 4730 loco

1828 4755 1921 4823 qui
1950 4756 2173 4824 antiquo
2206 4758 2463 4814 vocabulo
2490 4759 2657 4814 ΑΙιΙοΙι
2684 4774 3042 4831 nuncupatur,
3078 4779 3239 4818 mane
3284 4779 3408 4819 sur-

1827 4856 2015 4917 gentes
2040 4849 2183 4914 inde,
2210 4850 2526 4906 alterutrum
2556 4868 2616 4907 se
2636 4854 2865 4908 invicem
2888 4856 3315 4920 benedixerunt;
3351 4864 3411 4909 et

1826 4941 2009 4993 statim
2032 4941 2115 4994 vir
2140 4941 2417 4996 saecularis
2444 4943 2512 4997 ad
2540 4942 2775 5014 Grapfelt
2802 4960 2899 5014 per
2923 4946 3066 5001 viam
3097 4963 3249 5002 suam
3278 4961 3406 5015 per-

1825 5045 1952 5099 gere
1982 5032 2164 5100 caapit.

1896 5120 1949 5174 9.
1991 5120 2190 5175 Servus
2233 5130 2411 5176 autem
2466 5122 2677 5181 Domini
2725 5129 2906 5184 statim
2956 5128 3078 5184 inde
3124 5138 3405 5191 reversus,

1829 5208 2055 5265 Domino
2080 5209 2296 5267 Christo
2325 5212 2426 5267 iter
2447 5230 2605 5270 suum
2619 5225 2674 5272 et
2698 5234 2847 5289 spem
2880 5233 3095 5273 omnem
3132 5232 3408 5271 commen—

1826 5297 1961 5353 dans
1985 5338 1999 5365 ,
2048 5314 2146 5368 per
2170 5300 2438 5357 desertum
2496 5321 2647 5361 more
2676 5322 2773 5362 suo
2795 5321 3019 5378 pergere
3049 5305 3212 5375 cmpit
3238 5305 3405 5363 solus.

1830 5389 1931 5456 Qui
1962 5406 2084 5445 cum
2109 5391 2299 5447 Ailoha
2343 5397 2708 5466 gradiebatur,
2735 5408 2790 5451 et
2816 5398 2866 5451 ci
2896 5398 3005 5451 illic
3038 5404 3182 5450 terra
3225 5395 3409 5466 displid

1829 5490 1998 5546 ceret,
2024 5483 2170 5537 venit
2192 5485 2258 5538 ad
2290 5492 2582 5541 torrentem
2610 5487 2703 5554 qui
2732 5500 2903 5554 usque
2930 5485 3088 5539 hodie
3117 5483 3407 5541 Crczibacli

1829 5571 2029 5626 dicitur
2054 5590 2067 5626 :
2102 5575 2337 5644 visisque
2363 5576 2471 5629 illic
2498 5576 2598 5631 loci
2626 5575 2983 5645 positionibus
3009 5584 3062 5630 et
3090 5583 3248 5631 terrae
3269 5592 3402 5646 qua-

1828 5662 2088 5731 litatibus,
2124 5667 2396 5736 paulisper
2454 5674 2755 5720 remoratus
2797 5673 2898 5720 est.
2951 5666 3078 5721 Inde
3126 5682 3409 5738 regressus

1829 5758 2101 5828 pusillum,
2127 5760 2192 5815 ad
2243 5758 2584 5813 benedictum
2630 5765 2687 5812 et
2736 5773 2767 5811 a
2822 5759 3050 5817 Domino
3090 5758 3406 5830 jamdudum
