4006 6476
574 338 671 417 tot
696 382 699 383 ν

1900 358 2059 416 νιτΑ
2100 359 2157 414 S.
2200 357 2488 415 STUBMII

3737 357 3848 415 ιω

572 485 751 541 prarpa
761 478 936 523 ratum
959 471 1203 538 pervenit
1221 469 1420 536 locum,
1436 470 1687 526 ubinunc
1712 477 1957 525 sanetum
1982 468 2146 524 situm
2174 477 2225 537 Α
2251 475 2383 543 gito,
2405 475 2454 529 si
2481 475 2620 529 Deus
2643 473 2983 542 omnipotens
3009 470 3275 536 voluerit,
3298 478 3354 527 et
3378 480 3623 527 vestrum
3647 472 3850 529 adfue-

571 574 658 616 ρει
687 563 1093 615 monasterium.
1125 561 1242 628 Quo
1272 578 1395 616 cum
1426 562 1783 632 pervenisset,
1818 560 2000 614 statim
2031 574 2158 614 san-

573 660 697 706 ctus
722 650 808 704 vir
841 650 1047 706 Stnrmi
1077 652 1354 707 immenso
1379 652 1618 722 repletus
1643 651 1857 722 gaudio,
1890 649 2069 705 alacer
2102 658 2160 705 et

572 744 855 799 exsultans
880 746 1009 799 ibat.
1051 744 1319 800 intellexit
1354 746 1499 800 enim
1525 759 1622 815 per
1652 744 1841 798 merita
1872 752 1928 797 ct
1952 744 2157 798 oratioa

571 850 670 890 nes
699 835 869 889 sancti
900 836 1136 905 episcopi
1168 835 1429 891 Bouifacii
1455 834 1614 888 talem
1637 834 1737 889 sibi
1774 835 1951 889 locum
1973 847 2093 888 esse
2123 848 2154 886 a

570 922 801 978 Domino
851 925 1166 979 revelatum.
1223 923 1375 979 Tunc
1419 924 1844 995 circumquaque
1890 925 2008 978 iens
2058 938 2158 994 per

571 1013 779 1085 singula
820 1029 943 1084 quae
991 1015 1305 1086 aspiciebat,
1340 1015 1568 1069 Domino
1614 1015 1817 1086 gratias
1858 1014 2152 1071 referebat.

569 1103 783 1169 Quanto
813 1103 1024 1174 longius
1050 1113 1106 1158 et
1134 1103 1292 1158 latius
1343 1103 1707 1174 gradiebatur,
1736 1112 1888 1159 tanto
1926 1104 2156 1175 amplius

569 1194 959 1264 gratulabatur.
1008 1195 1251 1266 Cumque
1306 1195 1380 1250 ibi
1432 1194 1536 1250 loci
1565 1196 1972 1266 pulchritudine
2000 1195 2153 1250 dele-

568 1293 765 1349 ctatus,
799 1302 905 1340 non
933 1287 1203 1341 modicum
1229 1287 1335 1342 diei
1362 1287 1600 1358 spatium
1625 1289 1863 1359 gyrando
1884 1297 1940 1343 et
1965 1288 2155 1358 explo-

566 1380 740 1433 rando
768 1379 1052 1449 exegisset,
1082 1379 1368 1434 benedieto
1397 1379 1513 1435 loco
1539 1389 1594 1434 et
1619 1379 1907 1451 diligenter
1943 1380 2156 1452 signato

565 1470 808 1541 gaudens
834 1470 959 1526 inde
970 1470 1254 1541 profectus
1281 1480 1386 1526 est.

626 1559 725 1616 '10.
766 1562 935 1633 Igitur
960 1562 1044 1617 vir
1069 1562 1162 1617 Dei
1189 1562 1428 1617 secundo
1458 1562 1525 1617 ad
1557 1559 1788 1633 Ilersfelt
1807 1562 2151 1633 perveniens,

562 1657 740 1713 socios
767 1658 840 1713 ibi
869 1673 995 1714 suos
1022 1657 1226 1713 sanctis
1251 1657 1499 1713 insistere
1526 1656 1778 1727 precibus
1804 1657 2147 1727 reperiebat:

562 1748 666 1804 loci
697 1750 1061 1818 repertionem
1087 1749 1285 1819 quibus
1318 1746 1693 1812 referens,eos
1722 1747 1855 1802 illuc
1876 1747 2153 1819 profectu-

2257 567 2329 621 rit
2352 567 2616 622 auxilium
2636 607 2653 631 ,
2680 567 2735 621 in
2762 564 3016 621 orientali
3046 579 3212 634 regno
3237 574 3419 620 vestro
3445 567 3847 624 monacham

2255 657 2425 712 vitam
2475 657 2794 717 instituere.
2839 664 2896 711 et
2946 656 3339 712 monasterium
3386 654 3653 722 fundare,
3697 657 3849 729 quod

2255 750 2547 820 praeteritis
2570 749 2905 819 temporibus
2923 755 3050 804 ante
3071 763 3173 802 nos
3193 747 3670 804 nemoinchoavit.
3688 748 3850 807 Unde

2256 850 2404 895 nunc
2433 847 2672 894 vestrum
2704 840 2758 893 in
2788 838 2892 894 hoc
2920 838 3069 909 pium
3104 838 3378 908 poscimus
3411 837 3811 894 adminiculum
3829 879 3843 904 ,

2255 938 2524 998 quatenus
2545 931 2703 985 vobis
2724 929 3182 986 immarcescibile
3205 944 3405 985 munus
3430 945 3616 987 coram
3641 931 3848 988 altissi-

2255 1035 2347 1075 mo
2371 1035 2499 1092 rege
2526 1020 2746 1076 Christo
2766 1022 2830 1076 in
2860 1020 3043 1078 futuro
3068 1030 3126 1078 et
3154 1022 3369 1078 infinito
3399 1032 3620 1081 maneat
3646 1039 3844 1097 regno.

2256 1111 2528 1167 Habemus
2547 1112 2690 1166 enim
2715 1111 2770 1166 in
2796 1112 3087 1168 solitudine
3107 1128 3230 1183 quae
3252 1112 3525 1169 Bocbonia
3551 1130 3844 1186 nuneupa-

2257 1211 2368 1268 tur,
2391 1201 2548 1272 juxta
2577 1200 2798 1258 fluvium
2834 1203 2928 1273 qui
2966 1203 3167 1260 dicitur
3197 1203 3405 1270 Fulda,
3437 1204 3613 1261 locum
3652 1214 3845 1277 aptum

2255 1296 2429 1351 servis
2456 1296 2552 1350 Dei
2586 1295 3001 1351 inhabitandam
3035 1305 3310 1367 repertum
3332 1328 3349 1362 ,
3379 1296 3472 1367 qui
3501 1297 3566 1352 ad
3598 1308 3844 1354 vestram

2253 1386 2490 1455 pertinet
2515 1386 2799 1441 ditionem.
2827 1384 2984 1441 Nunc
3012 1394 3251 1441 vestram
3279 1386 3535 1456 pietatem
3563 1386 3846 1457 poseimm

2254 1488 2316 1534 ut
2343 1477 2500 1533 nobis
2526 1478 2678 1532 locus
2705 1476 2796 1534 ille
2824 1478 3075 1543 donetur,
3109 1485 3376 1546 quatenus
3412 1476 3468 1532 in
3508 1491 3577 1532 eo
3610 1492 3713 1549 per
3751 1492 3844 1535 vo-

2253 1580 2424 1627 stram
2471 1569 2841 1626 defensionem
2889 1570 3109 1627 Christo
3147 1570 3356 1625 servire
3393 1584 3679 1640 queamus.
3723 1569 3845 1639 Quo

2254 1660 2463 1727 audito,
2489 1674 2583 1715 rex
2612 1667 2748 1715 nutu
2772 1659 2865 1715 Dei
2893 1660 3113 1730 gavisus
3133 1668 3246 1721 est.
3272 1670 3332 1715 et
3353 1673 3692 1730 congregans
3717 1676 3842 1718 om-

2254 1768 2353 1808 nes
2376 1752 2653 1823 principes
2680 1751 2867 1822 palatii
2894 1751 3010 1817 sui,
3036 1749 3354 1821 petitionem
3376 1749 3614 1820 episcopi
3639 1749 3844 1807 collau-

562 1856 654 1895 ros
679 1855 863 1894 secum
891 1854 1183 1910 properare
1215 1841 1520 1911 imperavit.
1553 1838 1746 1895 Subito
1775 1840 1890 1909 ipse
1922 1841 2091 1911 petita
2117 1855 2149 1894 a
2175 1852 2225 1913 Β
2252 1844 3055 1913 dansindicavit,atquecoram
3075 1842 3159 1898 eis
3179 1842 3434 1912 episcopo
3449 1849 3640 1898 saneto
3657 1842 3841 1900 locum

560 1932 822 1987 fratribus
849 1933 1118 1997 oratione,
1147 1933 1214 1987 ad
1237 1931 1461 1987 Seleliim
1477 1944 1503 1972 ι
1519 1932 1787 2002 petiturus
1811 1932 2143 2004 episcopum,

558 2024 838 2094 profectus
894 2031 997 2078 est.
1033 2021 1113 2078 Ad
1144 2038 1307 2093 quem
1345 2037 1467 2077 cum
1516 2022 1842 2078 ambulando
1885 2034 2007 2093 post
2034 2025 2150 2080 dies

559 2128 766 2182 paucos
789 2113 1149 2183 pervenisset,
1174 2122 1333 2183 atque
1362 2113 1430 2167 ab
1454 2126 1522 2166 eo
1546 2112 1779 2184 benigne
1798 2124 1943 2170 esset
1967 2131 2151 2171 suscet

560 2210 721 2277 plus,
771 2216 1045 2278 repertum
1092 2206 1143 2260 ei
1179 2206 1357 2262 locum
1404 2196 1674 2261 laudando
1723 2208 1926 2262 referre
1961 2209 2145 2279 erepit.

560 2297 818 2361 IEstimo,
846 2297 942 2360 ait,
971 2296 1226 2350 dilectum
1282 2295 1376 2350 tibi
1408 2296 1584 2351 locum
1619 2311 1762 2351 nunc
1796 2310 1915 2352 esse
1965 2313 2151 2367 repere

560 2394 695 2443 tum.
730 2388 975 2458 Cumque
994 2387 1042 2441 ei
1059 2388 1162 2442 loci
1180 2387 1324 2443 illius
1338 2395 1536 2442 statum
1566 2395 1620 2442 et
1643 2387 1960 2457 qualitatem
1991 2396 2150 2444 terra:

557 2487 613 2532 et
660 2493 813 2548 aqua:
851 2480 1179 2543 decursum,
1228 2493 1350 2548 quae
1400 2492 1572 2548 usque
1625 2479 1784 2534 hodie
1821 2479 2152 2535 monasterio

555 2567 854 2635 sufficiunt,
888 2568 1187 2625 revelasset
1210 2609 1225 2634 ,
1255 2568 1389 2623 satis
1417 2568 1651 2624 alacrem
1679 2569 1910 2624 reddidit
1940 2569 2151 2639 episco.

552 2677 723 2733 pum;
757 2664 1071 2735 pariterque
1103 2661 1442 2734 gratulantes
1476 2668 1533 2716 et
1561 2660 1791 2717 Domino
1818 2662 2023 2732 gratias
2066 2677 2152 2717 re:

554 2752 810 2817 ferentes,
839 2769 1003 2809 suave
1051 2753 1379 2823 colloquium
1420 2753 1563 2806 inter
1607 2767 1666 2808 se
1703 2751 1770 2807 de
1798 2753 1908 2806 vita
1935 2760 1987 2807 et
2017 2767 2153 2807 con-

526 2874 541 2879 —
559 2845 868 2899 versatione
898 2845 1291 2899 monachorum
1321 2842 1626 2897 diutissime
1669 2842 1992 2897 habuerunt.

629 2936 714 2989 il.
759 2936 888 2990 Post
914 2935 1100 2990 dulces
1120 2950 1404 2991 sermones
1429 2943 1653 2989 sanctus
1680 2933 1967 3004 episcopus
1991 2974 2006 3000 ,
2060 2950 2150 2989 re-

554 3034 707 3081 tento
746 3040 1038 3095 parumper
1087 3040 1254 3095 penes
1287 3040 1345 3080 se
1374 3026 1623 3081 solitario
1675 3039 1776 3078 suo
1801 3064 1818 3088 ,
1864 3023 2153 3094 diligenter

553 3133 677 3172 eum
704 3118 904 3172 sanctis
930 3118 1198 3173 instruere
1228 3119 1442 3174 curavit
1483 3118 1851 3183 sermonibus,
1883 3127 1940 3173 et
1978 3117 2152 3172 sacris

2254 1948 2415 2004 quem
2441 1932 2814 2003 postulaverat
2840 1930 3099 1997 tradidit,
3124 1931 3356 1987 dicens:
3394 1930 3572 1986 Locus
3612 1931 3839 2002 quidem

2253 2039 2414 2093 quem
2443 2024 2617 2092 petis,
2645 2032 2700 2077 et
2723 2022 2853 2100 qui,
2883 2030 2943 2077 ut
2971 2021 3174 2077 asseris
3193 2061 3209 2087 ,
3241 2021 3472 2077 Eiltlolta
3505 2020 3838 2095 (Aiclocha)

2253 2121 2618 2184 nuncupatur,
2644 2113 2698 2168 in
2727 2114 2844 2183 ripa
2870 2112 3111 2167 fluminis
3134 2112 3346 2175 Fuldze,
3376 2113 3632 2183 quodque
3655 2113 3712 2168 in
3740 2115 3843 2170 hac

2253 2206 2342 2261 die
2369 2206 2650 2276 proprium
2680 2204 2758 2259 ibi
2785 2204 2978 2259 videor
3005 2202 3210 2258 habere
3227 2243 3245 2268 ,
3278 2210 3452 2257 totum
3478 2212 3538 2259 et
3565 2203 3840 2275 integrum

2253 2297 2321 2353 de
2339 2294 2466 2364 jure
2494 2311 2615 2352 meo
2644 2296 2699 2350 in
2723 2296 2815 2366 jus
2841 2294 3047 2349 domini
3077 2295 3234 2349 trado
3253 2330 3268 2357 ,
3304 2295 3380 2349 ita
3410 2302 3473 2349 ut
3492 2294 3570 2350 ab
3598 2294 3692 2350 illo
3719 2296 3841 2351 loco

2253 2387 2494 2456 undique
2521 2386 2574 2440 in
2601 2386 2835 2441 circuitu
2853 2425 2869 2451 ,
2897 2385 2965 2440 ab
2986 2379 3205 2442 oriente
3227 2385 3436 2440 scilicet
3459 2395 3515 2439 et
3532 2386 3839 2453 occidente,

2254 2495 2285 2535 a
2312 2479 2681 2550 septentrione
2706 2487 2763 2534 et
2784 2479 3042 2543 meridie,
3074 2479 3297 2533 mareba
3326 2477 3403 2548 (id
3431 2486 3510 2532 est
3534 2477 3715 2549 limes)
3745 2493 3841 2548 per

2253 2579 2486 2641 quatuor
2519 2569 2690 2625 millia
2724 2583 2984 2639 passuum
3019 2568 3292 2623 tendatur.
3327 2566 3504 2621 Porro
3542 2580 3643 2621 rex
3675 2565 3839 2635 jussit

2253 2663 2502 2719 chartam
2533 2676 2645 2719 suae
2677 2661 2987 2717 traditionis
3017 2660 3219 2724 scribi,
3257 2672 3422 2729 quam
3444 2658 3578 2728 ipse
3617 2658 3839 2729 propria

2255 2771 2417 2811 manu
2454 2755 2711 2810 ﬁrmavit.
2752 2754 2820 2809 Et
2853 2754 3007 2808 misit
3038 2752 3259 2807 nuntios
3292 2766 3426 2807 suos
3447 2758 3510 2805 ut
3545 2766 3841 2822 congrega-

2255 2854 2380 2900 rent
2412 2862 2603 2900 omnes
2637 2846 2786 2900 viros
2823 2844 3033 2899 nobiles
3072 2842 3164 2913 qui
3206 2842 3261 2897 in
3289 2843 3516 2912 regione
3541 2838 3783 2911 ϐαφῇ-ιι
3812 2849 3836 2879 ⁸

2253 2943 2716 2998 commorasseut,
2746 2942 2811 2988 ut
2840 2949 2938 2988 eos
2969 2933 3114 3003 regis
3151 2931 3499 2986 sermonibus
3528 2938 3838 3001 rogassent,

2253 3039 2315 3086 ut
2349 3030 2529 3085 omnis
2573 3028 2883 3099 quicunque
2924 3027 2978 3080 in
3024 3025 3145 3080 loco
3185 3024 3279 3078 illo
3325 3022 3532 3092 aliquid
3562 3023 3839 3092 proprium

2254 3123 2533 3178 videretur
2568 3120 2799 3184 habere,
2841 3116 3297 3186 quemadmodum
3335 3112 3466 3168 fecit
3501 3128 3598 3168 rex
3621 3151 3639 3178 ,
3676 3114 3842 3174 itaet

552 3208 853 3280 Scriptura:
875 3210 1192 3275 sententiis,
1246 3210 1314 3264 ad
1366 3212 1680 3264 monasticm
1727 3206 1851 3262 vitae
1905 3221 2147 3262 amorem
2176 3205 2221 3266 C
2256 3214 2355 3284 ipsi
2385 3211 2655 3268 tradendo
2683 3208 2946 3264 facerent.
2979 3207 3226 3277 Cumque
3253 3206 3323 3259 ad
3353 3204 3671 3259 condictum
3698 3205 3839 3260 diem

554 3302 806 3357 incitare.
838 3301 929 3357 Sic
949 3303 1093 3356 enim
1121 3301 1372 3358 uberiore
1411 3302 1781 3357 doctrinarum
1826 3298 1976 3355 fonte
2024 3299 2150 3354 irri‘

552 3400 760 3465 gatum,
792 3403 846 3448 et
880 3393 1127 3464 plurimis
1172 3401 1374 3448 sancta:
1425 3390 1719 3463 Scripturm
1766 3389 2149 3471 admonitioni-

552 3484 655 3540 bus
677 3484 1060 3550 eonfortatum,
1094 3484 1158 3539 ad
1205 3499 1448 3539 eremutn
1488 3485 1769 3538 ercmitam
1799 3499 1955 3539 suum
1982 3483 2150 3537 Stur-

553 3589 679 3628 men
708 3575 858 3630 abire
887 3582 1109 3629 sanctus
1132 3574 1378 3644 permisit
1406 3575 1708 3644 episcopus.
1752 3573 1872 3644 Ipse
1896 3589 2027 3629 vero
2075 3574 2148 3627 ob

553 3665 1025 3721 confirmationem
1077 3664 1277 3735 reperti
1322 3667 1374 3720 in
1413 3681 1598 3720 eremo
1631 3665 1730 3720 loci
1790 3667 1858 3720 ad
1889 3666 2146 3737 palatium

555 3756 701 3824 regis
728 3754 1006 3824 profectus
1029 3764 1133 3811 est.
1161 3756 1365 3811 Sturmi
1397 3764 1577 3810 autem
1619 3764 1902 3826 postquam
1931 3757 1998 3811 ad
2021 3771 2147 3811 suos

557 3847 807 3915 pervenit
828 3845 884 3899 in
906 3846 1261 3900 solitudinem
1290 3846 1489 3910 socios,
1514 3855 1571 3901 et
1601 3861 1660 3900 se
1695 3847 1761 3899 ad
1788 3845 1963 3900 locum
1984 3859 2144 3915 quem

556 3945 855 4005 repererat,
880 3952 1005 3991 cum
1022 3937 1291 3993 fratribus
1318 3938 1574 3993 voluisset
1602 3938 1873 4002 conferre,
1898 3946 1953 3993 et
1981 3954 2087 3993 non
2117 3939 2144 3979 δ

553 4028 663 4100 jam
695 4035 822 4083 tunc
850 4034 918 4081 ex
940 4039 1047 4096 quo
1071 4028 1123 4081 in
1147 4043 1330 4083 eremo
1342 4029 1597 4083 habitare
1623 4039 1883 4098 coeperat,
1908 4043 2051 4084 anno
2078 4030 2148 4084 ab

556 4120 790 4189 ﬂersfeft
843 4133 1124 4191 regressus
1165 4129 1279 4185 est;
1332 4119 1545 4175 invidus
1592 4112 1832 4175 omnium
1884 4121 2144 4175 bonarum

554 4231 738 4271 rerum
782 4212 1027 4271 diabolus
1058 4214 1446 4284 pertimescens
1477 4229 1754 4268 servorum
1790 4214 1883 4267 Dei
1939 4213 1992 4267 in
2021 4213 2148 4267 soli-

553 4307 743 4361 tudine
781 4305 1268 4368 conversationem,
1297 4304 1561 4358 malorum
1619 4304 1895 4358 hominum
1940 4312 2148 4359 mentes

556 4398 867 4468 instigat-at,
898 4405 957 4450 ut
986 4406 1231 4451 sanctum
1259 4395 1432 4450 servis
1469 4395 1679 4450 'Christi
1704 4394 2147 4450 contradicerent

557 4487 757 4541 locum.
798 4485 986 4540 Sancti
1008 4500 1138 4541 vero
1178 4486 1320 4541 servi
1350 4486 1444 4539 Dei
1471 4500 1594 4539 cum
1634 4496 1929 4553 pravorum
1964 4485 2145 4539 homi-

2251 3317 2441 3357 omnes
2468 3299 2697 3354 fuissent
2715 3295 3066 3367 congregati,
3090 3294 3441 3349 advenientes
3465 3294 3611 3363 regis
3634 3293 3839 3347 nuntii:

2240 3392 2454 3447 Omnes
2496 3404 2626 3453 vos,
2676 3386 2961 3456 inquiunt,
3012 3399 3103 3439 rex
3148 3383 3263 3438 suis
3301 3383 3549 3438 salutare
3586 3381 3844 3453 praecinit

2251 3479 2593 3537 sermonibus
2611 3519 2628 3541 ,
2651 3477 3017 3548 poscebatque
3042 3482 3098 3528 et
3122 3471 3431 3542 imperabat
3455 3482 3519 3526 ut
3541 3472 3727 3527 omnis
3748 3471 3840 3541 qui

2251 3574 2456 3644 aliquid
2484 3570 2844 3643 proprietatis
2870 3568 3023 3622 visus
3051 3565 3246 3622 fuisset
3275 3565 3481 3620 habere
3512 3565 3570 3619 in
3600 3565 3720 3621 loco
3748 3566 3842 3634 qui

2251 3664 2450 3719 dicitur
2480 3660 2708 3714 Eililoha
2727 3697 2743 3723 ,
2773 3656 2949 3713 servis
2970 3654 3066 3710 Dei
3092 3644 3504 3709 inhabitandam
3533 3660 3711 3708 totum
3730 3662 3845 3706 tra-

2251 3757 2429 3811 deret.
2459 3752 2562 3820 Qui
2592 3766 2719 3806 cum
2742 3751 2848 3806 hoc
2872 3748 3190 3811 audissent,
3215 3752 3349 3800 nutu
3371 3744 3472 3801 Dei
3499 3748 3693 3801 statim
3715 3760 3844 3802 cum

2200 3871 2212 3884 -
2249 3846 2399 3902 omni
2424 3843 2705 3914 dirigentia
2725 3880 2742 3907 ,
2767 3838 3029 3910 quidquid
3054 3837 3258 3893 ibidem
3283 3834 3485 3891 habere
3508 3844 3809 3906 potuerunt
3825 3873 3846 3902 ,

2248 3939 2367 3992 viro
2390 3936 2484 3991 Dei
2515 3932 2721 3988 Sturmi
2748 3940 2920 3987 totum
2948 3928 3310 3984 tradidan

2323 4029 2409 4082 15.
2457 4026 2628 4098 Igitur
2669 4024 2774 4078 hac
2813 4020 3102 4077 traditione
3128 4018 3369 4087 undique
3390 4015 3615 4072 ﬁrmata
3641 4025 3698 4071 et
3724 4015 3849 4074 loco

2250 4100 2341 4176 illo
2368 4120 2434 4174 de
2456 4117 2582 4187 jure
2617 4113 2897 4171 hominum
2930 4111 2987 4165 in
3011 4109 3106 4180 jus
3127 4109 3344 4164 Domini
3373 4110 3618 4173 tradito,
3648 4108 3846 4164 beatus

2249 4209 2457 4265 Sturmi
2490 4208 2546 4262 in
2579 4202 2814 4275 Dryltlar
2844 4197 3197 4272 (Chrichlar)
3226 4197 3470 4268 perrexit
3508 4198 3582 4252 ad
3620 4198 3844 4253 fratres.

2249 4302 2376 4357 lude
2398 4316 2503 4355 non
2525 4306 2648 4369 post
2661 4295 2863 4352 multos
2875 4293 2991 4348 dies
3005 4306 3258 4361 surgens,
3270 4289 3567 4359 assumptis
3581 4287 3848 4343 fratribus

2249 4407 2436 4449 secum
2460 4397 2664 4462 septem
2682 4428 2697 4453 ,
2724 4384 3105 4456 commigravit
3123 4382 3194 4437 ad
3219 4381 3395 4437 locum
3420 4380 3515 4436 ubi
3542 4396 3693 4435 nunc
3715 4395 3851 4436 san-

2250 4493 2397 4539 ctum
2426 4482 2588 4536 situm
2618 4487 2703 4534 est
2731 4473 3156 4537 monasterium,
3186 4480 3240 4527 et
3268 4485 3412 4525 anno
3439 4468 3851 4525 lncarnatiouis

560 4590 691 4630 num
741 4576 1170 4640 obstinationes,
1235 4577 1343 4629 imo
1384 4573 1558 4629 zabuli
1603 4573 1960 4628 adversitates
2004 4573 2147 4629 ferre
2172 4564 2226 4624 D
2251 4574 2455 4631 Christi
2501 4569 2989 4642 septingentesimo
3032 4564 3449 4637 quadragesimo
3483 4573 3717 4633 quarto,
3761 4578 3852 4619 re-

557 4666 792 4722 necdum
819 4675 1061 4737 possent,
1089 4666 1424 4722 diverterunt
1454 4666 1598 4732 inde,
1624 4674 1677 4720 et
1718 4677 2062 4721 secesserunt
2093 4667 2145 4722 in

559 4756 738 4811 locum
768 4758 859 4827 qui
885 4758 1084 4812 dicitur
1109 4755 1396 4812 Clarii/imi.

630 4848 718 4903 12.
755 4849 987 4904 Sanctus
1010 4864 1223 4919 quoque
1245 4848 1555 4905 Bonifacius
1580 4849 1887 4921 episcopus,
1916 4857 1977 4903 ut
2002 4864 2142 4920 pra:-

558 4939 707 4993 fatus
737 4955 889 5001 sum,
921 4940 988 4994 ad
1019 4939 1404 4997 Carlmannum
1434 4939 1765 4996 Francorum
1798 4956 1975 5012 regem
2016 4957 2144 5012 per-

558 5032 703 5087 rexit
727 5073 740 5096 ,
766 5040 821 5086 et
849 5030 1127 5085 humiliter
1152 5031 1529 5100 sapienterque
1556 5031 1621 5085 ad
1648 5046 1770 5086 eum
1798 5031 2010 5088 locutus
2035 5045 2141 5087 est.

559 5123 641 5179 Ad
668 5132 1015 5194 perpetuam,
1046 5122 1248 5192 inquit,
1279 5121 1764 5175 remunerationem
1789 5130 2023 5177 vestram
2053 5138 2147 5178 co-

635 5273 660 5299 ι·
698 5258 901 5314 Locum
934 5257 1313 5327 Amanaburgo
1338 5265 1393 5309 et
1420 5254 1748 5327 monasterio
1766 5252 2146 5327 Fritiflariensi

561 5330 619 5383 in
651 5329 842 5385 llassia
877 5328 1109 5385 vicinum
1161 5324 1505 5396 concesserat
1534 5324 1827 5396 Bonifaciog
1849 5325 2148 5396 Adalgerus

558 5399 825 5471 clericus,
860 5401 999 5471 apud
1031 5397 1401 5471 (ithloumnjn
1428 5395 1532 5471 lib.
1554 5408 1779 5471 tt,_cap._
1808 5394 1894 5450 18.

638 5471 666 5509 εν
700 5461 1010 5541 Legeudum
1040 5471 1251 5541 videtur
1280 5462 1449 5541 nono;
1482 5465 1573 5519 diu
1605 5461 2143 5541 siquitictn_llersfel-

567 5533 1152 5595 densemvsolitudinem
1187 5538 1462 5593 incoluere
1508 5536 1640 5590 socii
1694 5533 1960 5597 Sturmii,
2017 5534 2142 5588 dum

566 5608 670 5665 istc
720 5626 808 5665 res
851 5611 1100 5681 superius
1134 5615 1466 5681 memoratas
1503 5614 1792 5681 exsecutus
1845 5612 1946 5659 est.
1978 5603 2146 5681 “Unde

566 5681 702 5735 satis
752 5681 857 5734 illis
894 5673 994 5734 fuit
1049 5679 1303 5749 temporis
1356 5686 1415 5732 ut
1463 5676 1847 5749 monasterium
1877 5673 2015 5749 rudi
2067 5674 2149 5749 (ut

568 5760 844 5805 tantorum
898 5744 1172 5805 hominum
1220 5749 1498 5821 frugalitas
1536 5746 1762 5817 ferebat)
1789 5744 2018 5800 artificio
2057 5746 2150 5799 tie-

2253 4667 2543 4738 gnantibus
2570 4665 2625 4719 in
2652 4664 2755 4718 hac
2778 4670 2939 4733 gente
2965 4659 3301 4715 Francorum
3327 4656 3544 4712 duobus
3570 4654 3846 4711 fratribus

2248 4761 2576 4817 Carlmanno
2602 4765 2766 4827 atque
2786 4754 3040 4826 Pippino,
3067 4740 3361 4807 indictione
3389 4748 3457 4804 i2
3474 4794 3487 4811 ,
3518 4764 3713 4805 mense
3739 4748 3853 4820 pri-

2248 4869 2338 4911 mo
2356 4895 2371 4919 ,
2412 4850 2736 4908 duodecimo
2761 4848 2848 4902 die
2877 4846 3083 4902 mensis
3109 4842 3353 4915 ejusdem
3374 4881 3390 4908 ,
3429 4850 3685 4896 sanctum
3725 4849 3791 4896 et
3818 4855 3853 4894 a

2247 4945 2359 5002 Deo
2387 4943 2584 4998 dudum
2611 4937 3055 5009 praedestinatum
3086 4935 3364 5004 ingressus
3387 4940 3475 4986 est
3498 4929 3707 4986 locum.
3740 4929 3854 4985 Do-

2246 5033 2456 5088 minutn
2482 5029 2759 5085 Christum
2790 5025 2939 5079 illum
2969 5035 3184 5092 semper
3215 5021 3390 5085 tueri,
3419 5028 3475 5075 et
3504 5035 3604 5075 sua
3637 5019 3855 5074 invicta

2247 5120 2488 5192 potentia
2520 5116 2733 5172 defendi
2765 5112 3100 5186 [defendere
3145 5109 3585 5183 ]implorabaut,
3634 5108 3857 5162 sanctis

2246 5254 2532 5307 linearent.
2556 5250 2716 5306 Certe
2747 5248 2814 5304 ab
2841 5263 2983 5302 anno
3004 5244 3129 5307 756,
3165 5258 3271 5315 quo
3301 5240 3655 5315 aALamberto
3686 5239 3859 5315 initia

2249 5321 2642 5379 llersfeldensis
2696 5318 2927 5374 cmnobii
2978 5309 3243 5379 locantur,
3288 5313 3356 5368 ad
3393 5311 3496 5365 7“
3519 5352 3535 5374 ,
3569 5324 3687 5379 quo
3722 5309 3865 5366 Ful-

2247 5396 2413 5449 dense
2466 5390 2850 5447 monasterium
2894 5393 3265 5443 constructum
3319 5391 3402 5438 est
3428 5421 3444 5448 ,
3496 5394 3863 5435 novenorua

2248 5464 2363 5521 fere
2378 5478 2649 5535 annorum
2680 5473 2944 5535 numerus
2965 5456 3271 5535 intercedit.
3375 5521 3407 5535 Α.

2324 5547 2346 5575 ο
2366 5534 2458 5590 Sic
2478 5541 2648 5591 vastae
2671 5526 2976 5586 solitudinis
2997 5526 3250 5581 Boconire
3273 5526 3666 5591 exstirpatorcs
3688 5533 3872 5591 acea-

2252 5605 2334 5661 las
2359 5603 2661 5680 Graveldos
2682 5609 2839 5680 vocat
2864 5598 3160 5680 Gregorius
3184 5595 3229 5649 Il
3253 5594 3305 5680 in
3332 5591 3561 5680 epigola
3588 5590 3741 5660 ipsis
3770 5590 3870 5647 die

2252 5685 2399 5732 recta
2421 5717 2434 5741 ,
2461 5672 2600 5745 apud
2623 5671 2947 5735 Othlonum,
2978 5661 3031 5722 in
3059 5667 3151 5722 lib.
3183 5682 3232 5730 ι,
3256 5661 3381 5735 cap.
3403 5661 3493 5718 ‘29.
