4006 6462
201 365 297 428 455

1441 355 1765 416 AUCTOBE
1805 363 1863 417 S.
1906 362 2148 420 EIGILE.

3316 371 3418 426 654

201 473 406 537 Domino
429 468 740 544 psalmodiis
775 477 832 527 et
859 469 1079 542 ieiuniis
1111 471 1416 544 vigiliisque
1448 483 1504 530 et
1539 475 1743 532 cratio-
1769 483 1821 543 Α
1846 479 2021 536 locum
2050 478 2198 534 illum
2217 520 2231 547 ,
2263 488 2318 533 et
2349 480 2582 550 propriis
2613 480 2862 536 manibus
2887 483 3104 551 operari
3135 484 3418 544 studebat.

200 565 346 624 uibus
365 561 444 618 die
465 565 733 632 noctuque
757 559 1082 622 famulantes
1097 603 1113 630 ,
1141 563 1307 619 silvas
1331 565 1561 634 cadere,
1588 577 1645 624 et
1669 569 1745 625 lo.

200 676 309 722 eum
332 656 580 718 mundare
603 659 826 728 proprio
851 659 1057 728 labore,
1083 663 1137 717 in
1163 671 1426 734 quantum
1450 663 1745 735 praevalue~

200 761 342 816 runt,
378 749 675 806 studebant.
712 751 952 824 Expletis
985 764 1170 810 autem
1193 756 1405 813 duobus
1431 759 1742 824 mensibus,

198 840 515 899 venerandus.
535 840 603 898 ad
621 855 717 898 eos
739 843 1177 915 archiepiscopus
1199 846 1506 906 Bonifacius
1528 863 1747 920 congre-

198 941 309 1004 gata
333 929 604 990 hominum
624 930 970 988 multitudine
990 935 1231 1004 perrexit
1254 954 1266 990 :
1295 937 1600 1007 conspectis
1621 953 1748 993 cun-

195 1023 287 1080 ctis
304 1020 397 1077 loci
419 1019 562 1080 illius
581 1022 900 1090 commodis,
924 1033 982 1079 et
1003 1024 1328 1081 utilitatibus
1351 1025 1629 1082 immensis
1653 1043 1747 1082 ex-

195 1112 424 1188 ploratis,
445 1112 498 1167 in
522 1110 730 1182 Spiritu
756 1122 945 1172 sancto
969 1115 1306 1181 exsultabat,
1331 1125 1511 1187 grates
1529 1117 1747 1174 Christo

194 1205 417 1265 referens
455 1211 513 1265 ει
546 1202 734 1260 laudes
773 1205 918 1274 quod
948 1207 1122 1261 servis
1151 1207 1268 1263 suis
1293 1207 1457 1262 talem
1482 1208 1536 1262 in
1562 1223 1748 1269 eremo

195 1299 416 1354 tribuere
441 1294 697 1366 dignatus
723 1303 809 1352 est
835 1296 1253 1356 habitationem.
1277 1295 1594 1356 Hominibus
1617 1313 1748 1354 vero

191 1387 406 1458 quicum
425 1399 492 1439 eo
515 1393 782 1445 venerunt
803 1384 858 1447 in
880 1384 1058 1443 locum
1081 1386 1170 1441 ubi
1191 1385 1242 1440 ei
1265 1395 1320 1440 et
1344 1388 1515 1443 servis
1538 1387 1633 1442 Dei
1654 1403 1750 1458 pa-

186 1479 312 1533 riter
331 1491 450 1532 cum
473 1491 546 1530 eo
569 1476 744 1534 visum
766 1484 851 1533 est
872 1477 1160 1534 ecclesiam
1187 1493 1409 1549 ponere,
1435 1489 1491 1534 et
1513 1479 1748 1536 frutecta

191 1583 396 1639 qumque
431 1567 648 1626 caedere
676 1568 980 1637 imperavit.
1023 1567 1141 1639 ipse
1181 1584 1241 1625 se
1280 1570 1334 1624 in
1378 1580 1616 1626 montem
1654 1572 1748 1642 qui

193 1676 345 1729 usque
369 1659 532 1714 hodie
555 1658 706 1715 Mons
728 1660 980 1731 Episcopi
1008 1661 1336 1732 appellatur,
1360 1663 1592 1718 contulit
1608 1704 1622 1729 ,
1654 1663 1746 1718 ubi

185 1739 368 1823 jugiter
387 1749 676 1804 Dominum
695 1751 892 1806 orabat
909 1760 968 1806 et
990 1751 1066 1806 ibi
1090 1753 1266 1808 sacris
1284 1752 1439 1809 libris
1459 1754 1748 1811 scrutando

1842 582 1898 628 et
1923 588 2064 642 stupe
2086 573 2141 628 in
2166 572 2364 627 dilecto
2389 572 2489 626 sibi
2517 581 2698 626 monte
2722 575 2973 643 superius
2999 574 3144 629 dicto
3171 579 3427 647 mysticus

1844 663 2134 718 scrutando
2155 661 2464 734 Scripturas
2485 671 2541 719 et
2560 662 2837 719 Christum
2859 663 3202 721 familiariter
3221 671 3429 726 orando

1844 752 2130 808 insidebat.

1917 844 2002 898 14.
2031 845 2200 901 Porro
2222 845 2560 902 cum-fratres
2584 845 2844 917 Regulam
2867 847 3039 902 sancti
3063 845 3239 903 Patris
3263 849 3432 905 Bene-

1844 931 1971 987 dicti
1996 933 2270 989 inhianter
2293 935 3039 1001 observare—desiderassent,
3063 945 3120 992 ει
3146 938 3214 992 ad
3239 952 3429 992 mona-

1845 1023 1995 1078 sticae
2015 1023 2580 1092 disciplinmnormam
2602 1041 2700 1081 sua
2721 1042 2948 1096 corpora
2973 1037 3290 1098 mentesque
3315 1037 3430 1083 toto

1846 1115 2030 1170 animo
2056 1113 2438 1181 inclinassent,
2468 1117 2754 1172 consilium
2781 1119 2914 1172 utile
2939 1119 3213 1184 inierunt,
3239 1128 3431 1189 quate-

1847 1219 1950 1259 nus
1975 1203 2143 1274 aliqui
2167 1219 2235 1259 ex
2261 1205 2392 1275 ipsis
2413 1206 2483 1262 ad
2506 1223 2701 1279 magna
2723 1207 2920 1262 alicubi
2948 1209 3294 1264 mitterentur
3317 1226 3430 1265 mo-

1847 1293 2117 1356 nasteria,
2146 1301 2210 1347 ut
2234 1292 2469 1348 fratrum
2500 1294 2575 1350 ibi
2603 1297 2947 1351 concordiam
2980 1305 3035 1352 et
3054 1300 3425 1353 conversatio-

1848 1399 1973 1439 nem
1998 1383 2300 1454 regularem
2326 1382 2566 1454 perfecte
2591 1385 2884 1441 discerent.
2914 1386 3066 1454 Quod
3092 1404 3215 1442 cum
3243 1398 3432 1445 sancto

1850 1474 2048 1531 fuisset
2076 1476 2371 1530 indicatum
2400 1477 2687 1546 episcopo,
2718 1478 2958 1547 prudens
2987 1479 3200 1535 illorum
3231 1481 3433 1536 collau—

1851 1565 2002 1620 davit
2027 1566 2310 1622 consilium
2329 1607 2343 1631 ,
2371 1576 2427 1622 et
2449 1567 2592 1622 hanc
2617 1567 2939 1638 legationem
2962 1571 3203 1626 studioso
3225 1572 3429 1627 Sturmi

1851 1655 2104 1724 injunxit.
2121 1658 2224 1724 Qui
2242 1659 2559 1728 praeparatis
2571 1659 2786 1714 itineris
2797 1661 3442 1735 necessariis,assumptis

1851 1762 2036 1802 secum
2065 1748 2274 1802 duobus
2298 1747 2577 1813 fratribus,
2605 1758 2799 1820 quarto
2821 1751 2887 1804 ad
2913 1751 3090 1806 locum
3114 1755 3432 1822 prmdictum

189 1841 486 1904 insudabat,
522 1849 582 1896 et
605 1851 826 1911 propter
849 1843 954 1897 hoc
980 1844 1154 1898 monti
1181 1845 1502 1901 vocabulum
1530 1845 1741 1902 indidit.
1775 1836 1820 1895 B
1848 1838 2199 1909 ingressionis
2218 1854 2384 1905 anno,
2401 1839 2628 1894 Romam
2647 1839 2924 1910 profectus
2943 1851 3054 1906 est,
3076 1850 3240 1912 atque
3261 1845 3314 1898 in
3339 1846 3431 1900 illa

189 1929 301 1985 Post
336 1930 492 1984 unius
523 1930 843 2000 septimana:
864 1929 1229 2002 impletionem
1249 1973 1263 1999 ,
1287 1933 1481 1989 dirutis
1508 1934 1750 1990 innume-

189 2022 256 2076 ris
283 2021 433 2076 silvis
462 2029 523 2076 et
553 2021 870 2088 arboribus,
901 2031 958 2079 et
981 2039 1109 2080 rase
1134 2037 1160 2066 ι
1196 2025 1266 2080 ad
1293 2025 1500 2081 calcem
1546 2025 1750 2082 facien-

186 2112 298 2166 dam
340 2113 678 2184 composita,
722 2114 1007 2184 episcopus
1032 2113 1351 2171 .henedictis
1395 2115 1654 2171 fratribus
1695 2125 1751 2173 et

183 2202 291 2258 loco
309 2204 543 2258 Domino
565 2205 962 2271 commendato,
986 2221 1109 2261 cum
1131 2206 1394 2276 operariis
1414 2222 1537 2262 cum
1557 2205 1752 2276 quibus

189 2301 433 2360 venerat,
466 2295 599 2350 inde
627 2295 898 2366 migravit.
929 2296 1116 2351 Altero
1144 2305 1324 2351 autem
1355 2313 1496 2353 anno
1529 2305 1752 2353 sanctus

183 2385 454 2455 episcopus
482 2385 690 2440 iterum
722 2386 846 2440 illuc
874 2402 1176 2456 properans
1197 2427 1212 2453 ,
1245 2387 1313 2442 ad
1346 2387 1616 2442 novellum
1640 2402 1754 2444 ca:-

182 2474 388 2529 nobium
432 2475 694 2545 pervenit
733 2491 930 2541 suum;
983 2477 1126 2546 quod
1165 2478 1279 2548 jam
1327 2485 1488 2543 tunc,
1533 2486 1755 2546 propter

183 2571 406 2618 meatum
446 2563 728 2630 fluminis,
769 2563 938 2620 Fulda
978 2566 1160 2621 vocari
1199 2566 1568 2620 inchoaverat.
1612 2566 1756 2621 Visis

183 2652 431 2711 fratribus
457 2655 852 2725 salutatisque,
880 2671 1048 2725 penes
1072 2657 1217 2726 ipsos
1241 2655 1544 2725 complures
1569 2655 1755 2725 exple-

184 2745 254 2798 vit
275 2745 389 2801 dies
413 2765 428 2800 :
457 2747 516 2801 in
540 2746 740 2815 quibus
760 2746 1001 2802 novellos
1023 2747 1318 2802 monachos
1337 2761 1465 2802 suos
1488 2747 1757 2802 instruere

184 2837 418 2904 curavit,
447 2845 508 2892 et
537 2837 854 2892 monasticae
881 2837 1083 2908 regula:
1111 2837 1428 2908 disciplinas
1457 2837 1756 2892 secundum

183 2935 379 2984 sanctae
417 2928 720 2998 Scripturae
759 2928 1106 2989 traditionem
1153 2935 1391 2986 statuere
1429 2927 1571 2998 apud
1612 2927 1758 2996 ipsos

182 3033 283 3073 non
312 3020 594 3079 cessabat.
628 3017 732 3086 Qui
760 3034 886 3076 cum
913 3017 1176 3082 fratribus
1202 3033 1390 3074 sacras
1419 3017 1758 3088 exposuisset

183 3106 524 3178 Scripturas,
565 3116 623 3166 et
659 3109 804 3179 quod
842 3124 1112 3180 nusquam
1145 3109 1328 3164 vinum
1364 3109 1755 3168 monachorum

1849 1936 1997 1983 terra
2023 1930 2232 1984 cunctis
2255 1930 2596 1992 monasteriis
2623 1931 2868 1985 lustratis
2892 1945 2941 1996 ο,
2967 1941 3022 1986 ει
3042 1934 3287 1988 omnium
3311 1952 3430 1991 mo-

1848 2035 1940 2077 res
1968 2020 2042 2076 ibi
2079 2021 2310 2075 fratrum
2338 2022 2752 2077 consistentium
2785 2023 3211 2093 traditionesque
3241 2041 3432 2079 mona-

1850 2109 2142 2164 steriorum
2167 2109 2236 2163 ad
2257 2109 2475 2178 plenum
2499 2109 2736 2174 discens,
2763 2111 3031 2182 integrum
3058 2127 3260 2166 annum
3287 2115 3432 2184 apud

1852 2198 1942 2253 illa
1969 2199 2302 2254 monasteria
2329 2215 2708 2270 perseverans,
2739 2204 2976 2258 secundo
3003 2204 3127 2260 inde
3151 2221 3319 2272 anno,
3349 2222 3433 2261 re-

1851 2288 2030 2360 pletus
2054 2285 2250 2359 quibus
2277 2291 2489 2347 viderat
2514 2293 2833 2357 virtutibus,
2867 2310 3145 2365 regressus
3169 2305 3270 2351 est.
3297 2296 3432 2351 Cum

1852 2383 1922 2437 ad
1952 2383 2094 2438 hanc
2120 2382 2348 2440 Domino
2375 2385 2674 2454 opitulante
2707 2393 2908 2440 terram
2941 2389 3286 2456 perveniret,
3314 2404 3442 2444 cor--

1855 2481 2043 2543 reptus
2069 2475 2260 2529 morbo
2288 2475 2431 2544 apud
2459 2475 2769 2545 Cltitzziuga
2793 2476 2820 2515 (ἰ
2846 2479 3235 2533 monasterium
3259 2520 3271 2544 ,
3303 2481 3434 2535 heb-

1856 2565 2118 2621 domadas
2135 2574 2370 2635 quatuor
2388 2567 2693 2637 aagrotavit.
2716 2567 2864 2621 Tunc
2887 2584 2951 2622 ex
2975 2569 3290 2624 inﬁrmitate
3311 2584 3438 2624 con-

1854 2655 2056 2721 valuit,
2088 2664 2144 2710 et
2171 2656 2239 2711 ad
2269 2655 2582 2726 episcopum
2611 2656 2950 2711 Bonifacium
2977 2698 2991 2722 ,
3020 2657 3112 2727 qui
3144 2667 3272 2712 tunc
3301 2658 3442 2713 forte

1857 2745 1912 2800 iu
1940 2745 2196 2816 Turingia
2227 2745 2362 2810 fuit,
2390 2747 2650 2815 perrexit.
2679 2745 2798 2813 Quo
2823 2747 2940 2802 viso
2967 2748 3194 2802 nimium
3220 2739 3435 2818 cpisco-

1856 2849 1958 2904 pus
1983 2834 2201 2905 gavisus
2217 2875 2231 2900 ,
2262 2843 2322 2892 et.
2336 2835 2564 2890 Domino
2587 2835 2850 2891 adventus
2871 2837 2954 2892 sui
2977 2838 3147 2908 gratis
3169 2837 3436 2904 referens,

1857 2924 2084 2980 multum
2124 2925 2193 2980 ab
2229 2924 2328 2980 illo
2357 2925 2423 2980 de
2459 2925 2768 2994 regionibus
2809 2926 3006 2996 quibus
3032 2935 3290 2993 venerat,
3317 2942 3441 2997 per-

1857 3025 2109 3073 contatus
2149 3026 2252 3072 est.
2292 3017 2367 3071 Et
2397 3018 2524 3072 dum
2559 3033 2694 3074 eum-
2717 3018 3012 3088 prudenter
3049 3034 3230 3074 mores
3265 3020 3442 3090 gentis

1858 3106 2002 3162 illius
2041 3115 2096 3162 et
2135 3107 2448 3178 disciplinas
2488 3108 2882 3163 monachorum
2928 3107 3134 3163 referre
3176 3111 3396 3181 agnovit
3424 3129 3440 3162 :-

178 3198 377 3270 legeret
417 3217 584 3267 esse;
627 3216 896 3262 consensu
931 3202 1172 3258 omnium
1214 3201 1491 3258 decretum
1531 3209 1650 3268 est,
1695 3209 1756 3256 ut
1782 3183 1826 3246 Ο
1858 3198 2032 3263 Vade,
2065 3199 2267 3268 inquit,
2298 3208 2353 3255 et
2375 3198 2650 3254 novellum.
2670 3199 3055 3255 monasterium
3082 3199 3304 3255 Fuldam
3329 3243 3342 3267 ,
3372 3204 3439 3256 ad

179 3293 316 3363 apud
345 3293 474 3350 illos
502 3293 648 3348 nulla
676 3295 824 3364 potio
851 3292 1008 3352 fortis
1038 3294 1067 3334 ι)
1093 3309 1215 3363 quae
1244 3293 1513 3348 inebriare
1551 3293 1753 3363 possit,

175 3385 266 3439 sed
295 3387 486 3442 tenuis
514 3386 768 3453 cervisia,
797 3386 1091 3441 biberetur.
1121 3384 1275 3452 Quod
1311 3393 1436 3454 post
1453 3384 1636 3455 plures
1663 3400 1760 3440 an-

173 3491 269 3532 nos
290 3517 305 3543 ,
335 3486 631 3536 crescente
659 3477 863 3532 familia
881 3517 896 3542 ,
922 3485 1144 3570 propter
1169 3485 1400 3547 aegrotos
1428 3485 1482 3532 et
1511 3476 1757 3531 imbecil-

168 3567 278 3635 les,
324 3578 584 3638 tempore
621 3567 836 3637 Pippini
865 3567 1008 3639 regis
1034 3567 1277 3638 synodali
1307 3568 1528 3623 decreto
1557 3569 1758 3623 immu-

170 3668 347 3715 tatum
375 3666 491 3714 est.
519 3657 698 3728 Aliqui
723 3667 933 3712 tantum
950 3657 1157 3730 [Forte,
1177 3659 1381 3730 tamen]
1408 3675 1476 3714 ex
1504 3658 1764 3714 fratribus

161 3767 345 3822 usque
368 3749 445 3805 ad
470 3749 636 3805 linem
659 3751 783 3806 vitae
803 3766 914 3806 suae
934 3767 994 3807 se
1013 3767 1046 3806 a
1067 3752 1196 3807 vino
1218 3760 1275 3807 et
1297 3754 1508 3809 caeteris
1535 3753 1764 3810 fortibus

165 3842 500 3912 potionibus
536 3843 933 3897 abstinuerunt.
979 3841 1108 3898 Post
1145 3857 1253 3898 non
1289 3843 1517 3899 multum
1553 3853 1764 3900 secrete

167 3935 357 3992 habito
383 3950 522 3992 cum
545 3934 752 3990 Sturmi
773 3935 1061 4005 colloquio,
1089 3951 1197 4006 quo
1223 3949 1345 3990 eum
1371 3936 1604 4006 qualiter
1627 3951 1763 4006 pra:-

171 4041 292 4083 esse
317 4026 551 4082 caneris
577 4025 801 4081 deberet
825 4026 1042 4092 docuit;
1071 4034 1125 4080 et
1151 4033 1273 4095 post
1299 4025 1570 4082 uberrima
1598 4026 1764 4081 docu-

171 4125 358 4174 menta
389 4125 454 4173 et
480 4116 690 4172 monita
709 4157 724 4182 ,
752 4116 951 4186 quibus
975 4116 1175 4172 fratres
1198 4115 1432 4185 qualiter
1459 4117 1681 4172 obedire
1707 4126 1764 4172 et

173 4208 401 4262 subesse
436 4206 707 4262 deberent
733 4205 956 4272 imbuit,
985 4205 1236 4260 salutatis
1273 4205 1405 4274 ipsis
1439 4204 1762 4275 Christoque

174 4297 254 4354 eis
276 4297 705 4362 commendatis,
732 4296 855 4350 inde
872 4294 1146 4366 profectus
1166 4302 1268 4348 est.
1295 4293 1386 4348 Sic
1406 4309 1536 4348 vero
1557 4293 1763 4348 solebat

175 4403 317 4458 sape
345 4388 477 4443 illos
499 4386 726 4440 visitare
753 4385 882 4455 ipse,
908 4391 965 4438 et
987 4397 1086 4453 per
1111 4381 1350 4452 singulos
1375 4397 1565 4448 annos,
1591 4397 1764 4452 quan-

177 4480 242 4535 tis
267 4480 487 4535 vicibus
511 4476 694 4541 licuit,
724 4483 947 4546 propter
966 4471 1324 4542 episcopalem
1348 4487 1568 4537 curam,
1599 4486 1761 4541 quam

175 4572 472 4641 plrimum
502 4569 740 4625 habebat
767 4567 820 4623 in
848 4565 1067 4640 populo,
1093 4565 1279 4621 venire
1305 4573 1361 4619 et
1389 4565 1592 4620 morari
1619 4565 1760 4635 apud

245 4717 271 4749 ι
304 4703 447 4759 Reae
473 4702 763 4759 Germanis
787 4719 979 4772 cespes,
997 4701 1172 4770 inquit
1191 4700 1495 4772 Brovverus.
1516 4699 1572 4754 id
1593 4717 1762 4772 genus

178 4776 396 4844 cespitis
424 4774 573 4830 Galli
604 4769 879 4844 nostrates
904 4769 1100 4844 vocant
1123 4772 1214 4844 des
1243 4769 1646 4844 t_roubles_,quod
1671 4786 1763 4840 ge-

177 4840 283 4926 μεθ’
299 4847 384 4926 sic
403 4852 612 4926 parant
633 4862 660 4926 εΔ
675 4843 901 4926 Evulsos
925 4857 956 4895 e
982 4840 1166 4926 pingui
1189 4840 1303 4926 solo
1327 4841 1563 4926 cespites
1582 4841 1762 4926 adso-

177 4912 277 4969 lem
299 4909 589 4970 desiccant
610 4954 625 4978 ,
647 4922 759 4967 tum
773 4909 1072 4967 desicca‘tos
1085 4909 1204 4978 igni
1227 4910 1447 4978 admoto
1467 4909 1761 4969 fomentum

175 4992 230 5039 et
264 4985 564 5039 materiam
607 4977 891 5045 adhibent,
929 4981 1042 5037 sive
1081 4977 1151 5034 ad
1186 4979 1389 5034 calcem
1427 4977 1758 5042 faciendam,

176 5052 286 5108 sive
313 5055 383 5108 ad
415 5054 777 5109 domesticum
805 5067 981 5105 usum.
1511 5059 1514 5062 ‘

245 5124 273 5163 δ
310 5124 456 5179 llinc
483 5123 796 5179 Bonifacius
813 5123 865 5175 in
879 5119 1105 5191 epistola
1121 5119 1188 5175 ad
1201 5119 1517 5191 Zachariam
1532 5133 1727 5191 papam
1743 5159 1757 5184 ,

177 5197 313 5262 apud
333 5194 640 5250 0thlonum
665 5195 719 5248 in
745 5191 836 5247 lib.
857 5208 894 5245 ιι
914 5189 984 5246 de
1001 5191 1120 5246 Vita
1143 5191 1321 5246 sancti
1338 5189 1621 5262 Bonifacii,
1638 5205 1757 5262 cap.

179 5259 278 5318 ηε
313 5283 331 5314 ι
363 5264 761 5318 Monasterium
808 5268 1206 5323 construentes,
1230 5259 1523 5314 monachos
1561 5260 1760 5314 consti-

177 5335 381 5389 tuimus
425 5333 534 5388 sub
570 5332 774 5402 Regula
807 5331 882 5402 Sa
904 5331 964 5384 P.
996 5329 1277 5392 Benedicti
1303 5330 1574 5402 viventes,
1613 5330 1759 5402 viros

179 5405 378 5458 stricta:
402 5399 771 5459 observantia:
791 5443 806 5468 ,
837 5401 1038 5470 absque
1061 5415 1225 5454 carne
1248 5409 1302 5453 et
1322 5400 1446 5452 vino
1471 5407 1525 5453 et
1551 5399 1766 5470 servis...

177 5474 405 5557 proprio.
445 5488 709 5557 manuum
738 5467 994 5557 suarum.
1017 5469 1197 5523 labore
1238 5467 1757 5557 cotiten-tos.“rLege

178 5537 462 5598 Zachariae
505 5543 846 5614 privilegium
886 5540 1039 5601 ibid.,
1085 5555 1239 5609 capp.
1277 5539 1298 5592 l
1331 5545 1387 5614 et
1417 5537 1526 5614 i‘l_;_
1544 5537 1755 5614 Rippihi

179 5627 336 5676 vero,
375 5607 526 5682 cap.’
549 5613 631 5666 l7.
673 5607 749 5667 Ex
788 5612 869 5682 his
903 5621 1053 5682 patet
1077 5607 1756 5682 monasteriumFuldense

179 5683 242 5735 ah
270 5684 407 5752 ipsis
436 5677 756 5752 primordiis
782 5677 998 5750 Regulae
1011 5678 1389 5752 Benedictinar
1412 5677 1580 5752 fuisse
1611 5679 1757 5752 addi-

181 5747 320 5808 ctum
352 5778 364 5808 ι
406 5747 514 5808 nec
552 5753 711 5808 aliam
751 5747 970 5809 catis—ant
1009 5748 1178 5805 Italici
1215 5747 1421 5804 itineris
1457 5747 1753 5804 Sturmiutn

1858 3293 2030 3348 instar
2057 3308 2270 3348 morum
2323 3292 2714 3347 monachorum
2753 3307 2985 3362 quorum
3014 3293 3086 3347 ibi
3113 3293 3278 3347 vitam
3304 3309 3437 3349 con-

1857 3383 2149 3453 templatus
2187 3397 2277 3447 es,
2319 3392 2580 3451 quantum
2616 3383 2888 3452 quiveris,
2919 3383 3192 3438 instituas.
3236 3383 3437 3438 Statim

1856 3475 1943 3528 vir
1966 3475 2156 3529 beatus
2183 3473 2408 3540 Sturmi,
2436 3475 2604 3544 petita
2629 3475 2696 3529 ab
2735 3475 2986 3543 episcopo
3019 3474 3287 3539 oratione,
3318 3490 3442 3543 per-

1861 3565 2004 3619 rexit
2036 3566 2106 3619 ad
2140 3579 2384 3619 eremum
2407 3605 2422 3629 ,
2448 3573 2742 3636 gratusque
2765 3565 2877 3618 suis
2904 3565 2972 3618 ad
2999 3564 3288 3618 vivendum
3329 3565 3440 3620 fra-

1863 3654 2038 3710 tribus
2071 3654 2160 3710 die
2195 3664 2392 3724 quarto
2429 3655 2682 3710 advenit:
2711 3655 2907 3724 quibus
2931 3669 2994 3709 ea
3022 3671 3143 3725 quae
3179 3656 3233 3711 in
3267 3655 3437 3712 italia

1860 3745 2108 3816 partibus
2140 3752 2197 3801 et
2223 3746 2432 3801 Tuscia:
2461 3747 2752 3816 provinciae
2789 3750 3134 3810 monasteriis
3167 3766 3198 3804 a
3236 3752 3442 3806 sanctis

1861 3836 2112 3893 Patribus
2143 3839 2434 3905 didicerat,
2464 3848 2520 3894 et
2544 3839 2723 3895 verbis
2751 3839 3107 3910 prudentibus
3133 3845 3399 3914 prompsit
3420 3887 3434 3909 ,

1861 3936 1916 3982 et
1953 3928 2215 3998 exemplis
2253 3929 2308 3984 in
2348 3930 2637 4000 semetipso
2665 3932 3004 3987 monstravit.
3032 3931 3091 3987 In
3114 3933 3262 3987 omni
3288 3936 3435 3990 enim

1861 4017 2144 4089 disciplina
2171 4034 2338 4089 quam
2365 4017 2628 4074 fratribus
2656 4021 2870 4090 posuit,
2899 4022 3050 4090 prius
3079 4023 3434 4093 semetipsum

1860 4123 2118 4164 exercere
2159 4109 2403 4175 curavit,
2449 4125 2516 4164 ne
2552 4109 2694 4166 forte
2730 4112 2998 4180 quispiam
3035 4112 3102 4166 de
3135 4112 3225 4166 illo
3263 4113 3444 4168 dicere

1860 4201 2160 4271 potuisset:-
2185 4200 2294 4254 Cur
2319 4201 2469 4266 hmo,
2497 4217 2619 4270 quae
2647 4203 2809 4256 doces
2828 4241 2843 4267 ,
2871 4202 2985 4270 ipse
3009 4216 3116 4255 non
3143 4201 3315 4256 facis?
3343 4202 3444 4256 De-

1863 4289 2124 4343 siderium
2145 4297 2274 4343 tunc
2297 4289 2486 4358 ingens
2513 4291 2687 4344 inerat
2710 4289 2990 4355 fratribus,
3021 4291 3086 4344 ad
3113 4291 3294 4345 omnia
3320 4306 3442 4359 qua:

1864 4378 1944 4434 eis
1981 4379 2124 4433 dicta
2159 4379 2245 4434 vel
2277 4387 2496 4434 ostensa
2540 4377 2789 4444 fuerant,
2825 4387 3134 4434 sanctorum
3175 4381 3443 4449 exemplis

1866 4475 2187 4544 semetipsos
2225 4481 2339 4529 toto
2380 4474 2569 4528 adnisu
2609 4481 2830 4542 aptare,
2878 4481 2933 4528 et
2970 4471 3228 4542 Regulam
3269 4476 3439 4529 sancti

1864 4567 2173 4633 Benedicti,
2201 4583 2363 4637 quam
2389 4567 2724 4638 se-implesse
2749 4567 2760 4641 |
2786 4567 3137 4641 itnpleturos]
3176 4569 3441 4639 promise-

1861 4701 2113 4774 habuisse
2147 4716 2308 4774 quam
2341 4709 2397 4754 ut
2426 4703 2863 4774 conuersationem
2889 4700 3185 4774 regularem
3219 4701 3442 4774 perfecte

1863 4772 2110 4896 iaceret,
2145 4770 2283 4826 infra
2305 4812 2320 4838 ,
2351 4787 2514 4842 quam
2546 4770 2861 4826 Fritislarite
2878 4770 2994 4842 jam
3027 4773 3283 4826 hauserat
3309 4771 3438 4826 ado-

1899 4857 2094 4896 iscens.

1899 4857 2094 4896 ξεεεηε.

1938 4923 1960 4950 ο
2003 4911 2061 4965 in
2091 4911 2175 4967 his
2199 4909 2495 4966 Casinense
2514 4952 2528 4977 ,
2555 4912 2698 4980 quod
2725 4922 2835 4965 tum
2862 4911 3160 4967 Pctronacc
3187 4910 3381 4965 abit-ite
3411 4925 3444 4962 ο

1865 4981 2148 5052 ruderibus
2173 4995 2448 5050 emergere
2473 4989 2528 5052 et
2552 4979 2895 5052 relict-escere
2922 4992 3180 5052 coeperat.

1933 5049 1963 5121 ti
2002 5067 2022 5100 ι
2066 5049 2210 5104 Ιηιει·
2237 5047 2566 5121 monasteria
2597 5051 2862 5121 virginum
2892 5047 3255 5121 quac'sanctus
3285 5047 3446 5121 Boni:

1865 5119 2040 5174 facius
2067 5119 2393 5183 construxit,
2418 5120 2592 5189 inquit
2620 5116 2950 5176 Trithemitfs
2972 5122 3027 5176 in
3058 5121 3163 5174 line
3186 5116 3444 5189 Chronici

1862 5189 2082 5252 πωπω..
2125 5189 2304 5244 adhuc
2342 5185 2542 5245 eminet
2576 5193 2962 5246 monasterium
3010 5208 3065 5244 in
3103 5187 3300 5257 oppido
3321 5185 3447 5257 iKit—

1859 5260 2052 5330 singcn
2073 5257 2228 5330 juxta
2253 5257 2534 5330 Mogonum
2567 5260 2824 5327 (Illtenum
2853 5260 3092 5322 ﬂuvium,
3122 5257 3260 5330 infra
3288 5256 3443 5330 Movit

1861 5315 2151 5402 vernaculo
2179 5315 2533 5402 appellatum)
2555 5315 2581 5394 ,“
2601 5315 2686 5385 cui
2716 5330 2930 5402 prwfuit
2957 5315 3142 5402 sancta
3163 5315 3445 5402 virgolla-

1862 5399 2124 5470 delonga,
2150 5395 2312 5468 quam
2339 5395 2557 5455 Teclain
2591 5395 3012 5470 nominavit,“
3040 5395 3229 5470 antlia
3260 5395 3444 5470 oriun—

1861 5470 2006 5524 dum.
2029 5466 2058 5521 ἲ
2085 5466 2384 5524 Trilhemio
2404 5472 2610 5540 punivit
2634 5468 2906 5540 Utlilonns
2923 5468 2973 5520 in
2998 5467 3089 5540 lib.
3124 5483 3181 5540 ll,
3208 5483 3328 5537 cap.
3350 5466 3440 5521 25.

1866 5541 2062 5611 Verum
2099 5540 2366 5611 oppidum
2395 5537 2497 5595 hoc
2538 5538 2781 5611 Francia:
2809 5537 3058 5611 Oriental
3082 5553 3108 5590 s
3154 5538 3205 5592 in
3253 5554 3444 5611 manus

1859 5609 2120 5668 traditum
2136 5607 2402 5680 principis
2432 5610 2648 5680 novitize
2674 5607 2963 5680 religionis,
2990 5609 3038 5662 id
3064 5618 3148 5662 est
3174 5609 3445 5680 llliliCillO-

1859 5681 1943 5732 nis
1977 5677 2356 5739 Ansbaccnsis.
2383 5681 2484 5740 hoc
2513 5679 2674 5733 decus
2706 5677 2868 5732 etiam
2890 5679 3214 5748 virginitatis
3236 5678 3442 5742 amisit,

1859 5751 2033 5818 inquit
2065 5752 2369 5805 Browcrus.
