4006 6438
557 336 667 394 435

1914 331 2073 386 ΥΙΤΑ
2104 329 2162 383 S.
2207 326 2487 384 STURMII

3736 328 3840 387 436

559 457 714 514 rant,
743 446 812 503 ad
835 446 1019 503 omnia
1038 443 1419 500 observabant.
1454 444 1640 499 Annos
1673 443 1752 498 sic
1788 442 2050 511 plurimos
2081 442 2137 496 in
2165 442 2218 503 Α
2242 438 2443 495 deferri
2480 436 2649 493 voluit
2692 456 2706 492 :
2747 438 2891 507 quod
2918 438 3103 493 statim
3135 437 3349 494 claruit.
3377 438 3531 507 Quod
3555 441 3688 497 dum
3732 446 3842 499 vel.

558 540 766 598 sanctis
787 537 1029 592 moribus
1050 534 1328 605 degentes,
1349 534 1738 590 monasterium
1763 533 2143 588 adventatione

559 630 854 686 multorum
880 625 1203 689 crescebat,
1230 624 1488 692 quoniam
1519 623 1674 676 multi
1704 624 1769 678 ad
1797 622 2141 695 serviendum

560 721 789 779 Domino
815 734 872 774 se
897 719 971 772 ibi
996 725 1051 771 et
1075 732 1200 777 suas
1223 714 1598 791 possessiones
1624 711 1982 773 tradiderunt.
2011 711 2143 766 Cre-

556 823 745 870 scente
770 812 845 868 ita
870 810 1073 865 familia
1098 808 1336 871 Christi,
1362 818 1414 860 et
1437 806 1557 860 loco
1580 804 1929 874 multiplicari
1953 804 2143 858 incho-

558 916 709 971 ante,
733 904 877 961 fama
905 904 1049 958 illius
1072 902 1214 956 bona
1245 901 1298 954 in
1325 900 1606 953 universas
1624 898 1932 967 provincias
1952 896 2143 951 diffun~

557 998 725 1061 ditur,
752 1003 807 1050 et
835 1009 1021 1049 rumor
1044 992 1277 1047 eximius
1302 1006 1399 1059 per
1428 989 1585 1059 longe
1610 989 1786 1058 posita
1812 989 2141 1043 monasteria

556 1086 627 1140 ad
667 1084 910 1139 omnium
956 1090 1268 1136 sanctorum
1312 1078 1541 1132 fratrum
1587 1087 1915 1147 pervenerat
1953 1093 2136 1134 aures.

557 1173 801 1243 Cumque
836 1172 1066 1244 plurima
1101 1170 1211 1227 illic
1248 1170 1638 1224 monachorum
1665 1170 2015 1239 congregatio
2038 1171 2141 1225 sub

555 1273 761 1321 sancuc
788 1262 1004 1333 Regulae
1030 1260 1316 1330 disciplina
1349 1260 1653 1317 districtam
1685 1260 1905 1315 duceret
1934 1261 2102 1315 vitam
2122 1301 2139 1333 ,

555 1363 780 1414 sanctus
804 1370 898 1410 eos
921 1353 1145 1409 visitare
1170 1352 1457 1421 episcopus
1480 1367 1578 1423 per
1601 1350 1753 1420 plura
1776 1351 1982 1409 studuit
2006 1360 2142 1407 tem-

554 1462 726 1518 pora;
770 1446 1133 1515 misertusque
1174 1442 1391 1507 illorum
1432 1442 1769 1515 paupertati,
1811 1441 2022 1513 aliquas
2060 1443 2143 1501 eis

552 1539 768 1594 villulas
788 1538 855 1592 ad
882 1524 1218 1606 exquirenda
1243 1533 1348 1590 cibi
1376 1535 1685 1589 necessaria
1711 1535 1920 1590 tribuit.

626 1627 714 1682 l5.
752 1627 909 1681 Anno
946 1624 1159 1680 decimo
1197 1632 1482 1694 postquam
1523 1625 1591 1678 ad
1628 1622 1878 1680 sanctum
1916 1628 2143 1682 commi-

551 1720 734 1792 gravit
752 1719 928 1774 locum
951 1727 1173 1774 sanctus
1196 1716 1637 1786 archiepiscopus
1656 1718 1983 1785 Bonifacius,
2007 1721 2142 1778 inito

2244 533 2359 588 lent
2401 534 2470 587 ad
2507 532 2735 587 alteram
2774 541 2994 601 portare
3021 530 3305 586 ecclesiam
3325 571 3340 596 ,
3366 541 3424 587 et
3452 534 3525 587 ibi
3565 534 3621 588 in
3649 551 3840 592 sarco-

2243 624 2421 694 phago
2469 638 2703 693 ponere,
2746 624 3070 679 accedentes
3104 639 3298 679 manus
3327 640 3455 679 suas
3482 627 3534 680 in
3566 627 3838 685 feretrum

2243 716 2540 782 miserunt,
2570 731 2670 771 nec
2706 715 2889 771 levare
2925 726 3217 786 potuerunt
3248 716 3301 771 ιι.
3333 718 3495 774 Multo
3522 721 3714 790 plures
3753 722 3837 778 alii

2241 821 2302 861 se
2337 807 2728 877 adjungentes,
2772 823 2876 863 nec
2914 808 2994 863 sic
3029 809 3249 878 quidem
3293 810 3588 879 feretrum,
3628 814 3688 868 in
3732 830 3837 885 quo

2240 908 2486 958 sanctum
2519 900 2753 955 cadaver
2771 900 3007 968 jacebat,
3039 916 3260 957 movere
3286 904 3597 973 quiverunt.

2312 987 2403 1041 16.
2440 988 2831 1043 lntellexerunt
2867 1005 2998 1061 ergo
3033 990 3152 1059 ejus
3180 1008 3287 1046 non
3326 1008 3448 1049 esse
3495 996 3834 1052 voluntatem

2240 1084 2301 1129 ut
2342 1077 2396 1130 in
2427 1079 2617 1132 eodem
2664 1078 2783 1134 loco
2811 1091 3091 1147 maneret;
3123 1083 3217 1137 sed
3246 1098 3370 1137 eum
3400 1085 3466 1139 ad
3505 1085 3835 1157 Mogontiam

2241 1169 2519 1239 civitatem
2572 1171 2771 1226 debere
2820 1171 3020 1245 deferri
3076 1176 3520 1242 pronuntiabant.
3572 1179 3837 1235 Protinus

2240 1266 2526 1335 grabatum
2572 1267 2779 1337 absque
2819 1267 2923 1320 ulla
2966 1266 3279 1322 difﬁcultate
3308 1267 3580 1333 levantes,
3623 1271 3694 1323 ad
3736 1269 3833 1323 flu-

2240 1373 2473 1426 menque
2504 1366 2785 1427 portantes
2819 1367 2873 1413 et
2912 1358 3076 1428 puppi
3121 1358 3487 1427 imponentes,
3531 1375 3632 1429 per
3655 1360 3834 1416 Rheni

2239 1446 2451 1501 alveum
2499 1447 2679 1500 navim
2724 1448 2972 1511 trahere,
3016 1456 3070 1501 et
3117 1448 3396 1516 superiora
3432 1456 3617 1516 petere
3651 1464 3837 1518 cmpe-

2240 1545 2389 1592 runt.
2412 1538 2533 1603 Quo
2551 1538 2760 1602 audito,
2776 1537 2983 1592 Sturmi
3011 1537 3079 1591 de
3100 1538 3267 1591 Fulda
3289 1539 3537 1592 cmuobio
3563 1539 3617 1592 in
3644 1554 3835 1595 eremo

2241 1629 2536 1685 constituto
2566 1644 2689 1684 cum
2731 1629 3077 1683 festinatione
3119 1628 3335 1682 obviam
3373 1629 3556 1683 venire
3592 1631 3834 1693 curavit,

2243 1726 2299 1771 et
2326 1733 2449 1771 cum
2478 1718 2559 1773 eis
2587 1718 2792 1787 pariter
2816 1719 3092 1787 perrexit,
3135 1719 3308 1773 donec
3341 1733 3602 1801 prospero
3638 1727 3697 1773 et
3732 1720 3833 1775 lcvi

552 1790 680 1875 cum
720 1826 847 1881 rege
880 1819 939 1864 et
981 1809 1192 1864 caeteris
1231 1809 1558 1864 Christianis
1596 1811 1851 1874 consilio,
1900 1814 1967 1867 ad
2006 1813 2143 1867 ulte-
2170 1790 2218 1848 Β
2248 1808 2477 1863 transitu
2518 1807 2586 1861 ad
2624 1806 2951 1877 Mogontiam
2979 1809 3171 1862 urbem
3204 1794 3594 1877 pervenerunt.
3643 1808 3837 1864 Sacer-

553 1902 704 1959 riora
730 1900 1030 1954 Fresonum
1062 1898 1181 1952 loca
1211 1899 1474 1967 paganico
1500 1899 1607 1952 ritu
1644 1897 1818 1970 [ritui]
1851 1899 2029 1954 dedita
2059 1901 2142 1955 in-

554 2005 774 2061 gressus
799 1996 905 2052 est,
928 1989 1307 2057 ingentemqm:
1335 1987 1407 2042 ibi
1437 1987 1832 2043 multitudinem
1861 1991 2141 2046 hominum

551 2082 786 2137 Domino
811 2081 1055 2141 docendo
1090 2088 1146 2137 et
1169 2079 1497 2149 baptizando
1526 2081 1833 2149 acquisivit.
1867 2082 1994 2138 Inde
2020 2093 2144 2152 post

555 2172 787 2237 multum
829 2171 1088 2243 temporis
1123 2171 1393 2242 migrans,
1435 2186 1621 2240 sospes
1658 2173 1725 2226 ad
1763 2188 1889 2228 suas
1929 2174 1983 2247 in
2011 2174 2142 2229 Ger-

552 2264 791 2325 maniam
839 2263 1084 2333 pervonit
1116 2262 1405 2317 Ecclesias.
1452 2261 1713 2335 Sequenti
1752 2280 1882 2319 vero
1925 2281 2067 2321 anno
2111 2278 2139 2310 α

551 2353 751 2409 iterum
787 2354 857 2411 ad
897 2368 1102 2423 aquosa
1142 2352 1442 2408 Fresonum
1472 2364 1797 2422 pervenerat
1831 2373 1989 2423 arva,
2028 2372 2142 2413 cce-

549 2450 888 2512 ptumIOpus
925 2442 1327 2511 praedicationis
1366 2444 1590 2513 implere
1638 2446 1972 2503 desiderans.
2021 2448 2139 2515 Quo

549 2549 678 2590 cum
706 2533 1060 2607 pervenisset,
1090 2542 1147 2588 et
1170 2534 1257 2591 die
1286 2533 1520 2603 quadam
1551 2536 1619 2590 ad
1644 2551 1801 2590 suam
1831 2538 2137 2594 doctrinam

546 2626 807 2695 populum
882 2634 1234 2687 convocasset
1259 2667 1275 2690 ,
1333 2635 1599 2681 venerunt
1647 2631 2019 2700 unusquisque
2072 2634 2138 2687 de

547 2716 673 2774 loco
701 2733 823 2783 suo,
850 2732 957 2773 non
985 2718 1140 2787 quasi
1163 2717 1440 2771 humiliter
1463 2718 1531 2771 ad
1558 2717 1779 2772 verbum
1806 2720 2014 2775 Domini
2041 2738 2139 2775 au-

549 2809 838 2876 diendum,
870 2808 966 2865 sed
1005 2809 1198 2879 spiritu
1233 2808 1470 2878 maligno
1516 2807 1720 2874 inflati,
1760 2827 1903 2865 cum'
1927 2812 2139 2869 infestis

550 2901 722 2957 armis
748 2900 817 2954 ad
844 2915 999 2954 sacra
1028 2898 1296 2955 sermonis
1332 2898 1546 2954 Domini
1581 2900 1717 2955 festa
1755 2912 2049 2970 proruunt;
2083 2913 2140 2959 et

550 2998 799 3047 sanctum
838 2988 1042 3043 Christi
1081 2988 1381 3043 antistitem
1422 2988 1569 3043 ferro
1615 2991 1980 3057 trucidarunt,
2018 3009 2138 3048 om.

2246 1898 2400 1952 dotes
2426 1898 2612 1952 statim
2639 1907 2695 1953 et
2722 1898 2900 1953 omnis
2927 1897 3107 1952 clerus
3136 1900 3287 1953 urbis
3323 1900 3466 1953 illius
3488 1901 3830 1968 accedentes,

2244 1990 2418 2044 sancti
2432 1989 2687 2059 martyris
2704 2004 2903 2058 corpus
2919 1998 3280 2053 assumentes,
3298 1990 3351 2043 in
3374 1990 3652 2046 basilicam
3675 2007 3831 2046 suam

2244 2096 2365 2135 cum
2404 2080 2610 2135 honore
2648 2087 2965 2149 posuerunt.
3005 2079 3252 2135 Universi
3281 2088 3409 2135 tunc
3435 2082 3833 2137 sacerdoteset

2243 2172 2423 2227 clerici
2465 2180 2519 2226 et
2553 2172 2783 2242 popultts
2813 2173 2990 2226 omnis
3015 2186 3253 2227 consona
3282 2172 3488 2241 pariter
3516 2187 3651 2227 voce
3683 2174 3828 2228 dice-

2241 2260 2372 2317 bant
2403 2260 2485 2315 fas
2515 2276 2621 2315 non
2648 2276 2772 2316 esse
2800 2271 2857 2315 ut
2901 2267 3125 2315 sanctus
3151 2262 3248 2316 Dei
3277 2271 3488 2332 martyr
3535 2262 3700 2315 alium
3733 2262 3830 2317 dc-

2241 2351 2450 2407 feratur
2481 2352 2533 2405 in
2562 2351 2773 2415 locum,
2805 2352 2899 2405 sed
2925 2351 3015 2404 ubi
3035 2350 3396 2420 episcopalem
3431 2353 3611 2406 sedem
3644 2354 3835 2409 vivens

2242 2445 2462 2508 habuit,
2504 2444 2577 2501 ibi
2621 2444 2786 2499 etiam
2822 2453 3077 2513 oportere
3110 2458 3237 2497 eum
3272 2458 3501 2512 corpore
3523 2444 3828 2513 quiescere.

2239 2535 2463 2605 Insuper
2497 2535 2662 2589 etiam
2701 2535 2768 2588 de
2803 2534 3003 2605 palatio
3037 2548 3068 2586 a
3114 2548 3239 2603 rege
3274 2534 3499 2586 nuntius
3527 2533 3708 2597 venit,
3742 2534 3828 2602 qui

2240 2629 2373 2682 dicit
2398 2644 2578 2698 regem
2606 2628 2903 2697 imperasse
2938 2635 2999 2683 ut
3033 2627 3205 2682 sancti
3254 2628 3512 2697 martyris
3539 2642 3742 2695 corpus
3778 2630 3828 2682 in

2240 2718 2464 2773 civitate
2495 2718 2683 2773 eadem
2703 2759 2721 2783 ,
2758 2718 2804 2773 si
2836 2718 3005 2789 ipsius
3032 2727 3176 2772 esset
3200 2717 3483 2779 voluntas,
3512 2726 3824 2786 poneretur.

2243 2813 2449 2868 Sturmi
2486 2829 2620 2869 vero
2653 2822 2709 2868 et
2736 2815 2829 2883 qui
2856 2829 2981 2870 cum
3017 2828 3086 2869 eo
3113 2814 3179 2867 de
3217 2827 3403 2867 eremo
3434 2822 3824 2877 convenean

2240 2914 2554 2960 constanter
2593 2906 2881 2971 dixerunt,
2931 2906 3075 2974 quod
3122 2914 3343 2960 sanctus
3388 2905 3679 2975 episcopus
3720 2905 3827 2974 ple»

2242 3010 2469 3064 rumque
2505 2996 2647 3065 apud
2685 3011 2781 3050 eos
2809 3011 3068 3060 manens,
3101 3005 3155 3050 et
3187 2995 3365 3049 locum
3388 2995 3470 3049 eis
3505 2996 3596 3049 ubi
3632 3012 3828 3066 corpus

550 3095 785 3148 nemque
806 3078 922 3147 ejus
942 3078 1256 3133 comitatum
1279 3077 1469 3148 gladiis
1494 3088 1841 3135 necaverunt.
1870 3081 2136 3153 Episcopo
2166 3144 2207 3167 η
2244 3102 2400 3141 suum
2446 3088 2755 3155 posuissent
2802 3084 3108 3158 [ponerent]
3150 3086 3569 3151 demonstravit,
3604 3094 3663 3140 et
3684 3091 3826 3155 quod

549 3186 683 3227 vero
715 3181 770 3225 et
808 3170 1021 3227 steteris
1050 3170 1461 3239 quampluribus
1500 3186 1622 3229 cum
1654 3188 1719 3227 eo
1756 3149 2020 3245 martyrio
2045 3149 2138 3231 c‘o-
2164 3149 2209 3207 Ε
2240 3149 2628 3249 absque-dubio
2651 3179 2724 3232 ibi
2759 3149 3131 3233 inusolitudine
3154 3178 3409 3232 voluisset
3428 3149 3660 3247 corpore
3678 3149 3826 3247 quis~

553 3262 791 3327 renatis,
831 3276 898 3317 ex
939 3260 1219 3330 superiore
1261 3260 1549 3325 Fresonia,
1593 3277 1624 3315 a
1664 3263 1691 3303 ι)
1738 3263 1900 3318 Trach
1931 3265 2141 3321 scilicet

551 3352 834 3417 emnobio,
879 3350 1066 3407 fideles
1103 3352 1383 3407 venientes
1418 3351 1647 3418 fratres,
1687 3365 1983 3425 rapuerunt
2017 3372 2140 3411 εον-ο

550 3458 687 3516 pora
713 3451 1024 3499 sanctorum
1062 3451 1397 3517 martyrum,
1434 3452 1490 3497 et
1528 3444 1600 3497 ibi
1641 3444 1695 3499 in
1735 3446 1998 3515 sepulcris
2032 3446 2138 3503 alia

550 3541 874 3605 posuerunt,
904 3532 1009 3587 alia
1036 3549 1166 3588 vero
1192 3541 1532 3591 assumeutes
1556 3550 1759 3600 secum,
1784 3537 1959 3591 sancti
1987 3536 2137 3592 vide-

550 3626 680 3681 licet
700 3623 963 3679 Bonifacii
991 3624 1249 3695 episcopi,
1274 3632 1330 3679 et
1358 3634 1667 3681 sanctorum
1691 3627 1784 3695 qui
1809 3643 1932 3682 cum
1955 3643 2021 3682 eo
2043 3644 2139 3697 ρας

551 3718 689 3775 riter
724 3715 870 3786 passi
910 3722 1034 3770 sunt
1078 3714 1522 3786 presbyterorum
1559 3724 1616 3771 et
1661 3717 2046 3783 diaconorum;
2083 3727 2139 3774 et

550 3807 715 3861 unius
757 3806 994 3875 episcopi
1044 3806 1264 3860 nomine
1311 3806 1516 3870 Eoban,
1560 3807 1716 3876 cujus
1750 3822 1948 3878 corpus
1985 3824 2139 3863 assu-

551 3904 796 3961 mentes,
839 3903 1001 3966 caput
1043 3895 1168 3965 ejus~
1194 3896 1262 3950 ab
1298 3896 1547 3952 hostibus
1580 3898 1852 3952 abscisum
1892 3900 2138 3967 reperire

552 4004 664 4044 non
690 3997 960 4058 poterant.
990 3985 1108 4053 Quo
1134 3985 1256 4041 cum
1281 3998 1669 4056 pervenerunt,
1701 3992 1871 4044 sancti
1900 3993 2137 4064 episc0p,i

548 4078 816 4141 Bonifacii
856 4078 921 4133 in
948 4077 1159 4132 minore
1194 4093 1313 4147 quae
1350 4078 1431 4133 eis
1480 4079 1709 4135 vicinior
1748 4091 1866 4137 erat
1907 4084 2137 4139 ecclesia

550 4187 676 4229 cum
713 4170 944 4242 grabato
972 4180 995 4209 ο
1024 4183 1133 4239 quo
1158 4183 1189 4222 a
1216 4168 1338 4224 navi
1368 4167 1644 4225 ferebatur
1671 4179 2003 4239 statuerunt;
2035 4190 2141 4229 cae-

547 4277 670 4323 tera
699 4272 998 4337 martyrum
1023 4277 1250 4333 corpora
1279 4262 1567 4332 sepulturae
1599 4264 1956 4329 tradiderunt.
1989 4267 2140 4323 Tunc

550 4377 742 4417 omnes
768 4360 874 4415 loci
910 4359 1054 4414 illius
1088 4357 1423 4412 habitatores
1449 4355 1738 4411 concilium
1775 4359 1981 4429 grande
2005 4359 2141 4414 inie-

2238 3285 2409 3329 scere.
2442 3271 2650 3325 Interea
2690 3287 2820 3325 vero
2858 3270 2985 3325 dum
3025 3271 3077 3324 in
3116 3272 3259 3325 hunc
3295 3271 3512 3326 modum
3540 3274 3827 3327 contende-

2237 3373 2394 3431 rent,
2429 3372 2484 3418 et
2512 3363 2699 3417 Lullus
2733 3365 3019 3433 episcopus
3051 3363 3286 3417 civitatis
3323 3362 3469 3417 illius
3504 3365 3827 3418 omnimodis

2235 3457 2497 3511 voluisset
2526 3456 2818 3526 prohibere
2846 3470 2917 3509 ne
2962 3455 3105 3510 beati
3133 3457 3389 3526 martyris
3414 3470 3617 3525 corpus
3646 3459 3713 3511 ad
3741 3473 3826 3511 so-

2237 3549 2522 3602 litudinem
2571 3548 2907 3617 perveniret,
2954 3557 3114 3601 nocte
3158 3562 3257 3616 per
3299 3546 3565 3601 visionem
3615 3549 3823 3603 cuidam

2238 3639 2467 3694 diacono
2506 3649 2529 3676 ο
2568 3646 2787 3692 sanctus
2830 3638 2999 3692 astitit
3038 3638 3324 3707 cpiscopus
3371 3652 3388 3691 :
3429 3637 3543 3692 Cur
3582 3653 3699 3703 me,
3745 3639 3827 3692 in-

2236 3730 2464 3797 quiens,
2504 3728 2731 3782 tardatis
2756 3728 2834 3807 ad
2875 3727 3052 3781 locum
3090 3742 3271 3780 meum
3315 3725 3541 3781 Fuldam
3578 3728 3826 3782 deferre?

2239 3816 2455 3888 Surgite
2471 3858 2485 3881 ,
2513 3818 2617 3879 ait,
2646 3818 2755 3871 cito
2773 3857 2788 3880 ,
2814 3824 2871 3870 et
2895 3830 3125 3886 propere
3147 3830 3235 3869 me
3262 3816 3316 3869 in
3351 3815 3697 3871 solitudinem
3717 3857 3733 3881 ,
3756 3816 3824 3871 ad

2237 3909 2415 3964 locum
2437 3924 2597 3977 quem
2628 3893 2757 3961 mihi
2790 3906 3193 3976 przedestiuavit
3212 3906 3375 3971 Deus,
3399 3908 3705 3976 perducite.
3724 3907 3824 3974 Qui

2238 4014 2596 4069 consurgens,
2622 3999 2847 4053 visionis
2872 4013 2991 4067 quae
3018 3998 3068 4051 ei
3100 3996 3279 4051 fuerat
3304 4006 3524 4053 ostensa
3556 3998 3822 4062 ordinem,

2236 4092 2413 4164 primo
2455 4091 2693 4156 Sturmi,
2726 4090 2917 4145 deinde
2956 4089 3279 4159 primatibus
3313 4090 3527 4145 cunctis
3564 4091 3819 4144 narravit.

2238 4182 2417 4236 Nimio
2440 4190 2568 4236 tunc
2591 4196 2780 4235 omnes
2805 4188 3009 4234 terrore
3029 4180 3286 4249 correpti,
3310 4180 3455 4233 ultra
3487 4180 3663 4234 sancti
3688 4194 3823 4233 mar-

2240 4273 2376 4344 tyris
2404 4273 2527 4327 inde
2555 4273 2842 4327 transitum
2874 4271 3248 4325 contradicere
3274 4271 3594 4325 timuerunt.
3645 4270 3821 4325 Lullus

2242 4372 2420 4417 tamen
2441 4402 2454 4425 ,
2480 4362 2571 4430 qui
2609 4362 2719 4415 illic
2746 4369 2864 4414 erat
2886 4360 3203 4429 episcopus,
3241 4360 3629 4415 revelationem
3656 4360 3822 4414 sancti

550 4458 700 4511 runt,
715 4457 984 4517 quatenus
1008 4461 1177 4515 penes
1204 4460 1298 4499 eos
1321 4446 1375 4499 in
1408 4444 1527 4500 loco
1555 4446 1646 4500 illo
1667 4447 1842 4500 sancti
1881 4448 2137 4517 martyris
2162 4480 2214 4538 Β
2241 4452 2498 4521 martyris
2538 4452 2762 4505 credere
2796 4451 2949 4518 prius
2992 4450 3298 4504 nullatenus
3341 4449 3545 4513 voluit,
3585 4464 3740 4519 quam
3776 4449 3822 4503 is

550 4537 816 4593 Bonifacii
844 4551 1043 4604 corpus
1071 4536 1325 4603 deinceps
1357 4536 1505 4591 omni
1537 4544 1777 4605 tempore
1807 4537 2135 4606 quiesceret,

552 4638 810 4699 tltagnum
856 4636 915 4681 ut
960 4634 1086 4696 pote
1129 4625 1514 4680 adminiculum
1562 4625 1663 4681 sibi
1711 4625 1857 4690 fore,
1908 4626 1953 4679 si
1998 4629 2138 4682 tanti

552 4720 813 4791 martyris
854 4717 1121 4789 protectio
1164 4724 1425 4772 tueretur.
1465 4716 1690 4786 Jejuniis
1718 4725 1774 4774 et
1802 4719 2138 4795 orationibus

552 4810 794 4876 indictis,
825 4818 884 4864 ut
913 4817 1133 4864 sanctus
1162 4817 1368 4880 martyr
1399 4808 1540 4878 apud
1570 4824 1663 4863 eos
1687 4807 1788 4871 sibi
1816 4824 2034 4878 manere
2054 4810 2138 4864 die

552 4908 814 4975 gnaretur
870 4900 1155 4954 Dominum
1192 4900 1451 4962 orabant,
1494 4905 1549 4951 et
1590 4897 1766 4951 locum
1796 4899 1846 4953 ei
1886 4899 1953 4952 ad
1984 4899 2137 4970 quie-

552 4992 813 5065 scendum
838 4987 1135 5044 honorifice
1158 4988 1211 5041 in
1241 4985 1462 5041 basilica
1502 4985 1705 5055 majore
1733 4987 2130 5061 praeparabant.

554 5081 790 5141 Sanctus
834 5095 964 5136 vero
996 5086 1201 5149 martyr
1240 5077 1308 5131 ad
1347 5076 1525 5131 locum
1553 5077 1607 5131 in
1635 5077 1944 5143 solitudine,
1972 5094 2134 5148 quem

554 5177 672 5248 ipse
698 5175 800 5231 sibi
837 5181 972 5229 nutu
1007 5170 1103 5226 Dei
1153 5168 1384 5240 eligebat
1415 5167 1718 5241 [elegerat],
1749 5184 1947 5239 corpus
1978 5186 2134 5224 suum

624 5346 651 5374 ι
688 5332 745 5386 ld
770 5339 854 5387 est
877 5344 1019 5385 anno
1044 5325 1333 5382 undecimo
1354 5339 1383 5378 a
1413 5324 1628 5378 condito
1655 5325 1982 5379 monasterio
2012 5325 2138 5379 Ful-

556 5403 732 5467 densi,
760 5402 851 5471 qui
876 5415 1052 5455 annus
1081 5412 1204 5453 aera:
1230 5396 1554 5471 Christiana:
1576 5394 2041 5471 754_respon:let,
2070 5396 2138 5448 i-

551 5465 794 5544 quidem'
814 5473 1032 5525 ineunte
1072 5483 1217 5544 anno
1245 5466 1348 5544 7y
1385 5465 1873 5544 Sturmittsnlocuni
1904 5465 2139 5544 incolere

554 5533 745 5612 coepit,
782 5556 942 5610 supra
970 5556 1117 5612 num.
1154 5537 1340 5612 ll’gL‘Et
1377 5545 1559 5589 tamen
1579 5533 1927 5612 )Yillibaldus
1964 5535 2139 5589 sancti

555 5603 815 5682 Bonifacii
848 5603 1375 5682 inartyriuntilligat
1405 5604 1772 5682 annoChristi

571 5708 577 5717 -
629 5684 657 5724 δ
697 5681 789 5736 Sic
812 5673 1133 5751 corrigimus
1160 5673 1327 5734 libros
1353 5678 1527 5733 editos
1551 5676 1603 5730 in
1626 5675 1820 5745 quibus
1848 5673 2043 5745 legitur
2069 5675 2137 5729 ad

559 5754 744 5821 Trach,
779 5751 1029 5817 cmnobio,
1053 5758 1158 5806 etc.
1800 5777 1809 5784 ς

2243 4541 2334 4609 qui
2364 4541 2622 4595 visionem
2649 4541 2877 4602 viderat,
2902 4555 3119 4593 manum
3151 4554 3309 4594 sacro
3334 4539 3495 4593 altari
3540 4538 3824 4609 imposuis-

2243 4637 2354 4693 set,
2387 4638 2587 4683 etcum
2610 4627 2919 4696 juramento
2957 4629 3062 4683 hoc
3100 4630 3243 4698 quod
3272 4629 3479 4682 viderat
3512 4628 3824 4683 conﬁrmas-

2243 4729 2345 4775 set.
2375 4720 2508 4775 Tum
2549 4737 2676 4775 vero
2718 4722 3013 4776 secundum
3057 4720 3269 4775 Domini
3304 4721 3635 4789 potentiam,
3676 4718 3823 4786 cujus

2242 4810 2505 4865 voluntati
2532 4812 2789 4866 contrairi
2816 4827 2921 4865 non
2948 4820 3147 4882 potest,
3178 4810 3321 4866 beati
3348 4811 3603 4880 martyris
3632 4823 3823 4877 corpus

2244 4918 2366 4957 cum
2393 4917 2605 4956 summo
2632 4903 2836 4957 honore
2860 4902 3095 4956 levatum
3119 4910 3220 4965 est,
3252 4910 3415 4970 atque
3445 4916 3568 4954 cum
3597 4898 3821 4969 spiritali

2238 4992 2484 5047 carmine
2514 4992 2579 5045 ad
2611 4990 2806 5045 flumen
2835 5000 3108 5060 portatum
3145 5000 3197 5045 et
3234 4992 3357 5046 navi
3399 4992 3736 5061 impositum,
3763 4996 3823 5043 et

2242 5097 2412 5151 usque
2437 5082 2503 5135 ad
2529 5081 2792 5139 Hohlm'm
2810 5081 2991 5141 villam
3012 5097 3131 5150 quae
3154 5081 3207 5135 in
3232 5082 3348 5151 ripa
3370 5081 3531 5149 Magn
3553 5078 3816 5142 consistit,

2243 5173 2457 5244 navigio
2494 5181 2862 5228 transvectum
2901 5182 3004 5228 est.
3050 5172 3178 5227 Inde
3218 5187 3346 5228 vero
3376 5180 3499 5242 post
3539 5171 3657 5225 dies
3682 5183 3818 5239 pau-

2318 5335 2339 5364 ο
2377 5323 2433 5379 id
2455 5336 2538 5380 est
2572 5325 2782 5395 feretro,
2812 5327 2889 5380 uti
2921 5326 3081 5397 paulo
3102 5325 3239 5380 infra
3272 5333 3697 5397 mentemsuam
3722 5337 3819 5397 εξ-

2240 5396 2407 5521 Blicat
2434 5391 2649 5461 auctor;
2680 5412 2786 5466 quo
2810 5391 2969 5451 sensu
2996 5397 3111 5451 bzec
3129 5411 3232 5449 vox
3255 5395 3459 5465 passim
3488 5393 3558 5449 ab
3584 5391 3819 5446 auctori-

2280 5483 2340 5520 us
2365 5467 2553 5520 modia}
2580 5468 2755 5520 aetatis
2777 5476 3087 5521 usurpatur.

2280 5483 2340 5541 υξ
2365 5467 2553 5541 φράξει)
2577 5468 2755 5541 sciatis
2777 5476 3087 5541 "serranu-
3153 5535 3178 5541 -
3213 5535 3266 5541 -_
3564 5534 3577 5541 -
3757 5530 3772 5541 .

2310 5536 2335 5575 τι
2377 5536 2517 5590 Nihil
2547 5535 2723 5590 simile
2750 5553 2777 5589 a
2801 5534 3110 5590 Willibaldo
3142 5535 3444 5592 Othlonove
3471 5534 3726 5605 scriptum
3757 5534 3819 5585 in

2239 5606 2391 5661 Actis
2422 5607 2593 5660 sancti
2616 5605 2875 5660 Bonifacii
2901 5606 3115 5675 legitur.

2317 5688 2340 5715 ο
2380 5676 2660 5746 Otpertum
2684 5685 2843 5746 vocat
2859 5668 3125 5732 Otlilonus
3147 5676 3199 5731 in
3222 5675 3317 5731 lib.
3349 5691 3389 5730 tt
3411 5673 3479 5730 de
3501 5673 3622 5729 Vita
3641 5668 3818 5725 sancti

2241 5744 2523 5814 Bonifacii,
2546 5763 2666 5817 cap.
2693 5744 2782 5801 24.
