4006 6448
255 355 345 416 4δῖ

1478 335 1801 392 AUCTORE
1842 334 1897 389 S.
1941 333 2182 390 EIGILE.

3382 325 3488 380 438

251 487 355 536 eos,
381 467 430 523 id
453 472 533 520 est
555 461 828 517 tricesimo
853 460 1119 532 passionis
1140 457 1256 528 ejus
1277 459 1378 521 die,
1403 458 1469 512 ad
1498 457 1803 513 coenobium
1832 457 1882 516 Α
1907 468 2054 522 gere,
2083 451 2172 504 alii
2196 448 2417 520 jejuniis
2437 454 2492 502 et
2511 446 2846 502 orationibus
2867 446 3036 501 Deum
3063 444 3488 514 omnipotentem

251 563 454 622 Fuldam
474 597 488 622 ,
518 562 764 610 sanctum
797 553 1092 609 sacerdotis
1115 553 1533 622 deportaverunt
1555 548 1801 613 cadaver,

251 663 302 708 et
322 651 372 704 in
401 660 589 700 novum
618 643 924 713 sepulcrum
949 651 1265 712 posuerunt.
1300 641 1524 696 Postera
1561 642 1648 695 die
1683 639 1808 694 Lul-

252 741 328 798 lus
351 736 645 806 episcopus,
676 748 797 786 cum
827 732 1040 787 clericis
1065 742 1122 787 et
1147 733 1350 802 reliqua
1373 733 1528 787 turba
1551 747 1674 785 cum
1701 745 1808 801 qua

252 835 478 891 venerat,
503 823 623 878 inde
654 825 920 894 migravit.
949 825 1299 878 Venerandus
1322 832 1448 878 tunc
1478 822 1808 878 Sturmi'ab-

252 926 340 980 bas
374 934 490 975 cum
530 918 642 972 suis
681 917 942 971 fratribus
985 915 1201 971 Christo
1240 916 1442 986 gratias
1481 915 1808 979 referebant,

249 1012 380 1084 quod
413 1018 620 1063 tantum
658 1017 973 1078 patronum,
1017 1017 1264 1061 sanctum
1307 1007 1555 1062 videlicet
1595 1003 1812 1059 Bonifa-

252 1106 396 1163 cium,
439 1099 534 1154 Dei
585 1108 910 1168 martyrem,
949 1098 1105 1168 juxta
1155 1112 1214 1152 se
1245 1098 1448 1152 habere
1476 1104 1808 1151 meruerunt.

251 1192 410 1262 Coepit
431 1190 627 1244 deinde
647 1198 770 1260 post
790 1189 1081 1244 adventum
1107 1189 1280 1243 sancti
1303 1188 1559 1260 martyris
1592 1197 1812 1243 sanctus

252 1296 302 1342 et
325 1284 520 1338 electus
547 1298 578 1336 a
607 1283 715 1338 Deo
738 1297 982 1338 crescere
1003 1283 1178 1348 locus,
1199 1291 1254 1336 et
1280 1298 1508 1352 magnus
1539 1283 1677 1350 apud
1699 1297 1816 1336 om—

249 1392 336 1433 nes
359 1376 564 1440 haberi,
589 1383 643 1429 et
669 1375 1056 1429 monasterium
1081 1373 1303 1442 augeri:
1330 1381 1384 1426 ut
1409 1381 1531 1442 pote
1558 1371 1814 1440 quoniam

249 1470 385 1524 multi
406 1467 616 1521 nobiles
641 1467 889 1520 certatim
911 1473 966 1518 et
987 1466 1197 1520 concite
1218 1473 1591 1534 properantes,
1619 1479 1677 1518 se
1699 1478 1818 1518 sua-

246 1575 341 1630 que
367 1559 547 1613 omnia
577 1557 649 1610 ibi
679 1556 904 1611 Domino
931 1557 1285 1610 tradiderunt.
1315 1555 1404 1609 Sic
1429 1554 1668 1623 quotidie
1691 1569 1819 1607 san-

243 1659 355 1706 ctus
388 1649 776 1702 monachorum
828 1663 1087 1702 numerus
1129 1662 1382 1702 crescens
1419 1658 1444 1686 ει
1488 1647 1541 1700 in
1592 1645 1816 1704 Domino

244 1740 658 1804 confortabatur,
699 1748 754 1794 et
791 1749 991 1794 sancta:
1017 1739 1445 1794 conversationis
1473 1738 1810 1807 disciplinam

1905 541 2225 604 exorabant,
2258 548 2316 593 ut
2344 538 2457 608 ipse
2485 539 2564 592 eis
2594 553 2690 605 per
2724 552 2875 592 suam
2906 535 3330 590 misericordiam
3363 533 3492 588 sub-

1908 634 2136 685 veniret.
2184 630 2333 685 Tunc
2364 632 2548 684 l'umor
2573 629 2806 682 eximius
2832 627 3071 682 onmium
3108 641 3267 678 aures
3301 635 3355 679 et
3395 639 3490 679 ora

1907 725 2114 794 pariter
2153 722 2542 793 compleverat,
2586 720 2731 789 quod
2776 721 2968 773 beatus
3005 716 3208 770 Sturmi
3252 715 3418 768 abbas
3460 730 3491 767 a

1910 817 2158 877 εαξηοῦἱο
2212 816 2376 870 Fulda
2413 822 2560 871 esset
2595 827 2692 882 per
2737 810 3024 866 consilium
3071 807 3206 862 Lulli
3256 805 3492 876 episcopi

1912 907 2140 962 ablatus.
2187 905 2388 960 Omnes
2427 905 2629 974 pariter
2664 903 2902 971 graviter
2936 901 3037 953 hoc
3077 897 3340 951 ferebant.
3376 895 3493 948 Non

1911 1004 2028 1051 erat
2073 996 2124 1049 in
2169 995 2271 1049 ista
2311 994 2558 1049 orientali
2597 993 2751 1064 plaga
2787 990 3051 1047 ecclesia.
3082 1003 3201 1057 qua:
3243 1000 3349 1040 non
3379 986 3495 1055 ejus

1911 1087 2191 1158 plangeret
2223 1085 2493 1141 exsilium.

1986 1200 2072 1254 l8.
2113 1199 2297 1253 Lullus
2320 1199 2534 1253 interim
2561 1197 2790 1252 obtinuit
2816 1197 2956 1267 apud
2977 1196 3258 1266 Pippmum
3293 1205 3494 1261 regem,

1915 1307 2142 1345 munera
2173 1292 2370 1360 injusta
2397 1288 2682 1343 tribuendo
2700 1330 2714 1355 ,
2743 1296 2803 1342 ut
2830 1285 3214 1342 monasterium
3241 1281 3408 1335 Fulda
3443 1279 3498 1332 in

1916 1399 2073 1438 suum
2122 1383 2419 1436 dominium
2467 1380 2758 1434 donaretur
2811 1397 2823 1432 :
2877 1386 3205 1446 acceptaque
3258 1368 3500 1442 superdi-

1917 1475 2095 1529 ctione
2129 1472 2317 1543 [Forte
2338 1469 2763 1541 iurisdictione],
2788 1471 3036 1524 abbatem
3063 1467 3135 1521 ibi
3169 1465 3259 1534 qui
3283 1463 3383 1517 sibi
3406 1475 3503 1531 per

1917 1567 2099 1622 omnia
2122 1566 2536 1634 obtemperaret,
2567 1562 2844 1617 constituit
2871 1559 3155 1629 quemdam
3185 1555 3400 1629 [Supple
3429 1552 3505 1606 fa-

1920 1654 2280 1726 miliarem]...
2313 1670 2467 1709 suum
2489 1695 2502 1718 ,
2535 1653 2627 1721 qui
2654 1651 2937 1706 dicebatur
2972 1649 3200 1703 Marcus.
3231 1646 3336 1701 Sed
3367 1661 3502 1714 quo—

1921 1747 2065 1800 niam
2114 1746 2308 1801 fratres
2353 1745 2563 1798 animos
2609 1759 2734 1798 suos
2779 1743 2847 1796 ab
2899 1740 2989 1794 illo
3034 1748 3255 1810 propter
3302 1736 3506 1790 Prioris

243 1829 499 1884 indefessa
534 1836 590 1882 et
616 1828 924 1883 incessabili
949 1828 1352 1897 perseverantia
1384 1826 1581 1880 fratres
1609 1826 1682 1879 ibi
1711 1825 1817 1878 Do-
1845 1814 1891 1873 Β
1921 1851 2162 1889 amorem
2197 1834 2551 1898 avertebant,
2597 1841 2715 1888 erat
2766 1833 2844 1886 eis
2885 1831 3038 1899 quasi
3085 1837 3406 1891 extraneus,
3452 1834 3506 1880 et

243 1922 380 1976 mino
403 1921 706 1976 servientes
730 1928 1039 1976 tenuerunt.
1071 1919 1280 1986 Quanta
1306 1934 1435 1974 vero
1461 1918 1719 1974 miracula
1744 1917 1817 1972 ibi

243 2022 360 2068 tunc
393 2013 632 2076 ﬁebant,
664 2022 978 2084 quantaque
1015 2013 1192 2068 adhuc
1225 2013 1464 2082 quotidie
1503 2011 1666 2076 fiunt,
1696 2011 1818 2066 aliis

242 2105 350 2174 plus
373 2105 565 2173 peritis
590 2105 657 2158 ad
684 2105 1030 2158 scribendum
1059 2103 1398 2172 derelinquo.

305 2196 385 2250 l7.
413 2195 628 2250 Sturmi
652 2204 833 2250 autem
861 2194 1111 2249 amabilis
1133 2195 1386 2249 omnibus
1411 2193 1465 2248 in
1490 2190 1818 2247 monasterio

240 2295 292 2342 et
318 2285 442 2340 foris
468 2287 529 2340 in
555 2286 766 2355 populis
795 2286 1096 2351 mirandus,
1125 2285 1484 2341 ministerium
1515 2300 1671 2340 suum
1701 2291 1818 2338 stu-

240 2377 539 2432 diosissime
580 2377 857 2440 exercuit,
900 2377 1051 2447 prius
1090 2393 1304 2447 semper
1340 2378 1692 2446 semetipsum
1727 2389 1822 2428 ex—

239 2466 459 2536 emplum
502 2481 812 2536 proponens
836 2468 1048 2522 caeteris
1077 2482 1093 2521 :
1123 2468 1265 2536 quod
1291 2468 1469 2521 verbis
1506 2466 1710 2528 docuit,
1747 2465 1823 2517 fa-

239 2559 332 2612 ctis
357 2567 479 2614 ante
526 2560 889 2614 monstrabat.
932 2559 1084 2613 Lullo
1114 2568 1320 2612 tantum
1355 2558 1495 2612 fama
1533 2559 1651 2628 ejus
1683 2559 1823 2610 bona

239 2649 634 2718 displicuit,-et
670 2665 888 2718 semper
923 2659 1145 2720 propter
1191 2649 1448 2703 invidiam
1495 2649 1521 2688 ιδ
1567 2649 1824 2702 adversus

238 2755 355 2795 eum
377 2741 634 2796 faciebat.
660 2742 761 2808 Qui
787 2757 912 2796 eum
932 2743 1154 2796 verbum
1185 2741 1396 2796 Domini
1421 2741 1688 2794 instanter
1708 2740 1826 2800 ubi-

240 2845 339 2900 que
365 2833 734 2901 praedicasset,
761 2840 817 2886 et
844 2847 966 2886 eum
994 2831 1282 2902 diligenter
1305 2847 1493 2885 omnes
1523 2830 1826 2885 auscultas-

241 2932 381 2988 sent;
409 2925 586 2979 hostis
620 2924 841 2978 humani
870 2923 1083 2994 generis
1112 2923 1322 2976 invidus
1358 2930 1562 2975 tantam
1593 2922 1644 2975 in
1669 2920 1824 2990 plebe

238 3011 523 3068 utilitatem
553 3027 659 3068 non
677 3014 990 3077 sustinens,
1019 3013 1313 3068 discordias
1348 3013 1490 3066 inter
1517 3011 1710 3066 fratres
1739 3027 1824 3066 se-

241 3104 443 3158 minare
474 3104 663 3174 caapit.
687 3112 743 3159 et
773 3105 934 3158 trium
966 3103 1225 3158 falsorum
1253 3102 1481 3156 fratrum
1509 3111 1718 3156 mentes
1743 3103 1823 3155 in-

1920 1944 2027 1982 non
2072 1928 2473 1983 conveniebant
2545 1941 2724 1980 mores
2770 1926 3028 1994 ipsorum.
3083 1922 3198 1987 Qua
3252 1921 3507 1974 inconve-

1919 2021 2123 2075 nientia
2164 2035 2376 2077 morum
2397 2059 2410 2084 ,
2455 2018 2581 2078 licet
2612 2016 2928 2086 corporibus
2956 2013 3114 2068 simul
3153 2012 3505 2074 habitassent,

1919 2109 2189 2165 mentibus
2219 2111 2286 2164 ab
2321 2109 2550 2163 invicem
2580 2106 2832 2176 disiuncti
2855 2113 3030 2159 erant.
3063 2104 3305 2172 Cumque
3332 2103 3384 2155 in
3415 2101 3506 2154 tali

1920 2201 2191 2256 discordia
2225 2201 2510 2270 degerent,
2541 2207 2596 2253 et
2633 2198 2830 2252 fratres
2871 2213 3084 2267 semper
3118 2195 3508 2250 meditarentur

1921 2293 2153 2364 qualiter
2199 2292 2394 2346 iterum
2443 2307 2538 2360 per
2571 2289 2665 2343 Dei
2707 2289 2937 2360 gratiam
2967 2288 3220 2342 Sturmen
3259 2285 3506 2340 abbatem

1922 2399 2080 2437 suum
2125 2382 2395 2436 asciscere
2444 2381 2774 2450 potuissent;
2822 2380 3061 2432 Marcum
3118 2392 3277 2446 quem
3332 2376 3508 2440 inviti,

1923 2470 2078 2544 Lullo
2128 2469 2392 2531 faciente,
2427 2484 2591 2537 super
2628 2483 2686 2523 se
2726 2469 2974 2522 abbatem
3011 2474 3362 2535 acceperunt,
3394 2465 3512 2533 ejus

1923 2560 2148 2614 ulterius
2191 2560 2618 2613 controversiam
2667 2559 2812 2612 ferre
2853 2573 2960 2611 non
3000 2556 3272 2621 valentes,
3311 2557 3509 2610 bonum

1925 2648 2213 2702 consilium
2237 2648 2496 2713 inierunt,
2523 2656 2578 2701 et
2605 2663 2728 2702 eum
2753 2646 3097 2716 abjecerunt,
3126 2655 3182 2701 et
3209 2663 3276 2701 ne
3299 2645 3512 2700 illorum

1923 2740 2151 2794 ulterius
2165 2741 2334 2794 abbas
2359 2740 2535 2804 fieret,
2558 2741 2886 2794 unanimiter
2906 2738 3371 2794 contradixerunt.
3395 2738 3512 2805 Quo

1925 2842 2133 2899 amoto,
2157 2849 2346 2890 omnes
2368 2833 2566 2889 fratres
2592 2833 2659 2900 de
2680 2831 3012 2886 monasterio
3031 2830 3318 2884 voluerunt
3339 2829 3508 2892 exire,

1923 2933 1979 2983 et
2007 2927 2074 2981 ad
2099 2926 2240 2996 regis
2270 2925 2480 2995 Pippini
2512 2923 2767 2994 palatium
2795 2937 3043 2992 pergere,
3074 2922 3323 2975 abbatem
3353 2935 3512 2974 suum

1925 3032 1954 3070 a
1986 3031 2112 3086 rege
2141 3015 2384 3069 Sturmin
2411 3013 2702 3083 postulare.
2734 3011 2887 3078 Quod
2919 3026 3042 3065 cum
3069 3009 3256 3063 Lullus
3277 3007 3507 3072 audiret,

1925 3106 2176 3177 mitigare
2200 3119 2294 3159 eos
2323 3103 2534 3158 blandis
2563 3102 3007 3174 persuasionibus
3038 3100 3264 3162 studuit,
3289 3098 3511 3167 promit-

239 3193 470 3264 stigabat
494 3237 508 3260 ,
536 3163 596 3250 ut
631 3195 850 3251 fallaces
879 3211 1070 3250 causas
1108 3202 1531 3264 componerent:
1566 3193 1819 3248 Sturmen
1849 3163 1893 3224 Ο
1928 3163 2157 3252 ιοιιευείε
2178 3235 2193 3260 ,
2236 3202 2296 3249 ut
2331 3194 2433 3264 ipsi
2470 3163 2579 3247 sibi
2611 3193 2678 3247 de
2716 3191 2948 3261 propriis
2989 3189 3247 3244 fratribus
3285 3163 3429 3242 inter
3451 3201 3510 3242 se

238 3296 364 3336 vero
395 3285 489 3338 Dei
519 3300 730 3339 servum
749 3326 764 3350 ,
793 3294 850 3339 et
877 3285 1088 3340 ﬁdelem
1124 3285 1425 3348 universis,
1458 3284 1598 3352 apud
1639 3298 1821 3352 regem

237 3369 523 3442 Pippinum
575 3385 911 3430 accusarent.
959 3375 1025 3428 Ili
1065 3391 1188 3436 cum
1235 3375 1432 3429 talibus
1477 3373 1821 3428 suasionibus

237 3465 439 3519 diaboli
479 3475 662 3521 essent
689 3468 931 3532 seducti,
963 3467 1106 3522 malo
1148 3469 1289 3540 inter
1321 3482 1379 3521 se
1410 3464 1637 3520 consilio
1667 3464 1818 3529 inito,

235 3553 290 3608 in
329 3555 471 3608 Lulli
509 3556 745 3624 episcopi
781 3556 1094 3626 suffragium
1135 3553 1323 3611 cenfisi
1362 3562 1720 3624 perrexerunt
1755 3552 1823 3605 ad

229 3658 453 3713 regem,
498 3653 553 3697 et
589 3645 806 3698 beatum
855 3646 1028 3698 virum
1077 3645 1216 3714 apud
1267 3645 1416 3698 illum
1459 3643 1820 3706 accusabant,

229 3735 450 3788 crimen
492 3735 675 3788 nescio
713 3735 855 3804 quod
896 3735 964 3789 de
1002 3735 1282 3788 inimicitia
1329 3735 1471 3804 regis
1508 3732 1824 3800 objicientes

230 3825 303 3879 ei.
345 3824 594 3894 Cumque
637 3827 718 3880 vir
751 3827 844 3882 Dei
881 3826 1087 3880 Sturmi
1117 3826 1242 3880 illuc
1267 3835 1410 3886 esset
1445 3832 1819 3896 przcsentatus,

233 3916 456 3972 illorum
484 3917 772 3972 falsitatem
803 3919 1074 3988 patienter
1101 3919 1398 3982 sustinens,
1428 3919 1599 3972 noluit
1624 3934 1682 3972 se
1703 3934 1821 3972 ma-

235 4021 472 4077 gnopere
494 4008 618 4062 inde
645 4024 936 4072 excusare;
965 4009 1057 4062 sed
1083 4008 1255 4063 :Ecee
1283 4010 1436 4064 testis
1456 4024 1629 4074 meus,
1647 4009 1745 4074 ait,
1765 4019 1822 4062 et

235 4099 487 4153 conscius
517 4113 670 4154 meus
700 4100 752 4154 in
784 4099 1030 4164 excelso;
1057 4107 1110 4154 et
1136 4099 1394 4154 Dominus
1425 4099 1567 4154 Deus
1589 4100 1818 4154 auxilia-

237 4196 320 4242 tor
350 4203 542 4254 meus,
573 4198 628 4245 et
664 4191 785 4245 ideo
825 4207 931 4245 non
962 4207 1080 4245 sum
1121 4191 1397 4246 confusus.
1436 4191 1586 4245 Tunc
1629 4206 1820 4259 pravo-

236 4293 352 4333 rum
382 4282 667 4351 prtevaluit
691 4282 961 4346 voluntas,
982 4281 1250 4352 jussitque
1280 4298 1373 4337 rex
1404 4283 1664 4352 Pippinus
1689 4283 1821 4336 bea-

237 4377 348 4423 tum
379 4372 571 4426 tollere
603 4372 811 4436 virum,
855 4383 910 4428 et
951 4373 1006 4427 in
1043 4373 1290 4426 exsilium
1321 4389 1445 4426 cutn
1483 4373 1670 4442 paucis
1709 4373 1822 4426 suis

1925 3285 2173 3339 abbatem
2211 3285 2304 3353 qui
2336 3285 2414 3337 eis
2458 3282 2695 3353 placeret
2729 3281 3142 3335 constituerent.
3191 3279 3342 3346 Quod
3385 3290 3510 3332 cum

1922 3374 2176 3430 omnibus
2204 3374 2529 3443 placuisset,
2573 3372 2770 3426 fratres
2805 3373 3005 3425 bonum
3037 3385 3101 3424 ex
3135 3371 3265 3438 ipsis
3289 3369 3510 3425 omnino

1925 3466 2171 3531 fratrem,
2201 3475 2256 3520 et
2282 3481 2410 3520 vere
2435 3465 2526 3518 Dei
2559 3479 2794 3524 servum,
2820 3462 3072 3515 omnibus
3091 3460 3247 3514 bouis
3269 3460 3510 3516 moribus

1923 3567 2176 3610 ornatum
2211 3554 2527 3624 elegerunt,
2570 3553 2785 3606 nomine
2827 3550 3208 3610 Preszoldum,
3245 3562 3406 3616 quem
3441 3549 3510 3603 ab

1925 3647 2149 3703 infantia
2178 3663 2272 3701 sua
2300 3648 2492 3701 beatus
2516 3646 2720 3699 Sturmi
2751 3645 2987 3708 edocuit,
3017 3652 3072 3697 et
3107 3642 3333 3696 multum
3359 3658 3509 3696 ama-

1925 3740 2003 3793 vit
2028 3739 2211 3802 illum;
2248 3739 2420 3807 ipsum
2453 3751 2615 3806 super
2640 3751 2698 3790 se
2724 3735 2974 3788 abbatem
3003 3733 3412 3797 ordinaverunt,
3441 3733 3510 3786 ad

1926 3832 2029 3886 hoc
2061 3840 2292 3895 tantum,
2321 3837 2381 3883 ut
2410 3829 2486 3882 illi
2518 3843 2640 3882 cum
2674 3829 2790 3898 ipso
2817 3836 2871 3881 et
2899 3828 3012 3896 ipse
3045 3827 3248 3896 pariter
3273 3841 3395 3879 cum
3430 3826 3510 3880 eis

1923 3920 2163 3988 quotidie
2214 3926 2544 3982 tractarent,
2587 3915 3040 3986 quemadmodum
3077 3931 3198 3969 cum
3243 3913 3510 3982 adjutorio

1921 4012 2096 4067 sancti
2134 4013 2390 4082 martyris
2435 4009 2693 4064 Bonifacii
2734 4019 2790 4065 et
2833 4025 2956 4064 cum
2990 4009 3375 4078 omnipotentis
3413 4009 3506 4063 Dei

1921 4102 2092 4172 gratia
2116 4103 2182 4156 ad
2205 4102 2306 4156 hoc
2325 4101 2610 4171 pervenire
2631 4100 2952 4169 potuissent,
2971 4098 3327 4166 utpristinum
3349 4113 3508 4151 suum

1922 4193 2241 4265 magistrum
2267 4193 2520 4246 Sturmen
2548 4207 2577 4244 a
2608 4207 2734 4261 rege
2769 4191 2997 4260 Pippino
3023 4190 3126 4242 sibi
3159 4190 3381 4243 concedi
3409 4204 3507 4257 po-

1923 4283 2205 4338 stularent.
2239 4283 2355 4351 Ipse
2375 4297 2504 4336 vero
2523 4280 2846 4334 l’reszoldus
2876 4289 3087 4347 tempus
3107 4293 3213 4331 non
3238 4279 3507 4333 modicum

1924 4373 2184 4426 fratribus
2217 4371 2460 4441 praefuit,
2484 4379 2539 4424 et
2562 4385 2656 4424 eos
2677 4384 2799 4423 cum
2829 4369 3091 4423 charitate
3117 4368 3382 4423 adunatos
3411 4369 3509 4424 ha-

237 4461 452 4516 mittere
481 4461 697 4516 clericis
721 4474 768 4526 ο,
798 4463 850 4516 id
877 4473 960 4517 est
981 4464 1048 4516 ad
1070 4479 1321 4533 magnum
1349 4463 1656 4517 coenobium
1677 4462 1820 4532 quod
1844 4502 1898 4561 Β
1921 4464 2058 4527 buit,
2077 4478 2199 4517 eum
2221 4462 2302 4515 eis
2320 4461 2522 4530 pariter
2543 4460 2628 4513 die
2649 4469 2920 4527 noctuque
2944 4465 3123 4512 mente
3142 4466 3505 4527 pertractans,

237 4550 432 4605 dicitur
467 4552 742 4607 Unnedica
768 4553 828 4618 d;
861 4554 948 4607 ubi
976 4554 1045 4607 ab
1075 4554 1287 4617 abbate,
1319 4553 1411 4622 qui
1437 4552 1509 4606 illi
1543 4560 1816 4606 monaste-

237 4642 316 4695 rio
348 4651 476 4697 tunc
498 4643 736 4712 praefuit,
768 4652 824 4698 et
847 4643 916 4697 ab
939 4644 1191 4698 omnibus
1222 4643 1480 4697 fratribus
1509 4642 1736 4713 benigne
1764 4649 1821 4696 et

234 4731 628 4788 honorabiliter
647 4745 732 4788 est
746 4743 1045 4803 susceptus,
1062 4741 1118 4787 et
1139 4734 1209 4787 ibi
1229 4749 1325 4803 per
1343 4734 1617 4787 biennium
1633 4748 1818 4788 aman-

234 4820 330 4878 dus
355 4824 612 4878 omnibus
633 4825 936 4881 exsulabat.
962 4824 1113 4890 Quod
1134 4840 1258 4878 cum
1280 4825 1345 4879 de
1368 4824 1548 4878 Fulda:
1570 4825 1818 4880 ccenobio

235 4917 568 4971 audivissent
596 4916 813 4980 fratres,
846 4925 900 4971 et
927 4917 1005 4971 eis
1030 4918 1331 4971 nuntiatum
1359 4925 1501 4972 esset
1526 4918 1592 4972 de
1624 4919 1817 4972 abbate

235 5020 359 5071 suo,
402 5008 640 5078 qualiter
678 5009 983 5062 abstractus
1025 5016 1143 5062 erat
1179 5009 1247 5062 ab
1284 5008 1393 5072 eis;
1426 5008 1650 5064 nitnium
1691 5023 1815 5076 per—

235 5100 393 5162 moti,
429 5109 485 5154 et
511 5099 653 5154 ultra
698 5115 857 5169 quam
883 5101 987 5155 dici
1014 5101 1184 5171 possit
1213 5099 1502 5155 conﬂictati
1527 5109 1671 5154 sunt.
1701 5100 1813 5153 Ma-

236 5207 332 5260 gna
365 5194 566 5265 quippe
604 5204 730 5248 tunc
759 5202 877 5248 erat
903 5195 1246 5250 conturbatio
1288 5194 1340 5247 in
1376 5193 1536 5248 domo
1567 5193 1678 5247 Dei.
1710 5193 1815 5247 Alii

235 5281 488 5338 volebant
525 5285 592 5339 de
625 5285 954 5339 monasterio
983 5284 1166 5348 exire,
1197 5282 1287 5336 alii
1314 5284 1380 5336 ad
1409 5283 1666 5352 palatium
1691 5300 1816 5352 per-

305 5423 330 5451 ι
367 5413 510 5469 Ante
541 5414 714 5468 sancti
741 5413 963 5466 Sturmii
987 5412 1212 5472 obitum,
1247 5429 1264 5461 ‹
1294 5411 1806 5480 quadringentorum

239 5479 452 5536 circiter
469 5485 873 5545 monachorum,
897 5482 1137 5548 exceptis
1157 5479 1490 5548 pulsantibus
1503 5479 1552 5533 et
1579 5481 1698 5535 aliis
1714 5483 1806 5534 Ini-

239 5553 456 5606 noribus
486 5553 765 5622 personis,
804 5569 1032 5622 quorum
1073 5566 1328 5604 numerus
1365 5550 1637 5618 multiplex
1686 5562 1805 5606 erat

239 5622 386 5693 valde
405 5622 459 5676 in
477 5621 590 5693 ipso
614 5623 962 5693 monasterio,
979 5621 1351 5693 l’aterexstitit
1368 5629 1422 5693 et
1442 5630 1756 5693 prazceptor,
1781 5642 1799 5674 ι

241 5687 407 5766 inquit
433 5687 802 5766 [siitdgerusin
830 5692 948 5746 Vita
971 5691 1144 5747 sancti
1165 5690 1408 5759 Gregorii
1438 5687 1648 5745 abbatis
1668 5690 1793 5746 Tra-

240 5763 510 5829 jectensis,
538 5763 684 5817 num.
719 5763 799 5817 lO.

1923 4551 2394 4623 quemadmodum,
2419 4550 2634 4605 Christo
2657 4548 2887 4613 favente,
2913 4548 3232 4618 magistrum
3263 4557 3315 4602 et
3339 4550 3506 4604 abba-

1921 4653 2030 4702 tem
2058 4658 2216 4698 suum
2239 4642 2494 4697 Sturmen
2527 4654 2782 4696 revocare
2809 4639 2878 4694 ad
2915 4654 2974 4694 se
3003 4655 3098 4709 per
3124 4643 3266 4712 regis
3295 4640 3506 4712 Pippini

1922 4734 2250 4789 voluntatem
2275 4740 2516 4803 possent.

1995 4826 2079 4880 l9.
2118 4825 2286 4880 Porro
2324 4841 2448 4878 cum
2489 4822 2810 4878 Preszoldus
2853 4822 2919 4877 de
2963 4822 3122 4877 Patre
3161 4835 3211 4878 et
3244 4825 3504 4893 magistro

1921 4932 2020 4971 suo
2044 4916 2260 4970 Sturme
2281 4914 2546 4985 profunde
2573 4915 2851 4984 cogitaret,
2875 4923 2928 4968 et
2956 4917 3128 4969 sancti
3156 4916 3352 4970 fratres
3377 4931 3502 4970 cum

1916 5023 1981 5062 eo
2004 5008 2071 5061 de
2097 5008 2340 5060 absentia
2367 5005 2484 5073 ejus
2518 5005 2686 5059 multo
2729 5022 2962 5061 maerore
2999 5006 3360 5071 afficerentur,
3403 5004 3500 5062 Dei

1916 5096 2300 5164 omnipotentis
2332 5095 2638 5164 praesidium
2674 5096 2944 5149 continuis
2976 5096 3224 5164 precibus
3261 5094 3502 5162 postula-

1915 5189 2068 5250 bant,
2097 5195 2157 5239 ut
2184 5186 2318 5255 ipse,
2348 5187 2432 5240 cui
2463 5186 2596 5240 nihil
2627 5185 2957 5256 impossibile
2983 5194 3084 5248 est,
3114 5201 3212 5254 per
3235 5201 3384 5239 suam
3415 5187 3498 5242 in-

1917 5279 2113 5333 victam
2142 5278 2436 5347 potentiam
2461 5285 2760 5348 praastaret,
2783 5283 3049 5345 quatenus
3078 5274 3141 5326 ad
3168 5288 3260 5328 eos
3284 5275 3497 5334 illorum

1985 5415 2013 5453 ι)
2049 5414 2102 5467 1έ1
2131 5413 2290 5483 paulo
2322 5413 2566 5482 asperius
2588 5409 2790 5463 dictum
2826 5407 2879 5460 in
2909 5413 3155 5459 sanctum
3184 5405 3416 5466 Lullum.

1986 5497 2006 5523 ε
2049 5485 2103 5538 Id
2129 5493 2234 5548 est,
2259 5483 2560 5538 monachis.

1981 5555 2005 5593 d
2050 5545 2366 5624 Suspectam
2396 5553 2766 5624 liabct_v-oce_rn
2796 5545 3104 5608 Browerus,
3138 5549 3229 5624 _cui_
3251 5550 3497 5610 divinare

1912 5625 2117 5694 religio,
2141 5618 2216 5677 uti
2245 5634 2298 5677 et
2317 5623 2497 5694 nobis.
2533 5618 2787 5694 Venedica
2827 5625 3004 5669 tamen
3049 5618 3264 5694 et-lnda
3306 5624 3496 5679 allines

1909 5687 2069 5749 vncés
2106 5687 2351 5761 suggerit
2393 5705 2407 5741 :
2451 5698 2535 5744 ast
2577 5687 2800 5742 lndense
2835 5688 3218 5744 monasterium
3262 5694 3496 5748 necdum

1911 5783 2009 5820 con
2033 5765 2184 5818 litum
2216 5770 2349 5814 erat.
