4006 6438
500 310 683 370 £39-

1849 317 2009 373 V'ITA
2049 315 2109 373 Β.
2149 315 2435 374 ετυιιιιιι

3649 322 3764 381 440

501 426 763 494 magister
783 426 966 480 venire
980 425 1408 496 permitteretur.
1440 425 1596 494 Quod
1623 440 1749 482 cum
1771 440 1868 495 per
1885 441 1945 482 se
1966 423 2087 481 diu»-
2111 427 2163 487 Α
2186 423 2372 486 Ευιάω
2395 398 2538 495 quod
2564 427 2715 496 prius
2744 428 2950 495 habuit,
2977 426 3046 483 ad
3070 427 3363 500 regendum
3410 437 3765 492 commenda-

503 516 613 572 tius
654 516 943 584 fecissent,
984 527 1040 574 et
1088 537 1279 577 omnes
1320 522 1614 579 orientales
1652 524 1947 590 ecclesias,
1988 537 2088 593 per
2185 518 2283 584 vit,
2311 518 2722 591 absolutumque
2750 520 2819 575 ab
2854 521 3004 576 omni
3031 522 3272 579 dominio
3309 523 3451 580 Lulli
3495 527 3760 601 episcopi,

499 607 794 678 omniaque
822 612 1149 666 monasteria
1174 628 1455 669 servorum
1485 623 1542 669 et
1561 613 1877 670 ancillarum
1905 615 2002 670 Dei
2029 614 2083 668 in

500 699 733 755 circuitu
763 702 1037 757 orationes
1073 703 1419 760 lncessabiles
1458 713 1642 760 essent
1679 707 1747 760 ad
1776 706 1943 760 Deum
1982 719 2086 776 pro

500 805 597 853 eo,
630 790 939 846 consolator
967 792 1246 848 humilium
1280 794 1422 849 Deus
1444 784 1633 864 pfeces
1655 796 1927 851 exaudivit
1956 810 2086 864 snp-

496 880 835 950 plicantium.
877 883 945 937 Et
980 884 1107 953 quia
1143 884 1244 939 hoc
1282 885 1560 942 constituit
1593 894 1652 939 ut
1687 885 2081 955 postularetur,

495 971 752 1040 precibus
777 972 1012 1029 fidelium
1042 989 1303 1039 annuens,
1334 976 1614 1030 suscitavit
1635 992 1730 1031 cor
1750 975 1961 1046 Pippini
1994 990 2084 1031 re-

494 1061 599 1132 gis,
627 1070 689 1117 ut
713 1064 779 1118 de
799 1063 958 1119 beato
988 1063 1204 1119 Sturmc
1231 1066 1471 1134 cogitare
1491 1066 1765 1136 ctepisset,
1794 1075 1848 1123 et
1869 1080 1991 1127 eum
2012 1068 2082 1123 de

494 1151 718 1217 exsilio,
750 1152 841 1208 ubi
864 1162 1012 1219 erat,
1042 1154 1111 1216 ad
1139 1155 1398 1225 palatinum
1428 1172 1588 1212 suum
1619 1158 1812 1215 adduci
1858 1159 2083 1215 honori-

492 1238 597 1296 fice
621 1242 955 1313 praeciperet.
1001 1244 1100 1312 Qui
1130 1260 1253 1301 cum
1283 1246 1548 1306 adductus
1570 1249 1638 1303 ad
1666 1249 1925 1318 palatium
1948 1265 2080 1305 con-

491 1331 603 1387 cite
628 1333 846 1400 fuisset,
877 1344 931 1389 et
966 1335 1041 1390 ibi
1072 1337 1125 1391 in
1159 1338 1366 1410 capella
1404 1340 1546 1410 regis
1585 1353 1683 1410 per
1715 1340 1899 1410 plures
1933 1349 2080 1396 esset

491 1422 609 1479 dies
635 1422 803 1478 Deum
826 1440 1013 1490 orans,
1038 1435 1359 1497 exspectans
1382 1429 1512 1498 quid
1532 1430 1582 1484 ei
1607 1445 1700 1486 rex
1724 1432 2077 1501 imperasset,

488 1512 720 1581 contigit
749 1515 981 1583 quadam
1013 1517 1119 1583 die,
1149 1518 1287 1573 utin
1316 1520 1660 1576 venationem
1686 1537 1778 1577 rex
1803 1533 2072 1595 pergeret,

488 1619 575 1671 ac,
599 1616 659 1662 ut
681 1607 873 1665 solitus
902 1617 1053 1670 erat,
1085 1610 1148 1665 ad
1187 1610 1489 1666 orationem
1519 1612 1695 1683 primo
1723 1614 1957 1670 diluculo
1984 1631 2078 1670 ve-

484 1694 665 1764 niret,
708 1706 766 1756 et
805 1698 985 1753 caeteri
1023 1700 1165 1755 servi
1192 1712 1218 1740 ι
1250 1701 1342 1763 Dei
1377 1709 1500 1770 post
1539 1703 1752 1773 vigilias
1782 1705 2075 1761 matutinas

2186 611 2253 665 ad
2279 612 2589 668 coenobium
2616 612 2802 671 Fuldte
2834 628 2958 668 eum
2979 628 3103 668 cum
3123 615 3272 670 omni
3297 616 3502 673 honore
3522 620 3604 674 ire
3624 635 3763 690 pra-

2184 703 2349 774 cepit,
2378 712 2435 757 et
2461 720 2587 759 cum
2618 718 2718 759 suo
2750 704 3034 775 privilegio
3059 706 3203 775 quod
3240 706 3435 763 beatus
3466 708 3764 770 Zacharias

2182 809 2359 864 papa,
2404 810 2651 850 summus
2695 795 3006 864 apostolicae
3045 797 3190 852 sedis
3232 798 3475 869 pontifex
3500 841 3518 867 ,
3556 802 3759 858 dudum

2183 894 2373 939 sancto
2440 886 2664 947 tradidit
2733 885 3050 952 Bonifacio,
3110 892 3505 946 monasterium
3549 904 3765 965 regeret

2183 974 2347 1046 (quod
2373 976 2711 1047 privilegium
2740 993 2913 1048 usque
2931 979 3092 1035 hodie
3115 980 3169 1035 in
3199 986 3530 1041 monasterio
3563 987 3762 1046 fratres

2182 1075 2561 1125 conservatum
2589 1068 2807 1137 habent)
2838 1082 2853 1121 :
2888 1070 3034 1138 quod
3059 1070 3224 1126 etiam
3255 1086 3475 1129 causam
3501 1091 3660 1130 suam
3707 1086 3763 1133 et

2181 1156 2496 1215 monasterii
2526 1156 2896 1218 defensionem
2926 1176 2958 1215 a
2985 1160 3134 1219 nullo
3178 1162 3286 1219 alio
3327 1174 3601 1233 quaereret
3649 1169 3757 1223 nisi

2181 1260 2211 1301 a
2239 1262 2386 1317 rege,
2410 1248 2714 1318 imperavit.
2737 1249 2973 1321 Accepta
2997 1267 3030 1311 a
3058 1253 3280 1311 domino
3314 1272 3441 1325 rege
3464 1267 3757 1327 potestate,

2180 1352 2301 1394 cum
2327 1339 2609 1411 privilegio
2629 1343 2939 1411 supradicto
2959 1345 3103 1412 quod
3132 1345 3202 1400 de
3225 1362 3390 1404 manu
3411 1350 3563 1419 regis
3604 1362 3630 1390 ε
3662 1366 3759 1407 ac-

2179 1441 2419 1499 ceperat,
2448 1430 2516 1485 ad
2543 1447 2703 1486 suum
2751 1434 2990 1502 perrexit
3037 1436 3363 1492 coenobium.
3415 1438 3759 1510 Divulgatum

2180 1531 2309 1578 tunc
2338 1524 2523 1579 statim
2550 1524 2653 1578 fuit
2685 1537 2782 1594 per
2823 1533 3048 1581 cunctas
3087 1528 3187 1583 has
3231 1530 3570 1598 provincias,
3605 1532 3760 1588 Stur-

2178 1629 2301 1668 men
2331 1624 2614 1670 venturum
2644 1614 2762 1672 fore
2790 1616 2859 1671 ad
2902 1625 3105 1673 terram
3134 1619 3300 1686 hanc,
3326 1629 3383 1676 et
3410 1623 3614 1693 ubique
3642 1640 3761 1680 ser-

2176 1704 2259 1760 vis
2287 1704 2383 1759 Dei
2409 1713 2466 1760 et
2492 1705 2703 1762 ancillis
2730 1721 2829 1775 per
2855 1707 3108 1765 universa
3138 1714 3467 1768 monasteria
3494 1731 3625 1771 mox
3644 1717 3762 1787 ejus

484 1786 852 1857 quiescerent.
897 1787 1057 1846 Solus
1105 1788 1311 1851 Sturmi
1351 1792 1643 1863 vigilabat,
1682 1802 1737 1851 et
1767 1793 2074 1865 ingressum
2102 1778 2149 1838 Β
2177 1795 2244 1850 de
2278 1795 2471 1851 exsilio
2513 1796 2721 1853 reditus
2744 1797 3022 1854 innotuit:
3056 1801 3148 1869 qui
3176 1815 3368 1857 omnes
3393 1802 3617 1861 Christo
3660 1778 3762 1861 im-

485 1880 632 1951 regis
657 1880 984 1946 observans,
1002 1880 1201 1949 ianuas
1224 1883 1273 1947 ei
1307 1884 1551 1940 ecclesiae
1580 1886 1824 1955 aperuit,
1866 1895 1922 1943 et
1949 1902 2074 1946 cum

486 1968 637 2029 claro
668 1969 871 2025 lumine
900 1972 967 2031 ad
991 1973 1296 2037 orationem
1324 1984 1449 2031 ante
1484 1990 1608 2031 eum
1641 1976 1771 2031 ibat.
1805 1976 1919 2032 Rex
1949 1995 2076 2035 vero

485 2072 611 2114 cum
636 2059 703 2119 ad
726 2074 915 2119 sacras
932 2076 1057 2117 aras
1076 2063 1246 2118 Deum
1271 2078 1453 2135 regem
1477 2066 1754 2123 humiliter
1773 2077 2072 2135 exorasset,

484 2150 660 2210 erexit
691 2165 771 2217 se,
798 2159 854 2207 et
878 2151 1045 2209 alacri
1072 2155 1264 2210 obtutu
1300 2154 1555 2213 Sturmen
1586 2159 1813 2216 intuitus
1843 2175 1858 2215 :
1888 2161 2073 2216 Domi-

482 2258 621 2310 nus,
651 2243 817 2311 dixit,
844 2248 1194 2319 congregavit
1218 2264 1318 2306 nos
1344 2251 1533 2317 modo;
1566 2258 1643 2316 et,
1673 2252 1802 2321 quid
1826 2253 1928 2309 hoc
1950 2252 2073 2320 fuit,

483 2340 629 2409 quod
655 2343 908 2403 monachi
947 2344 1023 2399 tui
1056 2345 1199 2415 apud
1229 2361 1330 2402 nos
1355 2354 1408 2403 te
1446 2356 1866 2415 accusaverunt,
1898 2349 2072 2405 nesci-

483 2448 635 2498 mus;
681 2443 739 2489 et
784 2435 927 2491 unde
973 2436 1101 2497 irati
1147 2436 1349 2494 fuimus
1390 2450 1582 2501 contra
1619 2448 1702 2507 te,
1740 2442 2070 2513 ignoramus.

484 2523 694 2582 Sturmi
725 2543 855 2583 vero
884 2514 1198 2591 constanter
1219 2532 1296 2587 ait
1322 2550 1337 2588 :
1369 2532 1521 2589 Licet
1554 2550 1584 2588 a
1620 2535 1855 2604 peccatis
1880 2535 2074 2590 immu-

481 2617 569 2672 nis
605 2633 711 2673 non
753 2620 876 2685 sim,
903 2629 1092 2677 contra
1129 2630 1182 2681 te
1223 2631 1434 2690 tamen,
1462 2639 1496 2679 ο
1532 2640 1651 2690 rex,
1681 2625 1935 2681 delictum
1964 2641 2073 2681 non

480 2703 609 2761 feci.
637 2703 710 2762 At
736 2707 826 2764 ille
858 2725 873 2764 :
904 2708 1049 2776 Sive,
1079 2711 1277 2781 inquit,
1298 2728 1537 2783 unquam
1564 2715 1854 2784 aliquando
1880 2725 2072 2776 contra

480 2810 570 2851 me
597 2798 848 2867 nequiter
872 2800 1195 2872 cogitaveris
1212 2843 1227 2869 ,
1253 2812 1345 2868 aut
1371 2804 1555 2875 inique
1581 2805 1784 2875 aliquid
1813 2807 2070 2877 gesseris,

481 2888 628 2944 Deus
651 2889 747 2944 tibi
775 2898 948 2946 totum
973 2892 1244 2958 dimittat,
1265 2901 1320 2948 et
1346 2909 1449 2965 ego
1483 2909 1550 2949 ex
1580 2909 1702 2950 meo
1731 2895 1897 2950 corde
1920 2896 2074 2971 ignp-

480 2992 612 3044 sco;
648 2986 706 3036 et
740 2980 997 3052 deinceps
1030 2992 1179 3048 esto,
1204 2984 1315 3048 ait,
1354 2985 1409 3040 in
1449 2986 1621 3056 gratia
1659 2994 1715 3042 et
1746 2986 1803 3041 in
1831 2987 2072 3042 amicitia

482 3080 605 3121 mea
639 3070 789 3124 omni
825 3078 1087 3141 tempore.
1130 3072 1454 3145 Tollensque
1487 3091 1649 3131 manu
1678 3091 1778 3132 sua
1814 3077 1880 3132 de
1908 3077 2070 3148 pallio

481 3172 583 3211 suo
611 3157 794 3226 illum,
820 3160 1049 3231 projecit
1079 3164 1132 3223 in
1162 3174 1395 3231 terram,
1427 3174 1487 3220 et
1518 3165 1657 3223 dixit
1693 3185 1706 3222 :
1742 3167 1882 3225 Ecce
1910 3169 1964 3223 in
1993 3177 2071 3224 te-

480 3247 798 3307 stimonium
830 3251 1085 3323 perfectae
1112 3256 1450 3313 remissionis
1474 3257 1625 3314 illum
1651 3257 1719 3314 de
1747 3258 1913 3329 pallio
1949 3274 2070 3315 meo

479 3338 710 3411 projicio
734 3340 762 3381 ιι
795 3342 851 3405 in
875 3350 1095 3409 terram,
1132 3354 1194 3403 ut
1218 3347 1431 3404 cunctis
1460 3355 1645 3417 pateat
1672 3349 1813 3417 quod
1839 3349 2069 3418 pristina

477 3429 739 3503 deinceps
757 3435 1067 3497 annulletur
1089 3436 1394 3499 inimicitia.
1423 3438 1501 3493 lta
1527 3440 1707 3509 pacati
1733 3439 2069 3509 lirmiterque

480 3534 537 3573 ιιι
568 3520 807 3584 amicitia
830 3522 1061 3590 fundati,
1096 3539 1190 3580 rex
1223 3524 1328 3583 iter
1356 3526 1501 3597 quod
1523 3535 1786 3597 coeperat,
1815 3527 2065 3598 arripuit.

552 3615 643 3672 20.
683 3618 855 3689 Igitur
886 3626 1012 3689 post
1039 3627 1252 3690 tempus
1285 3620 1471 3688 breve,
1502 3620 1829 3680 Preszoldus
1855 3632 1913 3677 et
1938 3622 2071 3680 reli-

477 3708 575 3778 qui
597 3706 799 3766 fratres
816 3710 884 3767 de
913 3712 1245 3769 monasterio
1273 3711 1466 3779 Fulda,
1495 3713 1896 3784 comperientes
1920 3712 2064 3783 quod

479 3800 746 3855 amandus
772 3801 989 3861 illorum
1017 3802 1279 3872 magister
1330 3803 1538 3861 Sturmi
1586 3805 1642 3862 in
1690 3806 1865 3875 gratia
1912 3814 1968 3860 ct
2009 3806 2065 3867 in

479 3886 724 3942 amicitia
754 3888 957 3946 domini
999 3891 1144 3959 regis
1190 3904 1339 3948 esset
1391 3900 1661 3963 receptus,
1676 3894 2069 3964 cogitaverunt

478 3978 553 4035 ad
575 3976 836 4048 palatium
861 3979 960 4044 ire,
988 3987 1044 4035 et
1072 3996 1255 4050 regem
1297 3982 1578 4051 deprecari
1628 3998 1729 4053 pro
1773 3983 2065 4051 magistro;

480 4068 862 4140 miseruntque
894 4072 962 4129 ad
990 4071 1272 4140 palatium,
1303 4072 1644 4143 postulantes
1670 4089 1702 4128 a
1726 4087 1852 4143 rege
1898 4074 2067 4129 abba-

480 4172 591 4219 tem
621 4177 782 4219 suum
818 4163 899 4225 eis
924 4163 1043 4219 dari
1084 4181 1097 4218 :
1127 4163 1270 4224 sicut
1319 4179 1482 4222 omne
1522 4166 1665 4234 quod
1715 4165 1859 4221 Deus
1897 4166 2068 4220 voluit

479 4251 624 4319 fieri,
657 4252 816 4309 facile
841 4262 900 4312 et
927 4254 1134 4326 absque
1169 4254 1356 4315 labore
1393 4254 1594 4313 evenit.
1626 4254 1742 4313 ilex
1771 4270 1900 4313 vero
1928 4256 2068 4324 peti-

479 4345 659 4399 tiones
677 4341 911 4416 fratrum
927 4345 1160 4416 benigne
1180 4344 1501 4415 suscipiens,
1518 4344 1886 4401 venerandum
1911 4345 2066 4402 Stur-

2175 1903 2395 1944 mcusas
2432 1887 2741 1944 referebant
2765 1900 2968 1961 grates.
2996 1891 3221 1951 Fratres
3244 1910 3375 1951 vero
3401 1912 3528 1952 cum
3564 1914 3761 1970 appro-

2173 1978 2467 2049 pinquasse
2488 1995 2613 2034 eum
2634 1982 2966 2038 monasterio
2990 1984 3391 2055 cognovissent,
3409 2000 3761 2059 sumpserunt

2173 2084 2391 2125 crucem
2423 2086 2644 2125 auream
2669 2079 2724 2125 et
2748 2071 3006 2141 reliquias
3031 2082 3368 2142 sanctorum,
3390 2087 3447 2132 et
3469 2079 3689 2133 obviam
3709 2079 3759 2135 ei

2174 2175 2203 2214 a
2239 2161 2567 2215 monasterio
2600 2161 2811 2232 longius
2829 2173 3215 2232 processerunt
3242 2179 3258 2220 :
3289 2165 3632 2238 salutatoque
3663 2169 3760 2225 illo

2173 2261 2227 2306 et
2261 2251 2346 2306 bis
2373 2252 2465 2320 qui
2495 2267 2618 2314 cum
2642 2266 2711 2306 eo
2747 2262 3046 2319 venerunt,
3076 2270 3201 2312 cum
3245 2257 3478 2327 spiritali
3510 2260 3759 2314 carmine

2173 2357 2298 2397 eum
2324 2351 2553 2399 ovantes
2576 2344 2965 2403 monasterium
2998 2345 3438 2412 introduxerunt,
3465 2356 3522 2402 et
3568 2350 3756 2404 Domi-

2173 2451 2302 2490 num
2338 2450 2495 2490 suum
2523 2436 2902 2503 laudaverunt,
2925 2434 3022 2508 qtii
3064 2439 3148 2495 eis
3194 2439 3285 2495 diu
3335 2448 3585 2509 optatum
3609 2441 3760 2496 dedit

2174 2527 2423 2583 abietem
2451 2546 2464 2583 :
2497 2537 2554 2583 et
2576 2528 2716 2584 facta
2741 2539 2827 2585 est
2847 2529 3034 2587 ltetitia
3062 2545 3256 2600 magna
3284 2530 3578 2585 intereas.
3748 2576 3751 2579 ,

2243 2620 2332 2677 Si.
2360 2607 2480 2692 ipse
2505 2637 2635 2677 vero
2662 2621 2868 2678 Sturmi
2883 2622 3064 2679 studio
3091 2637 3291 2694 magno
3316 2622 3759 2693 deditus,qnem-

2171 2714 2462 2770 admodum
2490 2714 2704 2768 initium
2728 2713 2958 2779 faceret,
2983 2714 3150 2784 capit
3195 2714 3428 2769 fratrum
3463 2716 3759 2772 eruendam

2171 2805 2341 2860 vitam
2364 2812 2420 2859 ct
2457 2818 2637 2859 mores
2664 2804 2962 2872 corrigere,
2982 2812 3039 2859 et
3061 2804 3364 2858 ministeria
3387 2803 3603 2859 illam
3631 2818 3757 2860 mo-

2172 2895 2379 2951 nastica
2409 2894 2761 2949 constituere.
2778 2893 3085 2963 Templum,
3105 2893 3160 2948 id
3179 2901 3265 2951 est
3287 2893 3758 2964 ecclesiam,un

2173 2993 2307 3039 tunc
2328 2982 2623 3046 habebant,
2654 2998 2872 3048 ornare,
2901 2992 2959 3038 et
2984 2983 3178 3038 domos
3199 2997 3396 3038 omines
3438 2984 3755 3041 monasterii

2177 3074 2486 3151 recentibus
2512 3074 2781 3131 columnis
2799 3082 2855 3130 et
2878 3073 3172 3145 grandibus
3196 3073 3467 3139 trabibus,
3490 3073 3758 3144 novisque

2174 3174 2438 3221 tectorum
2476 3166 2768 3223 structuris
2797 3164 3193 3221 corroboravit.
3233 3165 3363 3221 Post
3411 3173 3600 3220 autem
3643 3180 3757 3221 non

2169 3257 2388 3329 longum
2430 3257 2687 3327 temporis
2718 3257 2998 3327 cogitans,
3043 3255 3283 3326 qualiter
3330 3255 3617 3327 adimpleri
3657 3273 3753 3327 po-

2172 3349 2368 3404 tuisset
2400 3349 2546 3417 quod
2594 3355 2802 3416 sancta,
2821 3346 3025 3417 Regula
3054 3347 3315 3418 prrcfat'ir
3358 3344 3515 3419 (Cap.
3544 3347 3668 3417 66),
3694 3355 3756 3402 ut

2170 3450 2317 3495 artes
2346 3440 2574 3495 diversas
2603 3439 2747 3495 intra
2789 3440 3179 3495 monasterium
3224 3438 3657 3501 continerentur,
3689 3453 3755 3493 ne

2169 3528 2313 3585 forte
2360 3538 2583 3599 propter
2629 3530 2865 3599 aliquam
2911 3529 3294 3584 necessitatem
3341 3526 3478 3582 foris
3522 3527 3753 3595 vagandi

2170 3619 2429 3675 fratribus
2453 3635 2590 3689 opus
2612 3619 2795 3684 fieret;
2823 3619 3163 3690 congregatis
3187 3618 3406 3687 quantis
3436 3617 3618 3687 potuit
3640 3615 3752 3670 fos-

2168 3712 2466 3776 satorihus,
2493 3722 2550 3769 et
2591 3720 2650 3767 ut
2696 3713 2813 3783 ipse
2863 3719 2984 3767 erat
3027 3726 3157 3765 acer
3201 3711 3439 3780 ingenio,
3472 3708 3755 3779 explorate

2168 3804 2372 3876 passim
2413 3819 2576 3859 cursu
2610 3801 2848 3857 fluminis
2898 3800 3103 3866 Fuldaa,
3133 3816 3243 3856 non
3294 3815 3465 3871 parvo
3512 3798 3691 3867 spatio
3720 3812 3755 3851 a

2170 3894 2523 3957 monasterio,
2555 3893 2726 3963 ipsius
2753 3891 2931 3946 amnis
2960 3891 3161 3953 ﬂuenta
3184 3906 3216 3945 a
3258 3890 3482 3960 proprio
3527 3888 3756 3943 abduxit

2168 3999 2358 4047 cursu,
2381 3992 2438 4036 et
2460 3996 2559 4051 per
2595 3996 2701 4040 non
2726 3980 2939 4036 modica
2981 3979 3187 4036 fossata
3230 3978 3624 4034 monasterium
3667 3976 3754 4029 in-

2167 4072 2335 4128 fluere
2366 4072 2513 4135 fecit,
2547 4071 2623 4130 ita
2651 4079 2712 4126 ut
2750 4069 2989 4131 [luminis
3025 4071 3260 4140 impetus
3295 4068 3601 4124 hetitlcaret
3644 4079 3757 4120 cm-

2168 4160 2391 4217 nobium
2417 4160 2535 4215 Dei.
2567 4159 2842 4227 Quantum
2870 4158 3002 4216 illud
3044 4174 3181 4229 opus
3216 4156 3480 4214 fratribus
3529 4154 3754 4227 profuit,

2168 4259 2536 4322 quantamque
2559 4250 2852 4305 utilitatem
2886 4248 3064 4304 adhuc
3095 4247 3337 4318 quotidie
3375 4246 3672 4310 ministret,
3701 4254 3755 4299 et

2168 4341 2521 4398 cernentibus
2554 4350 2607 4397 et
2646 4339 2922 4401 utentibus
2951 4337 3301 4399 manifestum
3329 4344 3434 4390 est.
3466 4334 3648 4405 Super
3669 4350 3753 4389 se.

479 4448 609 4489 men
633 4415 885 4491 abbatem
911 4433 979 4495 ad
1006 4415 1127 4489 illos
1150 4448 1209 4489 se
1239 4434 1455 4495 mittere
1482 4434 1733 4503 promisit
1757 4452 1770 4487 :
1801 4435 1943 4503 quod
1967 4450 2064 4503 per
2089 4471 2141 4529 Β
2165 4432 2416 4501 pulcrum
2444 4447 2574 4486 vero
2596 4431 2740 4487 beati
2776 4429 3031 4499 martyris
3064 4426 3328 4487 Bonifacii
3372 4440 3510 4480 auro
3551 4438 3750 4529 argen-

480 4523 683 4580 multas
719 4526 998 4579 orationes
1025 4539 1309 4583 servorum
1340 4532 1396 4584 et
1441 4525 1761 4586 ancillarum
1806 4526 1903 4580 Dei
1945 4526 2063 4583 fieri

481 4617 777 4673 credimus.
806 4614 937 4671 Post
962 4630 1070 4674 non
1114 4616 1343 4672 multum
1386 4617 1647 4686 temporis
1692 4618 1924 4686 spatium
1968 4633 2064 4677 rex

479 4705 667 4762 vocari
710 4707 780 4763 ad
834 4721 894 4763 se
940 4705 1195 4763 Sturmen
1236 4706 1420 4777 jussit,
1466 4708 1627 4778 eique
1678 4708 2064 4769 monasterium

553 4877 579 4946 ξ
618 4864 675 4920 ιιι
700 4871 790 4946 est
801 4904 817 4929 ,
833 4863 1104 4946 monachi
1118 4862 1211 4937 qui
1235 4863 1288 4919 in
1312 4862 1515 4946 palatio
1540 4863 1840 4934 degebant,
1870 4863 2067 4932 quibus

479 4937 674 5001 abbas,
703 4934 1197 5018 palatinusdictu‘s,
1218 4934 1468 5004 praeerat.
1735 5004 1747 5015 ο
1788 5003 1799 5016 ⁸
1845 5004 1857 5017 ⁸
1933 5005 1945 5017 ,

521 5086 530 5089 Δ
555 5008 583 5047 δ
620 5005 855 5089 insignis
874 5004 1028 5087 locus
1051 5004 1120 5089 de
1140 5004 1384 5085 symbolo
1410 5003 1749 5060 condonandt
1786 5019 2064 5075 lﬂjllﬂilm,

481 5086 538 5134 et
557 5074 776 5148 quidem
797 5075 914 5158 fere
937 5074 1247 5157 singularis.
1605 5143 1617 5156 _
1846 5074 1851 5075 “

526 5159 578 5227 .5
619 5147 814 5227 Exstat
849 5146 1237 5227 Permissa
1264 5145 1364 5227 hac
1393 5145 1460 5200 de
1485 5159 1546 5198 re
1566 5144 1821 5227 ἀέρὶεπῐιξι,
1847 5147 1938 5199 εεά
1961 5145 2069 5227 Ba-

484 5216 685 5274 nifacio
741 5214 1022 5288 superstiti
1073 5214 1428 5288 inscriptum,
1481 5214 1959 5288 apttd_Qtlt_Iontt_m
2015 5216 2071 5269 in

483 5288 583 5343 lib.
611 5304 673 5354 ιι,
702 5283 825 5357 cap:
849 5283 1415 5357 1‘7;Zacharia§_vero
1464 5300 1585 5357 cap.
1626 5283 1711 5357 μ.
1756 5284 1813 5357 l_n
1858 5285 1965 5357 lib.
2008 5301 2071 5339 ιιι

487 5358 673 5426 Antiq.
726 5354 907 5423 Fuld.,
939 5372 1057 5427 cap.
1092 5356 1147 5419 8,
1172 5354 1373 5427 legitur
1397 5354 1739 5427 privilegium
1765 5354 2007 5427 Sturmio
2038 5370 2068 5407 a

490 5423 768 5496 Stephano
790 5442 929 5496 papa
949 5423 1266 5482 concessum
1290 5423 1852 5496 ingc'onfirmationem
1876 5424 2071 5496 immu-

488 5492 679 5552 nitatis
707 5492 1008 5562 Fultténsis,
1064 5496 1115 5548 in
1173 5509 1281 5562 quo
1336 5492 1646 5564 Stephanus
1694 5494 1959 5564 prmcipit,
2010 5502 2070 5547 nt

489 5564 766 5621 Sturmius
803 5582 822 5613 ι
855 5566 1074 5620 Fratres
1097 5579 1226 5621 suos
1258 5562 1560 5621 secundum
1595 5562 1871 5633 Regulam
1892 5564 2066 5618 sancti

489 5634 1067 5718 Be'.‘°.‘ll°““5"$‘"t’
1419 5705 1453 5718 η
1861 5704 1948 5718 ..
2062 5648 2065 5651 ’

561 5706 588 5747 ει
630 5705 766 5761 ilinc
810 5703 1107 5762 derivatum
1161 5706 1375 5761 videtur
1415 5705 1677 5763 Gal‘icum
1727 5704 2065 5771 vocabulum,

2172 4535 2333 4595 toque
2366 4524 2721 4594 compositam
2750 4522 2940 4581 statuit
2968 4536 3176 4586 arcam,
3198 4534 3363 4590 quam
3393 4532 3496 4579 nos
3516 4516 3756 4572 solemus

2173 4614 2416 4683 requiem
2443 4611 2471 4652 ἀ
2498 4611 2788 4681 appellare,
2813 4626 2973 4680 quam
3004 4611 3088 4681 (ut
3110 4619 3240 4664 tunc
3270 4609 3441 4664 moris
3465 4604 3610 4677 erat)
3638 4604 3757 4676 pni-

2172 4706 2305 4767 chro
2333 4718 2501 4776 opere
2528 4702 2771 4759 condidit
2797 4720 2810 4761 :
2842 4714 2962 4773 qum
2984 4716 3157 4773 usque
3190 4700 3352 4756 hodie
3394 4712 3558 4771 super
3584 4707 3758 4752 tumu.

2178 4866 2372 4929 Poislc,
2403 4866 2559 4935 quasi
2588 4864 2732 4921 dicas
2761 4864 3245 4935 pensationemseu
3268 4863 3494 4933 requiem
3518 4903 3533 4927 ,
3567 4860 3636 4915 ad
3677 4859 3759 4915 si-

2178 4882 2372 4929 rome,
2444 4882 2559 4921 uasn
2588 4882 2732 4921 utcas
2761 4882 3121 4935 pensationem
3149 4882 3245 4919 seu
3268 4882 3494 4933 requiem
3518 4903 3533 4927 ,
3567 4882 3636 4915 an
3677 4882 3756 4915 5|-

2172 4882 2507 5008 gniﬁcanﬁas
2562 4934 2882 5008 honorat-ias
2944 4933 3238 5008 umbellas,
3264 4941 3756 5008 _qu:e___t_nagnatum

2172 5002 2392 5061 tumulis
2410 5006 2780 5075 imponuntur.
2819 5003 2887 5057 Et
2917 5004 3138 5073 quidem
3160 5002 3619 5075 verisitnillimum
3647 5009 3757 5064 est,

2173 5077 2400 5138 ciboria,
2432 5073 2611 5144 repas,
2642 5074 2823 5129 fredas
2849 5075 3217 5143 antiquorum,
3239 5089 3336 5130 seu
3355 5073 3758 5139 aediculasqua-

2175 5156 2297 5200 tuor
2315 5145 2585 5203 columnis
2614 5145 2788 5208 nixas,
2822 5157 3207 5213 nonnunquam
3253 5159 3321 5214 ex
3363 5158 3546 5214 panno
3588 5155 3756 5196 aureo

2175 5214 2400 5285 aliisque
2438 5214 2687 5285 idigenus
2717 5214 2881 5267 textis
2908 5211 3238 5285 compositas
3268 5211 3455 5285 fuisse.
3488 5211 3607 5285 Q_uo
3636 5226 3756 5285 spe:

2174 5279 2585 5340 ctatBedzelib.
2623 5299 2714 5346 ιιι.
2745 5299 2870 5352 cap.
2921 5298 2982 5345 ll,
3015 5279 3105 5336 tibi
3161 5282 3230 5336 de
3283 5282 3459 5352 sancti
3517 5279 3756 5352 Orsvvaldi

2174 5356 2319 5425 regis
2363 5354 2684 5425 Merciorum
2706 5350 2874 5423 agens
2900 5352 3163 5421 reliquiis,
3192 5370 3211 5404 t
3246 5351 3528 5425 vexillum,
3557 5350 3751 5420 inquit,

2173 5422 2291 5495 ejus
2318 5438 2480 5494 super
2498 5422 2900 5495 tumbamauro
2921 5431 2980 5495 et
3001 5436 3242 5495 purpura
3265 5422 3632 5495 compositum
3659 5434 3755 5495 ap—

2174 5489 2488 5565 p'osucrunt.
2528 5514 2547 5546 ι
2583 5492 2897 5565 Signantius
2919 5489 3260 5565 Gislebertus
3284 5489 3606 5565 Lu‘n‘icensis
3639 5489 3757 5565 epi-

2175 5559 2371 5647 scopus
2480 5559 2707 5647 epistola
2828 5562 3316 5647 interilibernicas
3353 5559 3752 5647 Usseri'i,cibo:

2176 5629 2313 5689 riuin
2362 5629 2550 5689 altaris
2598 5630 2877 5687 umbellam
2924 5632 3355 5702 interpretatur:
3389 5630 3646 5688 mendose
3697 5629 3754 5684 in

2174 5706 2334 5762 editis
2365 5704 2673 5760 cimbarium
2704 5703 2918 5775 legitur.
