4006 6452
198 363 288 419 Mi

1419 350 1747 410 AUCTORE
1788 352 1845 410 S.
1887 355 2132 412 ElGlLE.

3297 360 3406 418 ΗΞ

200 474 298 530 lum
325 466 481 538 ipsius
509 461 708 518 Christi
734 462 989 536 martyris
1021 476 1144 518 cum
1188 461 1346 521 altari
1393 480 1581 532 aureo,
1605 482 1732 537 per-
1760 475 1811 532 Α
1836 481 2048 542 gentem
2079 473 2224 528 illam
2247 476 2314 530 ad
2337 475 2495 532 fidem
2517 476 2717 532 Christi
2750 479 3035 533 convertit.
3064 481 3132 535 Et
3157 491 3276 551 post
3301 499 3407 538 non

199 572 408 624 sereret.

258 659 340 714 22.
377 655 568 710 Verum
592 652 718 722 quia
745 652 830 708 vir
848 651 1028 721 justus
1055 660 1110 706 et
1131 654 1243 708 Deo
1270 651 1564 722 perfectus,
1598 653 1739 722 apud

199 749 458 808 universos
482 758 725 811 magnus,
741 750 796 795 et
817 744 1052 796 maxime
1078 742 1218 812 apud
1244 743 1529 812 Pippinum
1560 757 1740 812 regem

200 840 490 902 habebatur,
518 835 824 904 impetravit
847 835 960 890 suis
998 836 1140 903 apud
1177 835 1351 904 ipsum
1396 851 1577 904 regem
1628 851 1742 891 ser-

199 931 425 989 monibus
466 926 730 998 (habebat
796 926 942 980 enim
987 925 1165 980 locum
1211 925 1591 980 familiaritatis
1633 941 1741 980 non

199 1019 476 1084 modicum)
504 1025 564 1071 ut
593 1016 804 1082 fiscum,
829 1017 883 1070 id
910 1025 992 1070 est
1018 1017 1297 1070 Omunslat
1327 1028 1371 1079 ιι,
1399 1031 1522 1071 cum
1568 1018 1744 1070 omni-

197 1117 302 1177 bus,
329 1127 442 1183 qute
465 1111 516 1164 in
552 1109 641 1164 illa
667 1109 790 1163 villa
821 1110 1030 1178 antiqui
1076 1123 1231 1179 reges
1277 1108 1645 1178 possidebant.
1674 1110 1743 1163 ad

195 1201 533 1271 supradictum
563 1199 762 1268 saepius
802 1199 1190 1253 monasterium
1228 1199 1284 1253 in
1315 1214 1470 1253 suam
1507 1199 1742 1254 eleemo-

195 1308 360 1364 synam
383 1291 729 1356 condonaret,
758 1299 916 1360 atque
938 1306 1034 1360 per
1074 1292 1438 1361 conscriptam
1466 1291 1740 1354 chartam,

194 1387 316 1442 sicut
340 1399 450 1439 mos
475 1381 604 1448 fuit,
621 1382 881 1437 firmaret.
908 1383 1118 1438 Mortuo
1137 1393 1319 1438 autem
1346 1383 1574 1453 Pippino
1599 1397 1743 1436 anno

195 1478 251 1530 ab
269 1474 629 1530 incarnatione
659 1473 869 1528 Domini
905 1473 1382 1542 septingentesimo
1409 1472 1743 1541 sexagesimo

192 1576 376 1629 octavo,
405 1564 484 1620 sui
517 1579 652 1618 vero
676 1565 828 1634 regni
876 1565 1137 1633 vigesimo
1167 1565 1352 1628 tertio,
1383 1562 1572 1617 Carius
1603 1562 1744 1616 filius

191 1657 288 1724 ejus
309 1655 439 1725 patri
468 1654 736 1708 successit
765 1654 820 1708 in
853 1669 1103 1723 regnum.
1149 1652 1284 1708 Cum
1335 1668 1466 1723 ergo
1504 1653 1617 1723 ipse
1647 1668 1742 1706 rex

184 1745 376 1815 juvenis
397 1754 645 1808 cunctos,
670 1745 761 1813 qui
783 1745 956 1813 patris
984 1745 1066 1797 sui
1104 1745 1255 1812 prius
1282 1743 1579 1798 honoribus
1609 1759 1740 1812 prce-

190 1811 269 1889 diti
295 1841 469 1899 erant,
500 1811 804 1902 grandibus
840 1811 1157 1889 muneribus
1202 1834 1255 1888 in
1306 1835 1534 1903 gratiam
1589 1811 1739 1887 suam
1769 1811 1816 1869 Β

187 1934 489 1994 provocaret,
521 1926 813 1980 accersivit
837 1941 1052 1994 quoque
1081 1925 1450 1979 venerandum
1483 1926 1735 1979 abbatem

188 2015 440 2081 Sturmen,
469 2016 735 2084 illumque
758 2017 963 2070 intimis
988 2016 1246 2070 amicitiis
1283 2015 1383 2070 sibi
1415 2013 1694 2082 conjunxit
1726 2031 1739 2067 :

187 2126 324 2180 quem
361 2127 479 2165 cum
536 2111 723 2166 multis
768 2126 910 2180 sape
938 2111 1232 2165 honoribus
1263 2118 1424 2178 atque
1474 2108 1743 2179 regalibus

186 2199 495 2254 munificavit
521 2199 705 2255 donis.
741 2199 983 2266 Quodam
1027 2208 1268 2268 tempore
1311 2199 1537 2254 immisit
1564 2197 1745 2251 Domi-

185 2303 274 2344 nus
302 2289 351 2344 in
387 2305 480 2344 cor
527 2289 757 2358 ejus,~ut
779 2305 878 2359 pro
906 2290 1100 2345 intuitu
1131 2290 1502 2344 retributionis
1529 2299 1744 2343 aitet-use

183 2386 396 2435 tractare
422 2381 686 2450 cmpisset
713 2398 726 2434 :
775 2389 1074 2450 vocatoque
1095 2382 1161 2435 ad
1183 2396 1241 2436 se
1282 2381 1498 2436 Sturme
1527 2381 1742 2444 abbate,

183 2468 441 2522 consilium
472 2484 608 2524 cum
632 2483 698 2525 eo
723 2470 865 2536 iniit,
897 2477 953 2524 et
989 2468 1376 2524 Hamalenburc
1407 2469 1436 2509 ι’
1463 2483 1587 2524 cum
1632 2484 1744 2522 om-

182 2560 322 2616 nibus
347 2577 462 2630 quae
509 2562 586 2617 ad
627 2561 778 2616 illum
831 2562 1022 2617 fiscum
1065 2563 1368 2630 pertinent,
1417 2561 1743 2630 potestativa

183 2665 327 2706 manu
355 2651 420 2706 de
450 2651 584 2720 jure
610 2667 710 2706 suo
731 2652 785 2706 in
805 2649 897 2719 jus
927 2651 1142 2706 Domini
1188 2659 1244 2705 et
1286 2652 1455 2705 sancti
1486 2649 1746 2705 Bonifacii

181 2742 241 2794 ad
279 2743 586 2798 coenobium
644 2741 828 2796 Fuldae
878 2742 1119 2797 tradidit.
1170 2742 1343 2809 Quam
1397 2743 1744 2798 traditionem

181 2829 362 2886 fratres
389 2840 677 2901 gratanter
697 2832 1077 2902 suscipientes,
1104 2832 1334 2886 Domino
1359 2847 1458 2901 pro
1499 2833 1641 2888 illius
1668 2835 1744 2888 in-

181 2920 478 2977 columitate
514 2936 710 2992 preces
735 2936 904 2991 usque
926 2921 1086 2976 hodie
1108 2920 1358 2975 fundunt.
1402 2922 1548 2977 Vixit
1595 2923 1746 2976 dein-

182 3025 297 3080 ceps
317 3021 543 3068 sanctus
579 3012 783 3067 Sturmi
807 3013 860 3067 in
881 3015 1058 3082 gratia
1082 3015 1374 3069 venerandi
1402 3015 1542 3086 regis
1565 3013 1744 3071 Caroli

183 3124 328 3164 omne
356 3118 572 3182 tempus
597 3113 719 3166 vita:
741 3126 869 3166 sum.

240 3199 326 3253 25.
366 3201 477 3255 illis
505 3216 719 3270 quoque
777 3203 1110 3272 temporibus
1164 3212 1413 3272 suscepta
1451 3202 1736 3272 legatione,

180 3287 312 3344 inter
329 3290 586 3346 Carolum
616 3308 798 3364 regem
832 3293 1162 3349 Francorum
1185 3302 1241 3348 et
1261 3295 1603 3349 Tliasilonem
1637 3295 1744 3348 Νο-

178 3378 295 3432 rica:
318 3381 616 3449 provincia:
641 3381 852 3447 ducem,
884 3398 983 3451 per
1007 3383 1189 3453 plures
1217 3398 1387 3436 annos
1417 3383 1556 3437 inter
1598 3383 1744 3452 ipsos

176 3467 468 3521 amicitiam
500 3469 710 3523 statuit.
759 3469 1040 3541 Regnante
1085 3470 1314 3526 feliciter
1356 3472 1573 3527 domino
1620 3487 1746 3540 rege

171 3554 382 3621 Carolo,
417 3572 595 3611 annos
625 3567 859 3628 quatuor
884 3559 1157 3614 Saxonum
1185 3575 1318 3629 gens
1345 3575 1485 3614 saeva
1527 3570 1582 3614 et
1613 3560 1748 3614 infe‘

171 3645 413 3698 stissima
444 3646 659 3699 cunctis
687 3644 806 3710 fuit,
837 3655 895 3700 et
937 3648 1163 3718 paganis
1210 3649 1402 3702 ritibus
1445 3649 1609 3704 nimis
1655 3649 1749 3703 de-

167 3732 294 3784 dita.
322 3731 445 3786 Rex
470 3747 598 3787 vero
622 3733 848 3789 Carolus
870 3735 1098 3790 Domino
1124 3751 1338 3805 semper
1357 3738 1600 3801 devotus,
1625 3752 1748 3791 cum

168 3822 277 3892 ipse
305 3823 810 3881 Christianissimus
840 3835 1006 3891 esset,
1031 3828 1269 3897 cogitare
1302 3815 1464 3898 cmpit
1519 3829 1750 3898 qualiter

168 3926 376 3985 gentem
413 3917 561 3975 hanc
599 3917 816 3976 Christo
846 3919 1130 3988 acquirere
1158 3921 1436 3990 quivisset.
1467 3920 1604 3974 Inito
1632 3936 1748 3976 ser-

169 4019 352 4060 vorum
374 4007 474 4062 Dei
506 4009 756 4073 consilio,
784 4009 1030 4078 poposcit
1075 4018 1136 4063 ut
1166 4011 1419 4078 precibus
1455 4010 1743 4065 Dominum

172 4096 305 4151 votis
325 4097 441 4152 suis
455 4112 695 4152 annuere
707 4098 1035 4154 obtinerent.
1057 4097 1395 4169 Congregato
1421 4107 1531 4156 tam
1554 4099 1744 4170 grandi

174 4187 433 4252 exercitu,
475 4187 727 4243 invocato
773 4187 973 4243 Christi
1025 4189 1262 4255 nomine,
1293 4189 1582 4244 Saxoniam
1620 4205 1746 4259 pro-

175 4274 338 4332 fectus
366 4287 475 4343 est,
515 4280 805 4348 assumptis
830 4279 1098 4334 universis
1123 4281 1510 4344 sacerdotibus,
1539 4281 1747 4337 abbati-

175 4364 286 4432 bus,
311 4368 670 4438 presbyteris,
697 4377 752 4423 et
780 4369 1032 4424 omnibus
1061 4370 1378 4428 orthodoxis
1413 4379 1574 4445 atque
1621 4371 1745 4426 fidei

1841 564 2055 633 longum
2087 575 2297 636 tempus
2325 575 2492 622 totam
2511 568 2843 636 provinciam
2873 571 3016 624 illam
3049 571 3100 624 in
3128 573 3411 642 parochias

1843 666 1868 695 ε
1902 658 2234 728 episcopales
2264 659 2465 722 divisit,
2490 666 2545 713 et
2570 673 2755 714 servos
2781 661 2991 715 Domini
3021 662 3088 714 ad
3110 662 3411 718 docendum

1840 757 1894 803 et
1923 749 2300 817 baptizandnm
2327 758 2646 820 potestatem
2669 751 2834 806 dedit.
2855 752 3005 807 Tunc
3028 769 3153 822 pars
3174 754 3411 808 maxima

1841 837 1999 892 beato
2025 839 2251 903 Sturmi,
2267 840 2450 908 populi
2478 848 2533 894 et
2556 849 2714 894 terra:
2740 841 2904 906 illius,
2920 843 2986 895 ad
3007 842 3411 911 procurandum

1840 929 2214 983 committitur.
2255 929 2520 999 Suscepto
2563 931 2728 1001 igitur
2767 933 3168 1001 prmdicationis
3211 933 3413 999 officio,

1841 1037 2027 1075 curam
2059 1023 2232 1077 modis
2277 1024 2528 1078 omnibus
2573 1023 2854 1094 impendit,
2881 1025 3118 1094 qualiter
3147 1041 3254 1080 non
3289 1041 3414 1095 par-

1841 1127 1968 1163 vum
1993 1110 2223 1165 Domino
2248 1113 2503 1182 populum
2555 1114 2879 1182 acquireret.
2929 1113 3036 1169 Sed
3079 1115 3413 1186 temporibus

1840 1200 2082 1254 instabat
2112 1201 2461 1268 opportunis,
2489 1202 2658 1256 sacris
2686 1217 2777 1256 eos
2807 1203 3144 1258 sermonibus
3190 1203 3412 1265 docens,

1840 1298 1901 1342 ut
1922 1289 2061 1344 idola
2092 1297 2147 1344 et
2173 1290 2464 1345 simulacra
2509 1291 2965 1362 derelinquerent,
2998 1293 3200 1348 Christi
3251 1293 3412 1348 fidem

1841 1383 2200 1450 susciperent,
2226 1382 2448 1436 deorum
2479 1398 2698 1438 suorum
2728 1385 2924 1455 templa
2948 1385 3307 1451 destruerent,
3330 1385 3415 1440 luo

1841 1487 1936 1526 cos
1955 1471 2314 1535 succiderent,
2332 1481 2546 1526 sanctas
2563 1488 2777 1544 quoque
2796 1474 3049 1530 basilicas
3065 1476 3414 1531 aedificarent.

1911 1562 2002 1616 24.
2057 1561 2174 1628 Quo
2217 1577 2338 1617 cum
2391 1563 2617 1617 multum
2668 1566 2925 1634 temporis
2970 1566 3314 1634 praedicando
3360 1577 3416 1623 et

1840 1654 2166 1723 baptizando
2190 1669 2312 1708 cum
2339 1655 2451 1709 suis
2483 1655 2817 1727 presbyteris
2857 1658 3176 1728 peregisset,
3219 1666 3273 1712 et
3319 1673 3418 1728 per

1845 1746 2094 1815 regiones
2130 1761 2374 1814 quasque
2421 1748 2659 1816 singulas
2693 1749 2952 1803 ecclesias
3000 1751 3415 1814 construxisset,

1845 1836 2042 1889 iterum
2072 1845 2256 1905 postea
2283 1836 2560 1891 Saxonum
2595 1853 2726 1907 gens
2774 1855 2938 1908 prava
2988 1847 3041 1892 et
3086 1855 3336 1908 perversa
3385 1856 3416 1894 a

1846 1924 1950 1980 fide
1992 1925 2194 1980 Christi
2233 1927 2474 1991 devians,
2510 1929 2665 1982 vanis
2709 1945 2766 1984 se
2795 1930 3070 1984 erroribus
3099 1930 3414 2000 implicavit,

1845 2025 2278 2088 congregatoque
2305 2019 2545 2072 exercitu
2573 2018 2713 2072 ultra
2749 2019 2881 2072 ﬂues
2906 2033 3030 2073 suos
3060 2034 3275 2087 egressa
3306 2029 3415 2083 est,

1843 2115 1898 2159 et
1921 2101 2092 2174 usque
2112 2107 2177 2160 ad
2201 2107 2444 2162 Rhenum
2467 2107 2726 2161 vastando
2746 2116 2800 2161 et
2825 2108 3194 2176 depopulando
3220 2115 3418 2162 cuncta

1844 2198 2106 2265 pervenit.
2135 2197 2378 2268 Cumque
2403 2198 2528 2252 inde
2567 2199 2768 2252 reversi
2802 2206 3006 2263 essent,
3035 2197 3230 2252 infesta
3269 2199 3419 2253 caede

1844 2301 2195 2356 quoscunque
2216 2288 2455 2342 invenire
2480 2296 2786 2356 potuerunt,
2805 2289 3161 2343 trucidarunt.
3178 2288 3420 2356 Quorum

1844 2390 1967 2430 cum
1997 2377 2269 2431 exercitus
2289 2378 2342 2431 in
2370 2377 2759 2446 Loganacinse,
2794 2379 2935 2447 quod
2977 2393 3144 2448 prope
3169 2379 3418 2448 supradi-

1845 2476 1994 2522 ctum
2047 2468 2353 2522 cmnobium
2394 2467 2560 2536 jacet,
2591 2469 2942 2534 consedisset,
2973 2468 3422 2536 conspiraverunt

1845 2566 1907 2611 ut
1941 2557 2138 2611 lectam
2193 2558 2434 2611 virorum
2489 2557 2886 2611 multitudinem
2943 2556 3011 2611 de
3065 2550 3305 2611 exercitu
3352 2557 3421 2610 ad

1846 2649 2021 2717 ipsum
2052 2649 2438 2703 monasterium
2464 2649 2760 2711 mitterent,
2785 2656 2840 2702 et
2880 2653 3074 2701 cuncta
3116 2662 3236 2716 qua:
3262 2661 3419 2716 repe-

1846 2738 2036 2802 rirent,
2070 2739 2176 2808 igni
2209 2738 2609 2801 comburerent,
2631 2747 2685 2790 et
2711 2753 2896 2792 servos
2919 2737 3012 2790 Dei
3058 2735 3202 2790 ferro
3256 2736 3421 2790 truci-

1843 2828 2058 2884 darent.
2091 2829 2245 2895 Quod
2273 2844 2397 2884 cum
2423 2829 2774 2897 comperisset
2811 2837 3030 2883 sanctus
3060 2827 3286 2889 Sturmi,
3313 2837 3422 2882 sta-

1847 2923 1942 2975 tim
1971 2921 2180 2976 vocatis
2217 2921 2284 2975 ad
2313 2936 2371 2975 se
2403 2920 2683 2984 fratribus,
2708 2920 3006 2990 periculum
3034 2921 3177 2990 quod
3210 2920 3290 2974 eis
3319 2919 3420 2973 im-

1846 3013 2086 3067 minebat
2109 3013 2362 3075 innotuit,
2395 3021 2449 3066 et
2492 3012 2775 3067 consilium
2809 3012 2954 3068 dedit
2979 3021 3038 3067 ut
3075 3014 3248 3068 sancti
3278 3028 3420 3067 mar-

1845 3107 1980 3177 tyris
2013 3120 2238 3174 corpore
2270 3113 2570 3173 assumpto,
2608 3105 2674 3160 ad
2705 3103 3102 3173 Hamelanburg
3127 3120 3416 3176 properas-

1845 3205 1984 3250 sent.
2010 3195 2127 3264 ipse
2155 3211 2284 3250 vero
2320 3195 2405 3248 vir
2429 3195 2521 3248 Dei
2549 3193 2755 3248 Sturmi
2792 3193 2939 3249 foras
2988 3194 3043 3248 in
3089 3193 3414 3249 Wedereiba

1843 3288 2103 3357 perrexit,
2134 3287 2368 3341 studium
2409 3286 2615 3340 habens
2632 3286 2675 3339 si
2705 3300 2811 3354 quo
2837 3285 2996 3339 modo
3021 3293 3202 3354 posset
3223 3298 3420 3354 pravo-

1845 3393 1966 3430 rum
2013 3376 2465 3445 conSpirationem
2516 3375 2788 3430 cohibere.
2836 3373 2946 3428 Nos
2997 3382 3175 3428 autem
3222 3374 3419 3429 fratres

1847 3465 2093 3534 discipuli
2125 3465 2262 3532 ejus,
2288 3473 2560 3533 assumpto
2589 3465 2762 3519 sancti
2794 3465 3053 3533 martyris
3077 3479 3304 3533 corpore
3352 3465 3420 3518 de

1848 3555 2127 3624 sepulcro,
2159 3555 2213 3608 in
2261 3569 2368 3622 quo
2410 3553 2632 3608 ειηηοεά
2662 3553 2850 3623 viginti
2905 3561 3140 3621 quatuor
3184 3554 3422 3621 positum

1847 3645 2046 3707 fuerat,
2069 3659 2099 3696 a
2125 3642 2454 3697 monasterio
2477 3657 2600 3695 cum
2646 3641 2917 3695 universis
2944 3639 3160 3696 famulis
3182 3641 3274 3696 Dei
3297 3658 3423 3711 pro-

1849 3721 2016 3789 ficisci
2040 3735 2322 3804 coepimus.
2349 3733 2642 3787 Mansimus
2665 3733 2834 3803 prima
2858 3741 3013 3788 nocte
3033 3733 3099 3810 ad
3120 3735 3423 3803 proximam

1848 3825 2064 3886 cellam,
2098 3824 2185 3878 ubi
2208 3823 2389 3878 Fulda:
2422 3823 2575 3877 alveo
2600 3823 2847 3878 Fledena:
2862 3823 3059 3877 fluenta
3086 3838 3146 3878 se
3167 3825 3421 3879 miscent.

1845 3913 1971 3970 Inde
1992 3921 2275 3985 surgentes
2300 3930 2478 3978 mane,
2495 3913 2562 3968 ad
2589 3913 2902 3969 ulteriorem
2927 3915 3271 3985 pervenimus
3298 3913 3422 3970 Sin-

1845 4021 1990 4068 nam,
2027 4005 2208 4075 ibique
2247 4004 2464 4060 fiximus
2512 4006 2824 4071 tentorium,
2853 4005 2907 4059 in
2960 4021 3067 4076 quo
3114 4007 3424 4062 sacratissi-

1845 4111 1992 4155 mum
2018 4095 2217 4152 Christi
2248 4095 2503 4166 martyris
2530 4095 2819 4150 statuimus
2863 4111 3082 4165 corpus,
3109 4105 3165 4151 et
3214 4098 3268 4152 in
3318 4099 3426 4151 cir-

1845 4186 1995 4239 cuitu
2030 4184 2228 4239 milites
2254 4184 2457 4239 Cbristi
2489 4193 2666 4240 castra
2697 4187 2883 4240 metati
2914 4195 3058 4240 sunt.
3088 4186 3189 4240 Ubi
3215 4202 3338 4241 cum
3367 4188 3426 4241 in

1846 4275 2214 4329 tabernaculis
2245 4284 2356 4330 tres
2393 4276 2671 4344 exegimus
2712 4285 2922 4339 noctes,
2949 4285 3144 4344 quarto
3184 4275 3296 4344 jam
3336 4279 3427 4332 die

1847 4363 2008 4434 legati
2057 4365 2228 4418 nostri
2276 4371 2556 4427 venerunt,
2589 4364 2678 4432 qui
2730 4363 3069 4431 referebant,
3095 4366 3160 4420 de
3192 4375 3346 4435 parte
3371 4375 3424 4423 et

177 4457 564 4522 cultoribus,ut
584 4467 796 4529 gentem
819 4473 939 4528 qua:
967 4459 1036 4512 ab
1059 4459 1214 4514 initio
1237 4460 1420 4514 mundi
1445 4461 1744 4514 daamorium
1772 4488 1824 4547 D
1850 4463 2010 4526 gente
2047 4461 2231 4509 nostra
2257 4454 2542 4509 nonnullos
2564 4466 2918 4525 congregatos
2946 4464 3134 4510 contra
3178 4457 3424 4513 Saxones

176 4547 395 4604 vinculis
449 4549 631 4604 fuerat
675 4549 931 4618 obligata,
980 4550 1242 4604 doctrinis
1281 4551 1451 4608 sacris
1509 4552 1639 4605 mite
1689 4561 1744 4606 et

178 4649 329 4691 suave
351 4638 560 4693 Christi
587 4638 776 4708 jngum
807 4639 1078 4693 credendo
1102 4639 1284 4694 subire
1308 4639 1584 4695 fecissent.
1625 4641 1742 4707 Quo

176 4741 288 4781 cum
321 4744 412 4783 rex
449 4729 812 4799 pervenissvt,
837 4729 1030 4798 partim
1073 4730 1250 4793 bellis,
1283 4731 1480 4800 partim
1529 4732 1742 4786 suasio-

176 4819 340 4885 nibus,
367 4821 572 4892 partim
613 4821 776 4874 etiam
825 4822 1158 4885 muneribus,
1189 4824 1425 4876 maxima
1475 4838 1542 4878 ex
1590 4833 1744 4894 parte

239 4961 261 4988 ι
288 4950 343 5003 1η
390 4949 770 5005 Traditionnm
807 4948 973 5011 libro,
1012 4965 1162 5002 num.
1196 4949 1285 5011 21,
1312 4959 1490 5004 exstat
1517 4948 1741 5016 hujusce

178 5015 471 5088 donationis
491 5020 798 5088 exemplum
837 5034 894 5072 ιιι
927 5019 1058 5072 Idus
1109 5018 1390 5074 Februarii
1440 5015 1740 5075 Aureliani:

177 5087 384 5144 civitatis
411 5090 590 5160 factm.
623 5087 768 5144 Inter
788 5089 891 5146 alia
934 5088 1191 5158 Pippinns
1236 5089 1508 5143 inducitur
1539 5091 1618 5144 sic
1665 5091 1742 5143 iu-

177 5170 335 5230 quens
361 5177 375 5212 :
421 5178 438 5209 ι
489 5160 761 5214 Donamus
786 5175 884 5213 nos
918 5160 1216 5230 devoteque
1243 5160 1612 5230 contradimus
1643 5176 1740 5230 pro

178 5227 356 5282 anima:
377 5238 582 5283 nostra:
607 5231 936 5291 remedio,et
959 5227 1144 5283 fratris
1183 5229 1352 5283 nostri
1391 5227 1736 5284 Carlomannl

176 5301 697 5368 commemoratione,
720 5299 787 5352 ad
815 5298 1079 5352 Fuldense
1105 5299 1555 5352 monasterium...
1572 5301 1739 5368 quod-

177 5364 286 5419 dam
311 5370 573 5436 praedium
599 5369 914 5423 Onienestat
935 5377 1296 5435 nuncupatum
1330 5368 1381 5420 in
1410 5385 1543 5437 p-igo
1581 5364 1733 5437 Moy-

177 5447 436 5507 necgowe,
461 5455 586 5492 cum
606 5439 854 5492 omnibus
893 5437 1136 5490 terminis
1165 5446 1216 5490 et
1243 5438 1572 5505 appendiciis
1597 5438 1732 5502 suis,

175 5513 271 5558 etc.
310 5527 327 5557 ι
361 5508 489 5562 Hzcc
517 5509 801 5562 Browerus
825 5509 877 5560 in
904 5507 1046 5560 hunc
1068 5507 1265 5559 locum.

241 5575 265 5613 δ
291 5576 491 5631 Charta
539 5577 862 5639 donationis,
893 5585 1032 5630 teste
1081 5576 1354 5639 Browero,
1382 5576 1638 5644 exprimit
1667 5576 1741 5630 Io-

179 5659 284 5716 ttun
327 5647 441 5714 ﬁsci
481 5649 645 5701 nostri
686 5648 847 5716 juxta
875 5647 1090 5716 ﬂuvium
1147 5645 1280 5716 διιιιιΔ
1307 5659 1323 5696 :
1354 5647 1480 5698 item
1508 5647 1740 5700 vicinam

178 5713 343 5770 villam
389 5717 640 5788 Dietpach
663 5713 709 5773 et
738 5713 1099 5784 llunfeldiam,
1123 5730 1240 5786 quae
1263 5713 1376 5784 jam
1409 5716 1736 5786 oppidulum.

1852 4545 2048 4600 bellum
2092 4546 2246 4609 inire,
2291 4560 2492 4615 eosque
2538 4546 2710 4600 victos
2744 4547 2811 4600 ad
2862 4548 3109 4618 proprias
3151 4548 3424 4619 aufugisse

1851 4645 2046 4691 terras.
2083 4636 2236 4704 Quod
2264 4651 2387 4691 cum
2411 4636 2827 4702 audivissemus,
2851 4652 3007 4693 sacra
3047 4639 3193 4694 beati
3224 4639 3425 4712 Marty-

1851 4729 1928 4783 ris
1963 4744 2088 4784 ossa
2130 4729 2462 4794 sustulimus,
2493 4736 2548 4783 et
2573 4730 2868 4801 gaudentes
2916 4732 2983 4784 ad
3033 4735 3419 4790 monasterium

1849 4822 1990 4877 unde
2008 4821 2236 4893 digressi
2269 4837 2478 4888 sumus,
2501 4823 2932 4888 revertebantur;
2967 4832 3020 4878 et
3049 4823 3143 4880 Dei
3167 4826 3423 4896 martyris

1920 4963 1942 5031 ἦ
1968 4951 2359 5031 Metropolitum
2384 4952 2659 5031 provincia
2688 4951 2975 5031 :Eapzﬁa,_
2997 4955 3232 5031 episcopi
3267 4977 3421 5031 _1r¢p-

1845 5026 1996 5086 οικία,
2039 5023 2358 5090 primarium
2387 5022 2596 5075 sedium
2632 5031 2690 5076 ut
2717 5021 3152 5079 Pa'triarcharum
3180 5021 3418 5086 διοίκηόις

1845 5093 1971 5146 olim
1996 5092 2276 5145 dicebatur
2298 5106 2364 5144 ex
2397 5105 2548 5145 conc.
2576 5091 2827 5147 Antioch.
2877 5110 2996 5148 can.
3045 5096 3096 5148 9.
3154 5093 3418 5146 Parochia

1846 5160 2083 5228 antiquis
2137 5159 2305 5231 magis
2351 5160 2527 5229 placet
2578 5176 2677 5230 pro
2711 5163 2932 5217 diuae-esi
2960 5163 3222 5231 episcopi,
3250 5177 3416 5231 quam

1844 5231 2092 5301 parwgia.
2130 5229 2289 5283 Certe
2314 5229 2598 5299 parochos,
2643 5233 2815 5301 inquit
2861 5229 3086 5301 Noui—us
3114 5229 3418 5301 Marcellus,

1851 5318 1869 5349 ι
1907 5315 1936 5353 a
1971 5298 2160 5354 Grmco
2202 5298 2434 5354 tractum
2470 5311 2552 5354 est
2599 5298 2815 5364 nomen,
2839 5303 2980 5370 quod
3009 5298 3253 5370 vehicula
3285 5315 3423 5367 pra:-

1832 5372 1979 5442 beat.
2006 5390 2023 5420 ι
2040 5370 2184 5442 _Nam
2213 5371 2496 5442 prmlieuda
2515 5372 2694 5424 omnia
2722 5369 2957 5442 παροχαὶ
2983 5369 3250 5442 dicuntur.
3268 5370 3422 5442 Nunc

1837 5440 1995 5508 vulgo
2031 5437 2290 5492 Parorhia
2320 5441 2562 5494 strictius
2611 5437 2986 5508 sumitur'pro
3015 5437 3254 5507 qualibet
3283 5441 3420 5494 dia:-

1838 5513 1977 5565 cesis
1987 5510 2308 5578 episcopalis
2319 5509 2604 5579 particula,
2625 5509 2708 5579 cui
2734 5508 3023 5579 singularis
3035 5509 3186 5579 curio
3200 5520 3416 5579 praeest.
3452 5515 3460 5523 '

1911 5575 2456 5651 {concordant—huic
2486 5577 2690 5651 calculo
2721 5575 2956 5634 Annales
2984 5575 3298 5646 Fuldenées,
3323 5581 3419 5651 qui

1846 5649 1897 5704 id
1935 5648 2133 5704 factum
2161 5664 2301 5703 anno
2331 5647 2431 5701 778
2460 5645 2718 5700 referunt.
