4006 6482
539 393 652 449 ιίδ

1482 384 1944 444 BERNOWINUS
1972 380 2585 441 CLAROMONTANUS
2620 380 2854 448 EPISC.

3693 380 3801 436 Ml

543 513 734 564 sancta
759 504 1006 574 sepulcro
1025 517 1134 572 quo
1159 501 1309 572 prius
1331 502 1544 556 inerant
1560 516 1683 557 ossa
1704 500 2045 555 humavimus
2067 512 2118 564 α.
2148 502 2196 560 Α
2223 506 2380 566 cepto
2408 494 2683 566 preposito
2710 507 2898 549 omnes
2920 493 3035 548 dies
3063 493 3186 547 vitae
3204 501 3414 567 vestra:
3435 504 3803 563 perseverate.

543 596 767 653 Christo
791 594 1018 649 Domino
1047 592 1248 663 gratias
1286 591 1599 657 referentes,
1626 592 1768 660 quod
1812 605 1944 660 pace
1993 605 2123 645 con-

545 706 703 746 cessa
724 697 911 744 nostro
937 686 1273 740 monasterio
1298 685 1606 739 inhabitare
1635 685 1957 739 sineremur.

618 776 711 830 25.
751 774 904 829 Tunc
929 772 1125 825 iterum
1158 784 1253 823 rex
1281 770 1527 833 Carolus,
1557 770 1625 824 ad
1652 770 2122 824 conﬁrmationem

545 868 818 935 inchoatae
864 862 987 917 ﬁdei
1031 861 1383 924 Christianas,
1415 876 1535 914 cum
1570 859 1815 915 exercitu
1864 860 1930 914 ad
1978 860 2126 914 illam

546 969 751 1015 terram
781 954 1046 1026 perrexit,
1071 959 1126 1007 et
1155 953 1516 1006 venerandum
1545 950 1799 1006 Sturmen
1829 951 2123 1017 inﬁrmum,

544 1046 657 1117 j-am
683 1053 962 1101 senectute
991 1045 1215 1106 fessum,
1243 1043 1296 1095 in
1335 1041 1633 1112 Heresburg
1662 1041 1731 1096 ad
1754 1044 2007 1105 tuendam
2029 1058 2126 1105 ur-

545 1138 673 1192 bem
713 1149 837 1191 cum
865 1134 1029 1190 sociis
1058 1133 1172 1188 suis
1199 1132 1388 1187 sedere
1410 1130 1591 1199 jussit.
1623 1132 1907 1201 Dispositis
1937 1148 2131 1188 secun-

548 1227 678 1281 dum
722 1224 1054 1279 voluntatem
1086 1238 1238 1277 suam
1270 1222 1538 1276 universis
1584 1237 1680 1277 rex
1735 1236 1857 1275 cum
1908 1221 2128 1285 rediret,

546 1325 799 1375 sanctum
844 1317 1020 1370 virum
1067 1330 1273 1385 paucos
1299 1315 1416 1373 dies
1438 1322 1561 1384 post
1596 1314 1830 1368 reditum
1885 1328 2041 1375 suum
2074 1313 2130 1366 iu

2226 591 2395 644 Deum
2426 588 2745 643 altissimum
2773 600 2872 655 pro
2900 600 2987 640 me
3008 592 3182 650 orate,
3203 593 3259 639 et
3282 586 3327 639 si
3346 585 3623 655 quippiam
3646 601 3807 656 prave

2226 681 2366 751 apud
2396 695 2492 735 vos
2517 680 2621 751 egi,
2654 678 2741 733 vel
2775 678 3008 746 aliquem
3057 676 3254 744 injuste
3295 675 3519 741 offendi,
3548 677 3811 745 ignoscite

2224 772 2359 828 mihi
2394 791 2406 825 :
2438 778 2492 825 et
2511 785 2610 841 ego
2631 760 2845 824 cunctis.
2871 784 2937 822 ex
2976 768 3170 822 intimo
3214 767 3378 821 corde
3411 768 3596 821 omnia
3625 769 3810 822 convi-

2227 860 2311 914 cia
2350 868 2404 914 et
2428 874 2631 913 omnes
2658 856 3016 912 contumelias
3044 871 3195 910 meas
3236 856 3486 926 ignosco,
3522 870 3734 910 necnon
3761 866 3812 911 et

2227 950 2516 1021 Lullo,qui
2567 950 2697 1005 mihi
2748 963 2963 1019 semper
3008 947 3421 1003 adversabatur.
3467 946 3600 1001 Post
3626 946 3732 1001 ista
3760 956 3811 1003 et

2229 1046 2334 1105 alia
2376 1043 2632 1104 nonnulla
2677 1043 2818 1097 bona
2854 1042 3040 1105 verba,
3072 1040 3334 1095 fratribus
3361 1039 3696 1103 valedicens,
3729 1039 3808 1093 di-

2230 1138 2377 1193 misit
2403 1149 2515 1190 eos.
2550 1134 2796 1212 Egressis
2820 1148 2951 1204 ergo
2978 1132 3262 1196 fratribus,
3294 1132 3459 1202 coepit
3483 1131 3570 1185 vi'r
3596 1138 3812 1186 sanctas

2232 1232 2433 1285 acriter
2453 1229 2825 1299 languescere,
2852 1232 2907 1279 et
2934 1225 3004 1280 ad
3042 1238 3294 1293 suprema
3342 1222 3651 1292 perurgeri.
3691 1221 3813 1275 Erat

2232 1322 2501 1385 universis
2529 1332 2751 1383 mceror,
2779 1325 2835 1371 et
2873 1316 3095 1371 tristitia
3124 1329 3321 1385 magna
3364 1313 3575 1367 animos
3602 1313 3813 1367 obside-

548 1408 860 1479 supradicta
907 1405 1043 1460 urbe
1087 1406 1277 1460 sedere
1298 1405 1606 1474 imperavit.
1637 1404 1755 1471 Quo
1783 1404 2020 1473 expleto,
2066 1402 2133 1457 ad

2238 1416 2328 1469 bat
2358 1412 2611 1477 fratrum,
2643 1411 2734 1480 qui
2772 1409 2942 1464 solius
2992 1408 3108 1473 Dei,
3139 1405 3478 1477 laerymabili
3522 1419 3688 1467 voce,
3719 1405 3814 1459 mi-

547 1496 941 1552 monasterium
991 1496 1077 1551 vir
1121 1495 1221 1549 Dei
1260 1496 1441 1559 rediit,
1464 1495 1653 1552 habitu
1689 1508 1874 1552 secum
1924 1494 2135 1548 medico
2236 1506 2587 1562 sericorum".
2610 1502 2993 1572 implorabant,
3015 1510 3070 1556 et
3103 1499 3310 1559 obitum
3335 1497 3510 1552 sancti
3539 1511 3605 1551 ac
3652 1510 3811 1550 vene-

550 1586 758 1641 domini
806 1586 951 1655 regis
979 1584 1177 1650 Caroli,
1201 1585 1289 1640 cui
1319 1583 1518 1640 nomen
1567 1585 1868 1648 Wintarus,
1892 1582 1990 1653 qui
2019 1583 2137 1657 ejus

2238 1596 2395 1657 randi
2421 1594 2630 1648 abbatis
2657 1592 2741 1647 sui
2767 1590 2974 1645 Sturmi
2994 1588 3249 1644 maximis
3274 1587 3506 1642 Domino
3544 1598 3814 1641 commea—

550 1677 867 1735 subveuiret
902 1677 1227 1733 inﬁrmitati.
1258 1677 1395 1731 Dum
1425 1692 1554 1732 vero
1600 1678 1831 1747 quadam
1871 1678 1978 1741 die,
2004 1678 2140 1737 artis
2240 1685 2441 1744 dabant
2468 1683 2743 1754 precibus.

551 1785 663 1824 sua:
697 1769 747 1824 ei
780 1770 965 1825 nescio
991 1785 1151 1838 quam
1206 1770 1479 1838 potionem
1529 1769 1818 1831 infuderat,
1866 1784 1989 1823 cum
2019 1784 2127 1839 qua

2311 1773 2402 1833 16,
2442 1772 2625 1826 Altera
2655 1782 2835 1825 autem
2855 1768 2965 1835 die,
2996 1768 3050 1827 id
3089 1774 3284 1824 estva
3305 1765 3422 1826 Kal.
3449 1764 3716 1828 Januarii,
3741 1765 3815 1817 in-

553 1859 800 1913 minuere
825 1859 1009 1913 ἀοδυὶι
1033 1858 1444 1922 inﬁmlilatem;
1475 1859 1570 1917 sed
1598 1859 1673 1921 ila
1709 1859 1883 1921 auxit.
1907 1866 1967 1911 ut
2001 1857 2135 1911 vali-
2162 1851 2209 1909 Β
2238 1870 2590 1935 gravescente
2614 1861 2872 1931 languore
2915 1860 2981 1915 ad
3003 1869 3245 1915 extrema
3280 1857 3549 1911 deductus
3575 1863 3680 1909 est.
3708 1854 3814 1908 Cir-

554 1948 678 2002 dius
705 1958 762 2003 et
778 1948 961 2003 acrius
980 1949 1029 2003 ei
1070 1948 1186 2003 lues
1231 1950 1430 2003 acerba
1478 1956 1790 2017 angeretur.
1830 1949 1900 2003 Et
1939 1949 2137 2004 anxius

562 2041 747 2095 dicere
773 2042 958 2111 coapit,
984 2042 1127 2110 quod
1161 2042 1210 2095 ei
1233 2042 1475 2103 medicus
1502 2042 1594 2109 qui
1621 2042 1865 2097 minuere
1890 2040 2138 2096 morbum

556 2130 835 2192 debuerat,
861 2130 1063 2185 malum
1093 2129 1296 2200 grande
1333 2131 1646 2201 irrogasset.
1696 2130 1931 2185 Currere
1977 2131 2138 2185 citius

555 2223 624 2276 ad
654 2221 942 2276 ecclesiam
976 2221 1151 2290 jubet,
1175 2236 1363 2275 omnes
1386 2221 1606 2291 gloggas
1630 2221 1660 2260 ιι
1687 2222 1889 2290 pariter
1933 2221 2139 2275 moveri

556 2310 935 2380 imperavit,et
957 2310 1216 2366 fratribus
1240 2311 1578 2381 congregatis
1606 2310 1812 2365 obitum
1845 2324 2001 2364 suum
2030 2310 2139 2367 cito

561 2401 873 2456 adfuturum
898 2403 1148 2456 nuntiare
1163 2403 1442 2471 praecepit,
1460 2411 1514 2457 et
1540 2418 1638 2472 pro
1663 2418 1722 2457 se
1741 2402 1954 2456 enixius
1981 2416 2139 2457 orare

556 2492 869 2561 postulavit.
917 2491 1253 2562 Congregata
1296 2493 1447 2562 prius
1489 2493 1635 2546 omni
1673 2492 1895 2556 familia,
1918 2492 2138 2545 domum

556 2582 612 2636 iu
636 2597 740 2650 qua
767 2582 881 2651 ipse
896 2582 1135 2652 jacebat,
1151 2597 1269 2636 eam
1294 2582 1564 2638 introduci
1585 2582 1735 2647 fecit,
1750 2590 1913 2652 atque
1924 2596 2139 2637 omnem

557 2675 1038 2745 congregationem
1066 2675 1151 2733 bis
1174 2674 1353 2731 verbis
1377 2674 1604 2728 adorsus
1626 2681 1710 2728 est
1734 2692 1746 2726 :
1790 2675 1918 2737 Vos,
1942 2674 2137 2742 inquit,

556 2779 591 2818 ο
620 2763 838 2824 fratres.
862 2766 1098 2825 studium
1123 2780 1302 2818 meum
1338 2763 1686 2835 cognovistis,
1712 2763 1951 2833 qualiter
1969 2778 2140 2832 usque

558 2854 615 2909 in
643 2855 962 2909 hodiernum
993 2855 1134 2911 diem
1161 2869 1261 2923 pro
1287 2863 1467 2917 vestra
1495 2854 1724 2908 utilitate
1751 2862 1804 2908 et
1837 2869 1970 2925 pace
1996 2855 2142 2909 labo-

559 2945 703 3009 ravi,
731 2953 785 2997 et
810 2945 913 2999 hoc
939 2945 1173 3003 maxime
1203 2946 1386 3009 curavi
1423 2945 1658 3015 qualiter
1693 2945 1836 2999 istud
1865 2953 2138 2999 monaste-

562 3035 702 3089 rium
734 3044 858 3106 post
885 3036 1089 3090 obitum
1139 3051 1317 3095 meum
1358 3052 1707 3107 perseverare
1760 3038 1813 3091 in
1863 3037 2139 3097 voluntate

564 3124 764 3181 Christi
793 3127 1019 3192 valeret,
1039 3135 1094 3184 et
1123 3143 1218 3182 vos
1256 3128 1377 3183 istic
1405 3129 1632 3183 Domino
1677 3129 1879 3184 servire
1926 3129 2139 3192 sincere

566 3231 692 3272 cum
742 3218 1006 3273 cbaritate
1041 3219 1289 3289 quiretis,
1321 3236 1355 3275 o
1406 3220 1522 3274 ﬁlii.
1573 3219 1727 3279 Nunc
1764 3236 1895 3276 vero
1929 3188 1991 3275 in
2015 3235 2144 3276 con-
2169 3188 2214 3252 α

639 3368 772 3449 {.Et
802 3378 977 3449 tamen
1007 3385 1150 3435 arca,
1168 3386 1262 3449 seu
1291 3372 1755 3449 ciboriitm,super
1778 3374 1949 3431 sancti
1976 3375 2138 3429 Boni-

567 3436 977 3512 faﬂcii‘tumulum
1002 3450 1181 3500 erecta
1209 3442 1409 3505 fecerat
1435 3458 1465 3497 a
1503 3436 1763 3507 St‘urmio,
1803 3460 1963 3512 supra
1988 3460 2138 3498 num.

566 3506 656 3560 20.
684 3506 799 3583 Non
825 3525 953 3583 ergo
982 3521 1291 3583 sanclorum
1326 3527 1553 3580 corpora
1594 3515 1644 3565 in
1682 3506 1923 3583 superna
1951 3514 2142 3568 cibarii

566 3586 738 3701 parte,
755 3579 1018 3647 siquidem
1044 3579 1155 3637 fere
1178 3582 1405 3636 solidum
1429 3579 1575 3647 erat,
1599 3582 1693 3637 sed
1713 3579 1775 3637 in
1794 3585 1909 3654 ipso
1939 3584 2142 3638 tumulo

607 3649 777 3701 umari
810 3657 921 3701 tum
950 3649 1097 3701 soleb
1133 3660 1212 3701 nt.

607 3649 777 3701 umari
810 3657 921 3702 tum
950 3649 1097 3705 soleb
1133 3660 1212 3711 nt.

643 3716 787 3797 13§ic
809 3721 1403 3797 campanasvoeabant.
1420 3722 1793 3797 __\\’illiba_ldus,
1808 3731 1863 3778 et
1877 3723 2145 3797 Otlilonus

568 3785 623 3839 in
653 3785 771 3840 Vita
802 3785 971 3843 sancti
992 3788 1252 3849 Bouifacii
1281 3792 1381 3845 sub
1412 3794 1573 3847 linem
1602 3785 1809 3862 glocca's
1839 3805 1893 3847 et
1931 3794 2143 3864 cloggas

582 3972 1798 4012 Ἦ

2238 1953 2639 2009 cumstantibus
2663 1965 2793 2005 vero
2812 1950 2970 2005 nobis
2996 1958 3053 2004 et
3088 1948 3396 2004 videntibus
3420 1945 3542 2014 ejus
3591 1945 3813 2003 celerem

2238 2044 2356 2099 fore
2392 2043 2619 2104 exitum,
2648 2040 2844 2110 aliquis
2860 2054 2898 2094 re
2926 2039 3084 2094 nobis
3108 2044 3338 2094 exorsus
3365 2046 3451 2093 est
3480 2053 3496 2089 :
3534 2036 3717 2097 Pater,
3743 2033 3816 2087 in-

2240 2137 2380 2208 quit,
2430 2151 2528 2190 uos
2563 2149 2668 2188 non
2699 2133 3022 2203 ambigimus
3051 2140 3105 2186 te
3136 2132 3204 2186 ad
3235 2132 3523 2186 Dominum
3558 2130 3814 2196 migratu—

2237 2245 2379 2294 rum,
2411 2236 2466 2283 et
2504 2227 2571 2282 ad
2612 2227 2777 2280 vitam
2806 2225 3090 2294 pervenire
3126 2236 3462 2292 perennem;
3489 2227 3813 2290 quapropter

2237 2319 2621 2391 paternitatem
2648 2323 2795 2370 tuam
2835 2316 3190 2389 deprecamur
3233 2321 3295 2367 ut
3323 2312 3495 2366 nostri
3528 2309 3810 2364 memorari

2238 2408 2498 2476 digneris,
2528 2414 2586 2461 et
2634 2406 2709 2461 ibi
2752 2420 2853 2474 pro
2900 2405 3177 2475 discipulis
3206 2404 3312 2459 tuis
3355 2402 3589 2458 Domino
3634 2415 3814 2471 preces

2234 2500 2486 2564 fundere,
2513 2499 2781 2578 quomodo
2812 2496 3016 2567 justum
3045 2496 3367 2551 conﬁdimus
3396 2493 3556 2550 nobis
3580 2491 3811 2561 profutu-

2239 2606 2382 2654 rum,
2405 2590 2550 2659 quod
2578 2588 2740 2651 talem
2764 2588 3145 2659 praemittimus
3171 2595 3477 2656 patronum.
3494 2584 3617 2651 Qui,
3644 2583 3811 2637 subito

2239 2682 2456 2737 intuens
2487 2696 2588 2736 nos
2617 2700 2629 2734 :
2659 2681 2945 2745 Exhibete,
2973 2679 3169 2748 inquit,
3196 2678 3558 2747 vosmetipsos
3601 2674 3807 2745 dignos,

2240 2783 2297 2831 et
2327 2774 2461 2828 tales
2483 2780 2654 2827 estote
2680 2773 2735 2826 in
2762 2773 2960 2826 vestris
2983 2772 3247 2834 moribus,
3272 2778 3334 2824 ut
3354 2770 3457 2823 rite
3481 2766 3692 2822 valeam
3721 2780 3810 2836 pm

2245 2866 2395 2925 vobis
2431 2879 2589 2918 orare
2635 2881 2647 2916 :
2688 2871 2743 2916 et
2780 2863 2857 2916 ita
2905 2860 3103 2916 faciam
3145 2859 3289 2930 quod
3331 2857 3639 2929 postulatis.
3691 2855 3810 2911 Post

2240 2970 2371 3010 vero
2397 2956 2563 3009 verba
2593 2954 2733 3018 hare,
2764 2960 2952 3008 sancta
2978 2952 3069 3007 illa
3097 2952 3278 3006 anima
3304 2965 3467 3006 carne
3502 2949 3676 3004 soluta
3714 2957 3806 3010 est,

2240 3055 2297 3103 et
2338 3047 2405 3100 de
2446 3044 2719 3115 ergastulo
2756 3042 3003 3113 corporis
3046 3049 3254 3110 erepta,
3298 3040 3457 3094 bonis
3499 3038 3712 3093 meritis
3736 3051 3811 3090 re-

2218 3136 2385 3207 pleta
2407 3125 2661 3205 migravit
2685 3133 2750 3187 ad
2774 3132 3069 3198 Christum,
3097 3129 3250 3198 cujus
3270 3130 3325 3184 in
3346 3136 3661 3201 perpetuum
3690 3140 3808 3195 per-

2248 3234 2432 3281 manet
2455 3240 2703 3295 regnum.
2733 3221 2926 3277 Amen.

2244 3379 2515 3454 appellant
2542 3394 2555 3430 :
2582 3385 2636 3430 et
2674 3374 2986 3430 Bonifacius
3032 3387 3145 3497 Ἦεθ
3166 3372 3220 3426 in
3250 3369 3478 3440 epistola
3509 3368 3544 3424 9
3567 3368 3807 3446 cloacam,

2245 3450 2458 3497 tnnmlsi
2487 3449 2591 3497 iam
2621 3462 2888 3497 cumnam:
2918 3459 3043 3497 voca
3088 3443 3176 3497 ulo
3197 3457 3337 3495 usus
3366 3440 3542 3494 fuerat
3576 3436 3715 3491 Beda
3759 3452 3807 3488 lli

2245 3436 2458 3504 tametsi
2480 3449 2591 3518 jam
2621 3462 2888 3518 campana!
2918 3436 3179 3518 vocabulo
3197 3436 3337 3518 usus
3361 3440 3542 3518 fuerat
3576 3436 3715 3491 Beda
3742 3436 3809 3516 _in

2246 3520 2341 3573 lib.
2372 3534 2447 3584 iv,
2471 3510 2587 3586 cap.
2612 3517 2702 3577 23,
2720 3510 2784 3569 ex
2815 3529 2922 3582 quo
2947 3513 3176 3583 aliisque
3198 3510 3523 3580 colligimus,
3548 3521 3681 3576 pene
3711 3510 3812 3559 sin-

2248 3590 2433 3630 σιιιίδιιρ
2461 3602 2579 3630 nam
2603 3588 2652 3630 id
2674 3584 2815 3630 niind
2844 3586 2945 3630 hoc
2972 3584 3089 3630 lum
3116 3582 3371 3630 scribitur
3397 3580 3466 3630 de
3486 3577 3710 3630 nulsatis
3729 3589 3813 3628 ec-

2248 3580 2442 3660 gulare'
2461 3580 2579 3641 esse
2603 3588 2654 3639 id
2674 3584 2817 3655 quod
2837 3580 2945 3638 'boc
2971 3580 3103 3637 loeo'
3116 3582 3371 3636 scribitur
3397 3580 3466 3633 de
3480 3580 3710 3659 pulsatis
3729 3589 3812 3628 ec-

2247 3660 2429 3714 clesite
2461 3658 2632 3729 signis
2658 3656 2759 3721 sub
2783 3663 3057 3713 extremos
3083 3651 3311 3708 Sturmii
3342 3656 3668 3720 exspirantis
3691 3659 3812 3716 ago-

2249 3744 2365 3785 nes.

1811 3966 3812 4011 Μ

1789 4145 1960 4189 ANNO
2004 4145 2235 4189 DOMINI
2276 4144 2619 4191 DCCCXXIV.

1481 4326 2049 4502 BERN
2060 4325 2667 4508 OWIN
2679 4324 2946 4504 US

1685 4619 2295 4684 CLAROMONTANUS
2333 4618 2730 4677 EPISCOPUS.

1194 4784 1622 4865 NOTITIA
1701 4786 2247 4864 HISTOBICA
2312 4787 2424 4865 IN
2500 4783 3239 4865 BERNOWINUM.

1690 4960 1838 5025 (Hist.
1858 4961 2033 5013 Franc.
2052 4961 2166 5020 litt.,
2188 4965 2307 5012 tom.
2332 4960 2419 5023 ιν,
2446 4976 2558 5025 pag.
2574 4960 2710 5021 481.)

652 5156 729 5210 De
756 5156 1075 5212 Bemowino
1102 5157 1354 5226 episcopo
1380 5156 1803 5211 Claromontano
1826 5157 1991 5210 altum
2031 5158 2118 5211 diu
2150 5157 2291 5226 apud
2320 5171 2508 5211 omnes
2533 5155 2828 5226 scriptores
2852 5154 3143 5226 silentium.
3175 5151 3389 5226 Primus
3403 5168 3597 5226 nomen
3615 5150 3734 5226 pejus
3756 5166 3821 5206 ex

583 5226 849 5296 oblivione
870 5227 1013 5296 eruit
1040 5222 1390 5287 Mabillonius,
1434 5229 1524 5296 qui
1555 5227 1794 5280 carmina
1840 5222 2219 5296 quredamejns
2266 5225 2482 5278 nomine
2530 5222 2787 5296 inscripta
2814 5225 2981 5280 edidit
3009 5241 3073 5279 ex
3104 5225 3469 5296 manuscripto
3499 5222 3823 5296 bibliotheca

581 5292 969 5368 Qttobonianic.
997 5295 1263 5368 Incertum
1296 5290 1686 5368 plane'quandg
1708 5297 1772 5348 ad
1810 5290 1990 5351 sedem
2041 5290 2512 5368 Claromoutanam
2541 5294 2611 5347 sit
2636 5290 2859 5368 evectus
2877 5302 2931 5347 et
2957 5310 3065 5365 quo
3094 5290 3475 5368 ann_o_e__'_vi:vis
3511 5290 3821 5368 egesserit.

584 5363 761 5436 Caroli
790 5366 971 5436 magni
993 5361 1359 5420 muniﬁcentia
1413 5361 1628 5436 adjutus
1653 5365 2004 5419 Bernovviuus
2032 5380 2281 5436 magnam
2308 5364 2594 5419 ecclesiam
2633 5364 2688 5436 in
2734 5361 2999 5436 honorem
3040 5365 3210 5436 sancti
3236 5362 3392 5436 Alliri
3443 5361 3728 5419 aadilicavit
3770 5361 3827 5412 in

584 5444 682 5487 sua
709 5433 926 5489 civitate
958 5436 1269 5506 episcOpali.
1290 5433 1596 5492 Bernovviui
1620 5443 1851 5505 quatuor
1871 5444 2077 5490 tantum
2117 5433 2356 5489 carmina
2376 5441 2612 5502 exstant,
2645 5433 2787 5489 inter
2814 5450 2933 5504 qua:
2954 5434 3070 5506 ejus
3108 5433 3482 5505 epitaphium.-
