4006 6452
255 399 286 452 ι
299 395 349 449 i5
1675 383 1759 437 CA
1769 380 2006 438 RMINA.

259 517 3415 550 ________________________________.______._____.

3378 374 3487 432 M6

1058 654 1879 774 BERNOWINI
1967 651 2650 766 CARMINA.

716 999 996 1056 CARMEN
1033 997 1324 1054 PRIMUM.

367 1096 603 1172 (Mabill.,
627 1094 819 1148 Annal.
849 1093 1068 1157 Bened.,
1094 1101 1224 1146 tom.
1255 1092 1318 1155 ll,
1348 1105 1467 1160 pag.
1500 1089 1647 1156 717.)

248 1192 580 1258 Omnipotens
606 1186 883 1247 Dominus,
909 1185 998 1252 qui
1019 1183 1161 1236 celsa
1194 1183 1274 1236 vel
1305 1183 1408 1234 ima
1433 1181 1724 1259 gubernas,

310 1277 582 1345 Maiestate
607 1285 795 1342 potens
820 1288 1032 1342 semper
1062 1271 1261 1340 ubique
1281 1272 1442 1334 Deus,

246 1369 450 1436 Respice
476 1363 548 1418 de
576 1364 710 1418 solio
741 1371 1048 1415 sanctorum
1089 1361 1255 1430 gloria
1281 1374 1513 1426 summo,

266 1474 275 1483 '
305 1456 676 1522 Auxiliumque
708 1452 830 1513 tuis,
866 1451 976 1508 Rex
1008 1452 1166 1513 bone,
1191 1450 1257 1502 da
1289 1448 1525 1502 famulis.

243 1545 570 1614 Principibus
599 1557 809 1611 pacem,
839 1541 1096 1610 subjectis
1125 1539 1259 1593 adde
1293 1539 1520 1592 salutem
1549 1556 1562 1602 _:

303 1637 468 1691 Hostis
495 1635 641 1707 pelle
666 1635 860 1696 minas,
886 1641 939 1685 et
961 1631 1072 1686 fera
1102 1631 1237 1685 bella
1267 1645 1472 1700 preme.

240 1727 352 1783 llaec
377 1740 612 1795 quoque,
639 1740 757 1798 qua:
787 1723 948 1788 statui
974 1721 1225 1791 fulgentia
1252 1720 1491 1775 culmina
1521 1716 1706 1785 templi

297 1816 646 1870 Bernowinus
674 1829 795 1883 ego,
829 1813 936 1866 sint
965 1811 1058 1864 tibi
1082 1819 1233 1881 grata
1261 1811 1390 1864 Deo.
1427 1871 1434 1876 ,

235 1909 457 1976 Augusto
479 1914 543 1958 et.
563 1905 776 1966 Carolo,
801 1920 830 1957 c
864 1903 953 1970 jus
977 1903 1171 1972 virtute
1195 1902 1397 1971 peregi,

239 2047 242 2050 .
295 1996 537 2050 Concede
570 1995 780 2064 imperii
807 1994 996 2063 gaudia
1023 2008 1213 2062 magna
1239 1992 1341 2046 sui.

234 2069 468 2156 Quisquis
493 2097 560 2142 et
587 2088 713 2142 hinc
733 2103 972 2141 summas
998 2086 1250 2156 precibus
1272 2085 1572 2153 pulsaverit
1599 2101 1760 2141 aures
1777 2125 1792 2150 ,

294 2179 552 2232 Effectum
587 2180 786 2232 tribuat
811 2160 1025 2245 semper
1056 2178 1254 2231 habere
1285 2177 1443 2228 Deus.

233 2268 331 2323 Hoc
359 2268 669 2323 construxit
689 2283 838 2334 opus,
865 2267 1053 2329 lector,
1080 2267 1218 2335 quod
1249 2266 1429 2318 cernis
1459 2265 1768 2322 honestum.

291 2361 644 2414 Bernowinus
667 2373 855 2420 ovans,
883 2359 1074 2412 ductus
1106 2373 1289 2410 amore
1313 2356 1406 2410 Dei
1441 2373 1453 2408 :

231 2449 364 2504 Illius
384 2465 600 2504 necnon
628 2449 804 2520 magni
827 2464 925 2518 pro
946 2447 1115 2516 patris
1139 2461 1342 2509 amore,

290 2538 524 2607 Corpore
554 2540 645 2606 qui
674 2547 871 2591 sauetze
894 2545 1085 2605 pausat
1116 2537 1168 2588 iu
1198 2548 1323 2587 arce
1353 2535 1564 2588 domus.

230 2626 280 2680 In
309 2644 406 2696 qua
433 2627 604 2681 multa
635 2628 896 2696 Deusjam
919 2627 1030 2695 jam
1054 2623 1314 2678 miracula
1346 2623 1494 2678 mitis

293 2716 493 2788 Saepius
515 2719 776 2780 ostendit,
820 2717 961 2772 illius
984 2718 1052 2773 ob
1075 2718 1345 2772 meritum.

232 2805 287 2862 Si
309 2809 487 2862 veniet
519 2808 768 2877 quisquis
796 2807 916 2860 fidei
943 2808 1009 2860 de
1033 2822 1252 2861 munere
1276 2807 1442 2869 dives,

298 2895 444 2961 Quod
473 2898 611 2966 petit
634 2896 861 2957 invenit,
889 2897 1032 2964 quod
1059 2896 1206 2963 cupit
1234 2910 1358 2948 ecce
1383 2903 1544 2960 tenet,

231 2986 331 3040 Vos
361 2987 584 3048 fratres,
615 2985 783 3039 veniat
805 2986 1082 3052 petitores,
1107 2987 1334 3037 obsecro
1365 2983 1514 3037 vobis

295 3076 505 3131 Poscite
537 3075 728 3129 factori
756 3076 895 3127 dona
935 3088 1164 3140 superna
1190 3073 1396 3126 domus.

226 3164 345 3219 llaec
376 3167 469 3220 tibi
495 3165 775 3227 constitui,
807 3163 941 3216 lllidi
973 3179 1164 3234 magne
1198 3163 1468 3226 sacerdos,

291 3256 420 3321 Quae
443 3257 580 3310 nitet
609 3256 696 3309 hic
725 3255 998 3308 Domini...
1031 3254 1178 3307 clara
1199 3253 1407 3306 domus.

222 3343 576 3399 Bernovvinus
601 3360 721 3414 ego,
749 3353 1058 3397 sanctorum
1081 3358 1280 3413 parvus
1302 3350 1531 3407 amator,

289 3436 391 3500 Qui
419 3435 517 3488 tibi
544 3435 807 3504 przecipue
833 3442 956 3486 vota
990 3447 1284 3502 precesque
1304 3431 1418 3485 fero
1446 3449 1459 3483 :

216 3524 292 3580 Te
316 3541 450 3595 rogo
480 3525 794 3594 suppliciter
813 3538 912 3591 pro
940 3540 1024 3576 me
1045 3538 1202 3591 prece
1222 3538 1382 3591 posce
1407 3521 1726 3585 Tonantem,

287 3617 359 3672 Ut
383 3626 582 3684 purget
605 3616 756 3669 venia
782 3615 1010 3667 crimina
1033 3623 1223 3666 cuncta
1250 3629 1389 3667 mea.

210 3708 282 3764 Et
308 3705 510 3762 Carolo
530 3706 788 3773 Augusto,
812 3701 964 3768 cujus
985 3703 1181 3769 pietate
1205 3700 1472 3765 fovemur,

281 3797 541 3864 Praebeat
564 3794 783 3850 aetherei
812 3792 1033 3862 praemia
1072 3791 1218 3862 larga
1248 3791 1368 3847 soli.

814 3901 1096 3957 CARMEN
1135 3903 1197 3956 ll.

805 3973 1028 4041 (Mabill.
1058 3971 1209 4042 ibid.)

217 4065 318 4135 Qui
343 4064 530 4134 cupiat
558 4077 737 4116 rerum
762 4060 1037 4116 studiosus
1064 4059 1202 4113 forte
1227 4058 1406 4113 viator

283 4157 576 4212 Auctorem
605 4153 744 4207 scire
772 4151 1048 4215 carminis,
1076 4160 1166 4204 aut
1188 4150 1398 4219 Operis;

219 4247 351 4303 Cum
384 4247 568 4311 rediit,
593 4259 798 4313 quaeso,
823 4244 1091 4297 modicum
1110 4243 1367 4297 subsistat
1387 4241 1582 4308 eundo,

290 4341 355 4394 Et
390 4339 537 4408 legat
560 4335 975 4399 hunctitulum,
997 4335 1086 4403 qui
1115 4335 1217 4388 sibi
1249 4343 1440 4388 cuncta
1469 4334 1654 4391 refert.

220 4429 577 4485 Bernowinus
600 4443 700 4498 ego
727 4442 852 4480 nam
876 4427 1027 4480 dicor
1058 4425 1392 4479 humillimus
1417 4425 1550 4495 epus

287 4520 539 4574 Culmina
563 4533 680 4586 quze
704 4515 828 4580 feci,
855 4516 1094 4570 carmina
1118 4530 1237 4582 quae
1263 4514 1456 4567 cecini.

221 4611 322 4678 Qui
344 4611 530 4665 veniet
551 4608 764 4662 veniam
791 4607 1056 4661 scelerum
1087 4605 1377 4672 deposcere
1403 4603 1554 4669 fletu,

289 4701 560 4754 Transeat
581 4699 682 4756 has
708 4707 911 4767 portas,
943 4695 1010 4748 ad
1039 4696 1154 4749 loca
1189 4705 1378 4749 sancta
1404 4695 1566 4762 situs,

224 4791 457 4862 Corpore
486 4791 693 4845 lllidius
718 4790 859 4844 celsa
886 4789 976 4858 qui
1007 4798 1200 4857 pausat
1224 4789 1277 4841 in
1311 4789 1434 4843 aula

291 4882 538 4936 Eximius
575 4879 784 4934 meritis
812 4889 866 4933 et
891 4879 1090 4947 pietate
1113 4887 1322 4947 potens.

223 4968 332 5024 Illic
363 4971 607 5024 inveniet
633 4969 822 5024 solatia
843 4976 989 5023 certa
1020 4969 1231 5033 salutis,

291 5057 356 5112 Et
385 5073 554 5128 quam
576 5073 698 5112 cum
721 5057 976 5127 lacrymis
1004 5067 1209 5126 poscet,
1238 5058 1399 5112 habet
1425 5059 1657 5122 veniam,

817 5167 1095 5222 CARMEN
1130 5168 1213 5221 lll.

681 5237 972 5292 Bernowini
1001 5239 1339 5305 epitaphium.

814 5325 1032 5396 (Mabill.
1059 5327 1210 5396 ibid.)

229 5416 349 5474 Hinc
380 5419 476 5490 qui
506 5434 660 5473 sacra
691 5417 830 5487 petis
856 5418 1147 5470 venerandi
1178 5416 1411 5471 culmina
1443 5418 1650 5487 templi,

297 5508 540 5562 Eximios
561 5507 733 5562 cultos
757 5522 876 5575 qua:
904 5506 1120 5574 pietatis
1145 5507 1374 5571 habent;

234 5591 341 5648 Hoc
372 5596 580 5666 relegas
603 5611 821 5650 carmen
851 5595 1019 5649 nostri
1057 5595 1365 5650 miserabile
1390 5613 1571 5665 casus,

307 5684 508 5740 Ultima
537 5702 698 5756 quem
723 5687 846 5740 vitae
872 5685 1097 5739 contulit
1120 5685 1252 5739 hora
1276 5687 1425 5741 mihi.

246 5767 400 5830 Dives
432 5792 580 5833 eram
602 5777 891 5849 quondam,
919 5775 1028 5832 lato
1056 5775 1293 5833 famosus
1318 5777 1370 5832 in
1404 5779 1558 5846 orbe,

1827 5017 1882 5078 D

1831 999 1883 1059 Α
1979 990 2318 1058 Principibus
2345 993 2514 1046 multo
2539 992 2736 1048 Charus
2768 1007 2952 1047 amore
2978 993 3101 1063 piis.

1900 1081 2081 1138 Gloria
2113 1098 2198 1135 me
2228 1099 2406 1136 rerum
2431 1100 2583 1153 mage
2608 1083 2876 1139 referebat
2902 1087 3102 1154 opima,

1972 1172 2076 1227 Sed
2101 1187 2283 1242 regum
2306 1173 2462 1227 solita
2497 1174 2669 1242 pluris
2693 1175 2952 1230 amicitia.

1899 1265 2192 1335 Propterea
2223 1265 2401 1335 p0puli
2429 1266 2579 1336 largo
2611 1270 2913 1322 venerabar
2935 1271 3160 1334 honore,

1972 1355 2280 1409 Muneribus
2302 1356 2483 1410 nimiis
2513 1365 2672 1426 atque
2705 1357 2889 1411 favore
2919 1363 3122 1428 precis.

1901 1446 2004 1503 Sed
2028 1449 2202 1503 subita
2224 1458 2442 1518 ereptus
2464 1458 2614 1503 tanto
2639 1450 2704 1504 de
2739 1453 2973 1508 culmine
2997 1463 3173 1522 sorte,

1972 1539 2195 1610 Augusti
2227 1540 2443 1608 requies
2481 1555 2566 1594 me
2599 1548 2745 1606 tenet
2774 1543 2874 1596 ista
2910 1543 3034 1598 loci.

1901 1627 2027 1690 Ilmc
2060 1631 2155 1684 tibi
2188 1631 2319 1684 dant
2341 1638 2560 1694 nostrae,
2595 1630 2784 1697 lector,
2812 1635 3056 1703 exempla
3087 1635 3272 1708 figurae

1972 1719 2289 1774 Totius'hoc
2310 1721 2436 1774 vitae
2461 1737 2568 1790 quo
2597 1721 2862 1791 gradiaris
2886 1724 2991 1778 iter
3024 1744 3036 1780 :

1901 1807 2019 1874 Quo
2045 1825 2146 1863 nec
2173 1811 2406 1872 divitias,
2441 1827 2539 1866 nec
2569 1814 2746 1881 turpia
2785 1814 2934 1868 lucra
2958 1817 3227 1884 sequaris,

1973 1900 2082 1954 Nec
2110 1901 2380 1968 periturus
2403 1917 2498 1956 eas
2531 1918 2673 1956 caeca
2706 1904 2902 1958 talenta
2926 1915 3133 1973 petens.

1900 1990 2032 2057 Quae
2061 1991 2185 2043 dum
2218 1996 2506 2043 servantur
2527 1992 2766 2045 tenebris
2793 1993 3045 2047 immersa
3071 1994 3378 2064 profundis,

1969 2081 2027 2134 In
2056 2082 2336 2142 baratrum
2364 2081 2761 2135 mittuntantra
2794 2091 3002 2136 saerata
3041 2099 3187 2138 suos.

1899 2171 2037 2238 Quid
2066 2170 2311 2224 delicatis
2337 2171 2559 2238 prodest
2582 2187 2897 2226 assuescere
2922 2174 3156 2240 mensis?

1969 2261 2176 2327 Quidve
2202 2261 2449 2315 laborata
2475 2277 2714 2330 purpura
2741 2264 2810 2316 ab
2838 2273 2954 2318 arte
2979 2264 3113 2317 tibi?

1823 2347 1868 2406 B
1898 2353 2030 2406 Nam
2061 2353 2220 2407 datur
2245 2352 2430 2407 infelix
2454 2369 2668 2422 corpus,
2698 2356 2783 2408 cui
2807 2365 2954 2409 tanta
2978 2365 3242 2424 parantur

1969 2442 2170 2497 Adfore
2193 2459 2312 2496 mox
2339 2443 2514 2512 pulvis
2534 2445 2811 2499 vermibus
2834 2461 2957 2500 esca
2987 2447 3167 2500 simul.

1902 2532 2004 2588 Sed
2024 2534 2134 2601 jam
2160 2549 2325 2602 posco
2349 2535 2520 2587 vicem
2550 2535 2744 2588 reddas
2765 2536 2894 2589 mihi
2920 2539 3183 2594 carminis
3203 2536 3386 2609 hujus,

1971 2623 2147 2692 Atque
2175 2623 2317 2677 illius
2337 2625 2426 2678 dic
2456 2634 2511 2678 tu
2539 2625 2800 2680 miserere
2817 2627 2992 2682 .Deus.
3231 2684 3239 2693 ,

1901 2713 2054 2768 Hunc
2085 2713 2320 2768 concede
2341 2715 2473 2768 mihi
2506 2716 2752 2783 quisquis
2782 2717 3029 2772 succedis
3057 2718 3343 2784 honorem,

1971 2801 2169 2855 Nostro
2192 2801 2413 2870 deposui
2449 2803 2539 2871 qui
2563 2819 2682 2858 mea
2709 2807 2948 2858 membra
2983 2806 3121 2861 loco.

1899 2891 2068 2958 Quem
2091 2900 2214 2961 peto
2241 2892 2382 2945 nulla
2423 2909 2614 2947 manus
2644 2895 2830 2957 violet,
2857 2897 2984 2949 dum
3009 2897 3150 2950 dicat
3173 2898 3241 2951 ab
3267 2897 3378 2954 alto

1973 2981 2327 3051 Omnipotens
2355 2998 2368 3033 :
2404 2981 2600 3052 Surge.
2626 2982 2738 3051 jam
2769 2987 2892 3038 tuba
2927 2996 3106 3039 nostra
3124 2987 3300 3055 jubet.

1902 3072 2047 3136 Vita,
2071 3073 2238 3135 salus,
2265 3074 2498 3140 requies,
2526 3090 2668 3143 spes,
2699 3075 2888 3144 gloria,
2915 3078 3111 3147 gratia,
3139 3078 3334 3144 virtus,

1972 3163 2048 3216 Da
2073 3163 2283 3216 veniam
2309 3164 2507 3218 famulo
2531 3173 2586 3216 tu
2616 3165 2768 3229 mihi,
2793 3165 3024 3230 Christe,
3054 3176 3167 3232 tuo,
3192 3167 3298 3226 etc.

1901 3253 2225 3307 Bernowino
2260 3254 2355 3307 des
2381 3255 2500 3320 pius
2523 3254 2662 3307 alme
2694 3255 2950 3310 micantia
2985 3273 3175 3327 regna,

1902 3343 2054 3397 Natis
2075 3344 2165 3412 qui
2197 3345 2364 3402 mittis
2390 3346 2666 3420 hominum
2695 3360 2791 3414 per
2814 3347 3013 3399 lumina
3039 3348 3244 3412 lumen.

1901 3437 2083 3492 Gratis
2113 3439 2365 3492 conce‘iis
2399 3440 2483 3492 cui
2512 3440 2698 3509 grandi
2727 3440 2864 3492 mole
2888 3442 3133 3506 subacto,
3163 3451 3272 3500 etc.

1905 3528 1994 3580 Sic
2019 3543 2115 3594 pro
2147 3537 2197 3580 te
2225 3528 2438 3595 tuisque
2462 3530 2675 3581 cunctis
2699 3530 2862 3583 redde
2887 3540 3008 3584 vota
3035 3531 3288 3598 Domino,

1905 3615 1970 3668 Et
1996 3631 2212 3668 suorum
2245 3630 2547 3668 memorare
2569 3615 2834 3684 supplico,

1822 3684 1867 3744 (ἶ
1899 3703 2088 3756 Aulam
2123 3703 2277 3757 istam
2309 3717 2467 3772 quam
2499 3705 2742 3758 fundavit
2771 3707 3137 3776 triumphante
3164 3709 3380 3764 Carolo.

1897 3793 1997 3861 Qui
2020 3795 2168 3863 cupit
2195 3795 2411 3849 domum
2441 3795 2667 3865 ingredi,
2705 3797 2968 3865 bonisque
2999 3799 3110 3852 vult
3139 3801 3344 3868 perfrui
3369 3841 3384 3867 ,

1895 3885 2051 3940 Dicat
2078 3887 2280 3940 vadens
2309 3901 2406 3941 oro
2432 3887 2676 3955 supplex,
2709 3889 2819 3941 Pax
2847 3890 2970 3944 huic
3004 3891 3074 3943 sit
3098 3891 3303 3957 domui,

1894 3972 2241 4042 Quamjussit
2272 3990 2492 4030 servare
2520 3976 2793 4039 Christus,
2818 3977 3042 4048 ejusque
3072 3981 3341 4050 discipuli.

1893 4063 1990 4125 His
2017 4066 2249 4133 peractis
2276 4075 2540 4120 exeuntes
2566 4069 2789 4137 supplex
2817 4084 3001 4138 posco,
3030 4071 3225 4125 dicite:

1895 4154 2151 4221 Miserere
2184 4155 2532 4220 Bernowino,
2563 4173 2680 4221 rex,
2703 4160 2845 4212 Deus
2872 4159 3162 4222 altissime,

1896 4244 2210 4300 Construxit
2264 4247 2357 4314 qui
2404 4247 2623 4299 domum
2676 4248 2834 4300 istam
2865 4249 3189 4314 ornavitque
3215 4249 3482 4305 carmine.

1899 4333 2011 4388 llac
2038 4335 2090 4386 in
2125 4335 2283 4386 domo
2316 4334 2483 4402 fulget
2509 4334 2647 4386 alma
2670 4335 2874 4388 Christi
2901 4351 3034 4388 crux
3068 4336 3350 4402 mirabilis,

1897 4422 1955 4476 In
1982 4439 2086 4492 qna
2105 4424 2270 4486 salus,
2300 4425 2410 4489 lux,
2443 4433 2498 4476 et
2518 4424 2653 4487 vita,
2685 4425 2862 4477 victor
2893 4423 3180 4480 ineffabilis

1899 4512 2148 4568 Peudeus
2179 4514 2388 4582 plebem
2412 4514 2664 4568 liberavit
2691 4515 2862 4569 hostis
2905 4517 2972 4569 ab
3003 4516 3236 4571 insidiis.

1901 4603 2203 4677 (Habentur
2230 4605 2782 4677 ejttsdemrBernowini
2803 4606 3028 4675 episcopi
3052 4623 3228 4659 versus
3258 4605 3327 4659 ad
3363 4623 3489 4662 cru-

1960 4692 2089 4728 cem.
2115 4675 2249 4727 Item
2271 4692 2443 4728 versus
2463 4676 2518 4728 in
2533 4675 2693 4729 calice
2708 4686 2754 4728 et
2773 4685 2982 4744 patena,
3012 4677 3100 4744 qui
3126 4677 3200 4730 sic
3230 4677 3419 4731 [tabent
3441 4677 3486 4748 :)

1899 4765 2250 4820 Bernowinus
2277 4767 2496 4820 humilis
2523 4782 2619 4820 sua
2647 4762 2823 4820 reddit
2851 4777 2974 4821 vota
3007 4767 3262 4823 Tonanti.

1903 4854 2017 4910 Hoc
2053 4872 2251 4928 corpus
2276 4857 2588 4910 humilis....
2619 4865 2839 4925 prestat
2865 4858 2973 4911 vita
3001 4857 3182 4913 beata.

2486 4966 2770 5021 CARMEN
2814 4966 2901 5022 IV.

2426 5055 2613 5110 Versus
2647 5059 2715 5111 ad
2743 5075 2966 5113 crucem.

1998 5145 2270 5218 (Martem,
2299 5146 2535 5218 ampliss.
2563 5147 2778 5204 Collect.
2814 5159 2944 5204 tom.
2974 5151 3059 5214 Vl,
3085 5161 3207 5220 pag.
3242 5149 3390 5220 820.)

1909 5239 2167 5295 Conditor
2194 5251 2414 5304 aeterne,
2457 5259 2616 5311 quem
2642 5244 2804 5298 laudo
2825 5244 3072 5297 versibus
3093 5243 3212 5294 istis

1911 5323 2027 5384 Rex
2054 5331 2293 5399 requiem
2327 5331 2616 5388 Bernwino
2639 5335 2704 5387 da
2735 5342 2892 5401 pater
2919 5332 3144 5400 piusque
3177 5331 3488 5403 redemptor

1912 5419 2096 5474 Virtus
2122 5421 2407 5486 virtutum,
2437 5424 2630 5485 victor,
2657 5422 2883 5475 victoria
2907 5420 3035 5473 Jesu

1910 5509 2146 5574 Christe,
2187 5520 2240 5563 tu
2262 5511 2440 5578 justus
2463 5510 2654 5577 judex,
2680 5509 2938 5562 miserere
2964 5507 3067 5562 mei
3092 5508 3196 5561 iam
3226 5524 3352 5576 rex;

1911 5601 2262 5671 Omnipotens
2290 5603 2546 5656 Dominus
2571 5602 2757 5656 mundi
2782 5601 3046 5656 formator
3071 5612 3124 5658 et
3146 5613 3354 5672 auctor,

1912 5694 2000 5748 Sis
2026 5696 2146 5765 pius
2169 5703 2218 5749 et
2245 5694 2503 5758 clemens,
2535 5694 2664 5748 mihi
2692 5694 2767 5749 sis
2792 5711 2915 5766 spes
2944 5695 3103 5752 unica
3155 5697 3300 5753 vitae.

1915 5786 2140 5858 Suspice
2168 5787 2271 5840 hoc
2297 5799 2514 5853 munus,
2543 5794 2597 5841 te
2635 5787 2857 5859 supplex
2891 5790 3074 5859 accipe
3103 5804 3255 5859 rogo.
