4006 6498
267 352 378 412 ιιι)

1075 351 1292 422 EPIST.
1335 351 1422 407 DE
1461 351 1729 407 DUPLICI
1771 352 1965 409 SOLIS
2005 353 2262 411 ECLIPSI
2300 353 2456 408 ΑΝΝ.
2497 354 2740 412 DCCCX.

3421 357 3528 413 450

268 465 574 535 episcopus,
606 462 760 534 quasi
789 465 1088 519 naturalem
1132 464 1504 520 concursionis
1547 464 1844 518 elemento-
1869 465 1920 525 Α
1947 480 2052 518 non
2086 472 2332 534 possunt,
2383 465 2476 520 sed
2527 483 2627 537 pro
2673 466 2989 522 diversitate
3041 469 3527 542 circumspicientia

267 570 390 612 t'utn
421 553 666 610 effectum
714 557 929 610 usitatae
956 566 1010 611 et
1044 565 1206 611 certe
1234 554 1623 625 explorationis
1650 553 1844 625 peritia

267 645 540 714 cognitum
567 643 718 712 prius
743 644 950 708 dixere,
977 660 1136 714 quam
1174 645 1350 700 ﬁeret.

339 733 466 788 Inde
505 743 700 788 vestra:
746 733 1070 789 beatissima:
1107 744 1163 789 et
1203 736 1518 790 clarissima:
1559 737 1840 794 serenitati

266 822 441 876 visum
493 829 579 876 est
625 823 881 877 mandare
933 831 991 877 ut
1037 825 1103 879 de
1159 824 1301 880 dicta
1339 841 1502 880 causa
1545 841 1644 896 ego
1687 827 1842 895 quasi

269 921 506 967 sectator
527 913 800 982 sapientia:
815 915 1180 984 interrogarer
1191 916 1317 984 quid
1337 917 1614 978 sentirem,
1638 927 1692 971 et
1712 916 1842 987 quid

269 1003 482 1067 scirem,
499 1011 552 1056 et
565 1003 690 1073 quid
707 1005 963 1060 sentirem
977 1005 1298 1076 proferendo
1311 1014 1362 1060 et
1383 1006 1752 1076 respondendo
1769 1008 1841 1062 fa-

269 1102 425 1152 terer,
444 1102 725 1162 exceptum
741 1095 1089 1160 scriberetur,
1108 1096 1478 1167 scriptumque
1492 1099 1643 1152 vobis
1663 1098 1839 1154 defer-

265 1191 429 1236 retur.
459 1183 576 1238 Non
597 1183 840 1238 diﬁ‘eram
867 1184 1049 1255 igitur,
1077 1200 1251 1254 neque
1281 1186 1632 1242 dissimulabo
1657 1197 1838 1243 vestro

264 1273 558 1329 secundum
611 1274 755 1331 vires
799 1277 1139 1330 sanctissimo
1192 1285 1246 1331 et
1293 1279 1585 1334 utilissimo
1644 1294 1840 1349 parere

260 1374 560 1432 praecepto;
603 1373 658 1420 et
685 1365 892 1420 utinam
937 1373 1044 1418 tam
1087 1365 1276 1421 eﬁicax
1319 1383 1480 1436 quam
1503 1369 1840 1424 voluntarius

261 1455 569 1521 existerem,
616 1465 675 1511 ut
712 1472 819 1511 non
854 1457 1026 1516 solum
1058 1458 1211 1521 velle,
1242 1459 1336 1512 sed
1357 1469 1413 1514 et
1442 1469 1689 1528 compote
1714 1469 1840 1514 voto

260 1545 472 1614 assequi
504 1544 683 1616 cupita
711 1545 946 1600 valerem
968 1587 982 1611 ,
1014 1547 1142 1602 licet
1175 1548 1316 1616 apud
1341 1564 1610 1604 summum
1639 1549 1838 1604 Recto-

259 1648 368 1687 rem
429 1647 636 1704 pronus
662 1644 717 1690 et
769 1635 966 1692 alacris
1017 1637 1243 1694 allectus
1287 1653 1386 1709 pro
1437 1655 1496 1694 re
1547 1639 1737 1696 effecta
1784 1648 1840 1695 et

257 1722 547 1795 adimpleta
577 1733 874 1797 reputatur.

1946 555 2304 611 babitantisve
2334 555 2647 611 variantur:
2677 571 2796 625 quae
2818 558 3000 612 omnia
3029 560 3309 614 transitive
3348 563 3528 618 nomin

1944 657 2071 701 nata
2111 656 2165 702 et
2200 655 2481 702 numerata
2528 647 2581 701 in
2625 647 2726 702 hoc
2759 647 2877 702 loco
2921 664 3026 703 non
3069 658 3152 704 est
3187 665 3322 720 opus
3360 667 3526 723 expo-

1944 753 2095 791 nere.
2146 738 2260 793 Duo
2302 729 2723 808 ergo‘prmdicta
2777 739 3005 804 lumina,
3058 741 3161 795 hoc
3203 750 3290 797 est
3335 743 3414 798 sol
3469 754 3527 800 et

1944 824 2090 889 luna,
2137 833 2194 880 et
2220 827 2456 896 quinque
2485 826 2648 882 stellae
2674 842 2794 896 qua:
2820 828 3159 898 appellantur
3187 846 3366 901 vagas,
3395 847 3523 902 sep-

1943 923 2051 966 tem
2077 922 2406 969 memoratas
2432 915 2671 984 sphzeras
2699 916 2947 970 maxima
2972 917 3198 986 sphzerte
3237 917 3522 973 duodecim

1941 1003 2094 1072 signa
2142 1004 2472 1068 continenti,
2523 1021 2644 1074 qua:
2694 1005 2914 1075 aplanes
2955 1013 3200 1071 vocatur,
3247 1008 3522 1078 subiectas

1941 1093 2383 1163 dispertiverunt,
2427 1103 2483 1149 et
2514 1096 2790 1165 occupatis
2832 1097 3142 1166 regionibus
3191 1099 3346 1168 quasi
3390 1115 3520 1170 pro-

1939 1186 2087 1254 prias
2112 1194 2167 1239 et
2204 1183 2468 1254 speciales
2509 1187 2852 1242 hrcreditates
2887 1187 3110 1259 singulze
3145 1188 3385 1260 singulas
3412 1191 3516 1246 ob-

1938 1274 2234 1330 tinuerunt.

2007 1364 2064 1418 In
2092 1366 2263 1435 prima
2310 1374 2492 1421 autem
2529 1368 2740 1437 sphaera
2769 1370 2834 1424 de
2871 1377 3076 1440 septem
3120 1370 3211 1424 illa
3238 1379 3323 1427 est
3364 1371 3521 1427 stella

1938 1467 2060 1523 quae
2103 1455 2300 1509 dicitur
2345 1453 2586 1520 Saturni,
2636 1457 2692 1511 in
2746 1462 2982 1513 secunda
3031 1458 3197 1525 lovis,
3249 1461 3303 1516 in
3360 1462 3521 1516 tertia

1939 1545 2150 1611 Martis,
2215 1547 2268 1600 in
2317 1557 2510 1616 quarta
2553 1548 2656 1603 hoc
2696 1557 2780 1603 est
2824 1550 3022 1616 media,
3071 1551 3173 1617 sol,
3223 1552 3279 1606 in
3328 1553 3520 1622 quinta

1938 1636 2092 1691 stella
2124 1637 2370 1701 Veneris,
2426 1638 2478 1692 in
2526 1648 2678 1693 sexta
2729 1638 3010 1705 Mercurii;
3063 1642 3349 1711 septimam
3398 1657 3520 1711 qua:

1937 1734 2020 1780 est
2049 1725 2289 1780 omnium
2315 1727 2513 1781 extima
2551 1737 2604 1782 et
2635 1728 2838 1792 inﬁma,
2875 1729 2999 1783 luna
3026 1739 3192 1786 tenet.
3219 1732 3298 1787 ita
3326 1731 3522 1788 Cicero

321 1817 460 1884 Quia
491 1833 642 1889 ergo,
671 1820 888 1875 domine
912 1822 1009 1886 mi,
1034 1821 1194 1890 huius
1225 1823 1451 1880 rationis
1493 1825 1838 1894 investigat'o
1865 1819 1912 1878 B
1939 1816 2216 1882 describit,
2245 1818 2331 1871 cui
2361 1817 2713 1874 Archimedes
2738 1828 2791 1874 et
2822 1819 3196 1877 Chaldzeorum
3226 1823 3364 1878 ratio
3393 1837 3521 1878 (3011-

255 1916 308 1964 et
330 1909 530 1979 peritia
565 1911 631 1965 ad
670 1911 1042 1982 phil050phos,
1081 1915 1182 1970 hoc
1203 1924 1305 1981 est,
1335 1918 1586 1989 physicos
1621 1919 1835 1988 proprie

254 2008 307 2055 et
335 2000 651 2070 specialiter
672 2002 926 2072 pertinet,
959 2005 1099 2059 sicut
1119 2008 1286 2061 vestri
1316 2008 1598 2063 continent
1628 2012 1832 2078 apices,

253 2103 485 2158 quorum
515 2088 635 2143 libri
668 2093 1077 2160 compositiores
1117 2102 1172 2148 et
1198 2095 1565 2166 diligentiores
1585 2099 1836 2167 "quamvis

253 2179 380 2232 mihi
421 2191 536 2233 non
564 2190 871 2250 suppetant,
900 2183 1096 2252 quibus
1129 2185 1194 2240 de
1225 2185 1310 2240 bis
1339 2188 1501 2240 rebus
1531 2195 1585 2242 et
1613 2188 1679 2243 de
1714 2189 1835 2243 tali-

252 2270 348 2325 bus
402 2272 779 2328 exercitatiori
828 2289 1077 2331 sermone
1107 2285 1163 2331 et
1204 2278 1556 2336 enucleatiori
1612 2296 1835 2351 expres-

251 2358 399 2414 sione
447 2367 852 2426 tractaverunt,
904 2371 959 2418 et
997 2378 1096 2434 per
1139 2381 1276 2436 quos
1321 2367 1472 2422 vobis
1524 2368 1734 2438 plenius
1781 2378 1836 2424 et

251 2449 520 2505 eruditius
559 2451 625 2506 de
655 2451 927 2522 inquisitis
965 2457 1291 2524 respondere
1322 2473 1408 2511 me
1454 2474 1613 2528 posse
1653 2461 1833 2515 credi-

251 2540 438 2596 derim.
480 2537 787 2598 Secundum
817 2543 1090 2614 simplices
1115 2555 1294 2602 tamen
1325 2557 1379 2601 et
1401 2547 1544 2602 leves
1573 2565 1832 2619 compen-

251 2631 542 2702 diososque
585 2633 793 2691 libellos
831 2635 922 2704 qui
961 2635 1104 2690 inter
1145 2652 1338 2691 manus
1377 2646 1526 2702 sunt,
1571 2639 1624 2692 in
1664 2656 1834 2709 quan-

250 2729 358 2776 tum
389 2723 462 2776 de
498 2723 630 2792 ipsis
662 2729 844 2795 torpor
878 2726 1098 2780 obtunsi
1129 2728 1308 2782 cordis
1343 2736 1398 2784 et
1427 2731 1616 2785 tardus
1643 2747 1834 2787 sensus

249 2816 334 2869 vix
371 2815 529 2870 lento
573 2815 855 2869 conamine
893 2814 1156 2886 pigroque
1195 2815 1314 2870 nisu
1362 2825 1580 2885 reptans
1622 2828 1676 2874 et
1726 2835 1834 2873 mo-

250 2921 396 2972 vens,
428 2906 719 2977 praelibare
747 2908 1001 2976 quiverit,
1032 2923 1100 2963 ne
1121 2909 1329 2979 vulgari
1360 2911 1646 2980 proverbio
1675 2912 1833 2980 lupus

251 2999 302 3051 in
327 2998 536 3064 fabula,
561 2999 752 3069 pavido
776 2996 1096 3070 stupidoque
1116 3000 1332 3055 silentio
1369 3002 1589 3072 reprimi
1620 3003 1671 3056 vi
1695 3005 1827 3070 fear,

250 3100 524 3162 utcunque
541 3093 904 3162 respondebo;
927 3093 1103 3148 sciens
1119 3093 1568 3148 indubitatissime
1592 3103 1825 3148 vestram

1937 1908 2122 1962 sentit.
2153 1905 2307 1962 Plato
2335 1924 2464 1963 vero
2485 1924 2514 1962 a
2542 1909 2666 1963 luna
2698 1926 2915 1965 sursum
2935 1913 3251 1977 secundum,
3279 1915 3382 1969 hoc
3409 1922 3515 1979 est,

1936 1999 2080 2055 inter
2105 2005 2313 2067 septem
2353 2013 2382 2052 a
2416 2013 2628 2053 summo
2660 1999 2834 2054 locum
2867 2012 3079 2055 sextum
3121 2001 3290 2057 solem
3336 2012 3520 2059 tenere

1935 2087 2248 2153 conﬁrmat,
2300 2099 2518 2143 secutus
2555 2087 2836 2160 ZEgyptios
2879 2091 3120 2145 omnium
3163 2092 3520 2162 philosophize

1935 2177 2340 2247 disciplinarum
2387 2188 2662 2248 parentes,
2711 2179 2802 2248 qui
2832 2179 2905 2234 ita
2939 2179 3109 2235 solem
3149 2180 3292 2236 inter
3333 2181 3519 2237 lunam

1933 2277 1991 2323 et
2022 2266 2345 2323 Mercurium
2384 2269 2619 2324 locatum
2655 2271 2862 2326 volunt.
2906 2269 3165 2337 Quamvis
3199 2279 3381 2328 autem
3411 2273 3518 2329 ista

1932 2361 2212 2428 persuasio
2238 2357 2399 2413 Tullii
2431 2367 2485 2415 et
2511 2369 2794 2416 auctorum
2837 2362 2953 2432 ejus
2978 2363 3299 2433 quibusdam
3327 2365 3520 2420 edictis

1933 2460 1990 2506 et
2015 2451 2364 2506 credihilibus
2403 2453 2704 2508 rationibus
2734 2453 2864 2508 fulta
2891 2454 3186 2521 convaluit,
3225 2465 3281 2511 et
3305 2458 3373 2512 ab
3402 2473 3522 2512 om-

1933 2542 2093 2595 nibus
2117 2555 2254 2610 pene
2285 2542 2340 2595 in
2371 2556 2526 2596 usum
2557 2551 2770 2611 recepta
2802 2551 2904 2606 est,
2944 2545 3311 2614 perspicacior
3338 2553 3518 2600 tamen

1932 2634 2174 2688 Platonis
2193 2633 2501 2688 observatio
2528 2635 2792 2688 veriorem
2822 2636 3067 2689 ordinem
3095 2635 3516 2705 deprehendisse

1931 2723 2173 2790 videtur,
2204 2738 2367 2794 quam
2397 2721 2595 2792 prmter
2621 2724 2928 2796 indaginem
2960 2725 3109 2780 visus
3147 2725 3262 2780 hac
3295 2739 3514 2794 quoque

1933 2814 2070 2868 ratio
2098 2814 2459 2878 commendat,
2487 2815 2630 2884 quod
2667 2815 2848 2868 lunam
2877 2831 2998 2884 qua:
3024 2815 3148 2870 luce
3173 2816 3393 2885 propria
3423 2831 3519 2871 ca-

1931 2911 2039 2967 ret,
2072 2913 2128 2958 et
2152 2903 2218 2959 de
2246 2903 2360 2959 sole
2405 2912 2700 2968 mutuatur,
2746 2919 2970 2960 necesse
3005 2914 3089 2960 est
3122 2905 3256 2960 fonti
3292 2905 3514 2959 luminis

1929 2995 2011 3048 sui
2040 3009 2160 3048 esse
2189 2993 2515 3062 suhjectam;
2549 2995 2666 3049 haec
2693 2995 2837 3049 enim
2869 2995 3008 3050 ratio
3030 2996 3209 3050 lunam
3241 2995 3368 3050 facit
3407 3011 3516 3049 non

1933 3086 2138 3140 habere
2184 3084 2364 3140 lumen
2392 3085 2692 3155 proprium,
2733 3097 2964 3140 czeteras
2997 3099 3187 3140 omnes
3213 3084 3396 3140 stellas
3425 3085 3521 3139 lu-

250 3182 613 3236 serenissima:
639 3189 693 3236 et
718 3182 976 3252 piissimae
1005 3181 1432 3253 longanimitatis
1462 3183 1830 3254 indulgibilcm
1858 3163 1902 3224 C
1934 3191 2060 3231 cere
2087 3192 2205 3240 suo,
2248 3175 2391 3246 quod
2422 3175 2526 3230 illae
2558 3190 2719 3246 supra
2759 3175 2927 3230 solem
2956 3175 3143 3230 locata:
3177 3176 3230 3230 in
3270 3176 3386 3247 ipso
3419 3192 3522 3246 pu-

251 3270 618 3333 clementiam,
650 3270 694 3324 si
735 3273 862 3340 quid
904 3272 1082 3326 minus
1119 3281 1212 3325 aut
1254 3271 1413 3326 aliter
1441 3272 1648 3334 dixero,
1700 3271 1833 3326 faci-

251 3359 353 3414 lem
385 3361 518 3415 mihi
545 3362 755 3415 veniam
783 3363 1126 3426 donaturam,
1157 3371 1209 3417 et
1237 3372 1463 3432 paterna
1491 3364 1832 3418 correctione

250 3467 337 3506 tne
362 3451 530 3506 veluti
562 3462 757 3522 prteter
799 3452 1118 3507 industriam
1158 3453 1461 3508 studiumve
1501 3469 1600 3523 per
1630 3453 1834 3522 fragili-

250 3550 425 3598 tatem
455 3543 930 3614 inﬁrmitatemque
957 3542 1358 3614 delinquentem
1397 3544 1637 3598 modeste
1667 3544 1832 3597 casti-

247 3646 524 3706 gutttram.

324 3721 501 3789 Hujus
547 3732 724 3778 autem
756 3721 1067 3794 Qutestionis
1110 3724 1262 3795 Origo
1308 3723 1596 3794 repetenda
1634 3731 1736 3786 est,
1775 3731 1837 3777 ut

248 3814 318 3867 ab
363 3813 522 3869 initio
559 3816 699 3870 sicut
726 3817 776 3870 in
808 3815 1019 3870 ueteris
1058 3815 1197 3870 solet
1233 3815 1705 3883 disputationibus,
1735 3831 1833 3884 per

249 3905 498 3961 ordinem
541 3907 679 3960 ratio
721 3907 1033 3976 explicanda
1080 3908 1399 3978 procedens,
1445 3921 1677 3975 congrua
1712 3908 1832 3960 red-

252 3996 413 4050 datur
457 3997 523 4051 de
562 3997 910 4066 interrogatis
961 3997 1258 4066 responsio.
1313 3997 1616 4050 Macrobius
1668 3996 1832 4065 igitur

254 4085 572 4141 Ambrosius
623 4087 672 4140 in
729 4085 1064 4155 expositione
1115 4083 1392 4141 Ciceronis
1440 4083 1583 4140 inter
1635 4095 1826 4140 ctetera

255 4186 644 4232 commemorat
672 4177 736 4232 de
782 4193 968 4231 novem
1001 4177 1239 4239 circulis,
1285 4177 1378 4245 qui
1420 4176 1649 4245 aplanen
1681 4176 1826 4229 illam

256 4269 520 4332 ambiunt,
573 4268 675 4322 hoc
704 4275 787 4322 est
827 4267 1118 4321 maximam
1155 4267 1420 4334 sphaeram
1456 4266 1508 4319 in
1549 4282 1654 4335 qua
1695 4269 1828 4320 duo-

257 4358 426 4412 decim
459 4359 610 4428 signa
647 4358 896 4412 videntur
927 4357 1106 4418 inﬁxa,
1145 4363 1201 4409 et
1224 4357 1308 4410 cui
1340 4350 1595 4422 subjecta:
1625 4365 1832 4425 septem

258 4447 370 4500 alia:
393 4448 621 4516 sphzerte
640 4462 738 4518 per
761 4458 894 4515 quas
924 4446 1030 4500 duo
1057 4443 1254 4499 Iumina
1287 4440 1367 4499 sol
1391 4454 1444 4499 et
1471 4445 1594 4499 luna
1620 4455 1674 4500 et
1694 4462 1827 4518 vaga

258 4538 494 4612 quinque
519 4542 844 4595 discurrunt.
890 4538 1111 4594 Orbium
1157 4548 1359 4601 autem,
1398 4539 1501 4594 hoc
1539 4549 1623 4596 est
1652 4539 1828 4594 circu-

259 4627 425 4684 lorum
475 4628 875 4700 pmadictorum,
917 4631 1121 4698 primus
1147 4637 1230 4683 est
1261 4628 1517 4699 galactias
1537 4670 1552 4693 ,
1583 4630 1726 4699 quod
1756 4630 1830 4683 la-

261 4721 366 4774 tine
393 4721 604 4774 lacteus
637 4721 1041 4788 interpretatur,
1069 4719 1160 4788 qui
1191 4720 1336 4774 solus
1366 4721 1605 4789 suhjacet
1633 4721 1826 4784 oculis,

262 4812 469 4865 exteris
504 4811 720 4865 circulis
760 4811 930 4880 magis
972 4811 1296 4879 cogitatione
1338 4825 1499 4879 quam
1529 4811 1642 4864 visu
1684 4826 1830 4865 com-

262 4900 675 4970 prehendendis.
717 4901 998 4955 Secundus
1037 4900 1289 4954 zodiacus
1320 4901 1576 4963 circulus,
1616 4901 1718 4955 hoc
1746 4909 1830 4955 est

264 4990 500 5060 signifer,
550 4991 723 5060 signa,
761 4990 811 5043 id
851 4997 952 5053 est,
996 4987 1178 5043 stellas
1219 4995 1273 5042 et
1307 4988 1483 5042 sidera
1527 4987 1748 5041 ferendo
1777 4998 1833 5042 et

267 5080 584 5134 continendo
613 5078 805 5132 dictus.
847 5078 1092 5148 Quinque
1119 5075 1208 5130 alii
1241 5070 1427 5130 circuli
1469 5073 1709 5144 parclleli
1742 5091 1834 5128 vo-

270 5185 472 5240 cantur,
516 5173 644 5227 dicti
693 5172 793 5226 hoc
821 5172 1055 5235 nomine,
1101 5171 1242 5239 quod
1275 5183 1447 5236 neque
1491 5169 1544 5222 in
1583 5166 1835 5222 omnibus

270 5266 496 5336 aequales
544 5273 688 5326 sunt,
740 5277 912 5332 neque
949 5261 1272 5330 imequales;
1319 5260 1385 5313 de
1422 5258 1614 5329 quibus
1653 5259 1832 5330 Virgi-

272 5358 368 5414 lius
398 5367 659 5413 memorat
691 5355 743 5411 in
772 5353 1067 5424 Georgicis.

337 5449 535 5504 Praeter
577 5451 676 5504 hos
723 5447 812 5501 alii
863 5446 967 5499 duo
1003 5452 1129 5498 sunt
1170 5441 1348 5496 Coluri
1395 5441 1592 5511 quibus
1637 5456 1830 5495 nomen

276 5538 413 5592 dedit
446 5539 759 5610 imperfecta
789 5535 1070 5591 conversio
1101 5551 1114 5586 :
1154 5533 1280 5596 duo,
1328 5537 1418 5603 qui
1449 5547 1673 5588 numero
1703 5548 1834 5602 prte-

278 5627 412 5682 dicto
461 5630 910 5700 superadduntur,
961 5623 1288 5679 Meridianus
1335 5632 1390 5678 et
1448 5623 1679 5677 Horizon
1726 5639 1828 5675 no‘t

279 5716 573 5773 scribuntur
623 5718 674 5772 in
709 5718 947 5788 splnet‘a,
987 5716 1110 5786 quia
1154 5723 1360 5768 certum
1409 5714 1582 5767 lacum
1631 5713 1827 5767 habere.

1934 3267 2153 3321 rissitno
2193 3268 2398 3322 aethere
2423 3275 2570 3330 sunt,
2617 3266 2677 3320 in
2701 3281 2807 3336 quo
2841 3282 3002 3321 omne
3031 3267 3294 3337 quidquid
3320 3275 3424 3329 est,
3458 3275 3520 3322 ut

1934 3357 2122 3411 verbis
2149 3356 2460 3426 Philosophi
2499 3356 2708 3425 loquar,
2759 3357 2846 3411 lux
2893 3357 3157 3412 naturalis
3200 3366 3255 3412 et
3287 3373 3383 3413 sua
3412 3364 3517 3421 est,

1933 3462 2054 3514 qua:
2089 3453 2198 3500 tota
2219 3462 2343 3501 cum
2373 3447 2493 3515 igne
2517 3462 2615 3500 suo
2638 3448 2711 3500 it‘a
2740 3449 2965 3516 spbmrae
2994 3449 3124 3502 solis
3147 3449 3430 3512 incumbit,
3455 3456 3520 3503 ut

1935 3535 2059 3588 coeli
2092 3550 2240 3589 zonae
2271 3551 2391 3602 qua:
2418 3535 2604 3603 procul
2641 3550 2670 3588 a
2703 3535 2814 3590 sole
2857 3544 2983 3589 sunt
3020 3545 3278 3606 perpetuo
3316 3536 3521 3604 frigore

1935 3639 2207 3693 oppressa:
2252 3624 2391 3689 sint;
2443 3624 2568 3678 luna
2593 3641 2744 3688 vero,
2792 3627 2917 3695 quia
2959 3627 3074 3696 ipsa
3110 3627 3223 3681 sola
3268 3627 3369 3681 sub
3403 3627 3518 3683 sole

1933 3721 2054 3777 est,
2105 3721 2160 3768 et
2202 3715 2532 3768 caducornm
2569 3715 2681 3785 jam
2731 3714 2936 3784 regioni
2984 3715 3104 3770 luce
3159 3731 3256 3770 sua
3305 3717 3514 3772 carenti

1932 3803 2200 3874 proxima,
2250 3803 2432 3858 lucere
2490 3819 2596 3859 non
2651 3806 2845 3874 potuit.
2889 3805 3130 3875 Denique
3179 3806 3303 3876 quia
3352 3807 3520 3862 totius

1932 3895 2119 3949 mundi
2166 3896 2271 3949 ima
2314 3903 2606 3965 pars.terra
2647 3903 2752 3961 est,
2781 3896 2998 3950 :etheris
3031 3905 3211 3951 autem
3255 3897 3361 3950 ima
3389 3911 3517 3966 pars

1929 3982 2053 4037 luna
2083 3992 2185 4049 est,
2219 3985 2398 4039 lunam
2437 3993 2615 4040 autem
2655 3994 2859 4040 terram
2904 3985 3001 4040 sed
3034 3987 3325 4042 aetheream
3359 4001 3518 4042 voca-

1927 4085 2145 4141 verunt,
2195 4077 2489 4131 immobilis
2519 4086 2699 4132 autem
2740 4086 2798 4132 ut
2829 4088 2974 4133 terra
3011 4094 3132 4136 esse
3173 4095 3280 4134 non
3315 4080 3514 4148 potuit,

1929 4166 2055 4235 quia
2082 4167 2136 4220 in
2166 4168 2376 4236 sphaera
2418 4181 2539 4235 quae
2576 4168 2810 4223 volvitur
2839 4169 2975 4222 nihil
3011 4177 3196 4223 manet
3236 4168 3514 4224 immobile

1928 4263 2126 4323 praeter
2177 4263 2455 4319 centrum;
2512 4257 2799 4310 mundana:
2853 4265 3035 4310 autem
3087 4259 3312 4324 sphaerae
3369 4267 3514 4312 terra

1931 4356 2178 4402 centrum
2206 4357 2314 4410 est,
2347 4347 2467 4400 ideo
2491 4347 2604 4400 sola
2631 4346 2921 4400 immobilis
2946 4356 3252 4416 perseverat
3282 4364 3294 4399 :
3327 4364 3516 4403 rursus

1931 4444 2081 4491 terra
2122 4444 2346 4504 accepto
2391 4435 2522 4490 solis
2573 4433 2777 4490 lumine
2827 4436 3078 4491 clarescit
3122 4437 3511 4502 tantummodo,

1931 4542 2036 4581 non
2066 4525 2238 4590 lucet;
2279 4525 2403 4578 luna
2433 4525 2635 4593 speculi
2669 4525 2839 4579 instar
2868 4526 3047 4581 lumen
3079 4541 3186 4596 quo
3215 4526 3516 4584 illustratur

1928 4617 2146 4680 emittit,
2193 4631 2313 4685 qua:
2355 4616 2602 4684 quamvis
2625 4614 2850 4670 densius
2876 4631 3073 4686 corpus
3103 4618 3174 4672 sit
3217 4633 3379 4688 quam
3409 4629 3516 4674 cae-

1927 4719 2042 4765 tera
2070 4709 2326 4769 coelestia,
2360 4717 2420 4762 ut
2457 4707 2684 4762 multum
2725 4717 2905 4763 tamen
2943 4718 3159 4764 terreno
3196 4710 3403 4779 purius,
3445 4703 3516 4766 ﬁt

1930 4813 2164 4874 acceptae
2195 4804 2299 4858 luci
2331 4802 2690 4874 penetrabile,
2743 4803 2877 4857 adeo
2906 4811 2966 4857 ut
2994 4819 3113 4857 eam
3142 4804 3208 4858 de
3235 4819 3292 4859 se
3322 4819 3513 4859 rursus

1930 4895 2164 4956 emittat,
2200 4891 2405 4947 nullum
2437 4901 2617 4946 tamen
2653 4891 2720 4944 ad
2753 4907 2850 4948 nos
2883 4892 3261 4962 praeferentem
3292 4907 3510 4948 sensum

1933 4985 2153 5046 caloris,
2205 4983 2332 5052 quia
2370 4981 2508 5035 lucis
2552 4981 2735 5036 radius
2777 4997 2900 5036 cum
2949 4984 3016 5036 ad
3045 4999 3144 5038 nos
3192 4984 3258 5038 de
3304 4981 3513 5051 origine

1938 5088 2060 5136 sua,
2097 5073 2149 5125 id
2180 5080 2284 5135 est,
2313 5071 2378 5125 de
2405 5070 2515 5125 sole
2566 5073 2831 5139 pervenit,
2872 5083 3119 5127 naturam
3163 5086 3341 5128 secum
3373 5071 3514 5140 ignis

1935 5163 2000 5218 de
2027 5177 2132 5230 quo
2157 5162 2398 5216 nascitur
2422 5161 2639 5215 devehit
2663 5177 2676 5226 ;
2724 5177 2845 5216 cum
2872 5177 3002 5216 vero
3032 5164 3085 5215 in
3129 5161 3270 5214 luna:
3314 5176 3514 5229 corpus

1934 5250 2250 5317 infunditur,
2283 5259 2338 5306 et
2379 5251 2503 5306 inde
2547 5252 2872 5321 resplendet,
2900 5253 3070 5306 solam
3095 5249 3329 5305 refundit
3350 5251 3514 5306 clari-

1934 5343 2176 5396 tudinem
2208 5382 2225 5408 ,
2278 5357 2386 5398 non
2442 5342 2676 5398 calorem
2719 5360 2732 5396 :
2770 5357 2895 5396 nam
2945 5350 3001 5395 et
3052 5339 3325 5408 speculum
3385 5357 3511 5397 cum

1932 5439 2272 5509 splendorem
2297 5439 2360 5493 de
2400 5453 2458 5493 se
2486 5437 2537 5490 vi
2569 5435 2799 5505 oppositi
2827 5433 3038 5487 eminus
3077 5431 3217 5500 ignis
3246 5433 3507 5499 immittit,

1933 5527 2105 5584 solam
2155 5528 2292 5597 ignis
2335 5525 2745 5582 similitudinem
2784 5529 3062 5576 carentem
3113 5536 3272 5576 sensu
3313 5522 3513 5579 caloris

1931 5620 2188 5675 ostendit.

2003 5713 2096 5766 His
2125 5710 2250 5766 illud
2287 5707 2644 5778 adjiciendum
2674 5716 2776 5768 est,
2800 5715 2998 5777 praeter
3027 5708 3196 5764 solent
3221 5718 3272 5763 et
3300 5709 3508 5772 lunam,
