4006 6506
436 290 541 383 is:

1724 310 2027 370 DUNGALI
2065 309 2365 367 RECLUSI

3610 310 3728 368 45$

436 448 496 497 ει
536 434 720 493 stellas
747 432 986 504 quinque
1031 444 1153 502 qua:
1188 426 1530 499 appellantur
1566 438 1738 495 vagis,
1782 421 2019 490 reliquas
2046 422 2097 481 A
2123 432 2337 490 quoque
2366 416 2482 488 ipse
2510 431 2619 472 non
2662 415 2823 473 aliter
2847 432 3010 487 quam
3039 416 3109 479 ab
3137 431 3333 474 occasu
3358 418 3412 474 in
3446 419 3724 478 orientem

430 521 631 584 omnes
653 524 790 579 alias
815 522 1010 576 inﬁxas
1036 520 1197 585 casio,
1228 532 1329 573 nec
1352 517 1455 572 nisi
1484 531 1606 569 cum
1634 513 1771 568 caelo
1799 510 2022 566 moveri.

437 622 567 686 Alii,
594 632 823 690 quorum
862 615 1094 670 assertio
1120 629 1250 668 vero
1295 610 1516 682 propior
1537 617 1638 673 est,
1687 607 1785 663 bas
1813 617 2026 674 quoque

440 716 695 771 dixerunt
724 725 823 766 suo
852 717 997 763 motu
1017 748 1033 772 ,
1082 714 1281 776 praeter
1313 703 1458 773 quod
1487 717 1608 758 cum
1647 698 1768 754 cceli
1797 711 2027 751 conver—

442 805 597 860 sione
625 799 892 865 l‘eruntur,
924 795 1202 859 accedere,
1234 794 1328 850 sed
1358 800 1580 862 propter
1608 786 2029 843 immensitatcm

444 891 633 949 extimi
659 888 801 960 globi
830 884 1146 942 excedentia
1174 880 1491 938 credibilem
1523 891 1807 933 numerum
1834 872 2029 929 saecula

446 981 616 1038 multa
641 996 748 1035 una
778 993 973 1035 cursus
993 977 1076 1031 sui
1118 974 1412 1029 ambitione
1447 984 1786 1034 consumere,
1817 977 1872 1021 et
1910 967 2031 1021 ideo

445 1074 652 1129 nullum
680 1087 868 1128 earum
900 1078 1103 1125 motum
1138 1069 1207 1121 ab
1246 1065 1465 1120 homine
1499 1062 1721 1126 sentiri;
1770 1075 1893 1115 cum
1922 1070 2031 1113 non

448 1163 681 1220 suﬁiciat
711 1164 957 1217 humanae
991 1162 1113 1213 vita:
1138 1157 1369 1226 spatium
1396 1155 1463 1209 ad
1494 1155 1658 1207 breve
1680 1151 1869 1205 saltem
1899 1165 2033 1219 pun-

450 1263 597 1310 ctum
627 1262 735 1306 tam
768 1251 932 1305 tardae
958 1246 1282 1303 accessionis
1302 1242 1826 1313 deprehendendum.
1853 1238 2034 1294 Solem

451 1353 637 1400 autem
663 1358 728 1398 ac
747 1342 928 1395 lunam
958 1348 1012 1394 et
1037 1337 1223 1393 stellas
1250 1333 1512 1405 quinque,
1537 1332 1733 1400 quibus
1754 1330 1823 1384 ab
1848 1344 2035 1385 errore

449 1450 674 1497 nomen,
718 1441 917 1502 praeter
942 1429 1085 1499 quod
1116 1441 1303 1482 secum
1332 1424 1498 1479 trahit
1526 1422 1595 1476 ab
1635 1428 1756 1475 ortu
1786 1421 1841 1474 in
1877 1432 2036 1475 occa-

452 1542 573 1582 sum
601 1523 721 1579 cmli
755 1522 949 1576 diurna
978 1518 1284 1580 conversio,
1327 1516 1441 1584 ipsa
1472 1529 1570 1569 suo
1597 1520 1744 1567 motu
1772 1511 1825 1564 in
1856 1510 2037 1565 orien-

451 1625 558 1671 tem
586 1615 654 1670 ab
680 1613 961 1669 occidente
1008 1609 1318 1682 procedere,
1360 1604 1695 1676 argumentis
1734 1603 1802 1657 ad
1845 1615 2035 1657 verum

453 1707 776 1765 ducentibus
800 1704 1185 1774 comprobatur
1212 1742 1228 1765 ,
1253 1698 1457 1754 moveri
1483 1698 1626 1752 enim
1657 1696 1900 1765 coeloque
1926 1710 2034 1748 non

450 1813 573 1854 csse
600 1797 797 1851 inﬁxas
827 1804 883 1849 et
904 1794 1055 1849 visus
1083 1801 1139 1847 et
1166 1792 1302 1844 ratio
1328 1788 1595 1853 afﬁrmat,
1625 1787 1753 1841 dum
1785 1786 1943 1839 modo
1982 1786 2039 1839 in

452 1886 574 1949 hac,
603 1886 764 1940 modo
785 1885 839 1939 in
869 1884 958 1938 illa
984 1882 1105 1938 cmli
1136 1883 1351 1951 regione
1376 1880 1645 1943 visuntur,
1668 1885 1722 1932 et
1752 1890 1894 1944 saepe
1916 1890 2039 1929 cum

453 1976 513 2030 in
557 1991 720 2030 unum
772 1975 891 2028 dua:
925 1973 1174 2041 pluresve
1218 1966 1601 2032 convenerint,
1648 1975 1704 2020 et
1750 1982 1782 2019 a
1820 1965 1938 2020 loco
1983 1965 2039 2019 in

457 2080 567 2134 quo
605 2063 766 2119 simul
803 2063 932 2119 visa:
974 2071 1129 2123 sunt,
1186 2069 1241 2115 et
1266 2076 1297 2114 a
1338 2075 1398 2114 se
1445 2069 1631 2128 postea
1679 2066 2037 2126 separantur,

454 2153 601 2224 quod
636 2151 816 2206 inﬁxa:
842 2151 1012 2206 stellae
1042 2166 1147 2205 non
1186 2149 1408 2213 faciunt,
1449 2149 1541 2203 sed
1587 2148 1639 2201 in
1676 2147 1866 2202 iisdem
1906 2147 2041 2202 l'ocis

455 2257 671 2311 semper
691 2242 964 2318 videntur,
1008 2255 1106 2294 nec
1145 2256 1175 2293 a
1220 2238 1301 2293 sui
1344 2250 1580 2306 unquam
1615 2252 1673 2291 se
1701 2235 2042 2305 copulatione

459 2333 793 2405 dispergunt,
832 2332 901 2387 ab
927 2341 1049 2387 ortu
1088 2347 1220 2386 vero
1249 2330 1316 2384 ad
1346 2342 1596 2384 occasum
1627 2329 1680 2381 in
1707 2327 2040 2383 contrarium

455 2433 609 2478 motu
655 2424 908 2494 propiore
939 2422 1080 2477 volvi
1112 2436 1219 2476 non
1256 2420 1427 2475 solum
1469 2416 1912 2472 manifestissima
1952 2431 2040 2471 ra-

457 2516 643 2580 tione,
702 2516 798 2569 sed
850 2514 1024 2572 oculis
1076 2527 1291 2584 quoque
1340 2509 1762 2582 approbantibus
1812 2508 2041 2564 demoua-

455 2613 684 2660 stratur.

478 2746 481 2749 .
526 2694 882 2751 Considerato
909 2695 1054 2749 enim
1081 2694 1359 2764 signorum
1392 2689 1600 2755 ordine,
1637 2688 1833 2758 quibus
1859 2689 2042 2743 zodia-

454 2799 579 2840 cum
611 2785 840 2840 divisum
868 2785 952 2840 vel
982 2786 1295 2841 distinctum
1330 2782 1596 2844 videmus,
1635 2782 1703 2835 ab
1734 2795 1841 2834 uno
1886 2780 2042 2849 signo

457 2876 697 2949 quolibet
732 2877 940 2932 ordinis
972 2876 1089 2944 ejus
1131 2891 1343 2930 sumam
1373 2874 1688 2928 exordium:
1717 2887 1841 2927 cum
1885 2869 2042 2925 Aries

462 2968 730 3039 exoritur,
762 2977 886 3037 post
912 2969 1086 3037 ipsum
1112 2967 1324 3021 Taurus
1351 2965 1610 3037 emergit;
1662 2965 1805 3018 hunc
1830 2961 2042 3018 Gemini

459 3067 779 3129 sequuntur,
820 3061 920 3114 hos
948 3059 1176 3124 Cancer,
1224 3068 1280 3112 et
1316 3070 1414 3127 per
1446 3056 1692 3110 ordinem
1724 3054 1948 3123 reliqua.
1982 3052 2041 3107 Si

2064 1760 2113 1830 Β

2128 514 2398 571 movetur,
2451 514 2506 560 et
2545 522 2731 561 rursus
2779 507 3040 565 recedens
3092 507 3353 577 paulatim
3398 525 3613 581 semper
3665 513 3726 568 in

2127 599 2396 653 orientem
2422 599 2775 667 rcgrediendo
2797 599 3058 668 relinquit
3082 614 3367 666 occasum;
3403 602 3483 656 sol
3503 618 3727 673 quoque

2128 690 2244 759 ipse
2285 691 2609 745 naturaliter
2637 678 2801 760 quam
2836 693 2905 746 ab
2949 707 3149 747 occasu
3196 693 3252 746 in
3289 694 3557 749 orientem
3602 712 3725 751 mo-

2127 788 2303 835 vetur.
2352 781 2419 835 Et
2444 781 2569 836 licet
2613 782 2820 837 tardius
2870 798 3145 838 recessum
3181 798 3339 838 suum
3382 800 3544 856 quam
3592 787 3723 842 luna

2129 869 2403 935 conﬁciat,
2445 870 2643 941 quippe
2670 873 2815 941 quod
2848 881 3000 928 tanto
3039 880 3282 942 tempore
3317 875 3527 945 signum
3550 892 3725 932 unum

2130 964 2423 1017 emetiatur
2471 974 2674 1033 quanto
2718 972 2889 1020 totum
2928 964 3212 1020 zodiacum
3264 965 3389 1021 luna
3438 967 3721 1033 discurrit,

2130 1054 2417 1110 manifesta
2451 1065 2632 1110 tamen
2657 1064 2712 1110 ct
2755 1054 2993 1124 subjecta
3027 1057 3200 1112 oculis
3240 1066 3421 1112 motus
3456 1058 3541 1113 sui
3582 1076 3724 1129 pne-

2132 1153 2239 1200 stat
2265 1146 2464 1201 indicia
2489 1162 2503 1200 :
2525 1147 2669 1201 hunc
2697 1148 2841 1202 enim
2866 1147 2921 1202 in
2949 1147 3135 1203 Ariete
3159 1164 3279 1204 esse
3320 1165 3542 1219 ponam,
3576 1150 3723 1219 quod

2132 1239 2257 1308 quia
2299 1239 2673 1307 aquiuoctialc
2708 1237 2920 1309 signum
2958 1248 3061 1303 est,
3084 1255 3244 1311 pares
3280 1240 3443 1295 horas
3468 1241 3726 1295 somniet

2133 1329 2240 1384 diei
2270 1328 2421 1384 facit.
2450 1328 2507 1382 In
2536 1329 2639 1383 hoc
2669 1329 2823 1398 signo
2850 1344 2972 1384 cum
2999 1330 3219 1395 occidit,
3260 1329 3510 1396 Libram,
3534 1331 3589 1385 id
3619 1338 3724 1393 est,

2135 1413 2346 1488 Scorpii
2379 1416 2564 1476 chelas
2591 1428 2715 1475 mox
2740 1412 2875 1477 oriri
2897 1421 3162 1486 videmus,
3186 1429 3243 1475 et
3261 1431 3488 1493 apparet
3510 1421 3725 1476 Taurus

2132 1510 2344 1579 vicinus
2395 1511 2654 1566 occasui:
2685 1527 2811 1565 nam
2848 1509 3117 1582 Vergilias
3163 1521 3219 1567 et
3266 1513 3483 1583 Hyadas
3538 1522 3725 1582 partes

2135 1601 2299 1656 Tauri
2335 1602 2596 1657 clariores
2633 1612 2741 1656 no‘n
2768 1601 2938 1656 multo
2965 1610 3088 1673 post
3116 1600 3284 1657 solem
3315 1611 3624 1673 mergentes
3649 1603 3727 1655 γίτ

2136 1690 2346 1746 demus.
2395 1690 2658 1761 Sequenti
2688 1708 2874 1747 mense
2898 1692 2978 1747 sol
3015 1692 3067 1746 in
3095 1693 3305 1763 signum
3346 1693 3641 1762 posterius.
3672 1694 3725 1747 id

2141 1792 2227 1839 εει
2248 1782 2302 1839 in
2336 1784 2572 1838 Taurum
2601 1784 2825 1848 recedit,
2865 1792 2920 1838 et
2947 1784 3020 1838 ita
3046 1784 3107 1838 ﬁt
3146 1792 3204 1838 ut
3225 1799 3418 1853 ,neque
3449 1784 3723 1854 Vergiliae,

2144 1890 2317 1944 neque
2350 1874 2455 1928 alia
2484 1889 2613 1943 pars
2636 1872 2803 1928 Tauri
2840 1874 2931 1928 illo
2967 1890 3152 1930 mense
3176 1860 3426 1929 videatur
3466 1893 3483 1928 :
3513 1875 3728 1945 signum

2143 1966 2288 2019 enim
2330 1966 2473 2034 quod
2514 1973 2720 2020 etcum
2761 1965 2874 2021 sole
2914 1966 3135 2032 occidit,
3177 1980 3391 2035 semper
3436 1964 3729 2029 occulitur,

2143 2057 2278 2110 adeo
2299 2063 2358 2109 ut
2387 2065 2442 2110 et
2469 2056 2646 2110 vicina
2660 2064 2827 2111 Iastra
2862 2057 2991 2111 solis
3016 2056 3416 2127 pr0pinquitate
3441 2056 3687 2111 celentur
3710 2076 3724 2110 :

2146 2161 2273 2226 nan
2300 2154 2355 2201 et
2382 2146 2544 2201 Canis
2575 2147 2876 2216 tunc,quia
2919 2148 3129 2202 vicinus
3170 2147 3350 2202 Tauro
3376 2156 3482 2211 est,
3522 2164 3629 2202 non
3654 2149 3731 2202 vi-

2145 2236 2322 2299 detur,
2375 2244 2550 2292 tectus
2590 2236 2727 2292 lucis
2771 2238 3194 2308 propinquitate.
3226 2238 3296 2294 Et
3329 2239 3435 2293 hoc
3476 2249 3563 2294 est
3588 2235 3732 2309 quod

2145 2328 2402 2400 Virgilius
2431 2328 2509 2382 ait
2541 2345 2556 2383 ι

2298 2485 2537 2535 Candidus
2560 2488 2739 2535 auratis
2762 2485 2920 2547 aperit
2942 2500 3048 2536 cum
3070 2488 3296 2535 cornibus
3320 2500 3498 2536 annum

2299 2546 2507 2609 Taurus,
2533 2556 2585 2597 et
2605 2546 2811 2597 adverso
2833 2549 3019 2598 cedens
3039 2550 3181 2599 Canis
3202 2551 3375 2599 occidit
3398 2557 3549 2599 astro.

2144 2684 2263 2747 Non
2290 2691 2436 2747 enim
2465 2692 2580 2746 vult
2605 2692 2832 2764 intelligi
2859 2693 3036 2747 Tauro
3060 2694 3271 2750 oriente
3299 2711 3422 2750 cum
3469 2694 3583 2749 sole
3609 2710 3732 2748 mox

2147 2784 2201 2837 in
2228 2796 2428 2837 occasu
2464 2782 2579 2837 ﬁeri
2610 2782 2834 2849 Canem,
2879 2786 2970 2853 qui
2998 2786 3276 2853 proximus
3300 2785 3483 2840 Tauro
3513 2793 3614 2847 est,
3640 2786 3733 2839 sed

2147 2872 2395 2927 occidere
2429 2885 2553 2926 eum
2583 2871 2717 2927 dixit
2740 2872 2920 2928 Tauro
2941 2882 3185 2944 gestante
3225 2875 3418 2937 solem,
3449 2876 3576 2945 quia
3609 2884 3735 2929 tunc

2149 2965 2341 3035 incipit
2383 2981 2489 3020 non
2531 2963 2727 3031 videri,
2769 2955 2880 3021 sole
2916 2966 3114 3022 vicino.
3165 2962 3319 3021 Tunc
3363 2976 3545 3021 tamen
3592 2967 3735 3022 occi-

2149 3054 2311 3110 dente
2348 3055 2460 3110 sole
2498 3054 2658 3109 Libra
2702 3055 2837 3111 adeo
2878 3058 3126 3126 superior
3156 3058 3449 3123 invenitur,
3484 3067 3549 3113 ut
3593 3068 3736 3112 totus

459 3149 581 3205 istae
626 3165 755 3220 ergo
812 3150 867 3204 in
911 3150 1248 3205 occidentem
1291 3149 1360 3203 ab
1406 3146 1617 3202 oriente
1664 3145 2040 3214 procederent,
2070 3129 2115 3190 C
2148 3144 2406 3214 Scorpius
2444 3155 2597 3200 ortus
2642 3154 2929 3216 appareat;
2963 3146 3175 3201 Gemini
3212 3163 3342 3202 vero
3386 3148 3552 3203 vicini
3609 3155 3736 3202 tunc

460 3255 569 3295 non
611 3239 679 3294 ab
716 3238 901 3293 Ariete
947 3239 999 3292 in
1054 3239 1315 3301 Taurum,
1363 3237 1456 3307 qui
1497 3244 1643 3289 retro
1684 3234 1890 3289 locatus
1926 3241 2044 3298 est,

459 3343 563 3384 nec
589 3344 620 3381 a
649 3324 828 3383 Tauro
856 3329 910 3381 in
939 3327 1194 3382 Geminos
1233 3326 1443 3398 signum
1470 3325 1739 3393 posterius
1768 3321 2046 3377 volveren-

461 3426 552 3472 tur
585 3436 597 3471 :
627 3418 723 3473 sed
753 3433 784 3471 a
809 3416 1053 3472 Geminis
1089 3417 1141 3470 in
1168 3417 1405 3470 Taurum
1427 3454 1441 3481 ,
1471 3424 1527 3470 et
1552 3432 1583 3469 a
1606 3414 1784 3469 Tauro
1810 3413 1863 3467 in
1889 3413 2045 3467 Arie-

459 3515 568 3562 tem
597 3514 757 3563 recta:
798 3516 854 3561 et
880 3507 1165 3562 mundana:
1194 3506 1543 3561 volubilitatis
1587 3519 1825 3560 consona
1860 3518 2046 3557 acces-

459 3597 612 3652 sione
652 3584 1028 3667 procederent.
1063 3597 1198 3653 Cum
1244 3612 1371 3651 vero
1405 3611 1436 3650 a
1467 3596 1644 3665 primo
1675 3596 1828 3665 signo
1866 3593 1923 3647 in
1957 3607 2043 3646 se-

460 3689 718 3754 cundum,
758 3705 790 3743 a
828 3689 1067 3744 secundo
1104 3688 1168 3742 ad
1195 3688 1441 3752 tertium,
1484 3694 1536 3740 et
1565 3686 1689 3740 inde
1730 3686 1796 3738 ad
1836 3684 2044 3752 reliqua

461 3793 582 3848 qum
604 3779 904 3848 posteriora
935 3785 1065 3832 sunt
1090 3777 1457 3841 revolvuntur,
1486 3777 1641 3845 signa
1670 3783 1850 3828 autem
1877 3773 2044 3827 inﬁxa

462 3867 602 3920 coelo
646 3866 920 3933 feruntur,
966 3867 1085 3921 sine
1123 3868 1286 3921 dubio
1329 3874 1545 3921 constat
1581 3866 1678 3918 bas
1718 3862 1902 3918 stellas
1937 3878 2044 3914 non

464 3970 585 4009 cum
612 3955 769 4020 ccelo,
801 3956 895 4010 sed
937 3967 1125 4012 contra
1167 3956 1361 4011 coelum
1398 3942 1623 4010 moveri.
1663 3952 1776 4007 Hoc
1803 3960 1861 4005 ut
1887 3952 2045 4021 plene

462 4043 660 4110 luceat,
694 4054 934 4099 astruam
982 4045 1049 4099 de
1094 4046 1235 4099 luna:
1281 4060 1472 4107 cursu,
1520 4058 1639 4110 qua:
1692 4051 1747 4095 et
1799 4041 2045 4095 claritate

462 4150 561 4193 sua
604 4145 658 4191 et
695 4138 982 4193 velocitate
1022 4137 1313 4193 notabilior
1356 4146 1460 4190 est.
1507 4134 1756 4189 Secundo
1800 4133 1914 4188 fere
1957 4134 2044 4188 die

461 4228 609 4285 circa
651 4243 907 4284 occasum
944 4231 1174 4291 videtur,
1226 4237 1280 4282 et
1325 4227 1479 4297 quasi
1520 4227 1696 4281 vicina
1730 4226 1849 4290 soli,
1880 4241 2041 4295 quem

462 4332 634 4388 nuper
682 4320 928 4389 reliquit,
978 4327 1264 4389 postquam
1304 4318 1392 4373 ille
1444 4318 1725 4374 demersus
1774 4325 1878 4381 est,
1927 4318 2043 4387 ipsa

463 4411 587 4464 cmli
636 4412 933 4480 marginem
971 4421 1118 4466 tenet
1159 4410 1499 4465 antecedenti
1550 4424 1713 4477 super
1754 4410 2039 4471 occidens;

465 4498 625 4556 tertio
650 4499 737 4552 die
774 4500 980 4553 tardius
1011 4501 1208 4554 occidit
1234 4513 1394 4568 quam
1424 4498 1685 4563 secundo;
1713 4507 1767 4553 ct
1800 4500 1873 4552 ita
1904 4514 2042 4567 quo-

465 4585 597 4639 tidie
630 4585 841 4656 longius
867 4587 935 4641 ab
956 4603 1153 4641 occasu
1184 4588 1407 4651 recedit,
1450 4597 1509 4642 ut
1530 4589 1759 4658 septimo
1788 4588 1875 4641 die
1898 4588 2043 4642 circa

464 4675 595 4730 solis
636 4690 890 4730 occasum
943 4676 998 4730 in
1042 4678 1220 4733 medio
1258 4678 1395 4733 ccelo
1443 4678 1556 4748 ipsa
1602 4679 1889 4733 videatur.
1922 4688 2045 4747 post

464 4766 599 4822 alios
622 4782 752 4821 vero
780 4776 984 4837 septem
1014 4783 1135 4823 cum
1160 4769 1248 4824 ille
1274 4770 1495 4837 mergit,
1528 4769 1643 4822 haec
1684 4767 1876 4829 oritur,
1909 4769 2043 4821 adeo

462 4856 640 4912 media
670 4866 828 4927 parte
853 4860 1053 4914 mensis
1083 4860 1365 4915 dimidium
1398 4859 1594 4913 ctelum
1614 4896 1629 4923 ,
1662 4857 1714 4911 id
1741 4865 1845 4921 est,
1874 4874 2041 4912 unum

462 4947 904 5017 hemisphaerium
956 4950 1025 5003 ab
1074 4965 1270 5005 occasu
1315 4953 1369 5003 in
1424 4948 1688 5019 orientem
1743 4948 2043 5003 rccedendo

463 5038 717 5103 metitur;
750 5054 936 5094 rursus
973 5049 1091 5109 post
1117 5049 1324 5110 septem
1355 5040 1491 5094 alios
1532 5040 1681 5103 circa
1717 5040 1847 5095 solis
1882 5056 2045 5096 occa-

462 5143 583 5181 sum
609 5129 831 5184 latentis
874 5131 1236 5200 hemisphaerii
1268 5131 1526 5185 verticcm
1569 5139 1736 5195 tenet,
1781 5132 1935 5202 cujus
1963 5133 2040 5187 rei

462 5214 721 5273 indicium
744 5228 826 5274 est
853 5221 996 5289 quod
1039 5222 1215 5275 medio
1244 5220 1421 5275 noctis
1463 5222 1706 5275 exoritur
1733 5240 1744 5274 :
1770 5231 2042 5292 postremo

410 5350 417 5358 .
462 5305 685 5360 totidem
710 5309 896 5364 diebus
921 5311 1147 5375 exactis,
1181 5310 1375 5364 additis
1400 5310 1620 5384 insuper
1651 5310 1768 5381 plus
1795 5312 2038 5367 minusve

465 5394 587 5449 aliis
618 5398 846 5464 duobus,
882 5402 1047 5455 solem
1070 5403 1268 5456 denuo
1293 5403 1723 5470 comprehendit,
1751 5390 1805 5454 ct
1830 5402 2038 5456 vicinus

465 5484 679 5540 videtur
737 5500 889 5545 ortus
941 5492 1222 5547 amborum
1255 5532 1269 5557 ,
1319 5490 1555 5560 quandiu
1600 5489 1698 5542 soli
1746 5490 2038 5544 succedens

467 5590 661 5633 rursus
703 5564 1003 5649 moveatur,
1035 5594 1090 5640 et
1112 5599 1300 5638 rursus
1328 5581 1586 5637 recedens
1607 5579 1865 5650 paulatim
1893 5595 2037 5635 sem-

464 5679 564 5735 Per
583 5667 639 5724 in
660 5670 921 5728 orientem
959 5675 1313 5743 regrediendo
1339 5672 1606 5743 relinquat
1649 5684 1918 5726 occasum.
1949 5668 2040 5723 Sol

2067 4467 2121 4524 D

2148 3234 2402 3290 videntur
2440 3234 2687 3299 occasui;
2734 3251 2921 3290 rursus
2968 3243 3089 3307 post
3137 3235 3303 3290 Tauri
3350 3251 3592 3291 mensem
3639 3234 3738 3290 Geo

2149 3324 2281 3378 mini
2326 3340 2429 3379 non
2464 3325 2737 3389 videntur,
2778 3326 2921 3394 quod
2968 3326 3022 3379 in
3050 3340 3144 3380 eos
3164 3325 3332 3379 solem
3370 3326 3636 3396 migrasse
3662 3326 3735 3379 si-

2148 3414 2387 3484 gniﬁcat.
2436 3415 2568 3469 Post
2607 3411 2864 3469 Geminos
2918 3416 3059 3470 redit
3094 3416 3148 3470 in
3186 3414 3477 3478 Cancrum,
3530 3426 3587 3471 et
3624 3425 3733 3470 tum

2149 3518 2274 3573 cum
2297 3505 2500 3559 occidit
2523 3520 2647 3559 mox
2675 3504 2837 3559 Libra
2862 3505 2915 3558 in
2946 3505 3124 3560 medio
3146 3506 3285 3561 caelo
3312 3506 3533 3560 videtur
3564 3520 3578 3558 :
3603 3506 3735 3559 adeo

2147 3582 2363 3647 constat
2409 3595 2576 3648 solem
2608 3592 2778 3648 tribus
2818 3594 2987 3664 signis
3028 3596 3284 3663 peractis,
3320 3595 3373 3650 id
3404 3602 3522 3658 est,
3554 3594 3733 3647 Ariete

2149 3693 2203 3739 et
2249 3679 2428 3738 Tauro
2469 3694 2525 3739 et
2568 3683 2814 3739 Geminis
2856 3684 2926 3738 ad
2972 3685 3319 3739 medietatem
3366 3683 3731 3754 hemisphzerii

2147 3774 2459 3828 recessisse,

2218 3864 2457 3932 Denique
2489 3873 2609 3932 post
2639 3872 2753 3919 tres
2780 3879 2993 3921 menses
3022 3875 3330 3936 sequentes,
3367 3865 3543 3919 tribus
3570 3864 3735 3936 signis

2147 3970 2266 4024 qua:
2300 3953 2601 4025 sequuntur
2632 3956 2887 4023 incensis,
2932 3956 3202 4012 Cancrum
3234 3958 3377 4023 dico,
3422 3956 3663 4011 Leonem
3683 3965 3731 4010 et

2152 4046 2443 4115 Virginem,
2494 4046 2768 4101 invenitur
2812 4048 2864 4101 in
2916 4039 3108 4113 Libra;
3160 4065 3278 4119 quae
3326 4064 3519 4102 rursus
3558 4055 3735 4116 aequat

2146 4147 2360 4192 noctem
2394 4139 2521 4202 diei,
2550 4145 2605 4192 et
2633 4139 2758 4192 dum
2794 4139 2844 4192 in
2882 4138 3000 4209 ipso
3030 4139 3184 4210 signo
3213 4140 3432 4203 occidit,
3465 4155 3593 4195 mox
3624 4138 3734 4192 oris

2147 4239 2237 4283 tur
2254 4230 2435 4294 Aries,
2467 4229 2521 4283 in
2548 4246 2655 4300 quo
2681 4230 2762 4285 sol
2799 4240 2925 4286 ante
2957 4248 3052 4287 sex
3077 4248 3291 4288 menses
3313 4231 3566 4286 occidere
3598 4231 3733 4285 sole-

2145 4318 2258 4373 bat.
2290 4319 2415 4373 ldco
2445 4329 2626 4374 autem
2654 4336 2908 4375 occasum
2932 4322 3049 4391 ejus
3078 4337 3239 4391 quam
3262 4331 3443 4377 ortum
3474 4322 3734 4392 elegimus

2147 4410 2586 4476 prieponendum,
2626 4409 2752 4478 quia
2789 4410 2942 4479 signa
2974 4412 3276 4480 posteriora
3314 4420 3438 4481 post
3477 4426 3732 4466 occasum

2147 4500 2418 4563 videntur,
2448 4507 2503 4553 et
2546 4501 2672 4554 dum
2704 4501 2769 4555 ad
2798 4501 2913 4555 luce
2942 4516 3050 4570 quo
3080 4500 3191 4556 sole
3235 4510 3516 4573 mergente
3564 4501 3733 4556 videri

2146 4584 2343 4653 solent,
2388 4589 2555 4643 solem
2593 4590 2770 4645 redire
2818 4602 3205 4655 monstramus,
3254 4593 3371 4647 sine
3410 4593 3576 4647 dubio
3610 4608 3732 4647 eum

2145 4681 2418 4734 contrario
2479 4690 2627 4737 motu
2692 4684 2949 4740 recedere
2990 4700 3155 4754 quam
3202 4684 3398 4740 caelum
3449 4692 3731 4746 movetur,

2142 4772 2496 4827 ostendimus.
2551 4773 2676 4829 Haec
2719 4783 2901 4830 autem
2940 4791 3059 4845 qua:
3092 4777 3157 4831 de
3183 4777 3298 4831 sole
3339 4791 3403 4830 ac
3433 4775 3558 4828 luna
3589 4774 3731 4827 dixi-

2143 4877 2286 4925 mus,
2325 4862 2488 4916 etiam
2523 4862 2763 4933 quinque
2804 4863 3082 4919 stellarum
3124 4880 3398 4919 recessum
3449 4864 3729 4933 assignare

2146 4948 2429 5007 sufﬁcient
2463 4970 2477 5007 :
2506 4954 2623 5022 pari
2676 4954 2821 5007 enim
2863 4955 3074 5009 ratione
3125 4955 3177 5008 in
3221 4954 3523 5025 posteriora
3579 4953 3727 5021 signa

2142 5039 2444 5110 migrando,
2504 5057 2719 5111 semper
2754 5044 3040 5098 mundana:
3092 5043 3413 5097 volubilitati
3455 5041 3726 5096 contraria

2147 5129 2455 5184 reccssiune
2497 5140 2801 5197 γενεαηιυν,
2845 5148 3071 5203 quarum
3120 5147 3313 5186 CUI‘SIIS
3365 5142 3725 5197 I'CCIII‘SUSQUB

2138 5218 2258 5289 ipso
2309 5216 2421 5273 sole
2468 5222 2741 5277 moderari
2791 5224 3152 5293 perhibetur;
3189 5238 3314 5276 nam
3365 5230 3512 5277 certa
3566 5218 3723 5288 spatii

2144 5307 2386 5363 deﬁnitio
2415 5317 2516 5369 est,
2537 5313 2601 5365 ad
2623 5327 2787 5380 quam
2817 5328 2939 5366 cum
2964 5327 3298 5383 unaquaeque
3319 5312 3549 5367 erratica
3571 5308 3723 5365 stella

2144 5401 2402 5455 recedens
2430 5405 2496 5457 ad
2520 5403 2685 5457 solem
2729 5405 3058 5474 pervenerit,
3091 5396 3348 5474 tauquam
3375 5403 3513 5456 ultra
3538 5402 3723 5471 prohi‘

2146 5491 2338 5547 beatur
2368 5495 2651 5560 accedere,
2693 5497 2777 5566 agi
2820 5506 2969 5551 retro
2998 5496 3209 5551 videtur
3238 5514 3250 5526 ·
3281 5505 3337 5551 ει
3367 5510 3557 5550 rursus
3600 5508 3721 5548 cum

2146 5592 2347 5639 certam
2413 5595 2622 5655 partem
2681 5588 2982 5643 recedendo
3032 5587 3358 5657 contigerit,
3408 5586 3477 5640 ad
3528 5582 3719 5639 directi

2147 5686 2337 5731 cursus
2369 5684 2626 5733 consueta
2669 5686 2988 5742 revocatur,
3022 5676 3095 5731 ita
3130 5677 3259 5733 solis
3288 5677 3370 5732 vis
3399 5683 3453 5729 et
3480 5682 3718 5745 potestas
