4006 6484
202 329 310 387 655

1011 323 1229 381 EPIST.
1273 324 1361 378 DE
1392 319 1663 380 DUPLICI
1703 320 1902 380 SOLIS
1939 320 2203 378 ECLlPSl
2236 322 2396 377 ANN.
2431 322 2677 379 DCCCX.

3353 326 3463 385 ιδι

202 451 379 502 motus
421 438 755 510 reliquorum
798 439 1060 495 luminum
1103 441 1395 497 constituta
1430 440 1779 496 demensione
1803 442 1855 501 Α
1879 446 1994 507 pat,
2023 438 2232 494 duabus
2254 438 2412 495 lineis
2436 438 2729 496 limitatum
2769 450 2875 506 est,
2903 451 2959 498 et
2984 443 3147 500 tertia
3183 444 3344 502 ducta
3372 459 3472 519 per

208 534 535 591 moderatur.

268 623 455 679 Circus
484 634 614 691 ergo
651 618 766 675 sive
805 620 1039 676 circulus
1075 622 1395 693 intelligitur
1432 621 1776 690 uniuscujus-

204 730 303 789 que
330 712 494 768 stellae
521 726 630 764 una
655 711 867 782 integra
899 720 955 766 et
988 721 1207 782 peracta
1235 713 1518 769 conversio
1536 753 1551 778 ,
1584 713 1637 768 id
1667 725 1772 779 est,

205 808 268 863 ab
313 805 499 860 eodem
530 802 648 857 loco
690 813 812 873 post
858 819 1140 858 emensum
1191 805 1415 875 sphaera;
1467 820 1565 874 per
1611 821 1773 874 quam

204 904 441 954 movetur
461 894 721 948 ambitum
760 894 816 948 in
853 895 1102 950 eumdem
1130 895 1307 951 locum
1338 909 1639 963 regressus.
1683 895 1775 949 Est

204 996 374 1043 autem
410 985 500 1039 hic
547 984 685 1040 linea
717 984 961 1039 ambiens
1004 986 1272 1054 sphaeram
1308 1001 1370 1042 ac
1413 986 1578 1041 veluti
1607 987 1774 1041 scini-

120 1072 125 1077 ’
204 1087 309 1132 tam
337 1075 564 1140 faciens,
592 1090 689 1146 per
710 1090 874 1145 quam
906 1075 986 1131 sol
1014 1085 1070 1131 et
1094 1076 1218 1131 luna
1244 1076 1518 1140 discurrit,
1556 1085 1612 1129 ct
1636 1077 1774 1130 intra

205 1182 357 1239 quam
389 1166 701 1237 vagantium
747 1166 1024 1221 stellarum
1067 1182 1223 1221 error
1260 1167 1532 1237 legitimus
1565 1182 1778 1222 coerce-

208 1268 306 1322 tur,
335 1273 472 1328 quas
497 1257 618 1313 ideo
637 1266 848 1314 veteres
868 1270 1053 1314 errare
1079 1260 1354 1325 dixerunt,
1385 1261 1511 1329 quia
1540 1268 1596 1315 et
1614 1276 1776 1315 cursu

206 1365 296 1408 suo
339 1348 615 1415 feruntur,
663 1357 716 1403 et
753 1356 943 1404 contra
995 1350 1218 1419 sphaera)
1263 1350 1534 1413 maximae,
1580 1352 1633 1405 id
1670 1358 1773 1415 est,

206 1440 363 1511 ipsius
384 1439 512 1494 caeli
543 1439 801 1508 impetum
835 1439 1111 1493 contrario
1140 1447 1287 1494 motu
1320 1440 1388 1494 ad
1423 1440 1686 1493 orientem
1709 1439 1779 1493 ab

205 1532 476 1588 occidente
501 1531 810 1595 volvuntur,
837 1538 894 1584 et
925 1531 1166 1586 omnium
1203 1531 1422 1601 quidem
1462 1546 1562 1600 par
1588 1531 1778 1585 celeri-

206 1634 300 1689 tas,
326 1632 510 1677 motus
544 1622 761 1687 similis,
790 1622 935 1677 idem
959 1631 1044 1678 est
1068 1623 1262 1677 modus
1283 1623 1517 1689 meandi,
1553 1624 1647 1678 sed
1671 1640 1776 1678 non

204 1729 379 1771 omnes
419 1714 614 1768 eodem
656 1713 918 1783 temporis
945 1714 1120 1782 spatio
1140 1714 1316 1768 circos
1356 1730 1484 1767 suos
1511 1715 1778 1783 orbesque

206 1802 511 1860 conﬁciunt.
560 1801 792 1859 Causam
836 1818 966 1858 vero
1012 1804 1113 1860 sub
1155 1803 1343 1859 eadem
1381 1803 1659 1858 celeritate
1697 1804 1776 1857 dia

204 1893 330 1948 versi
390 1893 559 1961 spatii
610 1892 951 1961 inaaqualitas
998 1892 1330 1962 sphaerarum
1381 1892 1586 1955 efﬁcit,
1643 1907 1777 1961 quas

203 1985 411 2056 singulae
442 1985 617 2040 stellae
636 1984 968 2054 perlustrant
999 1972 1012 2037 ἐ
1046 1999 1077 2037 a
1116 1982 1337 2038 Saturni
1365 1984 1510 2037 enim
1541 1983 1776 2052 sphaera,

203 2091 310 2146 quae
340 2083 427 2131 est
450 2075 628 2145 prima
659 2075 727 2130 de
757 2084 985 2145 septem,
1015 2090 1185 2144 usque
1206 2075 1275 2131 ad
1301 2075 1567 2144 sphaeram
1605 2074 1775 2139 Jovis,

203 2183 231 2221 a
254 2182 470 2223 summo
501 2165 801 2223 secundam
830 2164 1103 2235 interiecti
1138 2165 1297 2236 spatii
1338 2162 1486 2220 tanta
1522 2166 1778 2221 distantia

203 2268 303 2323 est,
353 2267 414 2314 ut
464 2259 671 2314 zodiaci
712 2258 973 2313 ambitum
1027 2258 1274 2329 superior
1320 2258 1540 2329 triginta
1591 2258 1777 2320 annis,

206 2352 488 2407 duodecim
532 2365 665 2405 vero
693 2347 935 2421 subjecta
969 2349 1242 2415 conﬁciat,
1284 2364 1473 2405 rursus
1515 2356 1717 2402 tantum
1749 2363 1781 2401 a

203 2441 326 2497 Jove
374 2442 593 2513 sphaera
641 2440 827 2498 Martis
877 2442 1129 2506 recedit,-
1155 2451 1215 2497 ut
1264 2441 1513 2496 eumdem
1562 2454 1782 2494 cursum

204 2535 695 2605 biennioperagat.
738 2532 919 2589 Venus
961 2543 1142 2587 autem
1184 2542 1335 2588 tanto
1368 2541 1455 2588 est
1493 2548 1525 2586 a
1564 2533 1784 2602 regione

207 2626 381 2682 Martis
421 2626 674 2691 inferior,
720 2633 780 2679 ut
812 2625 863 2680 ei
899 2638 1073 2680 annus
1114 2625 1246 2680 satis
1279 2625 1353 2680 sit
1388 2623 1459 2678 ad
1502 2623 1787 2678 zodiacum

204 2719 620 2791 peragrandum.
1189 2703 1209 2713 ⁶

268 2810 385 2864 Jam
414 2824 554 2864 vero
583 2810 656 2863 ita
686 2807 883 2865 Veneri
907 2807 1155 2878 proxima
1201 2815 1286 2862 est
1322 2806 1473 2862 stella
1506 2805 1782 2872 Mercurii,

205 2907 256 2955 et
275 2898 547 2956 Mercurio
573 2898 654 2953 sol
681 2899 1036 2968 propinquus,
1078 2906 1140 2951 ut
1173 2898 1226 2953 hi
1259 2908 1368 2953 tres
1402 2897 1598 2953 ccelum
1627 2913 1785 2952 suum

206 2992 316 3061 pari
344 2991 611 3059 temporis
632 2989 828 3059 spatio,
855 2989 908 3043 id
934 2998 1038 3053 est,
1072 3004 1216 3042 anno
1249 2988 1369 3059 plus
1401 2988 1648 3041 minusve
1678 2988 1787 3041 cir-

209 3093 494 3161 cumeaut;
544 3083 665 3138 ideo
701 3090 755 3136 et
791 3082 983 3138 Cicero
1011 3081 1110 3135 hos
1156 3081 1291 3135 duos
1336 3095 1527 3135 cursus
1561 3079 1786 3134 comites

1876 529 2114 584 medium
2152 530 2403 600 ecliptica
2433 540 2677 597 vocatur,
2728 533 2854 601 quia
2886 549 3010 589 cum
3045 550 3263 591 cursum
3309 553 3469 594 suum

1874 619 1930 674 in
1958 621 2146 675 eadem
2175 620 2313 676 linea
2340 622 2545 692 pariter
2573 621 2652 676 sol
2693 631 2748 676 et
2792 623 2918 678 luna
2960 626 3274 692 coniiciunt,
3325 629 3463 683 alte-

1876 708 1990 765 rius
2026 725 2213 765 corum
2253 725 2475 768 necesse
2511 720 2595 766 est
2627 713 2850 768 evenire
2886 714 3186 782 defectum;
3232 718 3381 781 solis,
3418 719 3470 774 si

1874 800 1925 853 ci
1971 809 2098 855 tunc
2141 801 2264 856 luna
2307 804 2592 868 succedat;
2642 802 2812 868 lunae,
2859 805 2905 859 si
2951 813 3082 861 tunc
3126 808 3351 861 adversa
3397 809 3471 863 sit

1875 888 1997 942 soli.
2029 889 2153 943 ldco
2182 904 2279 944 nec
2314 890 2393 944 sol
2418 907 2656 960 unquam
2688 891 2892 957 deﬁcit,
2936 893 3042 948 nisi
3086 909 3209 948 cum
3252 896 3466 951 tricesi-

1874 993 1996 1031 mus
2038 976 2178 1031 lunae
2218 979 2335 1033 dies
2380 988 2502 1045 est;
2537 989 2590 1035 et
2636 982 2739 1036 nisi
2781 982 2973 1051 quinto
3016 984 3230 1040 decimo
3266 1000 3462 1042 cursus

1875 1067 1959 1121 sui
2001 1067 2108 1132 die,
2143 1068 2316 1121 nescit
2365 1069 2490 1124 luna
2537 1070 2804 1126 defectum
2835 1090 2850 1126 :
2880 1073 2961 1127 sic
2988 1074 3133 1127 enim
3165 1076 3346 1130 evenit
3405 1082 3468 1132 ut

1876 1164 1968 1209 aut
1990 1154 2130 1209 luna:
2154 1159 2537 1227 contrasolem
2572 1162 2781 1230 positae,
2810 1162 2878 1217 ad
2906 1165 3262 1218 mutuandum
3302 1166 3373 1221 ab
3397 1182 3466 1222 eo
3518 1186 3521 1191 ί

1876 1244 2108 1300 solidum
2138 1245 2342 1312 lumen,
2384 1249 2486 1303 sub
2514 1252 2703 1305 eadem
2737 1252 2878 1307 linea
2906 1254 3155 1309 inventus
3186 1264 3346 1311 terra:
3366 1272 3466 1312 co-

1876 1352 1980 1392 nus
2012 1336 2390 1404 obsistat,_aut
2418 1339 2516 1393 soli
2542 1340 2656 1409 ipsa
2681 1344 2994 1409 succedens,
3022 1348 3070 1399 o'
3086 1343 3235 1413 jectu
3263 1363 3365 1402 suo
3392 1349 3465 1404 ab

1877 1427 2114 1482 humano
2143 1438 2365 1497 aspectu
2394 1424 2573 1485 lumen
2597 1431 2713 1500 ejus
2746 1435 2986 1504 repellat.
3036 1437 3093 1491 ln
3126 1438 3338 1493 defectu
3366 1455 3466 1494 au-

1878 1527 1987 1574 tem
2017 1520 2097 1575 sol
2119 1520 2234 1590 ipse
2260 1522 2391 1576 nihil
2412 1524 2636 1592 patitur,
2665 1527 2761 1582 sed
2793 1538 2977 1583 noster
3001 1527 3284 1586 fraudatur
3313 1547 3470 1602 περθ-

1877 1619 2018 1679 ctus,
2069 1614 2197 1667 luna
2228 1628 2356 1669 vero
2393 1617 2538 1670 circa
2583 1620 2861 1687 proprium
2912 1620 3180 1677 defectum
3228 1624 3468 1691 laborat,

1879 1718 1987 1756 non
2019 1704 2331 1773 accipiendo
2360 1705 2488 1760 solis
2515 1707 2718 1772 lumen,
2751 1700 2905 1777 cujus
2948 1712 3210 1769 beneﬁcio
3252 1724 3467 1770 noctem

1807 1785 1852 1843 Β
1878 1792 2116 1858 colorat;
2139 1795 2283 1862 quod
2300 1797 2477 1851 sciens
2495 1798 2767 1869 Virgilius,
2792 1801 3198 1872 disciplinarum
3218 1807 3463 1867 omnium

1878 1882 2261 1950 peritissimus,
2289 1885 2361 1938 ait
2382 1903 2395 1939 :

2063 1993 2300 2043 Defectus
2321 1997 2441 2046 solis
2467 1999 2639 2058 varios,
2664 1998 2894 2061 lunzeque
2914 2001 3124 2051 labores.

1881 2076 2140 2148 Quamvis
2187 2082 2349 2153 igitur
2392 2083 2557 2139 trium
2615 2086 2881 2141 linearum
2937 2089 3132 2144 ductus
3181 2091 3469 2148 zodiacum

1880 2180 1934 2226 et
1970 2172 2186 2226 claudat
2219 2181 2274 2227 et
2310 2175 2536 2240 dividat,
2587 2191 2754 2230 unum
2804 2186 2985 2233 tamen
3028 2180 3232 2235 circum
3277 2191 3469 2238 auctor

1882 2264 2270 2321 vocabulorum
2317 2265 2422 2321 dici
2447 2267 2621 2322 voluit
2658 2269 2973 2340 antiquitas,
3008 2274 3303 2329 secundum
3338 2292 3472 2333 vero

1882 2358 2146 2425 quosdam
2182 2356 2537 2428 philosophos
2570 2359 2799 2415 latitudo
2834 2363 3039 2417 zodiaci
3079 2365 3361 2422 duodecim
3407 2369 3473 2424 li-

1883 2446 2002 2500 neis
2050 2453 2417 2510 mensuratur,
2468 2460 2534 2501 ex
2578 2448 2777 2517 quibus
2826 2449 2981 2518 juxta
3037 2453 3188 2521 paris
3250 2457 3468 2512 numeri

1885 2545 2139 2589 naturam
2189 2535 2323 2590 duas
2378 2536 2571 2591 haberi
2621 2537 2828 2592 medias
2884 2554 3108 2595 necesse
3168 2551 3285 2608 est,
3336 2560 3473 2613 quas

1887 2625 2262 2680 tantummodo
2316 2641 2348 2679 a
2395 2626 2508 2681 sole
2557 2626 2779 2682 lustrari
2822 2631 3241 2695 conﬁrmantes,
3289 2634 3475 2691 lunam

1884 2731 1984 2786 per
2005 2731 2197 2771 omnes
2222 2717 2529 2772 discurrere
2555 2718 3109 2791 dicunt.0uapropter
3132 2723 3276 2779 ultro
3303 2726 3474 2780 citro-

1886 2820 1992 2873 que
2038 2811 2228 2872 vagata
2271 2804 2518 2874 eclipsim
2574 2804 2692 2860 [ἰθνί
2749 2807 2979 2878 singulis
3026 2811 3302 2867 mensibus
3357 2829 3468 2869 non

1887 2894 2036 2949 sinit.
2088 2894 2353 2949 Omnibus
2394 2902 2574 2948 tamen
2607 2896 2766 2951 annis
2797 2898 3080 2967 utriusque
3108 2900 3300 2956 sideris
3330 2903 3467 2958 defe-

1887 2993 2007 3040 ctus
2055 2985 2274 3040 statutis
2315 2986 2507 3040 diebus
2537 2987 2795 3057 horisque
2832 2991 3050 3045 evenire
3098 2994 3473 3063 comprobant,

1889 3078 2138 3147 quamvis
2161 3092 2266 3131 non
2294 3092 2511 3146 semper
2532 3088 2851 3147 appareant,
2886 3079 3004 3134 ideo
3031 3081 3157 3149 quia
3184 3080 3475 3152 aliquando

208 3155 329 3253 solis
375 3175 613 3238 vocavit,
660 3173 785 3244 quia
834 3173 888 3227 in
926 3172 1101 3242 spatio
1131 3171 1250 3241 pari
1291 3170 1448 3241 longe
1481 3185 1511 3225 a
1546 3184 1605 3224 se
1649 3185 1787 3223 nun—
1814 3137 1858 3198 C
1892 3169 2029 3223 fiunt
2061 3170 2255 3223 subtus
2294 3178 2499 3223 terram
2541 3169 2595 3223 in
2623 3178 2776 3240 parte
2826 3137 3472 3244 latentisdnennispbznrii,

207 3284 366 3338 quam
394 3267 658 3322 recedunt
686 3284 699 3321 :
733 3266 859 3321 luna
884 3272 1062 3320 autem
1102 3272 1309 3319 tantum
1333 3264 1402 3318 ab
1428 3264 1513 3318 his
1534 3263 1785 3317 deorsum

209 3361 454 3424 recessit,
487 3366 546 3413 ut
581 3358 723 3427 quod
749 3357 824 3411 illi
862 3370 1026 3422 anno,
1057 3355 1246 3425 viginti
1276 3362 1400 3409 octo
1431 3354 1621 3408 diebus
1658 3368 1788 3407 con-

209 3448 372 3503 ﬁciat.
419 3449 528 3503 Sed
566 3444 757 3503 Cicero
798 3462 924 3501 cum
968 3453 1219 3515 quartum
1261 3445 1328 3498 de
1367 3450 1572 3511 septem
1618 3440 1787 3495 solem

204 3541 357 3606 velit,
384 3547 614 3610 quartus
647 3546 828 3594 autem
868 3538 1008 3591 inter
1034 3546 1241 3605 septem
1279 3550 1384 3588 non
1414 3534 1525 3588 fere
1556 3531 1787 3595 medius,

203 3633 302 3688 sed
367 3629 682 3684 omnimodo
740 3628 951 3682 medius
1010 3630 1067 3680 et
1121 3627 1193 3680 sit
1251 3632 1306 3679 et
1360 3624 1646 3683 habeatur,
1682 3636 1790 3673 non

202 3725 439 3790 abrupte
481 3718 713 3773 medium
751 3717 939 3780 solem,
986 3717 1078 3779 sed
1118 3716 1227 3785 fere
1268 3714 1500 3767 medium
1546 3709 1793 3764 dixitliis

205 3812 388 3866 verbis
422 3826 434 3860 :
474 3826 491 3859 ‹
522 3806 723 3861 Deinde
761 3806 828 3859 de
874 3814 1065 3876 septem
1106 3803 1331 3856 medium
1378 3801 1485 3870 fere
1531 3801 1789 3870 regionem

205 3901 279 3956 sol
311 3900 563 3954 obtinet.»
603 3897 709 3952 Sed
744 3912 852 3952 non
898 3904 1053 3949 vatat
1098 3893 1327 3963 adjectio
1370 3908 1475 3961 qua
1523 3893 1638 3945 hrec
1676 3902 1792 3960 pro—

208 3989 472 4046 nuntiatio
501 3996 859 4057 temperatur;
891 4001 1014 4039 nam
1045 3985 1122 4040 sol
1150 3990 1403 4053 quartum
1431 3981 1605 4037 locum
1647 3981 1789 4035 obti-

212 4097 361 4145 nens,
390 4080 620 4134 mediam
652 4078 923 4148 regionem
953 4084 1097 4131 tenet
1132 4089 1381 4137 numero,
1413 4074 1503 4128 se.l
1534 4089 1641 4129 non
1663 4088 1789 4142 spa-

214 4172 310 4233 tio;
345 4168 569 4225 Saturni
606 4168 749 4221 enim
777 4166 952 4231 stella,
984 4181 1102 4234 qua:
1127 4179 1337 4220 suinma
1363 4173 1467 4229 est,
1500 4163 1790 4218 Zodiacum

216 4262 431 4331 triginta
464 4258 621 4312 anuis
651 4265 900 4327 peragrat
932 4274 945 4309 :
974 4256 1053 4310 sol
1089 4256 1297 4310 medius
1328 4269 1470 4307 anno
1498 4268 1633 4315 uno;
1665 4252 1792 4305 luna

217 4351 397 4406 ultima
427 4364 537 4404 uno
562 4362 746 4402 mense
787 4362 892 4401 non
930 4346 1155 4414 integro.
1192 4343 1423 4398 Tantum
1457 4357 1588 4412 ergo
1630 4341 1796 4394 inter-

218 4451 295 4499 est
324 4444 468 4497 inter
507 4442 676 4497 solem
706 4448 762 4494 et
794 4439 1107 4501 Saturnum,
1153 4444 1412 4507 quantum
1453 4435 1593 4490 inter
1628 4448 1793 4486 unum

219 4544 270 4590 et
295 4536 546 4605 triginta;
581 4541 787 4587 tantum
816 4532 957 4584 inter
985 4530 1166 4583 lunam
1196 4529 1492 4596 solemque,
1528 4535 1793 4594 quantum

221 4632 351 4685 inter
396 4625 681 4681 duodecim
740 4630 794 4677 et
838 4636 1036 4685 unum;
1088 4620 1229 4673 unde
1276 4624 1501 4687 apparet
1556 4617 1720 4669 totius
1763 4630 1794 4668 a

219 4732 418 4773 summo
442 4717 499 4770 in
540 4716 705 4770 imum
738 4713 897 4783 spatii
925 4720 1127 4766 certam
1154 4727 1218 4765 ex
1256 4726 1341 4765 me
1361 4711 1430 4763 iia
1466 4719 1618 4779 parte
1659 4706 1796 4763 divi-

219 4808 412 4861 sionem
464 4806 594 4861 solis
621 4805 836 4874 regione
864 4819 967 4857 non
997 4802 1132 4856 ﬁeri.
1172 4801 1276 4855 Sed
1301 4808 1560 4870 quantum
1589 4799 1654 4853 ad
1694 4815 1795 4852 nu-

220 4914 416 4953 merum
441 4898 698 4969 pertinet,
732 4894 892 4949 veluti
927 4895 1067 4948 inter
1100 4901 1305 4961 septem
1330 4900 1553 4962 quartus
1582 4892 1793 4945 medius

220 4987 424 5052 dicitur,
478 4974 725 5057 quamvis
775 4991 996 5055 propter
1030 4981 1444 5050 inaequalitatem
1491 4978 1789 5047 spatiorum

223 5078 515 5148 adjectione
544 5078 651 5146 fere
674 5074 952 5146 particulae
985 5079 1332 5142 temperatur.
1365 5070 1630 5125 Zodiacus
1660 5085 1789 5139 ergo

223 5169 555 5229 circulusest
582 5183 720 5223 unus
758 5182 824 5222 ex
853 5165 1100 5221 undecim
1150 5163 1489 5233 supradictis,
1523 5162 1614 5232 qui
1647 5161 1792 5217 solus

221 5261 385 5329 potuit
427 5259 765 5314 latitudinem
794 5257 899 5311 hoc
925 5256 1085 5310 modo
1120 5270 1278 5324 quem
1323 5252 1629 5316 referimus,
1679 5252 1793 5306 adi-

222 5349 367 5416 pisci.
395 5349 595 5405 Natura
624 5346 925 5403 cmlestium
951 5345 1275 5399 circulorum
1301 5344 1655 5414 incorporalis
1689 5350 1792 5407 est,

226 5436 462 5508 lineaque
505 5441 581 5494 ita
631 5445 812 5492 mente
850 5434 1169 5504 concipitur,
1210 5440 1269 5487 ut
1304 5432 1416 5488 sola
1461 5432 1797 5502 longitudine

228 5540 521 5597 censeatur,
551 5530 716 5584 latum
748 5528 949 5582 habere
982 5541 1090 5580 non
1118 5525 1315 5595 possit;
1351 5525 1404 5578 in
1426 5524 1659 5580 Zodiaco
1683 5523 1799 5579 lon-

231 5618 515 5685 gitudinem
555 5621 832 5691 signorum
875 5618 1149 5689 capacitas
1195 5617 1466 5687 exigebat.
1524 5615 1796 5683 Quantum

233 5705 387 5776 igitur
413 5711 566 5780 spatii
605 5710 712 5764 lata
740 5702 1003 5764 dimensio
1036 5706 1301 5777 porrectis
1328 5707 1597 5763 sideribus
1640 5721 1799 5762 occu-

1890 3261 2183 3330 aliquando
2235 3276 2428 3331 supra;
2487 3262 2581 3316 sed
2631 3271 2853 3332 propter
2906 3263 3089 3318 nubila
3141 3273 3196 3319 et
3257 3276 3477 3337 propter

1890 3349 2269 3419 globositatem
2307 3357 2363 3404 et
2398 3350 2799 3405 convexitatem
2838 3358 2997 3406 terra
3038 3367 3214 3422 neque
3256 3354 3476 3424 ubique,

1892 3454 2069 3509 neque
2125 3440 2329 3495 eisdem
2385 3440 2537 3494 horis
2589 3441 2659 3494 ab
2705 3442 2960 3498 Omnibus
3020 3444 3168 3498 cerni
3215 3455 3475 3514 possunt;

1893 3534 2037 3585 unde
2071 3531 2434 3591 certissimum
2468 3541 2553 3587 est
2581 3534 2777 3601 saepius
2808 3533 2910 3587 ista
2937 3532 3052 3588 fieri
3090 3550 3254 3604 quam
3280 3537 3476 3602 videri,

1894 3635 1995 3673 nec
2024 3621 2303 3689 tequaliter
2325 3623 2536 3677 cunctis
2562 3637 2826 3690 apparere
2853 3638 2977 3676 cum
3010 3624 3288 3690 videntur;
3330 3629 3476 3683 unde

1896 3711 2233 3779 vespertinos
2274 3712 2405 3766 solis
2446 3726 2511 3765 ac
2552 3713 2691 3767 luna:
2739 3713 2983 3769 defectus
3021 3713 3326 3772 Orientales
3369 3734 3476 3773 non

1894 3803 2166 3867 sentiunt,
2219 3818 2394 3873 neque
2438 3791 2731 3859 matutinos
2780 3806 3175 3874 Occidentales,
3227 3808 3478 3866 obstante

1895 3908 2033 3947 cono
2064 3901 2224 3947 terra:
2251 3905 2415 3962 atque
2442 3894 2617 3947 visum
2652 3903 2892 3949 arcente.
2922 3895 3089 3950 Lunae
3118 3905 3299 3952 autem
3327 3897 3477 3954 deie-

1894 3992 2041 4039 ctum
2092 3984 2385 4053 aliquando
2426 3985 2616 4053 quinto
2654 3999 2840 4040 mense
2880 4002 2910 4041 a
2955 3989 3145 4057 priori,
3182 3990 3311 4045 solis
3345 4007 3477 4047 vero

1894 4074 2124 4143 septimo
2163 4073 2407 4141 ejusdem
2436 4074 2521 4129 bis
2554 4075 2606 4129 in
2638 4077 2858 4146 triginta
2889 4078 3078 4133 diebus
3115 4095 3278 4149 super
3305 4091 3478 4137 terras

1894 4165 2179 4229 occultari,
2214 4181 2427 4220 necnon
2467 4166 2536 4220 ab
2575 4167 2695 4221 aliis
2723 4169 2899 4222 visum
2942 4183 3084 4232 esse,
3116 4172 3387 4238 quondam
3422 4172 3477 4226 in

1896 4259 2178 4312 duodecim
2210 4259 2400 4313 diebus
2427 4268 2718 4325 utrumque
2765 4258 2916 4311 sidus
2952 4258 3181 4319 deiicere
3214 4258 3477 4327 probabili

1898 4348 2109 4401 ratione
2136 4356 2190 4400 et
2216 4348 2506 4402 traditione
2531 4347 2904 4413 cognovimus.

1973 4438 2244 4508 Respondi
2279 4453 2438 4508 ergo,
2484 4445 2543 4491 ut
2581 4437 2714 4490 mihi
2751 4436 2985 4499 videtur,
3031 4436 3343 4493 beatissime
3367 4434 3479 4492 Au-

1899 4539 2073 4600 guste,
2107 4530 2402 4584 secundum
2432 4537 2739 4583 vestrarum
2768 4528 3106 4581 exactionem
3150 4528 3473 4597 litterarum,

1897 4629 1953 4674 et
1976 4620 2087 4675 dixi
2113 4635 2179 4673 ex
2203 4619 2516 4673 eorumdem
2536 4617 2863 4672 auctoritate
2889 4617 3343 4686 quemadmodum
3376 4635 3477 4674 an-

1896 4710 2028 4779 tiqui
2053 4708 2358 4779 philosophi
2383 4717 2437 4764 et
2462 4710 2702 4763 scicrunt
2727 4717 2781 4761 et
2809 4707 3182 4776 praescierunt,
3205 4711 3476 4777 quomodo

1896 4800 2050 4855 ﬁeret
2100 4801 2346 4855 defectus
2393 4800 2543 4866 solis,
2593 4809 2649 4853 et
2688 4800 2904 4867 quando
2950 4798 3106 4854 ﬁeret
3147 4818 3160 4829 -
3207 4799 3282 4854 illi
3330 4802 3475 4855 enim

1894 4890 2135 4946 omnium
2174 4890 2580 4958 disciplinarum
2616 4887 2953 4957 peritissimi,
2995 4895 3053 4942 et
3080 4888 3278 4943 nullius
3313 4897 3477 4943 sectae

1891 4980 2047 5034 inscii
2071 4980 2345 5033 veteribus
2372 4979 2715 5047 approbatre,
2767 4978 3113 5046 sagacissima
3161 4979 3393 5033 climata:
3420 4984 3478 5032 ct

1892 5074 2160 5128 defaecata:
2188 5073 2382 5126 mentis
2411 5072 2730 5136 intentione,
2761 5081 2816 5127 et
2844 5074 3310 5143 perspicacissima
3337 5087 3471 5141 pur-

1894 5162 2289 5234 gatissimaque‘
2320 5162 2517 5217 interni
2557 5178 2749 5217 sensus
2787 5164 2906 5218 acie
2942 5162 3158 5232 praefixa
3181 5203 3195 5226 ,
3233 5162 3474 5218 omnium

1894 5268 2080 5308 rerum
2114 5262 2363 5317 naturas,
2405 5254 2664 5317 rationes,
2702 5270 2898 5309 causas
2939 5261 2996 5306 et
3021 5253 3262 5322 origines
3306 5254 3480 5328 subti-

1895 5343 2101 5399 lissime
2125 5352 2180 5398 et
2206 5343 2600 5399 instantissime
2629 5344 2862 5397 naturali
2894 5343 3311 5411 investigatione
3326 5359 3479 5414 quae,

1898 5435 2163 5498 siverunt,
2200 5435 2611 5490 accuratissime
2657 5442 2713 5487 et
2753 5432 3126 5487 etlicacissime
3164 5434 3259 5490 illo
3300 5453 3333 5490 α
3374 5454 3478 5508 quo

1898 5541 2050 5579 omne
2085 5524 2269 5579 datum
2297 5526 2551 5596 optimum
2583 5530 2658 5576 est
2695 5531 2743 5575 et
2773 5537 2924 5575 omne
2966 5521 3163 5578 donum
3188 5526 3478 5596 perfectum

1897 5615 2159 5671 oll'erente
2186 5616 2413 5685 qumsita
2444 5615 2785 5675 invenerunt,
2820 5611 3037 5667 iuventa
3061 5623 3118 5669 et
3142 5616 3476 5687 deprehensa

1898 5704 2315 5780 diligentissime
2357 5713 2413 5761 et
2448 5701 2813 5758 intentissime
2846 5703 3302 5764 observaverunt
3354 5710 3478 5764 inde
