4006 6512
490 353 599 409 453

1805 335 2104 394 DUNGALI
2146 332 2440 389 RECLUSI

3642 330 3752 386 L56

483 462 695 539 physici
739 458 1088 515 astronomiae
1141 455 1448 527 specialiter
1504 454 1819 516 studentes,
1869 449 2061 504 eadem
2090 447 2141 506 Α
2169 452 2322 539 tanto
2364 442 2515 539 enim
2557 450 2804 539 tempore
2849 439 3313 539 emittm-circuit.
3359 439 3511 539 lovis
3564 451 3752 539 autem

485 553 790 611 diutissima
808 550 1326 618 meditatissimaque
1343 547 1618 618 diligentia
1642 553 1795 600 ortus
1812 551 1867 598 et
1880 542 2060 598 obitus

483 645 765 700 stellarum
811 642 1088 695 intuentes
1135 649 1193 694 et
1242 639 1500 693 intuendo
1532 636 1894 706 experientes,
1929 632 2060 687 solis

483 742 540 788 et
583 733 723 786 lunae
767 737 822 786 et
867 730 1198 798 reliquarum
1246 728 1484 797 quinque
1511 727 1823 796 vagantium
1869 739 2062 780 cursus

485 831 542 878 et
571 837 841 884 recursus,
874 835 1125 876 accessus
1161 828 1217 873 et
1255 833 1500 873 recessus
1530 817 1840 886 plenissime
1871 814 2059 883 explo-

487 918 766 977 raverunt,
805 911 861 964 in
901 917 1110 964 tantum
1145 915 1203 962 ut
1241 907 1572 977 explorando
1606 904 2062 960 indubitatissilne

397 1019 400 1021 λ
489 1003 694 1057 scirent
744 1008 977 1070 quantas
1023 998 1194 1052 lineas
1230 997 1438 1052 zodiaci
1487 996 1674 1051 circuli
1726 1007 2062 1064 unaquaeque

486 1095 642 1152 stella
669 1095 900 1148 erratica
931 1093 1200 1156 lustraret,
1228 1101 1283 1146 et
1302 1107 1402 1162 per
1425 1108 1585 1161 quam
1613 1089 1828 1161 proprie
1855 1097 1912 1143 et
1940 1104 2062 1157 spe-

487 1185 700 1240 cialiter
724 1183 793 1239 de
823 1183 952 1252 ipsis
982 1183 1137 1237 lineis
1171 1184 1222 1236 in
1254 1183 1504 1251 praisenti
1536 1195 1752 1236 cursum
1781 1179 2058 1248 dirigeret,

485 1285 544 1332 et
583 1276 638 1330 in
681 1290 788 1344 quo
821 1275 973 1343 signo
1011 1282 1066 1327 et
1106 1274 1158 1327 in
1195 1289 1298 1342 qua
1327 1280 1479 1342 parte
1518 1272 1684 1341 ipsius
1720 1271 1861 1340 signi
1895 1278 2059 1324 esset.

491 1365 594 1433 Qui
621 1380 752 1435 ergo
779 1365 853 1418 ita
880 1365 944 1418 de
973 1363 1366 1426 subtilioribus,
1397 1362 1523 1416 licet
1548 1361 1690 1416 veris
1719 1369 1774 1414 et
1805 1359 2066 1413 naturali-

487 1457 610 1521 bus,
644 1456 872 1510 aliarum
928 1454 1206 1508 stellarum
1255 1453 1491 1508 motibus
1537 1451 1838 1506 certissime
1864 1459 1919 1504 et
1945 1457 2064 1504 stu-

487 1547 794 1602 diosissime
833 1551 1225 1615 cognoverunt,
1267 1559 1365 1599 cur
1404 1542 1533 1597 solis
1567 1550 1624 1597 et
1665 1541 1809 1595 luna:
1849 1556 2061 1606 cursus,

489 1637 583 1706 qui
618 1650 746 1691 vere
791 1635 1144 1690 notabiliores
1184 1642 1241 1689 et
1287 1633 1560 1688 faciliores
1604 1641 1731 1687 sunt
1765 1635 1831 1687 ad
1865 1647 2066 1704 cogno-

489 1730 774 1790 scendum,
819 1728 1158 1798 ignorarent,
1203 1734 1265 1780 ut
1293 1741 1388 1781 eos
1436 1725 1632 1779 lateret
1675 1723 1944 1793 quomodo
1978 1721 2065 1777 vel

2166 531 2318 588 stella
2347 531 2651 596 duodecim,
2683 541 2737 585 et
2765 530 2983 585 Saturni
3007 530 3227 600 triginta
3257 544 3430 586 annos
3463 531 3522 586 in
3552 533 3752 588 eadem

2164 622 2540 677 circumitione
2568 621 2859 676 consumit.

2235 732 2360 786 Haec
2389 734 2455 786 de
2483 732 2596 786 sole
2632 740 2689 786 et
2729 731 2878 796 luna,
2907 745 2971 786 ac
2994 730 3168 800 vagis,
3196 740 3257 785 ut
3282 740 3408 786 ante
3433 733 3746 798 retulimus,

2156 819 2273 890 jam
2305 831 2434 876 nota
2468 832 2595 876 sunt
2620 840 2632 874 :
2661 837 2836 876 annus
2863 837 3013 886 vero,
3042 823 3135 890 qui
3167 822 3473 876 mundanus
3500 833 3748 889 vocatur,

2163 911 2255 979 qui
2293 926 2420 965 vere
2460 920 2680 964 vertens
2717 919 2822 976 est,
2854 911 2981 981 quia
3026 911 3383 967 conversione
3415 912 3590 981 plena:
3629 914 3751 968 uni-

2164 999 2438 1053 versitatis
2485 997 2733 1063 efﬁcitur,
2787 999 3108 1070 largissimis
3157 1001 3372 1056 szeculis
3419 1003 3746 1070 explicatur,

2163 1091 2316 1160 cujus
2358 1091 2497 1145 ratio
2541 1091 2662 1146 talis
2709 1099 2812 1146 est.
2868 1091 3048 1146 Stellae
3081 1107 3273 1147 omnes
3311 1101 3366 1147 ct
3395 1095 3596 1157 sidera,
3629 1109 3753 1164 qua:

2165 1181 2332 1235 infixa
2388 1181 2526 1236 cmlo
2576 1182 2853 1247 videntur,
2915 1198 3144 1252 quorum
3201 1185 3480 1253 proprium
3538 1195 3751 1240 motum

2163 1285 2440 1339 nunquam
2467 1273 2615 1326 visus
2662 1272 2930 1326 humanus
2973 1273 3176 1328 sentire
3218 1273 3301 1326 vel
3342 1274 3751 1343 deprehendere

2164 1368 2370 1429 potest,
2413 1369 2697 1414 moventur
2732 1369 2935 1426 tamen,
2973 1369 3028 1416 et
3053 1371 3251 1430 praeter
3284 1362 3410 1416 coeli
3441 1362 3753 1418 volubilita-

2164 1458 2271 1504 tem
2301 1466 2408 1520 qua
2437 1465 2649 1520 semper
2674 1452 2984 1517 trahuntur,
3016 1467 3114 1506 suo
3144 1467 3356 1522 quoque
3383 1467 3610 1508 accessu
3643 1462 3752 1508 tam

2164 1554 2288 1594 sero
2313 1547 2656 1608 promovent,
2689 1548 2750 1594 ut
2777 1540 2977 1596 nullius
3005 1541 3285 1595 hominum
3312 1538 3420 1595 vita
3455 1551 3566 1596 tam
3588 1541 3752 1612 longa

2164 1629 2254 1695 sit,
2283 1645 2406 1698 quae
2439 1629 2819 1684 observatione
2860 1631 3114 1684 continua
3154 1628 3351 1684 factam
3379 1630 3447 1685 de
3485 1630 3610 1684 loco
3637 1647 3736 1700 per

2164 1719 2545 1784 mutationem,
2573 1719 2630 1772 in
2658 1733 2882 1787 quo.....
2911 1719 3149 1787 primum
3177 1719 3410 1784 viderat,
3447 1719 3755 1788 deprehen-

491 1821 707 1890 quando
741 1791 865 1890 perv
883 1818 1125 1873 eamdem
1170 1817 1373 1872 zodiaci
1417 1816 1606 1870 circuli
1649 1791 1951 1883 eclipticam
1998 1813 2065 1866 li-
2093 1791 2141 1849 Β
2168 1809 2280 1863 dat.
2314 1807 2566 1862 Mundani
2601 1823 2731 1878 ergo
2767 1808 2891 1863 anui
2921 1808 3045 1863 finis
3071 1817 3174 1874 est,
3208 1825 3334 1864 cum
3363 1809 3536 1865 stellae
3562 1826 3754 1866 omnes

489 1927 644 1966 neam
673 1917 974 1974 currerent,
1006 1917 1060 1963 et
1091 1909 1239 1962 illam
1270 1924 1428 1961 unam
1460 1906 1814 1974 eamdemque
1840 1904 2070 1958 lustran-

487 2003 590 2064 tes,
635 2003 688 2055 in
732 2017 900 2055 unum
942 2001 1154 2070 signum
1199 2007 1252 2055 et
1294 2000 1347 2052 in
1387 2013 1549 2052 unam
1585 2003 1796 2066 partem
1836 1994 2066 2057 coirent,

491 2098 548 2144 et
595 2091 649 2144 in
689 2089 936 2143 eamdem
983 2096 1189 2158 partem
1241 2097 1520 2152 coeuntes,
1568 2086 1803 2154 lunaque
1848 2084 1904 2138 in
1953 2084 2070 2152 ipsa

491 2178 589 2233 soli
627 2178 948 2232 succedente
974 2177 1193 2247 eclipsis
1221 2177 1376 2231 fieret
1402 2177 1550 2232 solis.

565 2268 684 2322 Non
747 2267 920 2322 solum
977 2283 1106 2337 ergo
1159 2268 1400 2338 przedicti
1451 2267 1756 2338 philtiSOphi
1806 2267 2068 2339 eclipsim,

495 2362 600 2415 hoc
638 2369 722 2415 est
762 2359 1031 2414 defectum
1074 2358 1203 2414 solis
1235 2359 1611 2428 przesciebant,
1645 2368 1700 2414 et
1728 2360 2072 2429 praescientes

493 2451 862 2522 praedicebant
909 2449 1125 2518 quando
1175 2457 1300 2519 post
1346 2465 1512 2503 unum
1559 2464 1801 2504 mensem
1857 2449 2073 2505 futurus

493 2552 669 2609 esset;
704 2544 797 2598 sed
824 2545 1038 2612 quando
1065 2557 1162 2611 per
1191 2557 1414 2607 annum,
1441 2552 1535 2597 aut
1560 2559 1627 2596 xx
1660 2550 1752 2596 aut
1778 2559 1807 2596 c
1835 2558 1870 2595 It
1901 2557 2072 2598 annos

491 2642 832 2702 sequeretur,
861 2646 958 2701 per
986 2632 1348 2701 supradictam
1372 2646 1622 2703 sagacem
1646 2632 2073 2701 explorationem

496 2732 555 2780 et
606 2724 919 2793 diligentem
973 2722 1410 2776 observationem
1467 2722 1624 2792 longe
1682 2731 1808 2777 ante
1862 2722 2074 2792 experti

491 2812 910 2886 praesignabant.
946 2810 1053 2866 Sed
1082 2820 1140 2866 ut
1160 2812 1280 2882 plus
1305 2812 1598 2877 miremini,
1626 2827 1796 2881 usque
1825 2813 1892 2866 ad
1918 2812 2074 2881 quin-

495 2904 672 2958 decim
708 2902 874 2956 millia
903 2918 1166 2957 annorum
1205 2903 1404 2958 talibus
1432 2904 1766 2974 argumentis
1788 2905 2075 2974 protende-

493 3002 646 3049 runt.
678 2993 807 3048 lude
831 2991 1022 3047 Cicero
1049 2992 1310 3046 visionem
1338 2991 1580 3047 Africani
1605 2994 1864 3056 referens,
1897 2994 1970 3047 ita
1995 2993 2076 3047 di-

495 3084 608 3138 cit:
639 3101 656 3133 ‹
685 3081 942 3136 Homines
969 3081 1295 3151 populariter
1320 3097 1517 3136 annum
1547 3083 1916 3136 tantummodo
1945 3082 2074 3136 solis

493 3174 655 3228 unius
685 3172 816 3226 astri
848 3173 1080 3247 reditum
1113 3172 1440 3236 metiuntur;
1477 3187 1535 3225 re
1562 3183 1740 3226 autem
1770 3181 1916 3226 recta
1945 3188 2069 3226 cum
2099 3141 2143 3203 Ο

494 3265 563 3320 ad
599 3265 738 3319 idem
764 3264 906 3318 unde
933 3263 1097 3318 semel
1119 3261 1360 3332 profecta
1394 3270 1536 3325 sunt,
1572 3273 1767 3318 cuncta
1799 3274 1947 3318 astra
1979 3279 2068 3318 re-

497 3357 734 3415 dieruut.
767 3356 1064 3425 eademque
1094 3355 1259 3410 totius
1296 3355 1417 3410 caeli
1447 3355 1860 3424 descriptionem
1898 3354 2072 3424 longis

496 3446 796 3501 intervallis
824 3445 1125 3500 retulerunt
1155 3463 1167 3498 :
1200 3453 1328 3500 tunc
1367 3445 1456 3498 ille
1488 3459 1616 3498 vere
1648 3453 1868 3498 vertens
1897 3459 2072 3498 annus

497 3536 751 3606 appellari
776 3545 974 3605 potest,
1004 3536 1058 3590 in
1073 3551 1180 3604 quo
1205 3536 1296 3591 vix
1323 3536 1502 3590 dicere
1530 3536 1701 3590 audeo
1720 3551 1880 3604 quam
1907 3535 2072 3588 multa

495 3629 776 3685 hominum
818 3627 1017 3682 saecula
1055 3635 1362 3682 teneantur.
1416 3626 1660 3696 Namque
1698 3634 1758 3679 ut
1785 3625 1912 3680 olim
1941 3624 2070 3679 defi-

497 3734 623 3774 cere
651 3718 730 3772 sol
767 3716 1074 3771 hominibus
1108 3716 1487 3787 exstinguique
1515 3717 1662 3772 visus
1687 3723 1790 3780 est,
1818 3730 1938 3768 cum
1969 3714 2074 3768 Ro-

500 3810 631 3865 muli
659 3810 871 3863 animus
897 3809 1011 3863 haec
1036 3808 1150 3878 ipsa
1177 3808 1231 3862 in
1259 3808 1453 3878 templa
1479 3807 1800 3877 penetravit,
1835 3807 2075 3877 quando-

499 3916 606 3969 que
641 3901 709 3954 ab
746 3901 936 3954 eadem
962 3909 1114 3969 parte
1160 3900 1239 3954 sol
1276 3901 1573 3969 eodemque
1605 3908 1845 3970 tempore
1875 3902 2071 3956 iterum

501 3991 787 4055 defecerit,
833 3999 942 4044 tum
979 3992 1146 4061 signis
1189 3991 1444 4045 omnibus
1477 3992 1544 4045 ad
1575 3993 1717 4046 idem
1749 3992 2072 4060 principium

500 4081 774 4150 stellisque
799 4082 1086 4145 revocatis,
1114 4081 1387 4149 expletum
1425 4096 1626 4134 annum
1657 4083 1882 4146 habeto;
1921 4083 2075 4153 cujus

501 4170 717 4240 quidem
753 4171 880 4226 anni
913 4172 1152 4226 nondum
1183 4170 1499 4225 vicesimam
1529 4179 1740 4240 partem
1777 4173 1913 4227 scito
1952 4187 2074 4229 csse

501 4277 840 4317 conversam.
880 4282 899 4315 ι

573 4352 701 4417 Quae
746 4353 908 4406 verba
953 4353 1114 4408 Tullii
1155 4353 1515 4410 Ambrosiana
1575 4355 1852 4424 expressio
1900 4357 2076 4426 aperit

503 4442 610 4496 hoc
651 4443 811 4496 modo
855 4453 1018 4512 atque
1052 4446 1238 4512 pandit
1271 4462 1284 4497 :
1321 4445 1510 4500 Annus
1544 4463 1653 4503 non
1707 4448 1752 4501 is
1799 4448 1945 4503 solus
1989 4459 2073 4503 est

503 4551 664 4604 quem
707 4552 850 4591 nunc
891 4539 1191 4591 communis
1229 4539 1470 4592 omnium
1507 4555 1638 4594 usus
1683 4541 1944 4609 appellat;
1979 4545 2074 4598 sed

504 4625 839 4694 singulorum
865 4641 959 4680 seu
987 4626 1270 4692 luminum,
1298 4629 1399 4682 hoc
1421 4640 1503 4683 est
1531 4631 1661 4684 solis
1685 4639 1740 4684 et
1769 4631 1928 4696 Iunce,
1962 4633 2076 4687 sive

505 4717 804 4782 stellarum,
837 4732 1055 4772 emenso
1084 4721 1229 4773 omni
1265 4721 1386 4774 caeli
1424 4721 1678 4784 circuitu,
1711 4736 1742 4774 a
1773 4731 1922 4776 certo
1957 4722 2077 4777 loco

504 4811 560 4864 in
588 4808 834 4864 eumdem
860 4809 1036 4864 locum
1062 4811 1286 4877 reditus,
1315 4828 1487 4867 annus
1519 4829 1650 4867 suus
1675 4822 1791 4867 est:
1820 4815 1900 4868 sic
1929 4830 2079 4870 men-

505 4901 583 4955 sis
604 4900 743 4954 luna:
765 4915 938 4954 annus
961 4909 1044 4955 est
1068 4903 1206 4956 intra
1231 4919 1389 4973 quem
1416 4903 1539 4959 caeli
1562 4904 1821 4957 ambitum
1857 4906 2072 4963 lustrat:

505 5008 632 5046 nam
678 4999 732 5046 et
759 4994 936 5046 aluna
983 4994 1182 5048 mensis
1225 4995 1441 5058 dicitur,
1483 4994 1610 5062 quia
1636 4992 1826 5050 Grmco
1850 4999 2072 5054 nomine

505 5084 632 5138 luna
660 5090 789 5156 μήνη
816 5091 1060 5142 vocatur.

580 5175 834 5244 Virgilius
875 5175 1103 5244 denique
1152 5175 1218 5229 ad
1251 5174 1631 5230 discretionem
1680 5176 1886 5234 lunaris
1924 5179 2072 5247 anni,

508 5265 600 5334 qui
627 5263 807 5318 brevis
839 5273 940 5328 est,
970 5279 1190 5330 annum,
1219 5263 1312 5333 qui
1345 5279 1507 5319 cursu
1545 5266 1676 5322 solis
1710 5267 1962 5336 eflicitur,
1995 5271 2074 5324 si-

507 5353 766 5424 gnificare
791 5354 976 5409 volens
1009 5355 1085 5408 ait
1106 5372 1121 5407 :

643 5454 832 5504 Interea
855 5469 1078 5517 magnum
1096 5455 1167 5505 sol
1191 5457 1581 5512 circumvolvitur
1597 5475 1793 5510 annum.

510 5537 724 5593 Annum
752 5556 1004 5610 magnum
1027 5558 1230 5599 vocans
1257 5545 1386 5600 solis
1413 5549 1817 5617 comparatione
1845 5548 2081 5613 lunaris;

513 5643 640 5682 nam
681 5644 873 5686 cursus
915 5633 1132 5700 quidem
1173 5633 1396 5691 Veneris
1448 5647 1612 5705 atque
1650 5637 1896 5692 Mercurii
1947 5654 2084 5706 pene

515 5735 614 5788 par
655 5721 814 5787 solis;
851 5722 1035 5778 Martis
1063 5741 1193 5779 τοι-ο
1231 5743 1403 5782 annus
1440 5727 1553 5784 fere
1587 5732 1859 5786 biennium
1905 5742 2080 5787 tenet:

2166 1901 2458 1970 omniaque
2490 1901 2693 1967 sidera,
2736 1916 2857 1970 quae
2896 1900 3118 1969 aplanes
3159 1900 3343 1966 habet,
3376 1917 3406 1955 a
3436 1911 3590 1956 certo
3634 1902 3753 1956 loco

2169 1991 2240 2046 ad
2269 1994 2522 2047 eumdem
2555 1992 2735 2047 locum
2774 1992 2848 2045 ita
2879 1991 3262 2058 remeaverint,
3298 2001 3359 2046 ut
3394 2007 3464 2047 ne
3492 2009 3602 2048 una
3635 1993 3753 2063 qui-

2168 2083 2292 2137 dem
2326 2083 2448 2137 cmli
2493 2083 2653 2138 stella
2693 2083 2749 2138 in
2787 2082 2895 2136 alio
2929 2082 3048 2138 loco
3077 2083 3150 2138 sit
3193 2097 3358 2152 quam
3401 2083 3456 2138 in
3490 2099 3602 2153 quo
3629 2083 3747 2150 fuit,

2169 2188 2292 2228 cum
2321 2188 2510 2230 omnes
2535 2173 2654 2228 alite
2677 2189 2746 2228 ex
2775 2189 2840 2228 eo
2867 2175 2986 2228 loco
3021 2180 3182 2227 motae
3209 2181 3337 2228 sunt
3364 2173 3433 2228 ad
3457 2189 3621 2243 quem
3651 2190 3738 2228 re-

2168 2280 2359 2330 versae,
2392 2280 2535 2319 anno
2567 2279 2666 2319 suo
2694 2266 2852 2319 finem
2883 2265 3165 2328 dederunt,
3201 2264 3276 2318 ita
3315 2272 3377 2317 ut
3415 2265 3496 2318 sol
3533 2273 3592 2318 et
3617 2264 3747 2318 luna

2169 2371 2292 2410 cum
2334 2357 2583 2410 erraticis
2622 2355 2860 2425 quinque
2909 2355 2962 2408 in
3003 2354 3194 2408 iisdem
3239 2353 3374 2408 locis
3410 2362 3469 2408 et
3503 2355 3749 2423 partibus

2172 2449 2304 2514 sint,
2350 2449 2405 2502 in
2439 2448 2636 2518 quibus
2670 2447 2964 2515 incipiente
3005 2446 3277 2500 mundano
3312 2461 3459 2499 anno
3498 2444 3742 2500 fuerunt:

2171 2537 2275 2591 hoc
2311 2547 2512 2602 autem,
2549 2546 2609 2590 ut
2633 2536 2841 2607 physici
2887 2536 3096 2600 volunt,
3126 2544 3249 2606 post
3286 2551 3556 2591 annorum
3598 2536 3748 2606 quiu-

2173 2628 2350 2683 decim
2373 2627 2540 2682 millia
2567 2637 2789 2697 peracta
2817 2628 3105 2698 contingit.

2210 2773 2215 2777 -
2243 2738 2386 2808 Ergo
2415 2738 2556 2793 sicut
2584 2753 2758 2792 annus
2787 2739 2928 2793 lunm
2956 2738 3156 2792 mensis
3185 2745 3290 2802 est,
3321 2745 3586 2810 etannus
3627 2739 3750 2795 solis

2175 2830 2456 2884 duodecim
2513 2845 2758 2895 menses,
2810 2838 2865 2884 et
2918 2829 3146 2883 aliarum
3199 2829 3479 2884 stellarum
3528 2831 3587 2883 hi
3632 2838 3750 2884 sunt

2176 2924 2304 2978 anni
2338 2938 2472 2993 quos
2513 2938 2675 2993 supra
2714 2923 3027 2988 retulimus;
3077 2923 3151 2976 ita
3189 2923 3520 2976 mundanum
3554 2938 3747 2977 annum

2176 3014 2483 3083 quindecim
2505 3015 2670 3068 millia
2697 3028 2982 3077 annorum,
2997 3013 3182 3083 quales
3204 3029 3345 3067 nunc
3367 3023 3745 3083 computamus

2177 3104 2435 3158 efﬁciunt.
2469 3104 2561 3158 Ille
2592 3119 2722 3175 ergo
2748 3119 2876 3158 vere
2897 3120 3069 3158 anuus
3094 3113 3311 3157 vertens
3337 3104 3619 3158 vocandus
3648 3115 3748 3168 est,

2175 3210 2332 3264 quem
2362 3211 2469 3248 non
2506 3194 2657 3258 solis,
2690 3195 2743 3248 id
2770 3204 2856 3249 est
2884 3196 3042 3249 unius
3069 3195 3240 3259 astri,
3271 3196 3477 3248 reditus
3515 3196 3754 3260 metitur,

2175 3287 2266 3341 sed
2309 3303 2469 3356 quem
2513 3288 2794 3342 stellarum
2849 3289 3104 3353 omnium,
3153 3304 3272 3359 quae
3323 3289 3376 3342 in
3431 3304 3757 3360 quocunque

2174 3377 2313 3432 «melo
2362 3386 2507 3443 sunt,
2565 3379 2632 3432 ad
2676 3379 2924 3434 eumdem
2970 3378 3146 3433 locum
3188 3379 3391 3433 reditus
3431 3381 3534 3434 sub
3569 3381 3756 3434 eadem

2174 3468 2296 3522 οωὶί
2334 3470 2499 3524 totius
2527 3471 2895 3540 descriptione
2940 3470 3239 3534 concludit;
3281 3472 3422 3524 unde
3452 3473 3758 3526 mundanus

2175 3559 2388 3625 dicitur,
2424 3562 2549 3631 quia
2580 3563 2812 3616 mundus
2838 3561 3055 3632 proprie
3086 3561 3282 3615 coelum
3310 3571 3559 3616 vocatur.
3595 3561 3757 3632 Igitur

2175 3652 2319 3706 sicut
2359 3668 2560 3707 annum
2607 3653 2736 3708 solis
2775 3669 2882 3709 non
2923 3653 3098 3708 solum
3134 3669 3162 3706 a
3199 3653 3454 3708 Kalendis
3485 3651 3758 3708 Januarii:

2176 3757 2348 3812 usque
2378 3743 2445 3797 ad
2487 3744 2705 3798 easdem
2735 3759 3012 3808 vocamus,
3049 3743 3142 3797 sed
3180 3752 3235 3798 et
3271 3758 3301 3796 a
3338 3752 3604 3814 sequente
3638 3750 3757 3813 post

2177 3831 2450 3888 Kalendas
2477 3834 2564 3888 die
2599 3849 2768 3903 usque
2795 3836 2863 3889 ad
2890 3835 3136 3889 eumdem
3165 3834 3328 3898 diem,
3359 3842 3413 3886 et
3455 3849 3488 3886 a
3517 3849 3758 3902 quocun-

2176 3941 2281 3995 que
2315 3926 2608 3995 cujuslibet
2647 3929 2848 3983 mensis
2883 3928 2970 3982 die
3013 3942 3181 3996 usque
3219 3927 3272 3980 in
3313 3927 3455 3980 diem
3506 3926 3756 3980 eumdem

2177 4019 2401 4084 reditus,
2429 4035 2602 4075 annus
2631 4031 2884 4085 vocatur;
2917 4021 2990 4074 ita
3021 4021 3182 4089 hujus
3211 4019 3467 4073 mundani
3495 4021 3626 4072 anni
3658 4019 3758 4074 ini-

2176 4108 2310 4161 tium
2348 4109 2450 4162 sibi
2490 4111 2718 4179 quisque
2758 4109 2889 4165 facit
2925 4108 3279 4179 quodcunque
3319 4110 3647 4172 decreverit,
3696 4117 3755 4163 ut

2174 4213 2302 4253 ecce
2337 4215 2480 4254 nunc
2505 4201 2694 4255 Cicero
2743 4217 2773 4255 a
2815 4200 3024 4255 defectu
3064 4201 3210 4264 solis,
3255 4201 3345 4268 qui
3402 4201 3505 4256 sub
3536 4200 3754 4255 Romuli

2176 4287 2282 4343 fine
2333 4291 2589 4361 contigit,
2640 4291 2898 4345 mundani
2947 4291 3071 4344 anni
3115 4291 3436 4359 principium
3487 4291 3590 4344 sibi
3645 4292 3755 4359 ipse

2175 4382 2477 4446 constituit,
2507 4390 2563 4437 et
2598 4382 2724 4437 licet
2758 4383 2921 4436 etiam
2965 4382 3259 4451 saepissime
3290 4390 3474 4450 postea
3514 4381 3755 4435 defectus

2098 4488 2151 4546 Ι)
2178 4473 2308 4526 solis
2336 4475 2597 4536 evenerit,
2628 4490 2732 4529 non
2764 4474 2962 4528 dicitur
2988 4483 3165 4526 tamen
3193 4459 3523 4526 mundanum
3553 4486 3751 4525 annum

2179 4565 2406 4633 repetita
2446 4563 2677 4619 defectio
2704 4563 2833 4619 solis
2862 4564 3132 4632 implesse,
3164 4562 3258 4616 sed
3286 4571 3414 4616 tunc
3445 4561 3756 4630 implebitur

2179 4669 2304 4708 cum
2334 4654 2415 4708 sol
2443 4654 2697 4708 deficiens
2729 4655 2782 4707 in
2813 4655 3003 4708 iisdem
3041 4653 3175 4707 locis
3203 4661 3257 4706 et
3280 4653 3528 4721 partibus
3556 4665 3612 4705 et
3641 4652 3754 4720 ipse

2180 4742 2304 4807 erit,
2336 4751 2390 4796 et
2419 4758 2606 4797 omnes
2643 4743 2765 4798 coeli
2805 4742 2987 4797 stellas
3018 4743 3305 4811 omniaque
3344 4743 3520 4796 sidera
3567 4756 3757 4796 rursus

2180 4830 2420 4885 inveniet
2462 4832 2515 4886 in
2557 4833 2752 4899 quibus
2799 4832 3010 4885 fuerant
3052 4832 3151 4885 sub
3179 4831 3425 4896 Romulo,
3467 4847 3591 4886 cum
3635 4839 3757 4901 post

2186 4935 2450 4974 annorum
2493 4921 2800 4990 quindecim
2842 4921 3008 4974 millia
3049 4921 3188 4975 sicut
3225 4929 3474 4975 asserunt
3521 4921 3757 4990 philosoo

2186 5011 2299 5082 phi,
2348 5011 2427 5065 sol
2473 5011 2649 5066 denuo
2691 5012 2763 5065 ita
2799 5011 3034 5075 deficiet,
3070 5020 3130 5064 ut
3164 5012 3216 5065 in
3255 5012 3440 5066 eodem
3483 5013 3637 5081 signo
3665 5026 3757 5066 ea-

2189 5102 2418 5171 demque
2455 5110 2610 5169 parte
2649 5101 2738 5165 sit,
2781 5104 2849 5156 ad
2892 5102 3033 5156 idem
3071 5102 3414 5171 principium,
3446 5103 3498 5156 in
3525 5118 3633 5172 quo
3655 5104 3754 5157 sub

2189 5191 2417 5248 Romulo
2459 5193 2692 5259 fuerant,
2735 5195 2904 5250 stellis
2944 5211 3157 5265 quoque
3193 5196 3444 5250 omnibus
3480 5197 3756 5268 signisque

2186 5284 2472 5340 revocatis.

2253 5374 2408 5428 Anno
2445 5387 2576 5445 ergo
2602 5360 2874 5444 prazterito
2899 5374 3003 5430 8l0
3037 5375 3105 5429 ab
3146 5375 3516 5430 incarnatione
3542 5373 3753 5430 Domini

2183 5477 2292 5517 non
2320 5473 2403 5518 est
2435 5465 2633 5518 mirum
2664 5465 2886 5534 eclipsin
2927 5465 3056 5520 solis
3087 5466 3355 5528 evenisse,
3386 5465 3528 5518 sicut
3559 5475 3757 5518 vestra:

2185 5556 2427 5610 indicant
2465 5557 2690 5621 litterae;
2735 5559 2949 5627 septimo
2980 5557 3110 5611 ldus
3145 5558 3359 5619 Junius,
3401 5559 3574 5626 prima
3623 5566 3756 5608 tunc

2185 5644 2434 5699 initiante
2478 5646 2624 5704 luna.
2664 5655 2715 5700 et
2759 5663 2947 5700 rursus
2987 5648 3040 5701 in
3071 5649 3257 5701 eodem
3287 5663 3426 5701 anno
3456 5646 3622 5716 pridi:
3645 5642 3758 5696 Ka-

2185 5735 2366 5789 lendas
2407 5735 2725 5805 Decembris,
2779 5739 3052 5809 trigesima
3108 5740 3396 5808 incipiente
3451 5738 3594 5803 luna,
3643 5744 3698 5788 et
3724 5735 3770 5786 ε’
