4006 6448
241 420 335 483 4δῖ

974 425 1103 482 LIB.
1145 424 1521 485 ADVERSUS
1558 424 1918 484 CLAUDIUM
1959 425 2325 484 TAURIN.--
2365 430 2760 492 PREFATIO.

3370 440 3477 501 658

240 541 407 612 priore
433 534 641 591 defectu
670 539 904 607 septimo
934 554 1140 610 mense,
1169 544 1273 601 hoc
1301 553 1384 600 est
1398 543 1695 602 Decembre
1724 546 1805 599 in-
1831 544 1885 606 Α
1906 544 2104 615 populo
2129 545 2292 603 donet
2322 559 2377 603 et
2402 548 2604 605 tribuat
2630 549 2817 607 multis
2841 553 2998 609 annis
3025 555 3094 610 de
3121 556 3215 612 tali
3245 567 3301 615 et
3323 568 3478 617 tanto

237 633 478 696 cboante;
516 630 610 700 qui
650 630 730 686 sic
759 631 1003 689 defectus
1037 635 1167 693 solis
1204 637 1459 695 deﬁnitur
1501 639 1796 696 novissima

234 726 459 797 primave
488 722 613 779 luna
640 724 779 792 ﬁeri,
817 736 872 782 et
906 730 1137 800 septimo
1160 748 1347 789 mense
1375 750 1405 788 a
1433 735 1616 806 priore
1645 734 1795 791 defe-

234 826 335 879 ctu,
360 817 601 887 quamvis
638 819 929 889 aliquando
960 826 1177 892 penitus
1218 843 1323 882 non
1359 838 1637 900 appareat,
1671 846 1795 886 cum

232 916 366 963 certe
388 907 454 961 sit
474 906 670 975 factus,
697 922 790 967 aut
819 913 864 969 si
891 920 1203 987 apparuerit
1226 936 1333 977 non
1356 937 1569 992 semper
1596 923 1795 995 ubique

228 1006 486 1065 cernatur,
534 1009 627 1055 aut
681 1004 726 1058 si
773 1005 971 1076 ubique
1006 1011 1389 1082 conspiciatur,
1435 1031 1542 1070 nun
1588 1015 1790 1074 eisdem

228 1092 364 1148 horis
392 1107 581 1150 omnes
609 1098 892 1168 aequaliter
918 1101 1140 1159 videant
1177 1107 1423 1165 evenisse
1452 1119 1675 1181 propter
1701 1128 1794 1170 su-

224 1191 482 1260 pradictas
509 1208 724 1252 causas.

288 1281 338 1337 Si
370 1283 490 1353 quis
521 1300 652 1359 ergo
686 1288 850 1345 etiam
895 1292 949 1348 in
986 1293 1089 1351 hoc
1131 1304 1372 1370 tempore
1414 1308 1563 1359 tanto
1598 1320 1791 1363 sensus

219 1372 451 1428 acumine
476 1378 758 1446 praeditus,
791 1388 941 1437 tanta
986 1385 1259 1442 instantiae
1301 1390 1661 1451 diuturnitate
1708 1397 1792 1453 ni-

217 1480 322 1531 sus,
357 1473 503 1523 tanta
550 1473 939 1543 explorationis
982 1489 1037 1536 et
1075 1483 1473 1543 observationis
1514 1488 1791 1561 diligentia

216 1558 461 1626 intentus,
490 1566 683 1621 eadem
720 1570 997 1629 otiositate
1027 1582 1082 1630 et
1110 1576 1429 1634 curiositate
1454 1581 1596 1637 sicut
1618 1558 1791 1653 priori

214 1658 357 1706 atate
389 1654 580 1722 geniti,
617 1658 880 1719 sollicitus
922 1674 1135 1722 tantum
1173 1670 1412 1726 studium
1452 1687 1581 1744 erga
1617 1682 1791 1730 astro-

212 1742 391 1797 nomiae
441 1754 540 1800 aut
596 1749 966 1826 cujuscunque
1023 1758 1321 1829 disciplinae
1368 1766 1786 1821 assectationem

1900 636 2144 709 principe
2168 647 2225 694 et
2250 639 2508 711 magistro
2530 641 2785 712 gaudere,
2807 644 2903 715 qui
2928 645 3178 704 omnibus
3198 651 3480 721 aequaliter

1899 728 2146 786 omnium
2170 730 2434 788 bonorum
2474 748 2698 805 operum
2736 746 2790 792 et
2830 737 3091 793 virtutum
3131 750 3185 796 et
3226 742 3481 801 honesta-

1898 838 2019 878 rum
2056 824 2463 897 disciplinarum
2504 829 2693 885 doctor
2725 832 3046 903 praecipuus,
3089 842 3144 889 et
3181 838 3480 906 perfectum

1898 913 2130 971 habetur
2154 918 2430 989 exemplar
2467 922 2769 979 rectoribus
2798 925 2864 979 ad
2892 940 3019 981 suos
3048 925 3318 995 subjectos
3347 931 3482 987 bene

1898 1008 2186 1077 regendos,
2232 1011 2495 1068 militibus
2535 1014 2601 1069 ad
2640 1030 2795 1069 suam
2842 1018 3198 1073 exercendam
3243 1018 3482 1091 legitime

1894 1095 2161 1163 militiam,
2184 1099 2402 1158 clericis
2426 1103 2494 1158 ad
2519 1106 2842 1163 universalis
2861 1106 3178 1166 Christianae
3205 1112 3478 1192 religionis

1894 1187 2057 1243 ritum
2087 1198 2234 1246 recte
2256 1192 2675 1261 observandum,
2698 1198 3033 1269 philosophis
3057 1212 3111 1256 et
3138 1187 3479 1259 scholasticis

1895 1280 1965 1335 ad
1998 1281 2227 1337 honeste
2257 1283 2323 1339 de
2352 1284 2606 1343 humanis
2644 1290 3133 1361 philosophandum
3166 1304 3219 1350 et
3260 1297 3479 1365 sapien-

1894 1372 2043 1438 dum,
2073 1385 2495 1449 reverenterque
2522 1392 2684 1451 atque
2713 1386 3012 1441 orthodoxe
3041 1386 3107 1443 de
3132 1388 3330 1446 divinis
3359 1405 3480 1446 sen-

1893 1464 2133 1521 tiendum
2165 1477 2219 1522 et
2245 1470 2593 1527 credendum.
2627 1474 2763 1542 Quid
2790 1477 2945 1548 plura
2976 1479 3043 1535 de
3073 1481 3244 1535 nostri
3275 1481 3479 1537 domini

1891 1556 2117 1632 Augusti
2150 1560 2329 1620 Caroli
2387 1570 2615 1626 summis
2652 1572 2942 1629 virtutibus
2989 1582 3045 1631 et
3090 1576 3480 1634 excellentibus

1892 1651 2074 1708 dicere
2117 1655 2283 1723 nitor,
2338 1675 2459 1715 cum
2520 1662 2647 1718 iicet
2698 1664 2928 1720 multum
2979 1665 3260 1725 elaborare
3312 1672 3477 1727 velim

1894 1749 2039 1797 totas
2077 1744 2285 1802 referre
2320 1764 2427 1805 non
2466 1755 2693 1822 potem?
2720 1754 2837 1812 Hoc
2866 1763 3071 1812 tantum
3103 1761 3372 1818 veraciter
3397 1766 3479 1819 di—

212 1832 507 1890 εάιιίδυετίι
526 1878 539 1902 ,
598 1855 777 1898 nonne
826 1845 968 1902 idem
1022 1846 1179 1904 facile
1232 1853 1536 1911 credendus
1583 1866 1667 1913 est
1719 1859 1787 1915 ad
1817 1918 1857 1923 _
1891 1834 2087 1903 cimus,
2111 1842 2253 1908 quod
2278 1856 2469 1900 omnes
2493 1861 2601 1902 uno
2623 1862 2720 1904 ore
2744 1850 3105 1918 conclamant,
3130 1854 3255 1923 quia
3288 1856 3341 1911 in
3371 1858 3477 1913 ista

210 1925 441 1981 eamdem
496 1932 850 2003 antiquorum
921 1939 1203 1997 scientiam
1268 1955 1322 2001 et
1388 1950 1787 2017 praescientiam
1816 1918 1864 1979 Β
1894 1935 2060 2013 “mm
2092 1930 2147 1987 in
2178 1949 2283 2004 qua
2313 1951 2457 1992 nunc
2480 1936 2591 1993 Deo
2617 1939 2850 1998 donante
2874 1941 3072 1998 “and
3102 1945 3472 2018 dominamur'

207 2032 349 2089 posse
377 2025 708 2091 pervenire?
735 2030 997 2088 Voluntas
1026 2036 1172 2091 enim
1202 2038 1404 2110 dispar,
1431 2058 1537 2098 non
1566 2053 1781 2114 natura,

204 2124 311 2199 quae
333 2127 435 2168 una
462 2123 526 2171 et
550 2120 773 2189 :equalis
798 2134 899 2193 est,
930 2128 1177 2189 homines
1204 2144 1414 2193 tantum
1442 2155 1472 2194 a
1496 2156 1554 2197 se
1580 2142 1783 2199 distare

203 2198 337 2302 facit,
364 2220 684 2280 quanquam
713 2213 767 2269 in
792 2218 984 2287 primis
1008 2222 1318 2285 hominibus
1346 2240 1569 2302 propter
1595 2198 1781 2293 mundi

204 2292 611 2357 adolescentiam
650 2316 704 2362 et
742 2309 853 2366 vim
894 2328 1208 2387 corporum,
1241 2330 1298 2378 et
1332 2338 1592 2383 sensuum
1622 2330 1777 2401 vigo-

200 2401 301 2443 rem
333 2395 506 2464 magis
539 2397 773 2458 voluisse
812 2411 1200 2480 comperimus.

259 2480 353 2540 Hic
390 2501 527 2561 ergo
569 2508 713 2552 nunc
763 2499 829 2554 de
865 2502 1054 2573 eclipsi
1095 2506 1226 2563 solis
1264 2510 1336 2565 sit
1370 2512 1491 2568 finis
1538 2516 1775 2587 dicendi,

198 2586 296 2675 non
331 2580 473 2646 quod
503 2582 715 2642 dixisse
753 2589 985 2650 forsitan
1026 2597 1358 2658 sullieienter
1397 2604 1651 2675 arbitrer,
1683 2580 1777 2669 sed

193 2665 310 2732 quia
338 2670 404 2725 ad
430 2687 681 2742 praesens
710 2684 915 2753 proprii
945 2686 1203 2759 ingenioli
1235 2693 1507 2765 exiguitas
1545 2665 1776 2773 amplius

193 2771 482 2853 memorare
526 2783 635 2824 non
669 2773 903 2840 quiverit
932 2796 946 2832 :
994 2779 1202 2840 Plinius
1235 2790 1379 2844 enim
1413 2771 1680 2852 secundus
1720 2806 1775 2853 et

193 2846 274 2903 alii
298 2849 440 2956 libri,
467 2874 573 2929 per
602 2876 739 2931 quos
766 2867 1030 2926 aestimem
1061 2874 1179 2931 hzec
1205 2893 1292 2934 me
1312 2846 1769 2956 posse

192 2953 288 2995 non
329 2944 605 3006 habentur
646 2955 929 3014 nobiscum
977 2963 1032 3018 in
1078 2966 1162 3021 his
1209 2944 1488 3042 partibus,
1704 2944 1771 3035 de

191 3034 373 3094 talibus
412 3057 514 3112 per
552 3062 639 3103 me
685 3048 862 3119 ipsum
903 3056 1037 3112 nihil
1073 3034 1302 3120 audeam
1330 3034 1641 3140 excogitare
1676 3092 1769 3132 ne-

191 3138 285 3193 que
311 3146 660 3207 praesumam.
696 3142 804 3200 Vos
831 3159 1033 3215 autem,
1073 3153 1290 3213 domine
1320 3138 1561 3230 piissime
1586 3167 1765 3242 Augu-

190 3227 278 3329 εξε,
303 3228 499 3295 quibus
523 3249 634 3303 pra:
660 3241 911 3299 omnibus
936 3244 1263 3308 aﬂluentiam
1292 3227 1593 3329 sapientiae,
1626 3227 1765 3320 sicut

190 3318 239 3364 et
273 3329 593 3381 aeterarnm
636 3342 948 3392 sanctarum
985 3340 1242 3401 virtutum
1279 3318 1422 3405 Deus
1466 3318 1764 3425 distribuit,

184 3418 305 3475 rogo
340 3414 663 3519 suppliciter
687 3432 747 3478 ut
781 3426 833 3481 in
866 3444 975 3499 quo
1003 3435 1159 3492 vobis
1185 3439 1253 3494 de
1282 3440 1385 3497 hac
1414 3459 1578 3501 causa
1609 3414 1765 3519 igno;

178 3510 295 3599 rare
326 3503 536 3576 videar,
575 3523 672 3569 aut
709 3516 868 3574 aliter
903 3524 1173 3584 aestimare
1209 3545 1373 3599 quam
1413 3503 1765 3608 rectumvest,

171 3775 292 3871 ptio:
326 3787 403 3874 ut.
426 3798 537 3840 non
577 3788 752 3848 solum
788 3807 984 3854 vestrae
1014 3805 1321 3872 purissimae
1357 3820 1411 3867 et
1452 3814 1769 3875 clarissima:

176 3860 457 3968 ἱηξίςηιίω
497 3873 589 3923 lu:
620 3880 706 3929 his
733 3886 823 3947 qui
866 3860 1034 3957 prope
1072 3905 1201 3951 sunt
1240 3897 1437 3968 luceat,
1469 3907 1563 3961 sed
1602 3918 1658 3963 et
1684 3910 1768 3966 his

176 3951 259 4016 qui
293 3952 494 4027 longe;
523 3969 578 4015 et
603 3977 709 4020 non
749 3971 924 4028 solum
949 3992 1048 4046 per
1074 3995 1261 4052 aperta
1300 3951 1618 4065 camporum
1650 4002 1763 4058 dis-

177 4054 453 4144 currentes
489 4051 742 4127 illustret,
784 4078 972 4122 verum
1012 4051 1176 4131 etiam
1220 4051 1480 4143 Reclusos
1510 4090 1636 4147 licet
1662 4108 1762 4165 per

177 4141 335 4247 rimas
362 4151 420 4197 et
438 4141 727 4212 iuncturas
755 4160 921 4214 vestri
958 4167 1293 4228 serenissimi
1333 4178 1635 4247 splendoris
1662 4141 1759 4240 Ira-

1887 2012 1956 2077 ab
1991 2022 2151 2079 initio
2182 2027 2370 2082 mundi
2410 2028 2533 2084 talis
2561 2044 2654 2086 rex
2680 2042 2737 2088 et
2766 2032 2889 2089 talis
2908 2036 3163 2110 princeps
3196 2012 3474 2110 nunquam

1885 2113 2036 2171 visus
2067 2124 2169 2182 est,
2200 2119 2292 2189 qui
2325 2120 2405 2176 sic
2444 2131 2590 2178 esset
2618 2122 2791 2189 fortis,
2833 2127 3072 2198 sapiens,
3106 2139 3161 2187 et
3189 2131 3475 2203 religiosus

1883 2207 2027 2265 sicut
2066 2220 2253 2268 noster
2295 2212 2548 2272 dominus
2572 2216 2848 2290 Augustus
2878 2219 3124 2280 Carolus.
3167 2224 3245 2280 De
3274 2234 3472 2283 caetero

1883 2312 2065 2358 autem
2102 2320 2202 2375 per
2235 2322 2333 2363 sua
2376 2317 2564 2365 sancta
2595 2320 2651 2366 et
2687 2312 2940 2368 sublimia
2981 2316 3197 2383 merita,
3243 2316 3474 2375 forsitan

1882 2394 1951 2452 de
1978 2412 2076 2452 suo
2105 2399 2314 2455 semine
2345 2401 2469 2458 talis
2497 2404 2727 2458 oriatur.
2782 2403 2895 2460 Hoc
2923 2404 3097 2462 solum
3136 2418 3387 2480 superest
3412 2418 3473 2465 ut

1881 2504 1982 2547 nos
2009 2506 2201 2549 omnes
2224 2492 2523 2550 Christiani
2553 2496 2831 2553 altissimis
2854 2499 3077 2555 vocibus
3110 2510 3165 2555 et
3190 2501 3475 2558 devotissi-

1880 2585 1985 2641 mis
2021 2587 2277 2644 cordibus
2306 2590 2638 2645 unanimiter
2673 2590 2970 2648 clamemus
2999 2594 3066 2648 ad
3096 2593 3385 2651 Dominum
3417 2604 3475 2652 et

1882 2691 2137 2745 rogemus
2189 2686 2248 2733 ut
2296 2680 2471 2735 nostri
2524 2681 2711 2751 optimi
2758 2682 2964 2738 domini
3012 2685 3239 2755 Augusti
3291 2685 3472 2743 Caroli

1881 2768 2184 2841 triumphos
2227 2770 2578 2843 multiplicet,
2627 2774 2914 2845 imperium
2977 2777 3207 2843 dilatet,
3256 2795 3469 2837 sacrari.

1874 2870 2163 2918 conservet
2190 2866 2530 2936 progeniem,
2564 2868 2852 2924 sanitatem
2882 2869 3188 2938 conﬁrmet,
3216 2873 3385 2929 vitam
3414 2876 3469 2932 in

1874 2956 2074 3013 multos
2094 2959 2354 3015 extendat
2374 2975 2638 3017 annorum
2661 2963 2978 3021 eurriculos.
2994 2964 3224 3036 Exaudi,
3248 2972 3466 3041 exaudi,

1871 3046 2088 3112 exaudi,
2115 3047 2349 3105 Christe.

1943 3137 2097 3195 Sicut
2134 3156 2283 3213 ergo,
2325 3143 2543 3200 domine
2582 3150 3017 3209 reverentissime
3055 3163 3219 3226 atque
3257 3156 3461 3216 dulcis-

1871 3232 2024 3299 sime,
2044 3235 2154 3291 Deo
2174 3246 2229 3291 et
2249 3250 2433 3295 vestro
2454 3238 2603 3296 ﬁdeli
2619 3240 2821 3300 famulo
2833 3245 3082 3303 Waldoni
3107 3250 3286 3306 abbati
3312 3268 3463 3310 man-

1875 3324 2067 3393 dastis,
2113 3336 2175 3383 ut
2212 3345 2299 3386 me
2337 3331 2403 3386 de
2439 3332 2639 3389 talibus
2668 3352 2733 3393 ex
2770 3340 2968 3396 vestris
3002 3342 3182 3399 verbis
3225 3360 3467 3403 commo-

1875 3419 2053 3474 nendo
2101 3421 2481 3494 interrogaret,
2531 3436 2587 3481 et
2632 3430 2897 3502 exigendo
2948 3446 3339 3503 commoneret,
3370 3440 3464 3509 qui

1875 3511 2017 3566 sicut
2043 3514 2196 3569 vobis
2228 3515 2419 3583 ﬁdelis,
2452 3519 2527 3574 ita
2565 3521 2698 3576 mihi
2735 3525 2801 3579 de
2831 3525 2933 3581 hac
2968 3541 3026 3581 re
3061 3530 3241 3596 gravis
3272 3538 3328 3585 et
3362 3532 3464 3586 im-

1874 3614 2139 3675 portunus
2192 3620 2419 3666 exactor
2467 3617 2715 3683 quamvis
2763 3620 3039 3675 moderate
3086 3622 3333 3689 exstitit,
3385 3624 3459 3678 ita

1871 3712 1971 3767 per
2000 3697 2147 3753 illum
2178 3701 2331 3756 vobis
2361 3705 2605 3771 remitto,
2640 3717 2698 3763 ut
2724 3710 2852 3768 inde
2867 3712 2915 3766 ei
2947 3713 3152 3784 gratias
3184 3714 3459 3783 referatis,

1871 3789 1917 3844 si
1944 3792 2075 3859 quid
2107 3793 2158 3847 in
2187 3794 2272 3849 his
2301 3796 2439 3851 bene
2472 3798 2721 3865 dixerim,
2752 3819 2874 3875 qua:
2897 3821 2995 3875 per
3022 3806 3138 3875 ejus
3174 3818 3456 3880 urgentem

1870 3882 2210 3939 exactionem
2256 3888 2444 3944 volens
2491 3891 2681 3949 nolens
2727 3896 2979 3952 solvizsi
3023 3907 3204 3955 autem
3253 3900 3457 3973 aliquid

1869 3972 2010 4027 male
2032 3986 2259 4047 propter
2287 3995 2467 4036 meum
2496 3986 2774 4055 proprium
2802 3991 3130 4061 neglectum,
3174 3994 3307 4050 mihi
3338 4010 3455 4066 poe-

1867 4066 2155 4124 nitentiam
2198 4089 2360 4143 quam
2403 4076 2583 4134 velitis
2625 4080 2923 4141 clementer
2962 4086 3271 4158 imponatis.
3314 4088 3452 4160 Opto

1866 4172 1963 4213 vos
2002 4161 2141 4217 bene
2179 4180 2396 4237 semper
2431 4170 2615 4228 valere
2648 4175 2703 4229 in
2732 4174 2865 4243 Deo,
2896 4179 3100 4248 optime
3128 4181 3367 4247 domine,
3398 4192 3455 4238 et

1333 4222 1358 4231 ,
1396 4222 1635 4238 Mum“,
1670 4222 1759 4240 η,-
2295 4222 2314 4237 .
2732 4222 2865 4243 -νν,
2898 4222 3099 4248 ,φυηρ
3129 4222 3367 4247 “unus,
3399 4222 3453 4238 υ.

177 4222 285 4282 dius
310 4246 543 4296 exerens
565 4244 870 4312 perfundat.
901 4252 1166 4317 omnibus
1192 4279 1324 4337 ergo
1351 4222 1508 4329 :alde
1532 4292 1756 4335 necesse
1863 4261 1971 4302 non
2016 4257 2223 4307 tantum
2272 4258 2476 4326 optime
2519 4260 2756 4330 domine,
2790 4265 2888 4322 sed
2931 4274 2986 4322 et
3009 4268 3254 4339 piissime
3288 4280 3453 4343 atque

175 4324 507 4436 est'attentis
532 4338 589 4384 et
611 4338 843 4393 assiduis
864 4348 1117 4408 precibus
1155 4324 1348 4426 rogare
1375 4324 1756 4436 et
1863 4341 2243 4400 amantissime
2269 4324 2451 4404 me"

176 4417 229 4462 ut
259 4411 519 4478 Dominus
562 4433 617 4480 et
646 4425 899 4486 Salvator
946 4443 1132 4492 noster
1168 4411 1751 4510 Je'sus'

995 4709 1836 4864 nomen”
1912 4733 2675 4863 naeuus-1

456 4941 803 5101 LIBER
905 4952 1489 5123 ADVERSUS
1596 4971 2193 5138 CLAUDIUM
2301 4989 3115 5163 TAURINENSEM

999 5198 1114 5262 AD
1156 5204 1632 5279 LUDOVICUM
1681 5222 1785 5284 ET
1832 5224 2316 5298 LOTHARIUM
2356 5238 2602 5310 AUGG.

1333 5351 1434 5406 lEx
1450 5356 1749 5412 Bibliotheca
1775 5372 1997 5419 veterum
2013 5367 2258 5443 Patrum.)

1608 5469 1969 5494 ῃ
