4006 6446
248 343 336 420 461

791 452 927 534 Item
955 455 1024 510 ad
1053 454 1244 534 locum.

304 555 427 612 Cum
457 548 599 626 enim
629 530 880 605 distincte
905 548 1116 605 dieatur
1137 531 1242 604 non
1269 546 1572 603 faciendam
1602 545 1793 603 simili-

237 627 461 724 tudinem
491 629 730 702 omnium
757 663 873 718 qua:
899 647 951 700 in
979 645 1117 700 coelo
1146 653 1270 700 sunt
1294 654 1388 698 aut
1406 638 1532 713 'qure
1561 643 1616 697 in
1647 651 1792 697 terra

241 743 315 799 vel
345 755 455 812 ane
485 739 583 816 sub
609 723 774 800 terra.
808 755 915 792 non
943 738 1007 792 de
1038 737 1167 793 solis
1197 735 1639 792 similitudinibus
1664 735 1795 790 alie-

240 853 414 894 norum
443 835 663 889 deorum
687 833 999 903 intelligitur
1029 833 1254 896 dictum,
1281 832 1374 885 sed
1395 837 1450 884 et
1473 830 1539 885 de
1560 830 1795 884 caelesti-

238 930 327 984 bus
349 925 734 988 creaturis,aut
763 939 882 994 qua:
911 925 964 978 in
993 923 1197 978 honore
1219 921 1493 977 Creatoris
1524 921 1793 975 humanus

237 1033 409 1075 sensus
435 1016 611 1087 potuit
635 1015 1224 1086 excogitare.Adorare
1255 1023 1338 1070 est
1356 1013 1597 1077 laudare,
1631 1029 1792 1068 vene-

237 1109 350 1166 rari.
381 1123 591 1178 rogare,
634 1107 870 1179 precari,
903 1107 1225 1177 supplicare,
1271 1106 1545 1170 invocare,
1577 1119 1793 1175 precem

233 1197 507 1254 effundere.
535 1197 723 1252 Colere
745 1211 872 1251 vero
890 1203 974 1252 est
993 1196 1316 1266 gubernare,
1345 1195 1655 1258 observare,
1680 1196 1796 1250 oili-

233 1291 360 1346 cium
386 1287 583 1356 facere,
613 1288 979 1359 frequentare,
1010 1289 1281 1354 venerari,
1309 1303 1517 1355 amare,
1545 1290 1789 1361 diligere.

777 1381 912 1436 Item
937 1381 1008 1435 ad
1033 1380 1226 1436 locum.

291 1474 475 1530 Dicunt
505 1473 596 1529 isti
614 1515 629 1540 ,
676 1482 862 1529 contra
889 1488 1027 1543 quos
1055 1473 1150 1527 Dei
1182 1472 1477 1528 Ecclesiam
1505 1471 1796 1532 defenden-

228 1567 335 1622 dam
377 1566 752 1635 suscepimus:
783 1564 900 1630 Non
941 1573 1194 1636 putamus
1217 1565 1438 1633 imagini
1466 1580 1630 1634 quam
1665 1567 1795 1620 ado-

225 1674 394 1721 ramus
419 1659 624 1729 aliquid
653 1659 836 1723 inesse
858 1659 1116 1722 divinum.
1159 1657 1268 1716 Sed
1297 1660 1670 1726 tantummodo
1693 1674 1792 1730 pro

1233 332 1360 392 un.
1396 331 1763 424 Anvuasus
1799 331 2153 420 CLAUDIUM
2191 335 2468 394 TAURIN.

1824 460 1876 520 A

3368 335 3478 395 462

1900 468 2015 508 cem
2060 454 2258 523 pictam
2299 464 2462 524 atque
2504 454 2557 508 in
2587 452 2704 523 ejus
2733 451 2941 508 honore
2972 445 3319 524 imaginatam
3346 454 3478 511 coli-
3556 520 3562 525 ν

1896 563 2039 613 mus,
2068 562 2389 623 veneramur
2416 533 2923 616 atqne'adoramus;
2946 546 3143 616 quibus
3168 545 3303 600 nihil
3326 545 3472 602 aliud

1893 639 2072 709 placet
2103 639 2158 693 in
2195 637 2472 693 Salvatore
2500 646 2704 704 nostro,
2738 637 2839 692 nisi
2871 637 3012 706 quod
3041 645 3097 692 et
3137 637 3317 706 impiis
3353 638 3472 708 pla-

1895 731 2007 786 cuit
2049 731 2392 803 opprobrium
2432 730 2698 800 passionis
2725 737 2780 785 et
2815 728 2996 784 irrisio
3024 729 3235 783 mortis.
3264 729 3376 784 Hoc
3408 731 3474 785 de

1893 821 1984 877 illo
2013 823 2240 877 credunt
2267 823 2408 892 quod
2436 830 2493 877 et
2519 822 2665 892 impii
2715 821 2978 886 homines,
3009 819 3121 875 sive
3145 817 3338 885 Judaei,
3362 821 3475 875 sive

1895 914 2110 984 pagani,
2145 915 2236 983 qui
2264 929 2389 968 eum
2418 913 2783 969 resurrexissc
2805 911 3073 976 diﬂidunt,
3101 920 3152 966 et
3179 927 3282 968 non
3313 929 3475 967 nove-

1895 1013 2023 1058 runt
2059 1005 2127 1059 de
2160 1005 2254 1060 illo
2289 1006 2435 1061 aliud
2469 1005 2710 1077 cogitare
2741 1006 2842 1060 nisi
2867 1021 2990 1060 eum
3019 1014 3217 1061 tortum
3245 1017 3299 1060 et
3329 1021 3474 1060 mor-

1895 1103 2045 1149 tuum
2094 1103 2151 1150 et
2189 1110 2403 1167 semper
2439 1097 2493 1151 in
2537 1099 2786 1166 passione
2818 1098 3050 1168 positum
3087 1098 3142 1151 in
3184 1099 3347 1153 corde
3374 1115 3472 1153 suo

1895 1187 2122 1244 credunt
2151 1198 2206 1245 et
2235 1191 2502 1259 retinent,
2538 1201 2592 1246 et
2621 1207 2727 1248 non
2755 1193 3040 1249 attendunt
3066 1209 3242 1264 neque
3278 1194 3475 1249 intelli-

1896 1289 2026 1352 gunt
2053 1280 2194 1350 quod
2219 1282 2293 1336 ait
2325 1282 2613 1351 Apostolus
2656 1302 2670 1338 :
2701 1284 2820 1340 Etsi
2851 1299 3157 1340 noveramus
3180 1285 3471 1340 secundum

1897 1388 2104 1428 carnem
2132 1373 2417 1439 Christum,
2451 1375 2542 1429 sed
2572 1392 2710 1430 nunc
2727 1376 2846 1447 jam
2872 1393 2977 1432 non
3003 1377 3258 1433 nouimus.

2461 1505 2596 1562 Item
2617 1507 2688 1574 ad
2713 1507 2907 1596 locum.

1967 1641 2169 1697 Contra
2199 1657 2338 1712 quos
2372 1643 2808 1713 respondendum
2836 1653 2954 1714 est,
2983 1646 3112 1718 quia
3139 1647 3185 1703 si
3221 1662 3382 1704 omne
3408 1647 3477 1704 li-

222 1750 412 1814 honore
436 1749 577 1820 eius,
622 1751 776 1821 cuius
800 1750 1004 1822 emgies
1027 1759 1132 1818 εδι,
1171 1750 1263 1806 ιδῃ
1290 1766 1413 1818 ρει-ω
1444 1751 1793 1820 Υθηετμίοηο
1895 1749 2059 1804 gnum
2082 1735 2356 1792 schemate
2384 1736 2561 1794 crucis
2580 1737 2781 1792 factum
2806 1737 2992 1800 volunt
3010 1740 3260 1806 adorare,
3283 1755 3383 1811 pro
3408 1755 3478 1798 eo

221 1843 518 1904 adoramus.
541 1841 643 1912 Cui
673 1843 1079 1916 respondemus,
1102 1843 1226 1916 quia
1254 1843 1299 1898 si
1328 1850 1639 1917 sanctorum
1660 1843 1794 1901 ima—
1897 1827 2041 1896 quod
2078 1825 2409 1920 Christusiin
2436 1842 2598 1884 cruce
2639 1830 2916 1899 pependit,
2951 1839 3007 1887 et
3029 1831 3134 1887 alia
3161 1833 3330 1888 multa
3370 1833 3478 1890 illis

219 1933 355 2004 gines
384 1933 439 1988 bi
488 1934 584 2004 qui
613 1935 914 2005 daemonum
943 1933 1149 2008 cultum
1180 1935 1516 2007 reliquerunt
1538 1949 1795 2006 veneran—

221 2031 314 2092 tur,
348 2039 459 2092 non
505 2023 648 2100 idola
691 2023 1028 2096 reliquerunt
1051 2024 1145 2082 sed
1175 2025 1394 2084 nomina
1428 2034 1792 2095 mutaverunt.

221 2111 268 2168 Si
294 2115 435 2170 enim
466 2116 677 2192 scribas
706 2117 758 2182 in
780 2117 1007 2187 pariete,
1036 2117 1117 2189 vel
1145 2117 1337 2188 pingas
1357 2119 1623 2193 imagines
1645 2119 1796 2178 Petri

216 2215 265 2260 et
301 2205 468 2272 Pauli,
501 2204 651 2263 Jovis
674 2217 733 2280 et
761 2208 1002 2283 Saturni,
1022 2209 1141 2282 sive
1175 2208 1449 2282 Mercurii,
1471 2226 1575 2284 nec
1603 2213 1692 2268 isti
1721 2212 1796 2268 dii

215 2304 349 2363 sunt,
381 2311 483 2371 nec
640 2299 902 2370 apostoli;
935 2314 1037 2372 nec
1058 2300 1170 2367 isti,
1200 2317 1304 2368 nec
1331 2302 1405 2372 illi
1439 2291 1705 2372 homines,
1730 2318 1795 2359 ac

211 2402 302 2457 per
341 2389 442 2462 hoc
491 2404 694 2460 nomen
723 2400 988 2465 mutatur.
1037 2385 1205 2464 Error
1239 2401 1442 2467 tamen,
1489 2403 1546 2464 et
1574 2403 1702 2466 tunc
1740 2404 1796 2452 et

213 2493 344 2534 nunc
368 2478 512 2554 idem
539 2480 666 2554 {ipse
692 2493 971 2556 permanet
996 2497 1234 2558 semper.
1270 2484 1430 2556 Certe
1456 2485 1502 2558 si
1534 2486 1794 2560 adorandi

209 2567 431 2634 fuissent
459 2573 736 2649 homines,
758 2575 866 2647 vivi
887 2577 1090 2648 potius,
1120 2593 1278 2650 quam
1302 2579 1498 2649 mortui
1533 2578 1792 2650 adorandi

211 2674 322 2716 esse
345 2665 653 2721 debuerunt
679 2684 690 2718 :
717 2666 877 2737 idest
901 2667 988 2722 ubi
1010 2669 1420 2740 similitudinem
1449 2669 1543 2724 Dei
1567 2667 1791 2738 habent,

180 2769 308 2812 .non
337 2756 430 2812 ubi
458 2772 745 2827 pecorum,
779 2758 862 2816 vel
891 2760 1034 2830 quod
1066 2760 1246 2833 verius
1274 2766 1378 2824 est,
1416 2759 1676 2830 lapidum,
1707 2759 1791 2814 vel

206 2843 466 2928 lignorum
507 2849 618 2926 vita
641 2865 801 2914 sensu
827 2858 886 2926 et
912 2842 1449 2928 ratione'caqcptem.
1485 2851 1563 2924 _Ex
1596 2866 1702 2922 qua
1730 2865 1790 2906 re

207 2954 548 3022 sum'mopelzle
575 2944 908 3021 pensandum
939 2951 1022 3016 est
1043 2983 1059 3010 ,
1086 2944 1213 3016 quia
1255 2944 1299 3020 si
1339 2958 1501 3016 Opera
1532 2959 1790 3023 manuum

205 3027 298 3106 Dei
328 3049 443 3112 non
492 3043 622 3104 sunt
659 3035 935 3114 adoranda
975 3043 1033 3114 et
1069 3035 1321 3114 colenda,
1360 3043 1570 3116 quanto
1618 3035 1791 3110 magis

206 3137 364 3209 Opera
389 3141 659 3206 manuum
686 3126 970 3204 hominum
1008 3142 1116 3202 non
1145 3137 1272 3190 sunt
1306 3128 1581 3204 adoranda
1609 3137 1664 3184 et
1696 3142 1786 3184 co-

1897 1919 2151 1978 convenit
2177 1935 2297 1990 quae
2325 1919 2576 1977 Christus
2595 1921 2704 1992 egit
2724 1935 2825 1993 per
2841 1923 3187 1978 carnem.Vix
3212 1925 3355 1980 enim
3381 1939 3481 1982 sex

1897 2012 2047 2068 horis
2094 2013 2148 2067 in
2187 2027 2350 2068 cruce
2377 2013 2651 2085 pependit,
2680 2022 2738 2069 et
2765 2022 2945 2070 tamen
2974 2030 3168 2072 novem
3201 2017 3479 2074 mensibus

1895 2102 2178 2163 lunaribus
2219 2111 2276 2160 et
2318 2120 2481 2176 supra
2515 2105 2765 2162 undecim
2804 2106 2921 2162 dies
2955 2106 3011 2160 in
3051 2115 3207 2162 utero
3250 2108 3478 2179 virginis

1895 2196 2032 2264 fuit;
2048 2197 2143 2267 qui
2170 2196 2334 2259 simul
2367 2204 2494 2252 sunt
2516 2197 2632 2253 dies
2653 2197 2860 2254 solares
2887 2196 3104 2254 ducenti
3135 2201 3476 2272 septuaginta

1897 2306 1993 2347 sex
2021 2309 2034 2345 :
2076 2290 2132 2347 id
2167 2298 2250 2346 est
2273 2305 2469 2346 novem
2497 2305 2714 2348 menses
2743 2298 2802 2354 et
2827 2306 2989 2361 supra
3028 2291 3143 2348 dies
3173 2307 3289 2348 sex.
3331 2293 3480 2348 Ado-

1895 2391 2086 2438 rentnr
2114 2397 2244 2454 ergo
2269 2381 2464 2452 puella:
2481 2383 2739 2453 virgines,
2765 2382 2893 2454 quia
2913 2383 3070 2454 virgo
3091 2383 3302 2454 peperit
3327 2383 3484 2440 Chri-

1895 2482 2058 2529 stum.
2085 2473 2394 2529 Adorentur
2421 2483 2478 2528 et
2495 2473 2778 2545 praesepia,
2811 2475 2939 2544 quia
2969 2489 3095 2530 mox
3123 2484 3207 2530 est
3232 2483 3295 2529 ut
3315 2483 3483 2533 natus

1896 2566 1952 2622 in
1997 2567 2261 2638 przesepio
2315 2574 2399 2623 est
2442 2567 2754 2623 reclinatus.
2802 2566 3111 2623 Adorentur
3155 2576 3212 2624 et
3267 2575 3483 2625 veteres

1895 2661 2078 2730 panni,
2102 2660 2228 2729 quia
2258 2660 2511 2716 continuo
2531 2674 2656 2715 cum
2683 2669 2841 2717 natus
2861 2669 2966 2727 est,
2992 2662 3186 2731 pannis
3205 2661 3484 2718 veteribus

1895 2762 1979 2810 est
2003 2755 2296 2812 involutus.
2342 2756 2651 2813 Adorentur
2691 2766 2748 2813 et
2780 2773 2965 2826 naves,
3009 2759 3135 2830 quia
3171 2758 3486 2830 frequenter

1892 2847 1947 2904 in
1979 2849 2205 2905 navibus
2227 2850 2518 2922 navigavit,
2541 2860 2598 2906 et
2623 2852 2689 2907 de
2714 2851 2960 2908 navicula
2984 2854 3172 2910 turbas
3198 2855 3397 2917 docuit,
3427 2862 3485 2910 et

1892 2939 1948 2996 in
1984 2942 2111 2996 navi
2141 2942 2400 2998 dormivit
2424 2984 2440 3008 ,
2469 2950 2523 2997 et
2552 2944 2616 2999 de
2643 2944 2767 2999 navi
2792 2944 2969 3000 ventis
3001 2945 3323 3017 imperavit,
3348 2954 3406 3002 et
3426 2948 3484 3003 in

1891 3031 2116 3090 dextera
2157 3035 2356 3106 navigii
2395 3045 2514 3090 rete
2546 3037 2760 3093 mittere
2783 3038 2971 3109 jussit,
2997 3040 3214 3111 quando
3244 3041 3479 3112 prophe-
3574 3103 3579 3110 ,

1894 3125 2001 3181 tica
2028 3126 2118 3182 illa
2145 3142 2339 3202 magna
2366 3138 2592 3200 captura
2622 3130 2852 3201 piscium
2883 3135 3026 3188 facta
3051 3139 3153 3189 est.
3173 3133 3483 3190 Adorentur

205 3202 357 3293 lenda
394 3202 658 3299 prorsus,
685 3202 785 3276 nec
811 3220 866 3296 in
891 3221 1102 3290 honore
1128 3235 1317 3278 eorum
1339 3202 1569 3299 quorum
1599 3221 1789 3286 simili-
1817 3202 1863 3268 Ο
1893 3217 2051 3282 asini,
2077 3220 2201 3290 quia
2225 3220 2449 3276 asellum
2484 3223 2721 3279 sedendo
2749 3226 2818 3280 ad
2842 3222 3143 3281 Jerusalem
3166 3242 3340 3298 usque
3363 3244 3487 3299 per-

206 3297 414 3366 tudines
441 3326 563 3389 esse
593 3313 874 3382 dicuntur;
905 3315 1034 3386 quia
1076 3315 1122 3394 si
1162 3315 1340 3390 imago
1380 3297 1561 3388 quam.
1575 3314 1788 3382 adorat,

202 3398 345 3468 Deus
373 3420 483 3459 non
513 3412 620 3482 est,
650 3422 992 3486 nequaquam
1017 3409 1326 3482 veneranda
1352 3417 1435 3466 est
1460 3422 1560 3481 pro
1588 3409 1794 3465 honore

193 3502 521 3576 sanctorum
547 3536 564 3566 ,
599 3497 696 3576 qui
740 3493 1085 3578 nequaquam
1137 3500 1350 3578 divinos
1391 3500 1498 3557 sibi
1535 3507 1796 3570 arrogant

191 3585 466 3666 honores.
493 3653 504 3664 ,
935 3581 944 3594 ⁸

850 3687 930 3741 Ad
955 3687 1148 3742 locum.

263 3775 337 3830 Et
368 3776 498 3832 ideo
523 3778 800 3835 sciendum
827 3787 912 3836 est
937 3793 1299 3850 summopere,
1330 3778 1457 3850 quia
1484 3793 1593 3836 non
1616 3793 1793 3835 80mm

197 3865 291 3936 qui
319 3866 561 3939 visibilia
581 3870 837 3940 ﬁgmenta
861 3879 1022 3941 atque
1045 3872 1308 3943 imagines
1334 3871 1484 3938 colit,
1506 3869 1602 3932 sed
1623 3871 1790 3940 etiam

197 3956 506 4026 quamlibet
532 3958 646 4013 sive
680 3958 974 4026 ctelestem,
1004 3963 1118 4018 sive
1159 3971 1450 4028 terrenam,
1485 3963 1600 4020 sive
1629 3963 1791 4034 spiri-

201 4049 396 4117 talem,
426 4051 543 4108 sive
567 4067 881 4124 corpoream
911 4064 1218 4124 creaturam
1256 4056 1373 4114 vice
1412 4058 1649 4116 nominis
1692 4057 1790 4116 Dei

202 4142 347 4208 colit,
376 4154 437 4202 et
459 4144 687 4204 salutem
711 4146 903 4205 anima:
929 4163 1040 4206 suae
1065 4163 1184 4218 quae
1208 4148 1275 4205 de
1305 4150 1420 4204 solo
1450 4149 1561 4205 Deo
1586 4158 1688 4212 est,
1722 4150 1790 4204 ab

201 4232 307 4290 illis
321 4246 509 4306 sperat
531 4254 545 4291 :
573 4237 637 4293 de
653 4237 761 4294 illis
777 4249 880 4303 est,
897 4239 966 4296 de
993 4241 1190 4310 quibus
1211 4240 1342 4296 dicit
1358 4241 1647 4310 Apostolus
1672 4258 1685 4292 :
1718 4239 1790 4300 Et

204 4325 478 4400 coluerunt
499 4333 550 4381 et
566 4331 854 4385 servierunt
875 4340 1130 4386 creatura:
1149 4331 1324 4401 potius
1349 4347 1507 4402 quam
1527 4329 1788 4400 Creatori.

781 4417 913 4478 Item
941 4423 1008 4471 ad
1031 4422 1224 4474 locum.

271 4509 412 4578 Quid
454 4519 509 4572 te
538 4511 608 4570 ad
645 4509 809 4572 falsas
839 4511 1100 4582 imagines
1140 4509 1394 4567 humilias
1427 4519 1483 4566 et
1523 4508 1791 4572 inclinas?

204 4601 342 4671 Quid
364 4613 496 4662 ante
523 4603 707 4674 inepta
737 4603 1024 4664 simulacra
1051 4611 1107 4659 et
1131 4603 1387 4675 ﬁgmenta
1419 4612 1633 4662 terrena
1669 4619 1792 4674 cap-

209 4693 373 4756 tivum
408 4711 613 4766 corpus
661 4697 954 4754 incurvas?
990 4695 1217 4754 Rectum
1266 4704 1319 4753 te
1363 4696 1508 4754 Deus
1543 4696 1694 4763 fecit,
1738 4707 1794 4754 et

211 4799 328 4841 cum
354 4797 558 4843 castera
590 4788 844 4847 animalia
870 4803 1039 4858 prona
1077 4796 1133 4844 et
1179 4789 1248 4844 ad
1277 4799 1478 4845 terram
1508 4790 1646 4855 sint,
1692 4791 1791 4847 tibi

207 4877 454 4936 sublimis
490 4888 668 4938 status
707 4889 760 4936 et
797 4880 865 4936 ad
889 4880 1087 4938 caelum
1113 4889 1274 4950 atque
1310 4884 1378 4938 ad
1416 4882 1587 4938 Deum
1615 4883 1793 4939 vultus

209 4985 422 5031 erectus
455 4985 576 5043 est;
608 4977 737 5033 illuc
760 4978 989 5046 intuere,
1018 4977 1146 5034 illuc
1169 4978 1355 5034 oculos
1388 4984 1510 5032 tuos
1536 4979 1706 5048 erige,
1737 4980 1791 5034 in

209 5069 454 5146 supernis
492 5069 667 5144 Deum
704 5087 904 5146 quaere,
941 5077 1002 5144 ut
1027 5085 1216 5127 carere
1253 5068 1444 5144 inferis
1475 5069 1672 5142 possis.
1707 5067 1794 5126 Ad

210 5155 314 5217 alta
358 5160 611 5235 coelestia
658 5177 980 5238 suspensum
1008 5170 1196 5232 pectus
1231 5161 1435 5218 attolle.
1483 5161 1627 5229 Quid
1655 5170 1710 5218 te
1737 5160 1794 5216 in

212 5245 418 5317 lapsum
451 5254 646 5309 mortis
685 5270 808 5310 cum
837 5255 1113 5310 insensata
1142 5255 1394 5326 imagine,
1435 5269 1600 5324 quam
1635 5252 1792 5320 colis,

211 5343 445 5397 sternis?
473 5345 615 5412 Quid
659 5347 712 5401 in
745 5348 956 5401 ruinam
988 5347 1186 5402 diaboli
1225 5362 1322 5417 per
1358 5347 1551 5416 ipsam,
1580 5355 1636 5400 et
1668 5362 1793 5402 cum

210 5429 325 5504 ipsa
355 5437 545 5492 cadis?
581 5437 978 5494 Sublimitatem
1009 5453 1166 5494 serva
1190 5453 1295 5508 qua
1319 5447 1475 5493 natus
1497 5452 1579 5504 es,
1605 5451 1792 5508 perse-

210 5537 336 5582 vera
356 5529 488 5585 talis
517 5529 693 5601 qualis
717 5547 747 5585 a
775 5531 1002 5585 Domino
1025 5529 1202 5585 factus
1222 5545 1299 5584 es.

432 5688 435 5690 _
719 5623 798 5679 De
827 5641 979 5678 cruce
1005 5623 1073 5677 ad
1099 5622 1290 5678 iocum.

283 5709 393 5768 Sed
413 5712 605 5771 dicunt
627 5715 717 5772 isti
746 5715 895 5770 falsae
911 5714 1187 5783 religionis
1209 5723 1373 5785 atque
1395 5714 1798 5786 superstitionis

213 5805 453 5863 cultores
477 5824 492 5862 :
508 5806 622 5867 Nos
634 5809 704 5865 ob
720 5809 1143 5866 recordationem
1167 5805 1466 5863 Salvatoris
1486 5806 1658 5861 nostri
1677 5823 1803 5862 cru-

1818 4566 1870 4627 D

1896 3310 2064 3367 venit.
2086 3311 2397 3368 Adorentur
2415 3315 2560 3387 agni,
2584 3316 2711 3385 quia
2731 3317 2800 3372 de
2819 3316 2911 3372 illo
2931 3318 3192 3389 scriptum
3213 3328 3325 3376 est:
3345 3319 3482 3376 Ecce

1897 3405 2080 3477 Agnus
2122 3404 2242 3474 Dei,
2282 3424 2398 3463 ecce
2424 3409 2513 3480 qui
2556 3409 2691 3486 tollit
2733 3419 2944 3481 peccata
2995 3413 3201 3468 mundi.
3242 3412 3350 3470 Sed
3388 3414 3484 3470 isti

1897 3507 2282 3566 perversorum
2322 3498 2636 3570 dogmatum
2656 3495 2892 3555 cultores
2922 3515 3090 3572 agnos
3121 3504 3276 3559 vivos
3301 3503 3491 3560 volunt

1896 3585 2113 3657 vorare,
2150 3602 2207 3647 et
2242 3591 2297 3646 in
2330 3592 2539 3663 pariete
2568 3593 2742 3662 pictos
2780 3593 3028 3651 adorare.
3075 3596 3386 3653 Adorentur
3427 3606 3486 3654 et

1894 3673 2105 3743 leones,
2139 3678 2264 3748 quia
2293 3678 2362 3733 de
2388 3677 2481 3733 illo
2506 3679 2772 3750 scriptum
2800 3690 2884 3736 est
2920 3695 2936 3735 :
2978 3679 3115 3737 Vicit
3143 3681 3223 3738 leo
3252 3684 3317 3738 de
3344 3683 3486 3738 tribu

1896 3766 2043 3822 Iuda
2071 3769 2228 3823 radix
2253 3769 2447 3824 David.
2475 3769 2784 3826 Adorentur
2818 3778 2875 3826 et
2893 3781 3084 3843 petrae,
3108 3773 3236 3844 quia
3270 3775 3486 3844 quando

1895 3863 1963 3919 de
1991 3877 2155 3919 cruce
2196 3870 2282 3920 est
2311 3864 2611 3934 depositus,
2641 3863 2696 3919 in
2733 3879 2898 3921 saxeo
2942 3853 3192 3937 sepulcro
3225 3874 3309 3923 est
3341 3869 3490 3942 posi.

1892 3963 2004 4023 tus,
2032 3964 2087 4012 et
2111 3955 2178 4011 de
2204 3955 2295 4012 illo
2314 3955 2605 4028 Apostolus
2632 3958 2710 4012 ait
2737 3977 2750 4012 :
2788 3956 2950 4014 Petra
2981 3968 3154 4015 autem
3174 3969 3288 4016 erat
3324 3959 3485 4017 Chri-

1894 4059 2042 4116 stus;
2074 4049 2167 4105 sed
2193 4048 2443 4105 Christus
2486 4061 2661 4122 petra,
2691 4066 2881 4123 agnus,
2919 4060 2976 4107 et
3003 4053 3089 4109 leo
3132 4053 3340 4124 tropice
3376 4070 3519 4124 non_

1895 4142 2114 4212 proprie
2161 4149 2246 4197 est
2272 4142 2450 4197 dictus
2485 4157 2585 4212 per
2627 4143 3047 4214 significantiam
3089 4160 3195 4200 non
3224 4159 3322 4214 per
3358 4144 3489 4200 sub-

1895 4236 2174 4288 stantiam.
2203 4233 2514 4289 Adorentur
2539 4242 2592 4289 et
2617 4235 2786 4304 spina:
2808 4236 3090 4303 ruborum,
3127 4238 3254 4306 quia
3290 4237 3491 4294 exinde

1895 4325 2081 4394 spinea
2110 4339 2309 4379 corona
2340 4333 2583 4395 tempore
2605 4325 2875 4395 passionis
2899 4327 3064 4396 capiti
3094 4325 3213 4398 ejus
3233 4325 3488 4396 imposita

1895 4424 1996 4470 est.
2029 4415 2340 4471 Adorentur
2369 4425 2423 4471 et
2451 4416 2745 4472 arundines
2768 4458 2783 4483 ,
2821 4416 2947 4486 quia
2975 4418 3043 4468 ah
3066 4416 3149 4471 eis
3181 4414 3425 4488 colaphis
3453 4434 3489 4494 a

1896 4509 2157 4562 militibus
2191 4516 2354 4576 caput
2380 4508 2496 4576 ejus
2516 4521 2716 4562 caesum
2747 4513 2850 4562 est.
2880 4504 3163 4564 Postremo
3189 4509 3490 4568 adorentur

1896 4609 1952 4655 et
1981 4599 2203 4667 lancee,
2235 4601 2363 4670 quia
2403 4616 2545 4656 unus
2574 4599 2807 4656 militum
2847 4600 2904 4657 in
2929 4615 3094 4660 cruce
3119 4602 3309 4660 lancea
3341 4605 3488 4664 latus
3568 4657 3574 4662 .

1895 4691 2011 4762 ejus
2031 4693 2262 4765 aperuit,
2280 4693 2423 4749 unde
2442 4691 2594 4749 ﬂuxit
2616 4695 2837 4765 sanguis
2861 4702 2916 4750 et
2941 4710 3102 4766 aqua,
3119 4707 3486 4766 sacramenta,

1894 4788 2038 4844 unde
2060 4785 2326 4843 formatur
2350 4787 2612 4844 Ecclesia.
2642 4785 2952 4845 Ridicutosa
2979 4789 3084 4845 ista
3111 4791 3297 4846 omnia
3325 4802 3476 4857 sunt,

1897 4885 1952 4934 et
2015 4877 2242 4949 lugenda
2298 4878 2478 4947 potius
2533 4892 2697 4947 quam
2756 4877 3062 4934 scribenda.
3117 4877 3486 4952 Cogimurque

1896 4978 2088 5026 contra
2135 4968 2328 5023 stultos
2372 4967 2536 5023 stulta
2575 4983 2914 5039 pra‘ponere,
2945 4979 3003 5027 et
3041 4980 3236 5029 contra
3277 4972 3486 5041 lapidea

1896 5062 2061 5118 corda
2091 5075 2197 5116 non
2227 5059 2379 5115 verbi
2404 5060 2629 5131 sagittas
2654 5061 2738 5117 vel
2768 5063 3092 5131 sententias,
3120 5062 3215 5120 sed
3245 5062 3487 5132 lapideos

1895 5153 2161 5227 projicere
2199 5154 2360 5209 ictus.
2396 5153 2590 5212 Redite
2629 5157 3077 5226 praevaricatores
3120 5155 3190 5212 ad
3232 5170 3350 5220 cor,
3391 5155 3487 5226 qui

1895 5247 2204 5306 recessistis
2249 5263 2281 5304 a
2319 5249 2576 5318 veritate,
2605 5258 2662 5307 et
2691 5235 2916 5322 diligitis
2941 5250 3240 5306 vanitatem
3269 5257 3326 5303 et
3351 5249 3488 5306 estis

1896 5339 2023 5395 vani
2067 5337 2226 5407 facti;
2261 5340 2353 5410 qui
2399 5356 2616 5398 rursum
2662 5339 2984 5410 cruciﬁgitis
3029 5337 3230 5393 Filium
3280 5337 3400 5405 Dei,
3430 5347 3484 5394 et

1893 5435 2133 5490 ostentui
2156 5435 2386 5501 habetis,
2413 5444 2469 5492 et
2491 5451 2590 5507 per
2610 5435 2712 5489 hoc
2738 5441 3058 5488 catervatim
3083 5431 3294 5488 animas
3321 5433 3485 5489 mise-

1895 5541 2084 5584 rorum
2127 5531 2303 5586 socias
2345 5529 2517 5584 factas
2555 5527 2860 5583 daemonum
2901 5526 3131 5582 habetis.
3181 5526 3485 5585 Alienando

1895 5636 1990 5678 eas
2012 5637 2110 5693 per
2130 5622 2361 5679 nefanda
2391 5619 2674 5690 sacrilegia
2704 5618 3140 5686 simulacrorum,
3169 5635 3199 5675 a
3222 5619 3484 5677 Creatore

1898 5730 1998 5772 suo
2022 5715 2236 5771 habetis
2259 5729 2353 5770 eas
2373 5713 2612 5784 dejectas
2631 5722 2686 5767 et
2704 5712 2973 5784 projectas
2997 5714 3050 5769 in
3079 5713 3485 5772 damnationem

1897 5817 2243 5883 perpetuam.
