4006 6456
497 407 603 467 L66

518 579 520 583 .
687 577 690 582 .
1065 517 1200 576 Item
1231 517 1299 571 ad
1328 517 1520 572 locum.

566 613 724 668 Aliud
759 612 906 668 enim
938 610 1082 668 Deus
1123 611 1307 680 jussit,
1355 609 1502 664 aliud
1535 607 1622 664 isti
1667 605 1895 661 faciunt.
1935 602 2080 658 Deus

487 705 651 777 iussit
679 719 896 762 crucem
915 710 1158 775 portare,
1189 718 1297 760 non
1329 702 1558 758 adorare
1583 719 1595 754 :
1627 700 1718 754 isti
1742 697 1928 753 volunt
1950 695 2081 752 ado-

491 815 652 866 rare,
681 815 842 872 quam
870 798 1062 854 nolunt
1090 794 1195 854 nec
1220 797 1542 868 spiritaliter
1581 810 1683 850 nec
1721 791 2080 863 corporaliter

495 906 679 951 secum
724 898 966 962 portare.
1016 889 1220 945 Taliter
1247 889 1392 943 enim
1428 887 1597 942 Deum
1626 885 1807 941 colere
1833 925 1848 950 ,
1885 884 1954 940 ab
1990 883 2081 938 illo

493 983 748 1040 recedere
773 991 884 1048 est;
917 982 1006 1036 ille
1025 982 1169 1036 enim
1189 980 1322 1036 dixit
1351 998 1364 1034 :
1397 978 1501 1046 Qui
1533 978 1638 1034 vult
1665 989 1778 1048 post
1806 993 1887 1031 me
1909 976 2080 1031 venire

491 1073 1092 1144 abnegetsemetipsum,
1133 1084 1179 1127 et
1219 1071 1371 1126 tollat
1399 1088 1606 1126 crucem
1631 1087 1782 1124 suam
1818 1080 1865 1124 et
1892 1087 2081 1140 sequa-

500 1185 577 1225 ’κν
603 1187 702 1224 me.
739 1169 876 1238 Quia
907 1169 1157 1225 videlicet
1183 1169 1288 1224 nisi
1321 1169 1413 1240 qui
1441 1185 1472 1223 a
1503 1167 1795 1237 semetipso
1837 1165 2076 1230 deﬁciat,

491 1263 557 1317 ad
604 1277 727 1317 eum
775 1262 866 1331 qui
921 1276 1084 1331 super
1140 1260 1314 1331 ipsum
1359 1267 1462 1325 est,
1508 1275 1613 1314 non
1650 1258 2074 1329 appropinquat;

494 1368 590 1409 nec
639 1353 782 1407 valet
831 1351 1239 1422 apprehendere
1278 1351 1425 1421 quod
1473 1351 1616 1406 ultra
1665 1351 1842 1420 ipsum
1873 1355 1980 1413 est,
2032 1347 2083 1404 si

495 1444 746 1498 nescierit
776 1450 1017 1498 mactare
1045 1443 1188 1513 quod
1220 1450 1304 1498 est

1130 1534 1211 1588 Ad
1249 1533 1442 1589 locum.

555 1627 710 1694 Quod
747 1643 876 1683 vero
897 1627 1000 1692 ais,
1029 1625 1174 1697 quod
1199 1640 1298 1697 ego
1333 1627 1654 1696 prohibeam
1688 1626 1936 1681 homines
1963 1639 2080 1696 pm-

486 1718 728 1774 nitentize
753 1733 919 1774 causa
947 1731 1176 1788 pergere
1206 1717 1459 1782 Romam,
1490 1717 1684 1772 falsum
1727 1724 1782 1770 tu
1818 1715 2078 1785 loqueris.

483 1808 599 1881 Ego
622 1810 767 1866 enim
808 1811 912 1864 iter
938 1809 1071 1864 illud
1099 1823 1201 1864 nec
1238 1809 1478 1879 approbo
1511 1824 1614 1864 nec
1642 1808 1914 1879 improbo,
1951 1807 2080 1878 quia

483 1905 600 1960 scio
621 1902 763 1973 quod
795 1916 896 1958 nec
925 1900 1176 1956 omnibus
1203 1899 1374 1966 obest,
1415 1916 1515 1956 nec
1542 1901 1795 1956 omnibus
1835 1901 2078 1971 prodest,

483 2009 588 2050 nec
608 1992 865 2052 omnibus
886 1993 1123 2064 proﬁcit,
1155 2008 1258 2050 nec
1283 1993 1538 2049 omnibus
1563 1991 1750 2048 ofﬁcit.
1798 1992 1874 2048 Te
1902 1993 2081 2062 ipsum

479 2089 718 2160 primum
752 2087 1092 2160 interrogare
1112 2087 1265 2154 volo,
1293 2087 1341 2142 si
1374 2086 1753 2157 ptenitentiam
1783 2101 1945 2158 agere
1971 2085 2082 2141 Ro-

482 2195 628 2236 mam
653 2195 880 2252 pergere
907 2181 1050 2236 nosti
1090 2195 1234 2236 esse.
1270 2178 1381 2234 Cur
1416 2187 1474 2234 tu
1503 2187 1654 2233 tanto
1686 2187 1930 2249 tempore
1968 2189 2084 2234 tan-

481 2283 568 2329 tas
596 2275 808 2329 animas
841 2271 1142 2344 perdidisti,
1174 2287 1310 2344 quas
1341 2271 1394 2326 in
1424 2270 1757 2326 monasterio
1780 2271 2079 2336 retinuisti,

481 2378 540 2422 et
580 2365 912 2438 paenitentiae
957 2378 1121 2420 causa
1181 2363 1236 2418 in
1285 2362 1677 2419 monasterium
1709 2362 1984 2432 recepisti,
2027 2370 2083 2416 ct

482 2473 588 2514 nou
620 2473 713 2512 cas
740 2456 968 2512 Romam
991 2454 1211 2521 misisti,
1236 2457 1329 2510 sed
1367 2455 1548 2526 potius
1580 2453 1677 2508 tibi
1713 2452 1921 2508 servire
1946 2451 2081 2506 feci-

482 2550 574 2606 sti.
619 2548 763 2604 Dicis
802 2547 948 2603 enim
999 2555 1054 2603 te
1104 2547 1308 2603 habere
1355 2555 1633 2602 catervam
1692 2545 2084 2600 monachorum

483 2652 702 2700 centum
733 2640 1094 2712 quadraginta
1119 2681 1132 2705 ,
1177 2640 1270 2711 qui
1316 2655 1506 2694 omnes
1550 2639 1885 2710 ptenitentiaa
1917 2651 2085 2693 causa

482 2734 554 2790 ad
578 2742 631 2787 te
651 2743 940 2795 venerunt,
964 2739 1020 2786 et
1042 2746 1102 2786 se
1127 2731 1462 2785 monasterio
1487 2719 1847 2794 tradiderunt,
1875 2745 1943 2785 ex
1963 2729 2086 2800 qui-

482 2823 588 2900 bus
631 2822 903 2878 neminem
939 2821 1166 2876 Romam
1213 2823 1292 2876 ire
1320 2821 1635 2892 permisisti.
1682 2821 1739 2876 Si
1771 2821 1888 2876 haec
1917 2822 1990 2876 ita
2027 2836 2088 2877 se

484 2914 709 2975 habent,
741 2921 801 2968 ut
832 2922 889 2968 tu
929 2913 1088 2977 dicis,
1119 2914 1496 2982 paenitentiam
1525 2929 1685 2984 agere
1713 2914 1940 2968 Romam
1963 2929 2087 2984 per-

484 2998 614 3073 gere
640 3012 763 3070 est,
791 3004 919 3074 quid
949 3013 1175 3059 acturus
1197 3019 1257 3059 es
1279 3004 1346 3061 de
1373 3004 1642 3059 sententia
1673 3004 1764 3059 illa
1789 3020 1951 3073 quam
1978 3005 2085 3060 Do-

482 3095 664 3157 minus
693 3094 824 3150 dicit
874 3114 886 3149 :
941 3093 1047 3162 Qui
1083 3094 1525 3150 scandalizaverit
1564 3112 1726 3148 unum
1770 3097 1836 3148 de
1875 3095 2084 3166 pusillis

481 3187 600 3250 istis
645 3187 736 3258 qui
782 3189 839 3242 in
883 3205 966 3243 me
1005 3188 1244 3252 credunt,
1296 3188 1502 3260 expedit
1545 3189 1593 3243 ei
1633 3198 1688 3242 ut
1731 3189 2085 3260 suspendatur

483 3278 628 3335 mola
656 3281 894 3336 asinaria
923 3282 980 3336 in
1006 3280 1144 3336 collo
1165 3282 1306 3352 ejus,
1334 3292 1384 3336 et
1415 3281 1750 3352 demergatur
1774 3283 1830 3336 in
1859 3282 2083 3353 profun-

484 3373 634 3438 dum,
665 3389 828 3442 quam
858 3382 918 3427 ut
943 3373 1276 3428 scandalizet
1307 3389 1473 3427 unum
1504 3374 1571 3428 de
1597 3373 1807 3443 pusillis
1836 3373 1956 3429 istis
1991 3375 2085 3444 qui

486 3463 543 3518 in
570 3479 657 3518 me
693 3464 940 3519 credunt.
981 3463 1200 3520 Nullum
1226 3464 1539 3521 scandalum
1579 3466 1756 3534 majus
1799 3477 1883 3521 est
1921 3483 2086 3536 quam

483 3553 761 3611 hominem
806 3556 965 3634 illam,
995 3558 1288 3628 prohibere
1335 3573 1564 3630 pergere
1600 3559 1766 3626 viam,
1795 3575 1897 3630 per
1921 3573 2087 3630 quam

481 3651 658 3720 possit
683 3652 753 3709 ad
781 3653 977 3724 gaudia
1013 3667 1242 3723 pergere
1270 3655 1622 3724 sempiterna.
1705 3722 1714 3728 _

1045 3743 1202 3798 ‘Item
1228 3744 1297 3798 ad
1322 3744 1517 3800 locum.

560 3831 777 3887 Scimus
795 3835 940 3888 enim
967 3836 1112 3904 quod
1134 3852 1238 3890 non
1262 3836 1537 3892 intellecta
1557 3837 1903 3908 evangelista:
1924 3839 2086 3894 verba

489 3921 705 3978 Domini
739 3923 1064 3991 Salvatoris,
1095 3927 1184 3981 ubi
1210 3930 1288 3981 ait
1315 3929 1474 3983 beato
1499 3929 1744 3998 apostolo
1770 3929 1966 3986 Petro:
2008 3929 2088 3984 'I'u

486 4029 541 4068 es
567 4010 760 4068 Petrus
797 4025 844 4068 et
874 4033 1030 4086 super
1057 4017 1192 4070 hanc
1232 4015 1445 4072 Petram
1487 4019 1758 4087 wdiﬁcabo
1793 4020 2086 4076 Ecclesiam

486 4119 679 4170 meam,
703 4114 752 4160 et
782 4106 874 4160 tibi
906 4107 1042 4162 dabo
1068 4107 1235 4163 claves
1273 4110 1418 4178 regni
1438 4109 1706 4166 calorum.
1733 4111 1962 4184 Propter
1984 4115 2086 4170 ista

479 4193 596 4265 jam
632 4197 777 4254 dicta
805 4200 1021 4256 Domini
1051 4201 1213 4256 verba
1246 4202 1556 4272 imperitum
1599 4205 1878 4260 hominum
1917 4223 2087 4278 genus

483 4303 587 4361 pro
610 4293 946 4364 acquirenda
975 4294 1087 4348 vita
1113 4302 1341 4360 aeterna,
1364 4297 1664 4367 postposita
1685 4299 1833 4352 omni
1855 4300 2088 4369 spiritali

488 4380 871 4453 intelligentia,
907 4387 1095 4441 volunt
1117 4403 1344 4457 pergere
1367 4388 1614 4455 Romam,
1641 4397 1696 4444 et
1724 4399 1848 4460 post
1874 4407 2046 4461 pauca
2070 4409 2083 4444 :

489 4471 594 4539 Qui
616 4473 720 4527 hoc
747 4474 908 4528 modo
939 4483 999 4527 ut
1027 4478 1401 4542 supradictum
1425 4489 1510 4530 est
1537 4480 1719 4532 claves
1742 4482 1896 4549 regni
1921 4482 2087 4533 ccelo-

437 4549 450 4640 ᾖ
491 4578 613 4620 rum
662 4563 917 4634 intelligit
968 4565 1414 4621 intercessionem
1456 4567 1597 4623 beati
1644 4567 1790 4624 Petri
1842 4569 2088 4625 localiter

491 4672 602 4710 non
633 4656 885 4725 requirit,
918 4657 1044 4726 quia
1074 4658 1121 4713 si
1146 4659 1531 4729 proprietatem
1555 4662 1844 4716 verborum
1874 4661 2086 4718 Domini

490 4747 761 4802 subtiliter
781 4749 1212 4816 consideramus,
1232 4768 1338 4807 non
1356 4761 1442 4808 est
1461 4753 1511 4808 ei
1537 4754 1771 4808 dictum:
1796 4754 2086 4821 Quodcun-

490 4859 597 4916 que
618 4845 846 4901 solveris
875 4847 928 4919 in
945 4847 1083 4904 cmlo
1113 4849 1218 4904 erit
1243 4849 1481 4905 solutum
1503 4857 1558 4904 et
1581 4851 1635 4904 in
1660 4857 1826 4915 terra,
1844 4859 1900 4906 et
1919 4851 2086 4922 quod-

488 4952 706 5011 cunque
725 4940 982 5011 ligaveris
1004 4943 1060 4997 in
1101 4943 1244 4998 coelo
1264 4944 1372 4999 erit
1390 4943 1614 5016 ligatum
1641 4960 1805 5015 super
1836 4954 2040 5002 terram
2067 4964 2082 5014 ;

490 5045 559 5088 ac
579 5049 678 5104 per
702 5035 807 5090 hoc
831 5035 1112 5092 sciendum
1133 5045 1235 5099 est,
1270 5037 1415 5108 quod
1451 5039 1636 5094 tandiu
1661 5039 1954 5096 antistihus
1984 5042 2088 5098 Ec-

491 5123 671 5182 clesia:
704 5128 848 5184 istud
876 5129 1246 5186 ministerium
1276 5146 1597 5188 concessum
1623 5141 1724 5199 est,
1758 5150 1929 5206 usque
1955 5135 2084 5190 dum

491 5216 579 5289 psi
602 5220 1024 5292 peregrinantur
1053 5222 1110 5282 in
1140 5221 1244 5279 hoc
1265 5222 1486 5282 mortali
1507 5239 1774 5296 corpore:
1807 5242 1932 5285 cum
1953 5243 2084 5285 vero

1852 393 2156 453 DUNGALI
2193 391 2492 450 RECLUSI

2114 514 2167 572 Α
2191 507 2432 563 debitum
2451 504 2647 561 mortis
2668 499 3020 568 reddiderint,
3053 501 3146 556 alii
3170 501 3473 559 succedunt
3496 503 3620 561 loco
3646 504 3793 576 ipso-

2185 616 2327 666 rum,
2361 599 2455 670 qui
2485 597 2736 654 eamdem
2769 596 3016 652 obtinent
3045 595 3396 667 iudiciariam
3425 605 3790 667 potestatem,

2183 696 2326 752 sicut
2369 693 2631 764 scriptum
2663 700 2748 747 est
2786 709 2798 746 :
2841 689 2950 745 Pro
2979 690 3216 761 patribus
3245 692 3350 746 tuis
3393 694 3505 746 nati
3541 693 3636 746 tibi
3667 702 3791 747 sunt

2182 786 2314 858 ﬁlii,
2344 787 2625 842 constitues
2647 802 2733 840 eos
2761 783 3022 856 principes
3049 800 3207 855 super
3229 800 3440 839 omnem
3470 795 3694 840 terram.

2756 899 2893 955 Item
2923 900 2992 953 ad
3015 898 3208 954 locum.

2255 993 2450 1050 Redite
2476 994 2606 1051 caeci
2649 993 2718 1050 ad
2745 992 2927 1047 lumen
2958 1008 3169 1056 verum,
3203 990 3348 1062 quod
3385 989 3656 1044 illuminat
3677 1006 3793 1044 om-

2185 1105 2312 1146 nem
2350 1087 2628 1144 hominem
2657 1085 2964 1142 venientem
3011 1084 3067 1139 in
3110 1085 3255 1139 hunc
3297 1083 3593 1146 mundum;
3644 1081 3788 1151 quod

2183 1181 2367 1235 lumen
2409 1181 2462 1235 in
2506 1179 2747 1234 tenebris
2783 1177 2948 1242 lucet,
2979 1184 3036 1231 et
3070 1176 3307 1231 tenebrae
3333 1175 3465 1229 illud
3486 1191 3605 1239 non
3641 1190 3791 1229 com-

2182 1274 2552 1346 prehendunt;
2597 1272 2692 1342 qui
2732 1271 2877 1327 istud
2913 1270 3094 1324 lumen
3129 1286 3238 1325 non
3275 1269 3590 1339 aspiciendo
3619 1268 3680 1322 in
3719 1277 3791 1321 te

2183 1367 2370 1423 nebris
2399 1366 2555 1429 estis,
2587 1372 2642 1420 et
2662 1364 2718 1420 in
2743 1363 2982 1419 tenebris
3003 1361 3313 1428 ambulatis,
3345 1372 3402 1418 et
3427 1361 3655 1418 nescitis
3685 1377 3788 1433 quo

2182 1461 2344 1527 eatis,
2376 1460 2505 1531 quia
2533 1459 2771 1515 tenebrae
2797 1457 3218 1514 obcaecaverunt
3233 1455 3422 1512 oculos
3442 1464 3682 1513 vestros.

2764 1570 2901 1626 Item
2927 1570 2997 1624 ad
3027 1569 3219 1624 locum.

2254 1664 2453 1722 Audite
2477 1673 2535 1720 et
2561 1665 2668 1720 hoc
2698 1663 3014 1732 insipientes
3053 1662 3108 1716 in
3138 1661 3353 1732 populo,
3390 1670 3448 1717 et
3488 1662 3642 1717 stulti
3685 1662 3787 1716 ali-

2185 1758 2402 1828 quando
2443 1758 2638 1827 sapite,
2666 1756 2757 1827 qui
2798 1755 3247 1810 intercessionem
3283 1755 3515 1826 apostoli
3555 1755 3785 1810 Romam

2109 1878 2158 1938 Β
2185 1855 2464 1927 pergendo
2493 1854 2739 1924 quaeritis
2761 1894 2776 1919 ,
2809 1852 2937 1923 quid
2960 1861 3153 1909 contra
3184 1869 3282 1909 vos
3304 1853 3450 1909 dicat
3479 1851 3622 1910 idem
3647 1866 3788 1923 saepe

2186 1947 2364 2003 dictus
2391 1946 2743 2002 beatissimus
2764 1946 3120 2016 Augustinus,
3150 1945 3206 2000 in
3249 1944 3390 2001 libro
3411 1945 3560 2000 enim
3581 1945 3650 1999 de
3671 1943 3789 1999 Tri-

2182 2041 2356 2096 nitate
2377 2047 2571 2094 octavo
2593 2039 2738 2094 inter
2760 2046 2959 2094 caetera
2993 2037 3074 2093 sic
3096 2037 3265 2092 dicit:
3302 2055 3321 2088 ‹
3353 2036 3489 2092 Redi
3516 2051 3654 2109 ergo
3679 2051 3788 2091 me-

2183 2147 2307 2188 cum
2332 2141 2387 2188 et
2411 2131 2820 2186 consideremus
2842 2145 2939 2185 cur
2965 2128 3254 2200 diligamus
3281 2127 3610 2200 apostolum.
3639 2127 3786 2183 Nun-

2183 2223 2440 2294 quidnam
2487 2231 2709 2292 propter
2753 2222 3050 2277 humanam
3079 2221 3340 2291 speciem,
3378 2236 3544 2292 quam
3571 2221 3788 2275 notissi-

2185 2328 2330 2368 mam
2371 2313 2673 2377 habemus,
2725 2327 2788 2367 eo
2831 2313 2976 2382 quod
3021 2313 3296 2369 credimus
3343 2326 3469 2368 eum
3511 2312 3788 2367 hominem

2183 2406 2388 2461 fuisse?
2411 2405 2530 2460 Non
2551 2405 2770 2474 utique;
2803 2405 3044 2476 alioquin
3068 2421 3212 2460 nunc
3235 2420 3342 2460 non
3372 2414 3456 2460 est
3482 2420 3650 2476 quem
3672 2403 3790 2458 dili-

2184 2514 2392 2572 gamus.
2419 2497 2861 2569 quandoquidem
2884 2498 3045 2552 hnmo
3069 2496 3158 2552 ille
3180 2497 3295 2568 jam
3321 2511 3427 2552 non
3450 2497 3574 2552 est?
3596 2497 3786 2551 Anima

2185 2590 2330 2645 enim
2351 2590 2468 2660 ejus
2491 2605 2522 2644 a
2553 2604 2784 2660 corpore
2806 2596 3060 2659 separata
3091 2595 3175 2644 est
3192 2628 3208 2652 ,
3241 2589 3337 2644 sed
3364 2588 3420 2644 id
3441 2589 3592 2660 quod
3618 2589 3676 2643 in
3702 2587 3789 2642 illo

2186 2695 2433 2736 amamus
2458 2679 2624 2736 etiam
2650 2665 2796 2734 nunc
2824 2680 3009 2736 vivere
3030 2678 3328 2740 credimus.
3366 2697 3386 2731 ι

2759 2771 2894 2828 Item
2935 2772 3004 2827 ad
3041 2771 3235 2827 locum.

2255 2867 2605 2923 Promittenti
2656 2867 2767 2922 Deo
2817 2867 2978 2923 debet
3017 2865 3196 2922 ﬁdelis
3247 2868 3479 2938 quisque
3529 2868 3788 2934 credere,

2185 2973 2390 3033 quanto
2423 2962 2598 3034 magis
2619 2960 2852 3032 juranti.
2888 2961 3027 3029 Quid
3051 2969 3136 3017 est
3163 2961 3345 3018 dicere
3373 2979 3388 3016 :
3422 2960 3482 3016 Si
3510 2959 3717 3018 fuerint
3737 2963 3791 3018 in

2185 3056 2365 3109 medio
2393 3055 2535 3124 ejus,
2584 3053 2719 3119 Noe,
2769 3054 2982 3121 Daniel,
3017 3063 3073 3109 et
3097 3052 3236 3111 Job?
3285 3055 3342 3110 ld
3375 3064 3482 3116 est.
3531 3058 3580 3112 si
3628 3067 3792 3113 tanta

2186 3148 2493 3202 sanctitatis
2526 3188 2541 3211 ,
2596 3155 2764 3202 taan
2814 3147 3085 3218 iustitiae,
3142 3147 3393 3218 tantique
3444 3149 3628 3204 meriti
3685 3150 3788 3216 sit,

2109 3248 2154 3312 C
2187 3245 2374 3316 quanti
2408 3243 2483 3297 illi
2517 3241 2762 3308 fuerunt,
2810 3259 2917 3297 non
2949 3242 3260 3297 liberabunt
3301 3242 3472 3297 ﬁlium
3502 3259 3684 3315 neque
3726 3245 3790 3298 li-

2187 3335 2334 3389 liam.
2365 3331 2492 3390 Haec
2521 3335 2728 3390 idcirco
2755 3333 2888 3388 dicit
2913 3340 2972 3387 ut
2999 3348 3159 3388 nemo
3184 3334 3251 3389 de
3277 3335 3476 3389 merito
3502 3334 3590 3390 vel
3622 3335 3792 3402 inter-

2188 3429 2432 3484 cessione
2462 3420 2781 3484 sanctorum
2814 3424 3074 3490 conﬁdat,
3111 3425 3242 3496 quia
3292 3425 3400 3480 nisi
3429 3426 3684 3481 eamdem
3731 3426 3792 3480 ti-

2189 3525 2344 3590 dem,
2390 3521 2689 3592 justitiam,
2724 3520 3123 3589 veritatemque
3167 3527 3348 3573 teneat
3381 3533 3546 3588 quam
3597 3517 3672 3573 illi
3717 3527 3792 3572 te-

2188 3623 2444 3682 nuerunt,
2473 3631 2573 3689 per
2602 3628 2766 3686 quam
2794 3612 2872 3669 illi
2900 3612 3227 3683 placuerunt
3269 3611 3402 3679 Deo,
3443 3611 3633 3669 salvus
3669 3625 3792 3667 esse

2189 3724 2299 3764 non
2332 3709 2553 3781 poterit.

2747 3779 2882 3835 Item
2911 3780 2981 3834 ad
3012 3781 3208 3835 locum.

2261 3873 2463 3943 Quinta
2512 3881 2603 3928 tua
2635 3874 2689 3929 in
2720 3889 2810 3930 me
2837 3873 3073 3943 obiectio
3106 3882 3212 3940 est,
3261 3882 3320 3930 et
3359 3873 3653 3942 displicere
3694 3871 3791 3926 tibi

2188 3965 2350 4032 dicis,
2407 3983 2474 4022 eo
2503 3967 2647 4037 quod
2692 3966 2951 4020 dominus
3002 3963 3333 4035 apostolicus
3374 3963 3693 4035 indignatus
3719 3963 3791 4018 sit

2188 4061 2345 4116 mihi.
2403 4059 2519 4115 Hoc
2569 4059 2750 4115 dixisti
2800 4059 2867 4114 de
2918 4055 3168 4113 Paschali
3220 4054 3482 4110 Ecclesia:
3531 4055 3788 4110 Romana:

2188 4154 2464 4224 episcopo,
2499 4153 2589 4221 qui
2620 4161 2887 4223 praesente
2911 4149 3026 4220 jam
3067 4149 3245 4206 caruit
3277 4149 3409 4204 vita.
3437 4148 3789 4219 Apostolicus

2190 4253 2371 4299 autem
2423 4244 2624 4299 dicitur
2675 4243 2831 4314 quasi
2884 4240 3116 4314 apostoli
3171 4248 3379 4304 custos,
3423 4246 3520 4292 aut
3550 4235 3788 4307 apostoli

2189 4334 2422 4405 fungens
2453 4332 2711 4389 olﬁcium.
2756 4333 2916 4388 Certe
2964 4349 3074 4386 non
3114 4332 3208 4387 ille
3239 4329 3501 4384 dicendus
3531 4337 3624 4383 est
3651 4344 3786 4401 apo—

2191 4429 2414 4484 stolicus
2446 4429 2538 4493 qui
2592 4429 2646 4478 in
2692 4431 2950 4479 cathedra
3001 4413 3197 4480 sedens
3246 4425 3475 4498 apostoli
3509 4467 3525 4493 ,
3567 4428 3665 4482 sed
3691 4427 3786 4497 qui

2191 4513 2546 4585 apostolicum
2579 4513 2766 4584 implet
2791 4514 3048 4571 ollicium.
3085 4516 3160 4571 De
3211 4517 3318 4573 illis
3345 4519 3489 4573 enim
3529 4519 3623 4588 qui
3659 4535 3785 4574 eum

2113 4607 2367 4673 Dlocum
2422 4614 2628 4672 tenent,
2669 4615 2723 4662 et
2770 4623 2876 4662 non
2940 4609 3167 4678 implent
3213 4610 3469 4677 ollicium,
3521 4611 3787 4668 Dominus

2197 4699 2375 4754 dixit:
2426 4698 2597 4770 Super
2645 4699 2894 4754 cathedra
2947 4699 3120 4772 Moysi
3172 4702 3418 4757 sederunt
3483 4701 3685 4758 Scribi:
3737 4711 3788 4757 et

2195 4786 2479 4844 Pharistri.
2513 4789 2706 4843 Omnia
2736 4807 2857 4860 ergo
2895 4807 3216 4863 quiscunque
3242 4794 3470 4848 dixerint
3508 4795 3650 4849 vobis
3671 4812 3785 4849 ser-

2192 4892 2306 4937 vate
2336 4893 2384 4938 et
2414 4883 2571 4953 facite
2600 4900 2618 4938 :
2645 4885 2930 4938 secundum
2958 4902 3116 4954 opera
3138 4904 3256 4942 vero
3283 4905 3463 4942 eorum
3505 4889 3668 4942 nolite
3695 4891 3786 4957 fa-

2191 4991 2339 5040 cere;
2366 4976 2544 5030 dicunt
2571 4977 2706 5029 enim
2732 4986 2777 5030 et
2801 4994 2904 5030 non
2926 4978 3146 5048 faciunt.

2189 5087 2368 5160 (Liber
2383 5088 2447 5143 de
2466 5106 2572 5164 quo
2584 5090 2692 5164 ista
2716 5093 3067 5164 excerpsimus
3082 5102 3244 5149 tanta:
3269 5093 3653 5164 magnitudinis
3677 5104 3780 5157 est,

2259 5159 2516 5302 (martium
2554 5160 2686 5215 liber
2716 5159 3052 5219 Psalmorum
3075 5174 3121 5220 et
3145 5159 3530 5237 quinquaginta
3569 5165 3782 5221 Psalms'
