4006 6446
1173 403 1300 459 LIB.
1328 403 1698 479 ADVERSUS
1734 405 2092 464 CLAUDIUM
2129 407 2406 466 TAUBIN.

216 524 3440 592 ..._._——————_.___________________

649 713 1602 856 DUNGALI
1799 721 2940 875 RESPONSA

445 973 766 1039 CONTRA
810 978 1266 1044 PERVERSAS
1309 981 1633 1045 CLAUDII
1679 983 2595 1059 TAURINENSIS‘EPISCOPI
2638 1000 3149 1069 SENTENTIAS.

249 1253 386 1308 Hunc
411 1254 595 1324 itaque
621 1253 860 1312 libellum
886 1261 1270 1330 responsiones
1297 1277 1364 1319 ex
1406 1267 1734 1323 auctoritate
1763 1271 1816 1332 Α
1841 1281 2127 1341 geruntur,
2177 1275 2502 1350 illorumque
2533 1284 2794 1358 reliquias
2823 1291 3025 1349 nullum
3075 1297 3302 1369 alicujus
3341 1320 3434 1363 re-

269 1345 491 1369 λημιη
548 1355 851 1369 --_-.-_--__
885 1351 978 1369 n,-
1157 1355 1170 1369 .
1211 1355 1238 1369 η
1347 1365 1358 1369 -
1492 1365 1500 1369 -

184 1361 238 1401 ac
264 1345 496 1400 doctrina
547 1355 858 1404 sanctorum
885 1351 1106 1408 Patrum
1138 1355 1428 1413 deﬂoratas
1454 1365 1509 1412 et
1547 1374 1738 1416 excer—

182 1447 288 1507 ptas
313 1436 694 1504 continentem,
723 1441 824 1495 sub
845 1443 1064 1499 nomine
1090 1453 1147 1500 et
1175 1447 1382 1502 honore
1410 1449 1741 1520 gloriosissi-

181 1542 368 1580 morum
413 1528 740 1598 principum,
770 1530 1362 1593 Christianissimorum
1396 1547 1601 1596 sancta:
1636 1541 1738 1598 Ec-

179 1619 336 1674 clesia:
385 1629 658 1678 rectorum
689 1625 892 1681 domini
921 1627 1178 1686 Ludovici
1226 1634 1450 1688 maximi
1494 1651 1559 1691 ac
1587 1652 1737 1693 sere-

179 1709 364 1764 nissimi
391 1710 738 1782 imperatoris
762 1717 987 1787 ejusque
1017 1718 1112 1775 ﬁlii
1139 1723 1460 1778 nobilissimi
1508 1725 1734 1797 Augusti

175 1802 414 1868 Lotharii,
467 1821 572 1878 ego
620 1809 894 1880 Dungalus
936 1812 990 1866 in
1025 1812 1120 1868 Dei
1163 1823 1220 1870 et
1259 1831 1444 1872 eorum
1475 1820 1735 1891 obsequio

175 1906 275 1948 esse
296 1893 586 1951 dicandum
623 1902 1159 1973 componendumque
1186 1905 1394 1969 devovi,
1431 1917 1622 1964 contra
1644 1909 1731 1964 in-

173 1997 310 2039 sanas
356 1984 813 2059 blasphemasque
842 1992 1048 2048 Claudii
1099 1995 1450 2052 Taurinensis
1488 2000 1729 2070 episcopi

172 2078 378 2144 ntenias,
412 2096 525 2135 non
555 2084 698 2153 quod
730 2093 856 2140 ante
876 2086 990 2156 jam
1019 2089 1220 2142 dudum
1258 2103 1324 2143 ex
1362 2105 1470 2160 quo
1499 2092 1552 2146 in
1587 2093 1730 2148 hanc

169 2173 347 2222 terram
376 2170 692 2227 advenerim
733 2177 948 2231 occasio
992 2178 1123 2233 mihi
1167 2182 1389 2250 copiosa
1440 2183 1544 2238 hac
1565 2185 1630 2239 de
1669 2200 1730 2242 re

166 2258 467 2317 reclamandi
497 2268 978 2340 conquerendique
1007 2271 1224 2327 assidue
1250 2289 1358 2329 nou
1387 2286 1722 2342 occurreret,

164 2347 270 2402 dum
312 2351 652 2411 Dominicam
700 2358 898 2430 ubique
939 2377 1173 2419 messem
1208 2366 1460 2437 malignis
1501 2367 1727 2425 zizaniis

160 2435 369 2512 lolioque
411 2445 621 2502 infelici
661 2449 886 2506 horrere
911 2456 1186 2511 cernendo
1221 2458 1577 2528 suspirarem,
1630 2462 1725 2516 sed

159 2545 216 2586 ne
255 2543 472 2593 conatus
529 2541 703 2595 nostri
735 2557 941 2609 aerem,
981 2554 1042 2600 ut
1088 2548 1309 2614 dicitur,
1359 2551 1754 2618 verberando,‘

157 2621 406 2684 incertave
448 2645 557 2700 pro
586 2633 752 2688 certis
795 2633 1114 2693 afﬁrmando
1157 2640 1575 2709 deluderentur,
1624 2644 1725 2698 sub
1753 2627 1802 2687 Β

156 2713 330 2772 silentii
371 2719 586 2776 diutina
629 2723 895 2796 anxiaque
921 2728 1304 2787 observatione
1333 2749 1431 2788 ora
1457 2734 1721 2799 continui,

154 2821 367 2868 moerens
409 2815 711 2887 dolensque
752 2834 1000 2876 murmur
1033 2823 1280 2888 multum,
1333 2827 1721 2900 antiquamque

153 2905 533 2963 contentionem
562 2909 628 2964 de
653 2924 882 2981 corpore
911 2912 1142 2982 Christi,
1175 2918 1281 2972 hoc
1326 2927 1410 2973 est
1444 2919 1717 2986 Ecclesia',

152 2996 328 3061 passim
373 2999 428 3055 in
480 3000 660 3058 turbis
697 3002 839 3070 ﬁeri,
875 3021 994 3076 qua:
1032 3010 1307 3080 quondam
1347 3013 1628 3082 praecessit
1652 3014 1721 3069 de

151 3087 324 3157 capite.
353 3089 588 3156 Quidam
615 3095 762 3151 enim
793 3104 942 3162 tunc,
975 3108 1035 3154 ut
1063 3101 1142 3156 ait
1167 3099 1430 3169 Joannes,
1454 3103 1713 3171 dicebant,

149 3179 255 3243 quia
276 3181 436 3239 bonus
465 3196 543 3241 est
560 3205 580 3254 ;
624 3189 718 3244 alii
755 3201 954 3259 autem,
989 3194 1133 3259 Non,
1166 3196 1258 3251 sed
1279 3199 1481 3253 seducit
1509 3199 1714 3255 turbas.

155 3269 308 3328 Simili
336 3279 498 3334 modo
526 3282 690 3338 etiam
737 3301 882 3342 nunc
909 3299 1249 3359 sequestrata
1285 3293 1354 3347 ab
1391 3294 1624 3350 invicem
1660 3295 1717 3350 in

148 3358 237 3417 hac
265 3369 507 3438 regione,
533 3388 595 3428 ac
623 3375 795 3430 diviso
821 3379 876 3432 in
904 3358 1038 3435 duas
1066 3391 1249 3451 partes
1279 3385 1500 3454 populo,
1531 3386 1600 3440 de
1621 3387 1718 3441 ob-

143 3459 527 3519 servationibus
552 3466 960 3536 ecclesiasticis,
993 3473 1094 3527 hoc
1121 3483 1203 3528 est
1239 3476 1305 3528 de
1334 3476 1570 3547 imagine
1609 3477 1716 3531 Do-

140 3545 336 3604 minica:
367 3555 655 3620 passionis,
688 3567 743 3612 et
770 3571 959 3616 sancta
985 3563 1195 3630 pictura
1225 3576 1632 3622 murmurantes
1659 3576 1716 3622 et

138 3645 520 3702 contendentes
545 3650 828 3718 catholici,
853 3655 1040 3710 dicunt
1067 3657 1265 3713 bonam
1296 3668 1350 3714 et
1377 3661 1564 3716 utilem
1593 3677 1716 3717 esse

135 3730 418 3799 picturam,
447 3745 503 3790 et
532 3755 668 3808 pene
693 3746 1028 3799 tantumdem
1056 3748 1320 3816 proficere
1351 3750 1417 3805 ad
1460 3754 1715 3809 eruditio-

137 3836 239 3876 nem
257 3865 270 3886 ,
301 3837 573 3894 quantum
603 3841 659 3887 et
683 3849 853 3889 sacrae
881 3836 1103 3904 litterae;
1150 3841 1438 3896 haereticus
1466 3858 1496 3898 e
1522 3853 1712 3900 contra

137 3925 240 3967 cum
268 3925 422 3985 parte
472 3934 503 3973 a
549 3936 608 3976 se
635 3925 853 3980 seducta
887 3928 1109 3983 dicunt:
1142 3930 1280 3997 Non,
1328 3935 1422 3988 sed
1462 3936 1708 3992 seductio

137 4009 208 4055 est
234 4009 438 4061 erroris
483 4018 537 4063 et
585 4011 908 4069 idololatria.
939 4017 1084 4073 Talis
1116 4020 1182 4074 de
1225 4037 1387 4078 cruce
1429 4028 1707 4082 contentio
1734 3986 1780 4050 Ο

139 4089 368 4162 habetur,
418 4101 702 4159 catholicis
746 4106 1053 4165 dicentibus
1082 4114 1226 4181 quod
1256 4114 1395 4169 bona
1434 4125 1491 4171 et
1517 4128 1704 4174 sancta

139 4182 614 4262 sit,vexillumque
665 4195 1010 4268 triumphale,
1051 4210 1107 4256 et
1155 4204 1371 4275 signum
1419 4217 1697 4277 perpetuae

140 4271 334 4343 salutis;
385 4295 515 4349 pars
562 4285 790 4343 adversa
837 4305 961 4345 cum
1002 4308 1100 4348 suo
1147 4297 1408 4366 magistro
1451 4313 1481 4352 e
1513 4310 1706 4356 contra

139 4369 445 4433 respondet:
484 4370 624 4436 Non,
660 4377 753 4428 sed
802 4383 1157 4447 opprobrium
1194 4393 1404 4442 tantum
1434 4391 1705 4457 passionis

139 4469 184 4512 et
215 4462 384 4521 irrisio
415 4469 612 4525 mortis
639 4471 692 4526 in
722 4487 784 4526 ea
813 4475 1145 4544 continetur,
1174 4488 1230 4534 et
1263 4486 1568 4540 ostenditur
1590 4527 1606 4552 ,
1641 4504 1706 4544 ac

141 4567 463 4615 memoratur.
513 4561 636 4617 Pari
689 4565 897 4622 ratione
946 4568 1013 4622 de
1045 4572 1323 4627 memoriis
1352 4585 1700 4646 sanctorum,

140 4661 279 4706 causa
322 4657 593 4712 orationis
617 4659 901 4726 adeundis,
938 4670 992 4717 et
1021 4665 1263 4734 reliquiis
1307 4683 1495 4724 eorum
1540 4686 1702 4728 vene-

139 4742 300 4797 randis
327 4746 689 4802 obnituntur:
723 4750 844 4805 aliis
872 4751 1266 4810 allirmantibus
1296 4757 1494 4814 bonam
1525 4768 1581 4815 et
1621 4778 1704 4818 re-

139 4827 355 4902 ligiosam
393 4855 554 4906 esse,
599 4845 1046 4900 consuetudinem
1091 4846 1346 4905 basilicas
1399 4861 1701 4924 martyrum

138 4919 483 4999 frequentare,
520 4933 610 4988 ubi
639 4949 826 4990 eorum
858 4939 997 4992 sacri
1031 4939 1246 4996 cineres
1278 4951 1330 4998 et
1364 4954 1552 5000 sancta
1579 4962 1702 5002 cor-

137 5023 266 5077 pora,
296 5022 447 5088 quasi
499 5024 747 5093 quaedam
789 5028 1116 5084 venerabilia
1153 5047 1283 5086 vasa
1329 5048 1360 5087 a
1403 5035 1514 5090 Deo
1546 5051 1702 5091 acce-

137 5106 352 5175 ptabilia,
407 5115 459 5168 in
505 5115 704 5184 quibus
749 5119 1035 5190 omnigena
1063 5138 1163 5192 pro
1193 5124 1298 5180 fide
1349 5125 1551 5183 Christi
1583 5138 1698 5186 tor-

137 5208 292 5254 menta
321 5216 449 5261 sunt
478 5223 649 5278 usque
681 5213 747 5266 ad
774 5223 1001 5269 mortem
1034 5221 1298 5289 perpessi,
1333 5237 1456 5277 cum
1490 5225 1699 5282 honore

1847 1366 2104 1422 verentia:
2133 1370 2366 1440 gratiam
2393 1377 2665 1446 comitari,
2682 1383 2821 1438 sicut
2846 1401 2948 1444 nec
2977 1405 3100 1446 ossa
3122 1393 3384 1454 vilissima
3411 1440 3426 1465 ,

1843 1459 2208 1525 quorumlibet
2237 1465 2574 1536 animalium,
2602 1473 2933 1545 reliquamve
2961 1491 3160 1541 terram
3191 1505 3430 1547 commu-

1841 1561 1986 1601 uem.
2023 1549 2177 1606 Unde
2204 1553 2542 1627 Augustinus
2570 1563 2623 1618 in
2654 1569 2994 1636 expositione
3043 1581 3216 1634 sancti
3253 1582 3430 1639 Evan-

1839 1637 1964 1709 gelii
1993 1644 2289 1699 secundum
2333 1645 2596 1708 Joannem
2632 1660 2710 1710 ait
2752 1677 2766 1712 :
2805 1678 2824 1712 ι
2868 1661 2945 1720 De
2972 1671 3226 1728 omnibus
3254 1679 3427 1733 servis

1837 1728 1955 1798 ejus
1982 1732 2086 1788 hoc
2113 1735 2310 1792 dicitur
2335 1743 2836 1822 modo,qnicunque
2849 1757 3139 1817 eminuerit
3161 1765 3214 1819 in
3243 1767 3424 1838 aliqua

1837 1822 2142 1891 gratia,alii
2172 1829 2394 1887 dicunt:
2426 1833 2606 1892 Bonus
2640 1852 2751 1908 est;
2781 1846 2896 1911 alii,
2927 1847 3073 1918 Non,
3101 1853 3194 1909 sed
3216 1822 3421 1916 seducit

1836 1917 2037 1974 turbas.
2094 1921 2243 1980 Unde
2274 1926 2416 1983 hoc?
2443 1932 2572 2001 quia
2607 1934 2715 1991 vita
2761 1949 2951 1996 nostra
2992 1945 3310 2007 abscondita
3340 1964 3427 2010 est

1835 2022 1958 2063 cum
2005 2009 2224 2070 Christo
2256 2017 2310 2072 in
2342 2017 2471 2075 Deo.
2504 2022 2630 2080 Ideo
2670 2016 2795 2108 licet
2839 2032 3018 2089 dicere
3067 2009 3419 2100 hominibusab

1833 2098 1938 2154 Per
1964 2101 2198 2160 hiemem
2227 2118 2438 2166 mortua
2473 2122 2557 2168 est
2595 2117 2698 2173 ista
2729 2105 2911 2186 arbor,
2939 2128 3090 2182 verbi
3120 2133 3296 2203 gratia
3327 2151 3419 2191 ar-

1831 2188 1932 2245 bor
1960 2191 2070 2259 ﬁci,
2119 2198 2280 2253 arbor
2305 2203 2424 2271 pyri
2474 2217 2531 2260 et
2558 2206 2864 2274 hujusmodi
2891 2188 3196 2289 pomorum,
3227 2219 3447 2285 similis

1831 2290 1918 2337 est
1952 2285 2152 2352 aridae;
2183 2297 2239 2344 et
2263 2295 2500 2361 quandiu
2525 2297 2701 2356 hiems
2721 2311 2806 2357 est
2826 2285 2934 2362 non
2965 2285 3226 2382 apparet:
3254 2329 3418 2376 textas
3445 2317 3447 2320 ⁴

1830 2376 2047 2443 probat,
2099 2378 2367 2448 judicium
2422 2390 2648 2459 probat;
2703 2405 2864 2454 aestas
2915 2376 3106 2460 nostra
3155 2412 3416 2471 revelatio

1831 2463 2033 2523 Christi
2063 2479 2166 2526 est.
2197 2473 2340 2530 Deus
2382 2482 2693 2551 manifestus
2733 2493 2924 2558 veniet,
2960 2493 3103 2552 Deus
3129 2512 3324 2568 noster,
3364 2515 3416 2559 et

1832 2573 1937 2612 non
1949 2558 2120 2616 silebit
2135 2580 2154 2629 ;
2175 2566 2310 2636 ignis
2323 2579 2443 2624 ante
2453 2589 2572 2628 eum
2586 2578 2794 2646 praeth
2806 2594 2825 2633 :
2848 2585 2952 2640 iste
2966 2586 3106 2657 ignis
3120 2593 3420 2662 inflamma-

1829 2647 1903 2703 bit
1949 2653 2191 2712 inimicos
2218 2659 2368 2729 ejus;
2403 2665 2586 2721 aridas
2624 2670 2850 2728 arbores
2889 2675 3031 2746 ignis
3059 2686 3445 2756 comprehen?

1828 2739 1937 2796 det.
1967 2743 2026 2798 ln
2055 2746 2162 2801 alia
2190 2765 2321 2806 vero
2347 2764 2522 2823 parte,
2557 2758 2661 2814 hoc
2688 2770 2772 2818 est
2804 2764 2860 2820 in
2905 2739 3151 2839 dextera,
3182 2739 3416 2848 appare-

1824 2831 1904 2888 bit
1933 2833 2236 2896 fecunditas
2267 2841 2561 2914 fructuum,
2595 2852 2938 2928 dignitasque
2979 2831 3232 2922 foliorum
3252 2831 3416 2925 ‘zﬂv'i-

1824 2923 2032 2990 riditas,
2066 2933 2341 2989 aeternitas
2376 2937 2502 2992 erit.
2533 2939 2644 2998 lllis
2671 2960 2801 3016 ergo
2845 2923 3101 3020 tanquam
3145 2957 3312 3014 aridis
3333 2960 3415 3016 di-

1822 3022 2012 3071 cetur:
2046 3018 2130 3074 Ite
2170 3023 2225 3077 in
2253 3025 2424 3095 ignem
2453 3038 2726 3089 teternum.
2775 3036 2914 3094 Ecce
2947 3044 3087 3098 enim
3115 3050 3314 3104 securis
3341 3050 3416 3127 ad,

1824 3107 1993 3127 “1..-,
2142 3113 2155 3127 ι
2435 3121 2446 3127 -
2653 3125 2670 3127 ~

1821 3107 2051 3164 radicem
2072 3113 2317 3171 arborum
2329 3121 2502 3189 posita
2521 3133 2616 3178 est.
2635 3125 2819 3184 Omnis
2841 3147 2963 3203 ergo
2985 3135 3145 3191 arbor
3167 3155 3286 3211 quae
3307 3158 3414 3198 non

1821 3197 1950 3267 facit
1977 3201 2211 3272 fructum
2240 3211 2510 3267 excidatur
2536 3226 2586 3270 et
2613 3219 2669 3273 in
2694 3220 2868 3291 ignem
2890 3197 3148 3284 mittetur.
3175 3197 3252 3288 be
3292 3235 3410 3307 ipso

1819 3304 1949 3362 ergo
1975 3301 2089 3350 toto
2119 3313 2349 3369 corpore
2374 3302 2575 3361 Christi
2605 3309 2707 3365 hoc
2731 3313 2948 3370 dicitur.
2973 3317 3185 3392 Corpus
3206 3301 3409 3384 Christi

1818 3383 1995 3440 adhuc
2024 3385 2077 3440 in
2107 3403 2235 3444 area
2263 3410 2275 3444 :
2310 3396 2432 3450 vide
2459 3403 2914 3467 quemadmodum
2941 3410 3346 3482 blasphemetur
3371 3435 3403 3475 a

1817 3473 1993 3541 palea.
2027 3477 2201 3534 Simul
2231 3485 2449 3551 quidem
2493 3491 2850 3563 triturantur,
2896 3503 2989 3556 sed
3013 3473 3184 3573 palea:
3215 3519 3406 3566 conte-

1818 3573 2034 3635 runtur,
2087 3568 2358 3630 frumenta
2391 3592 2708 3651 purgantur.
2748 3608 2766 3640 ι
2804 3589 3078 3663 Rogamus
3107 3615 3238 3656 vero
3282 3619 3410 3677 sup-

1818 3653 2028 3677 .‘IZAZI-u
2111 3676 2116 3677 γ
2165 3671 2176 3677 -
2321 3668 2334 3677 '
2434 3672 2444 3677 ”
2596 3675 2620 3677 ³

2887 3653 2916 3663 ν
3154 3653 3165 3654 ί
3213 3653 3230 3656 “
3282 3653 3379 3677 --ιν

1817 3653 2031 3722 pliciter
2060 3671 2274 3720 nostros
2304 3668 2550 3729 dominos
2582 3675 3076 3745 Christianissimos
3098 3707 3164 3749 ac
3191 3695 3409 3768 religio-

1817 3745 2080 3816 sissimos,
2121 3761 2182 3808 ut
2210 3758 2328 3813 zelo
2363 3761 2458 3817 Dei
2478 3771 2732 3825 commoti
2760 3787 2871 3829 suae
2893 3790 3094 3838 sancta:
3119 3788 3282 3843 matri
3304 3789 3406 3847 Ec-

1815 3840 1995 3900 clesiae
2017 3852 2251 3916 gementi
2304 3863 2358 3910 et
2396 3859 2725 3927 periclitanti
2769 3880 3074 3940 opportune
3117 3878 3408 3949 dignentur

1815 3947 2156 4007 succurrere,
2191 3958 2424 4019 eamque
2452 3952 2587 4009 diris
2631 3970 2943 4030 serpentum
2985 3972 3258 4031 morsibus
3287 3977 3408 4034 diu-

1817 4025 1924 4082 tius
1959 4045 2064 4086 non
2093 4034 2278 4091 sinant
2305 4040 2522 4098 laniari.
2570 4045 2702 4104 Cum
2734 4053 2880 4110 enim
2919 4058 3169 4120 dominus
3197 4066 3404 4126 beatis-

1812 4117 1964 4174 simae
1999 4128 2276 4182 memoriae
2312 4129 2540 4191 Carolus
2577 4137 3018 4205 ferventissimus
3057 4155 3406 4226 vigilantissi-

1811 4224 2042 4281 musque
2079 4219 2362 4277 catholicae
2417 4224 2542 4281 fidei
2597 4237 2744 4286 tutor
2781 4243 2835 4290 et
2873 4219 3263 4316 propugnator,
3308 4267 3404 4308 ne-

1812 4301 2087 4368 quissimte
2120 4319 2286 4378 caput
2331 4313 2534 4383 viperae
2582 4320 2637 4374 in
2679 4301 2943 4397 magistro
2975 4301 3147 4404 hujus
3198 4343 3402 4400 erroris

1810 4389 2014 4460 Felice,
2054 4405 2247 4453 contra
2278 4401 2550 4464 sibilantis
2589 4413 2856 4472 unitatem
2885 4419 3144 4482 Ecclesiae
3181 4441 3400 4502 aposto-

1808 4481 1928 4540 licae
1990 4492 2333 4550 auctoritatis
2378 4502 2671 4566 praevalida
2725 4505 3012 4584 ferreaque
3069 4481 3434 4598 confrbgerit.

1806 4576 1979 4648 virga,
2015 4590 2224 4638 rectum
2253 4587 2473 4656 quidem
2519 4601 2605 4649 est
2652 4599 2783 4667 quin
2831 4603 2901 4660 ab
2922 4576 3070 4677 -ejus
3105 4576 3394 4677 benedicta

2595 5295 2952 5320 "1--r-I--v,
3016 5295 3091 5311 πυι
3105 5295 3194 5314 usu
3221 5295 3384 5320 ῡιιαιιι

137 5295 298 5343 eorum
346 5298 560 5352 meritis
607 5314 846 5373 congruo
896 5307 1112 5362 condita
1161 5311 1450 5380 habentur,
1495 5318 1695 5387 ubique
1723 5344 1775 5403 Β
1802 5314 2148 5384 depravando
2181 5330 2235 5376 et
2265 5325 2691 5398 blasphemando
2736 5341 3006 5400 excellere
3044 5352 3386 5412 contenderit

138 5373 245 5412 ίῆρῖο
276 5384 682 5412 ξηιλ----με,μ.οι
712 5410 747 5412 ,_
797 5411 806 5412 κ
1021 5400 1032 5412 ι
1309 5406 1320 5412 -
1361 5407 1372 5412 -
1435 5407 1448 5412 -

137 5373 248 5446 ipsis
276 5384 758 5450 intervenientibus
785 5400 1118 5468 corporales,
1149 5418 1214 5457 ac
1243 5406 1513 5475 spiritales
1568 5426 1696 5479 quo-

137 5467 247 5526 tidie
271 5473 558 5550 languores
585 5485 766 5541 divina
796 5467 1056 5558 operante
1085 5507 1246 5548 manu
1270 5467 1345 5550 ὀι
1389 5501 1564 5568 gratia
1598 5517 1693 5558 co-

139 5571 384 5635 l'uscante,
413 5577 790 5647 cupiosissime
822 5590 877 5637 et
913 5586 1338 5654 praesentissima
1380 5603 1647 5651 sanantur
1677 5615 1690 5652 :

1801 5405 1940 5460 sicut
1966 5410 2224 5479 scriptum
2255 5425 2340 5472 est
2365 5437 2378 5473 :
2410 5421 2490 5476 De
2519 5426 2699 5480 radice
2723 5430 2926 5486 colubri
2956 5437 3252 5504 egredietur
3299 5462 3385 5504 re-

1798 5495 1987 5565 gulus;
2041 5501 2289 5561 validiori
2319 5510 2484 5566 etiam
2514 5516 2890 5587 castigatione,
2923 5495 3084 5594 qu'am
3131 5545 3260 5590 suus
3284 5551 3380 5595 an-

1798 5596 1884 5645 tea
1914 5601 2104 5651 auctor

2151 5597 2352 5666 fuerat,
2391 5607 2738 5677 corripiatur,
2767 5626 2874 5680 quo
2899 5623 3080 5679 caeteri
3126 5626 3375 5692 timorem

2180 5651 2351 5666 -μην
2394 5651 2738 5677 *ν’-σι’·υη-ιις
2767 5651 2874 5680 ’μιν
2899 5651 3080 5679 wucu
3128 5651 3374 5692 umorem

141 5651 217 5710 alii
238 5674 359 5719 vero
385 5670 651 5728 resistunt
673 5651 931 5732 (ἥρωιωειι⁷
942 5687 1157 5735 sanctos
1185 5689 1309 5751 post
1341 5683 1550 5741 obitum
1573 5687 1695 5742 nul-
1797 5682 2029 5743 habeant
2055 5707 2068 5744 :
2103 5707 2174 5749 ne
2203 5695 2434 5764 amplius
2464 5700 2858 5773 malignissimo
2885 5718 3154 5786 superbia:
3180 5727 3374 5796 spiritu

143 5737 235 5796 lum
264 5752 511 5796 εδίιιναη
569 5764 806 5796 mann..-
834 5784 991 5796 ..Αρη
1038 5770 1414 5796 ε...,..--.ι,-λ-
1468 5792 1523 5796 -__
1542 5795 1552 5796 ,
1574 5795 1585 5796 γ
1638 5795 1655 5796 ,,
1801 5775 1967 5796 :_n_.°
2020 5789 2033 5796 -
2075 5781 2090 5796 .
2303 5786 2315 5796 .
2678 5795 2681 5796 ,

143 5737 235 5797 lum
264 5752 532 5826 adjuvare,
567 5764 806 5836 nullique
833 5784 992 5840 posse
1037 5737 1420 5831 intercedendo
1464 5792 1690 5835 succur-
1729 5835 1732 5842 .

149 5841 274 5904 fere,
303 5843 434 5902 nihil
483 5865 668 5913 eorum
698 5857 961 5916 duntaxat
1001 5863 1251 5931 scientes,
1283 5881 1404 5937 qua
1431 5867 1486 5923 in
1530 5870 1694 5927 terris

1801 5775 1990 5844 inﬂati,
2018 5781 2179 5838 talem
2212 5786 2472 5844 audentes
2500 5795 2810 5867 excogitare
2836 5775 3374 5886 pravitatem—spon-

1801 5885 1917 5926 sam
1963 5871 2163 5932 Christi
2211 5878 2530 5949 Ecclesiam,
2581 5889 2732 5961 cujus
2760 5871 2856 5952 vos
2885 5898 3027 5957 Deus
3059 5905 3372 5973 provisores
