4006 6448
434 509 539 567 ιω

1768 492 2077 553 DUNGALI
2110 486 2409 548 RECLUSI

3611 478 3731 542 ιω

439 618 862 691 defensoresque
886 615 1189 679 constituit,
1223 613 1504 669 dil'famare
1539 609 1858 679 violareque
1884 622 2025 677 prae-
2049 607 2104 670 Α
2125 602 2425 659 electorum
2465 603 2686 691 quoset
2713 596 2880 668 ipsos,
2921 595 3049 691 licet
3085 594 3247 691 longe
3284 594 3552 691 interius,
3600 597 3734 655 dili-

439 716 683 776 sumant,
714 688 791 763 utv
816 708 894 762 ait
918 705 1254 778 Augustinus
1284 703 1341 757 in
1369 699 1707 785 expositione
1742 695 2029 791 Evangelii
2135 700 2268 765 gunt
2310 699 2493 745 tamen
2516 698 2573 745 et
2599 690 2904 793 honorarit-ﬂ
2927 688 3235 793 quia-prius
3261 703 3312 793 an
3472 688 3633 745 electi
3663 704 3734 747 ac

439 802 738 860 secundum
763 784 1046 855 Joannetﬁ.
1079 790 1137 851 Si
1164 790 1303 866 ει·εό
1326 781 1544 865 quando
1564 790 1683 846 vult
1723 789 1870 845 Deus
1895 781 2028 844 cod-
2134 784 2318 840 dilecti
2347 784 2504 848 Sunt,
2535 786 2605 837 eo‘
2631 781 2777 853 quod
2802 781 2907 836 sibi
2937 781 2991 835 in
3021 781 3141 836 vita'
3161 794 3260 836 sua
3280 781 3519 837 lideliter
3542 786 3741 842 deser-

440 894 616 952 citare
664 899 964 963 potestates
1036 890 1294 945 adversus
1361 885 1650 941 haereticos
1684 925 1699 950 ,

438 985 853 1048 schismatictm
886 981 1149 1041 adversitas
1203 978 1562 1048 dissipatores
1612 972 1887 1038 Ecclesiae,
1942 968 2033 1028 tid-

439 1090 637 1132 versus
703 1071 1075 1131 exsuﬂlatores
1146 1068 1401 1135 Christi,
1453 1068 1717 1122 adversus
1774 1064 2036 1151 blasphe.

440 1177 685 1225 matores
736 1173 1047 1223 sanctorum
1108 1162 1226 1233 ejus
1259 1203 1275 1229 ,
1355 1176 1465 1217 non
1524 1148 1833 1223 mirentur,
1906 1148 2035 1226 quia

443 1259 592 1317 Deus
627 1258 883 1323 concitet,
924 1263 983 1311 ut
1027 1272 1060 1310 a
1106 1252 1244 1310 Sara
1271 1252 1592 1310 verberetur
1617 1249 1784 1321 Agar,
1835 1262 2036 1318 cogno-

448 1358 567 1409 scat
619 1365 680 1407 se
743 1350 889 1419 Agar
917 1388 933 1413 ,
996 1354 1167 1417 ponet
1228 1344 1501 1402 cervicem
1570 1357 1729 1399 suam
1749 1380 1768 1407 ,
1829 1341 2036 1395 miran-

447 1453 542 1500 tur
577 1450 759 1498 autem
802 1440 931 1511 quia
952 1446 1363 1495 commoventur
1382 1443 1681 1506 potestates
1714 1432 2040 1490 Christianae

1772 882 2033 938 adversus
2134 876 2372 940 vierunt,
2401 885 2457 931 et
2491 889 2592 944 pro
2617 889 2684 930 eo
2709 874 2893 928 omnia
2922 872 3271 929 devotissime
3296 887 3470 944 usque
3490 876 3560 930 ad
3588 892 3742 932 mor—

2137 968 2247 1024 tem
2284 968 2647 1040 pertulerunt,
2681 967 2738 1022 in
2767 960 2974 1022 nullum
3012 960 3182 1020 alium
3214 966 3503 1024 eredentes
3531 969 3639 1024 nisi
3681 970 3742 1026 in

2138 1077 2308 1117 unum
2337 1062 2508 1117 Deum
2540 1059 2780 1126 Patrem,
2842 1068 2899 1115 et
2930 1058 3150 1126 Filium,
3201 1068 3256 1117 et
3303 1060 3572 1133 Spiritum
3611 1080 3744 1119 san-

2139 1142 2310 1222 ctum,
2337 1156 2480 1211 sicut
2512 1154 2568 1209 in
2607 1162 2802 1209 sancto
2825 1152 3070 1224 symbolo
3093 1161 3149 1209 et
3178 1154 3285 1209 fide
3312 1156 3745 1211 eontiueturea-

2141 1246 2360 1302 tbolica.
2390 1245 2525 1301 Item
2554 1256 2773 1300 crucem
2807 1244 3022 1300 Domini
3053 1243 3184 1300 dicit
3213 1258 3337 1301 esse
3373 1244 3743 1315 abjiciendam

2140 1347 2198 1395 et
2218 1337 2667 1401 conculcandam,
2693 1336 2850 1407 quasi
2879 1338 3232 1407 opprobriqu
3279 1339 3555 1408 paxsionis
3584 1346 3642 1394 et
3669 1340 3746 1394 ir-

2141 1430 2401 1486 risionem
2432 1428 2651 1493 mortis;
2686 1435 2742 1482 et
2771 1440 2869 1483 eos
2907 1428 2999 1498 qui
3027 1440 3148 1483 eam
3181 1428 3449 1483 honorant
3478 1435 3576 1483 aut
3618 1429 3746 1500 piu-

450 1538 715 1594 adversus
743 1534 1095 1590 dctestandos
1137 1531 1490 1601 dissipatores
1518 1528 1789 1585 Ecclesiae.
1820 1525 1879 1580 Si
1910 1538 2040 1596 ergo
2144 1533 2295 1595 gum,
2323 1523 2408 1577 vel
2444 1521 2763 1577 fabricando
2798 1521 3067 1577 adornant
3096 1520 3243 1577 falsa:
3271 1522 3551 1595 religionis
3581 1535 3750 1594 atque

449 1645 560 1686 non
590 1633 965 1690 moverentur,
998 1624 1271 1695 quomodo
1316 1623 1611 1678 redderent
1660 1621 1925 1676 rationem
1974 1617 2041 1672 de
2145 1614 2547 1685 superstitionis
2571 1613 2835 1679 cultores,
2864 1610 3089 1683 insuper
3113 1616 3308 1669 stultos
3332 1622 3388 1670 et
3412 1614 3749 1686 lapideos.et

448 1720 680 1793 imperio
708 1734 808 1775 suo
836 1718 983 1774 Deo?
1017 1714 1271 1773 lntendat
1304 1716 1548 1771 charitas
1578 1722 1756 1769 vestra
1786 1712 1918 1783 quid
1962 1710 2044 1765 di-

449 1827 597 1879 eam,
623 1812 751 1882 quia
791 1808 1029 1880 pertinet
1056 1808 1161 1863 hoc
1185 1808 1254 1862 ad
1292 1821 1448 1878 reges
1468 1804 1653 1860 saeculi
1682 1802 2042 1864 Christianos,

448 1912 513 1959 ut
561 1901 901 1973 temporibus
949 1900 1065 1957 suis
1104 1908 1357 1969 pacatam
1406 1897 1578 1953 velint
1621 1904 1854 1952 matrem
1891 1902 2045 1951 suam

2146 1706 2598 1777 praevaricatores
2639 1707 2883 1761 nominat
2924 1720 2988 1761 ac
3014 1707 3385 1777 reprcbenuit.
3415 1705 3543 1763 Illos
3579 1709 3752 1763 etiam

2150 1800 2455 1857 detestatur
2484 1801 2578 1871 qui
2609 1800 2858 1864 Romam,
2906 1800 3010 1854 hoc
3040 1806 3126 1854 est
3150 1801 3434 1855 beatorum
3467 1801 3757 1872 gloriosis-

2152 1894 2290 1950 sima
2316 1895 2687 1965 apostolorum
2714 1900 2771 1948 et
2797 1904 3117 1949 umerorum
3151 1892 3635 1949 innumerabilium
3663 1893 3757 1948 ibi-

448 1995 775 2060 Ecclesium,
803 1993 947 2049 unde
972 1991 1290 2064 spiritaliter
1321 1992 1433 2045 nati
1467 1999 1612 2045 sunt.
1643 1989 1898 2061 Legimus
1944 1987 2041 2042 Da-
2070 1985 2115 2045 Β
2143 1991 2267 2048 dem
2308 1990 2605 2060 jacentium
2650 2000 2966 2048 sanctorum
3017 1992 3158 2059 loca,
3216 1984 3490 2047 ora'tionis
3547 1996 3757 2049 adeunt

449 2087 611 2144 nielis
640 2085 906 2151 visiones,
957 2091 1014 2159 et
1042 2093 1194 2155 gesta
1241 2082 1581 2154 prophetica.
1631 2080 1766 2136 Tres
1798 2078 1953 2151 pueri
1984 2078 2042 2134 in

451 2180 577 2254 igne
601 2177 962 2234 laudaverunt
984 2174 1156 2245 Deum
1179 2191 1196 2242 ;
1223 2174 1458 2230 miratus
1494 2181 1579 2229 est
1615 2171 2046 2228 Nabuchodono—

450 2283 546 2326 sor
576 2284 673 2324 rex
698 2268 985 2322 laudantes
1023 2265 1195 2322 Deum
1217 2279 1449 2336 pueros,
1486 2272 1543 2321 et
1566 2266 1711 2321 circa
1738 2278 1835 2320 eos
1864 2263 2045 2334 ignem

452 2360 822 2427 innocentem,
854 2366 909 2412 et
956 2372 1080 2413 cum
1109 2357 1411 2413 admiratus
1439 2366 1605 2422 esset,
1647 2356 1779 2427 quid
1815 2356 1892 2411 ait
1939 2354 2050 2411 Na-

450 2440 878 2507 buchodonosor
918 2447 1047 2504 rex?
1075 2446 1194 2521 Non
1219 2446 1305 2503 vel
1332 2446 1551 2504 Judmus
1580 2446 1665 2503 vel
1690 2447 2048 2509 circumcisus

453 2542 549 2615 qui
592 2542 686 2598 ille
730 2524 971 2598 statuam
1012 2556 1170 2598 suam
1203 2549 1455 2597 erexerat
1475 2549 1531 2596 et
1569 2541 1636 2597 ad
1662 2555 1786 2595 eam
1815 2540 2052 2594 adoran-

457 2636 589 2693 dam
622 2650 815 2693 omnes
855 2636 1144 2707 coegerat?
1180 2634 1385 2690 Tamen
1427 2633 1677 2688 laudibus
1720 2634 1884 2688 trium
1911 2647 2047 2703 pne-

453 2743 645 2784 rorum
682 2734 1007 2792 commotus,
1054 2735 1113 2781 at
1154 2726 1247 2781 ubi
1282 2724 1626 2794 majestatem
1671 2724 1766 2779 Dei
1804 2736 2044 2793 praesen-

455 2821 528 2877 tis
554 2820 610 2874 in
635 2819 784 2887 igne,
815 2819 947 2890 quid
974 2819 1086 2874 ait?
1125 2818 1193 2872 Et
1226 2834 1318 2889 ego
1341 2828 1632 2888 proponam
1661 2817 1927 2872 decretum
1947 2832 2055 2872 om-

454 2911 611 2967 nibus
635 2910 875 2965 tribubus
901 2918 950 2963 et
983 2908 1181 2980 linguis
1204 2910 1258 2964 in
1282 2909 1425 2962 omni
1459 2916 1620 2963 terra.
1662 2907 1834 2975 Quale
1866 2909 2055 2964 decre-

457 3002 610 3057 tum?
627 3001 939 3077 Quicunque
959 3000 1152 3056 dixerit
1169 3000 1551 3071 blasphemiam
1568 3001 1624 3054 in
1636 2997 1805 3054 Deum
1839 2998 2049 3065 Sidrac,

459 3091 656 3160 Misac,
696 3101 746 3148 et
796 3090 1079 3163 Abdenago
1108 3094 1163 3147 in
1190 3092 1462 3148 interitum
1484 3100 1658 3159 erunt,
1690 3101 1740 3147 et
1765 3092 1954 3146 domus
1973 3108 2056 3146 eo-

461 3201 583 3241 rum
607 3186 664 3241 iu
690 3185 1060 3261 perditionem.
1093 3185 1236 3243 Ecce
1263 3186 1532 3256 quomodo
1564 3185 1721 3243 saevit
1744 3201 1841 3242 rex
1866 3186 2058 3241 alieni-

460 3291 602 3347 gena
646 3293 716 3334 ne
757 3278 1169 3350 blasphemetur
1192 3278 1335 3334 Deus
1363 3277 1553 3345 lsrael,
1572 3278 1702 3349 quia
1740 3279 1919 3348 potuit
1946 3289 2057 3334 tres

459 3382 663 3439 pueros
690 3369 758 3425 de
801 3368 928 3442 igne
968 3369 1233 3435 liberare;
1265 3378 1323 3424 et
1352 3370 1541 3425 nolunt
1560 3377 1623 3424 ut
1648 3369 1879 3425 saeviant
1906 3381 2063 3440 reges
2089 3357 2135 3422 C

459 3460 782 3528 Christiani,
814 3461 944 3533 quia
973 3460 1226 3518 Christus
1251 3459 1593 3526 exsulllatur,
1624 3475 1656 3515 a
1682 3470 1792 3531 quo
1815 3475 1923 3515 non
1954 3468 2066 3516 tres

461 3552 638 3624 pueri,
668 3552 764 3609 sed
786 3552 935 3608 orbis
957 3560 1228 3608 terrarum
1256 3567 1381 3607 cum
1403 3550 1538 3621 ipsis
1561 3550 1782 3622 regibus
1806 3564 1839 3605 a
1861 3551 2062 3622 gehen-

464 3658 661 3699 narum
689 3644 816 3716 igne
841 3643 1165 3700 liberantur.

982 3737 1214 3807 Ezplicit
1258 3736 1542 3808 Prologus.

535 3828 678 3899 Ergo
716 3830 1048 3901 ambiguitas
1086 3846 1207 3900 quae
1236 3846 1336 3886 nos
1368 3839 1520 3887 tanto
1556 3830 1790 3887 reticere
1820 3830 2066 3903 tempore

465 3921 647 3993 coegit
676 3932 733 3976 et
774 3922 845 3977 ob
887 3938 1051 3993 quam
1082 3935 1295 3978 certum
1339 3924 1546 3993 aliquid
1596 3924 1929 3995 respondere
1974 3924 2061 3979 vel

466 4016 774 4073 rescribere
831 4031 1005 4087 usque
1064 4018 1228 4072 modo
1269 4029 1378 4072 non
1425 4017 1728 4086 potuimus,
1794 4032 1827 4073 e
1887 4019 2065 4074 m‘edio

465 4108 625 4181 quasi
652 4108 928 4185 quoddam
957 4116 1042 4179 est
1065 4107 1407 4164 obstaculum
1442 4106 1644 4173 ablata,
1693 4115 1917 4180 accepta
1947 4122 2066 4165 sce-

465 4192 594 4255 dula
631 4213 664 4254 a
706 4186 932 4255 Claudio
955 4198 1278 4277 Taurinensi
1300 4198 1558 4270 episcOpo
1586 4200 1915 4270 composita,
1943 4212 2066 4271 qum

464 4300 722 4363 excerpta
768 4280 874 4359 est,
903 4278 965 4347 ut
1012 4292 1065 4346 in
1111 4292 1229 4362 ejus
1274 4289 1386 4347 ﬁne
1436 4292 1767 4359 continetur,
1814 4292 1883 4349 de
1926 4291 2071 4349 libro'

466 4398 633 4454 quem
677 4383 769 4438 ille
808 4368 1220 4456 Kpologeticum
1264 4392 1447 4451 vocat,
1488 4385 1750 4442 adversus
1785 4385 2067 4440 Theutnii-

467 4490 594 4531 rum
623 4477 828 4547 scripto
849 4477 1121 4541 abbatem,
1154 4490 1281 4533 cum
1313 4478 1562 4549 apologia
1603 4479 1900 4534 secundum
1945 4490 2069 4546 pro-

470 4565 765 4639 prietatem
822 4565 998 4623 Gratei
1059 4569 1331 4625 sermonis
1389 4568 1800 4624 contrarietatis
1872 4576 2067 4623 carens

476 4673 642 4715 sensu
659 4698 677 4724 ,
699 4672 809 4714 non
831 4660 1096 4717 adversus
1118 4661 1359 4732 aliquam
1393 4670 1687 4732 personam
1710 4659 1815 4717 sed
1835 4660 1904 4716 ad
1940 4670 2063 4717 eam

471 4752 874 4819 tantummodo,
909 4753 1018 4810 dici
1048 4754 1239 4811 soleat.

544 4848 703 4904 Licet
724 4856 906 4905 autem
936 4849 1214 4905 incondito
1240 4862 1307 4905 ac
1343 4847 1574 4915 rustico,
1614 4855 1678 4902 ut
1707 4853 1837 4918 pote
1879 4847 1948 4903 ab
1970 4846 2070 4902 ho-

469 4941 624 4999 mine
667 4941 982 4998 doctrinalis
1028 4950 1254 5012 experte
1311 4941 1582 5005 scientiae,
1636 4939 1714 4996 sit
1765 4941 1884 4996 haec
1919 4937 2067 4995 edita

471 5042 733 5091 contextu
761 5034 1024 5106 epistola,
1053 5043 1233 5090 tamen
1257 5047 1367 5090 non
1399 5046 1730 5105 magnopere
1756 5034 1824 5089 de
1849 5033 1953 5086 hoc
1972 5044 2071 5086 ex-

471 5128 727 5185 cutiendo
761 5128 849 5185 vel
890 5128 1216 5199 inquirendo
1240 5126 1450 5193 curavi,
1499 5126 1598 5183 sed
1626 5135 1838 5183 tantum
1877 5136 2070 5182 sensus

416 5272 427 5283 ,
476 5222 663 5292 dispar
695 5231 752 5279 et
779 5222 1065 5278 catholicae
1093 5221 1409 5279 contrarius
1444 5220 1570 5278 ﬂdei
1598 5222 1735 5279 adeo
1774 5232 1862 5277 m‘e
1898 5220 2068 5277 movit

475 5323 529 5369 et
580 5315 947 5371 conturbavit.
990 5314 1132 5371 Dicit
1179 5313 1325 5370 enim
1367 5315 1709 5371 tantumdem
1762 5328 1954 5371 errare
2012 5319 2069 5371 et

476 5421 582 5460 uno
624 5407 874 5463 similiter
903 5408 1127 5465 nomine
1152 5406 1467 5469 idololatras
1500 5420 1624 5465 esse
1647 5407 1925 5463 vocandus
1945 5420 2064 5471 eos,

478 5498 568 5569 qui
599 5498 742 5556 idola
766 5510 824 5557 et
852 5501 1145 5559 simulacra
1169 5500 1479 5572 gentilium,
1520 5500 1740 5556 diabolo
1772 5499 2069 5569 instigante

478 5599 532 5648 et
558 5607 657 5663 per
667 5607 733 5648 ea
747 5595 1079 5665 decipieute,
1089 5595 1323 5652 adorant
1335 5601 1394 5653 et
1415 5594 1621 5657 colunt,
1638 5590 1925 5649 credentes
1934 5591 2067 5646 deos

480 5700 543 5740 ac
579 5684 710 5742 deas
735 5700 857 5742 esse
907 5702 939 5740 a
984 5687 1184 5757 quibus
1222 5697 1419 5745 cuncta
1464 5693 1749 5759 resumi":
1802 5680 1890 5739 νεὶ
1924 5684 2067 5753 ιπε-

478 5787 722 5845 stantur,
769 5789 829 5836 et
878 5776 1229 5836 Christianos
1271 5780 1364 5851 qui
1409 5779 1706 5853 imaginem
1758 5770 1967 5834 Christi
2011 5782 2070 5832 et

478 5881 796 5928 sanctorum
825 5870 941 5939 ejus
967 5871 1197 5943 pingunt
1217 5878 1275 5927 et
1300 5879 1633 5929 venerantur
1660 5880 1763 5942 pro
1803 5876 2068 5926 amore'et

477 5963 689 6020 honore
716 5962 1015 6019 Salvatoris
1039 5963 1501 6036 et‘lledemptoris
1527 5962 2065 6045 mundihetgsuorum

2149 2074 2335 2147 causa,
2364 2082 2470 2137 ﬁde
2522 2083 2658 2138 certi
2694 2098 2803 2137 non
2852 2083 3146 2149 titubante,
3194 2084 3339 2155 quod
3381 2078 3575 2139 divina‘
3616 2086 3755 2154 pra:-

2149 2182 2329 2232 stante
2377 2176 2667 2232 clementia
2708 2178 2777 2233 ob
2804 2176 3047 2233 laborem
3095 2179 3297 2248 arrepti
3329 2188 3553 2251 propter
3582 2176 3757 2233 Deuzn

2149 2268 2363 2324 itineris
2400 2268 2662 2337 majorem
2689 2277 2743 2323 et
2775 2273 3046 2340 praecipue
3072 2266 3173 2341 per
3199 2269 3577 2341 piissimorum
3623 2286 3761 2341 quos

2151 2360 2340 2417 devoti
2388 2361 2593 2415 adeunt
2643 2360 3099 2415 interventionem
3157 2354 3537 2430 patronorum,
3601 2360 3762 2432 quasi

2151 2452 2275 2523 plus
2310 2452 2457 2524 apud
2485 2452 2659 2509 Deum
2703 2454 3031 2510 merentium
3062 2461 3115 2509 et
3144 2454 3557 2525 prievalentium
3606 2455 3764 2527 quid-

2157 2546 2291 2616 quid
2340 2552 2491 2602 recte
2526 2555 2580 2601 et
2604 2544 2753 2616 juste
2785 2547 3045 2617 petierint
3090 2544 3303 2603 facilius
3337 2555 3394 2603 et
3434 2547 3604 2604 citius
3662 2548 3764 2603 im-

2153 2640 2488 2711 petrabunt:
2532 2654 2667 2711 quos
2703 2639 2793 2695 ille
2823 2647 2982 2696 vocat
3007 2641 3317 2712 imperitum
3353 2641 3643 2697 hominum
3675 2657 3764 2715 ge-

2154 2740 2279 2799 nus‘,
2323 2728 2497 2789 ὁ.Ἒουέ
2523 2775 2537 2800 ,
2584 2733 2907 2805 insipientes
2960 2743 3015 2789 et
3058 2734 3274 2791 stultos.
3320 2735 3399 2791 De
3439 2736 3543 2791 hac
3597 2736 3765 2808 igitur

2155 2825 2454 2895 imaginum
2481 2825 2750 2896 pictarum
2786 2820 3023 2893 ratione,
3049 2826 3115 2883 de
3138 2843 3245 2898 qua
3293 2827 3397 2883 iste
3432 2830 3485 2884 in
3528 2828 3763 2885 exordio

2156 2931 2256 2972 suo
2281 2910 2532 2987 proponit
2560 2917 2819 2988 epistolae,
2854 2912 3135 2989 inquisitio
3167 2918 3480 2993 diligentius
3525 2930 3681 2985 ante,
3706 2920 3767 2975 ut

2158 3022 2301 3071 reor,
2330 3007 2648 3074 biennium,
2683 3008 2826 3081 apud
2853 3011 3278 3082 gloriosissimos
3307 3020 3362 3069 et
3396 3011 3761 3083 religiosissi-

2158 3112 2280 3153 mos
2318 3100 2593 3171 principes
2640 3096 2828 3156 habita
2889 3111 2975 3159 est
3026 3104 3080 3158 in
3118 3102 3324 3174 palatio
3375 3105 3515 3159 :ubi
3562 3104 3771 3159 divina:

2162 3187 2458 3261 Scriptura:
2481 3231 2496 3256 ,
2538 3196 2857 3249 sanetorum'
2879 3188 3141 3250 librorum
3170 3188 3224 3251 et
3250 3184 3773 3266 probatissimorum

2163 3283 2255 3354 qui
2310 3296 2404 3340 eos
2440 3286 2778 3356 scripserunt
2808 3288 3051 3343 virorum
3081 3284 3345 3360 exemplis
3372 3298 3536 3360 atque
3571 3297 3773 3344 aucto.

2166 3377 2351 3442 ritate,
2396 3393 2521 3433 cum
2556 3390 2763 3450 quanta
2790 3388 2845 3436 et
2872 3380 3021 3453 quali
3053 3382 3432 3439 moderatione
3459 3398 3525 3439 ac
3557 3383 3777 3439 discre-

2165 3466 2312 3522 tione
2354 3469 2464 3523 sint
2510 3470 2776 3526 habendae
2824 3472 3140 3540 inventum,
3179 3470 3575 3537 confirmatum,
3605 3474 3779 3527 satis-

2164 3572 2271 3631 que
2329 3562 2614 3618 evidenter
2660 3561 2950 3620 diﬁinitum
3003 3573 3105 3632 est,
3156 3573 3217 3621 ut
3266 3581 3425 3622 nemo
3484 3574 3613 3638 post
3670 3567 3779 3621 hac

2166 3653 2417 3724 quamvis
2472 3654 2670 3711 stolido
2695 3664 2752 3711 et
2787 3657 2986 3712 obtuso
3038 3657 3319 3730 desipiens
3350 3659 3420 3715 sit
3463 3658 3635 3714 corde
3673 3672 3781 3713 nec

2164 3745 2377 3817 angelis
2399 3761 2499 3803 nec
2522 3749 2849 3813 hominibus,
2883 3749 3012 3806 licet
3040 3746 3266 3817 sanctis,
3297 3764 3397 3808 nec
3422 3764 3612 3807 eorum
3643 3752 3784 3806 ima-

2165 3838 2383 3908 ginibus
2412 3855 2514 3897 nec
2541 3842 2782 3912 cuipiam
2806 3843 3025 3916 penitus
3054 3845 3352 3915 inmundo
3380 3852 3660 3901 creatura:
3684 3860 3784 3899 ex-

2168 3926 2486 3987 cusabiliter
2533 3933 2776 3989 divinum
2817 3932 2993 4007 poSsit
3040 3937 3300 3993 honorem
3350 3936 3599 4006 deferre,
3670 3935 3787 3994 nisi

2167 4016 2269 4078 soli
2296 4026 2540 4079 omnium
2571 4023 2819 4082 Creatori
2849 4030 2941 4083 uni
2978 4029 3088 4085 Deo
3111 4024 3263 4084 Patri
3291 4039 3343 4085 et
3382 4024 3516 4084 Filio
3537 4037 3589 4083 et
3646 4028 3782 4102 Spi-

2167 4114 2531 4172 ri‘tuisancto.
2583 4116 2772 4190 Neque
2821 4121 2986 4177 etiam
3039 4137 3070 4178 e
3115 4114 3392 4177 contrario
3420 4122 3623 4192 aliquis
3676 4123 3782 4178 bos

2164 4208 2477 4281 praedictos,
2509 4210 2613 4267 h'oc
2656 4219 2741 4266 est
2772 4210 2857 4267 vel
2903 4218 3124 4268 sanctos
3168 4213 3402 4284 angelos,
3432 4211 3513 4265 vel
3541 4214 3782 4268 sanctos

2166 4302 2418 4359 homines
2447 4312 2543 4359 aut
2569 4318 2760 4359 eorum
2790 4304 3074 4374 imagines,
3106 4297 3191 4360 vel
3223 4292 3487 4373 quidquid
3506 4302 3565 4357 in
3592 4303 3783 4361 hono-

2166 4394 2302 4458 rem,
2339 4395 2553 4451 laudem
2581 4404 2636 4451 et
2666 4394 2893 4464 gloriam
2922 4394 3084 4448 unius
3111 4394 3227 4448 veri
3257 4400 3313 4448 et
3357 4394 3551 4448 summi
3576 4392 3689 4451 Dei
3714 4394 3783 4451 li-

2167 4489 2362 4543 dEIiter
2386 4487 2732 4557 componitur
2759 4480 3063 4551 destruere,
3094 4494 3188 4541 aut
3217 4488 3417 4553 delere,
3452 4487 3779 4559 despicere,

2170 4578 2253 4633 vel
2289 4579 2590 4633 abominari
2616 4586 2947 4649 praesumat:
2983 4576 3211 4633 sicutde
3238 4580 3341 4635 hoc
3379 4589 3600 4634 sanctus
3628 4579 3782 4636 Gre-

2170 4672 2353 4741 gorius
2387 4670 2652 4726 Serenum
2706 4670 3099 4727 Massiliensem
3147 4672 3456 4741 episcopum
3498 4671 3789 4745 corripuit

2170 4771 2227 4818 et
2251 4762 2598 4831 reprehendit
2627 4763 2700 4817 ita
2725 4762 2913 4818 dicens
2938 4781 2952 4816 :
2987 4781 3007 4813 ι
3039 4760 3311 4818 Perlatuni
3340 4761 3553 4833 quidem
3579 4765 3658 4818 ad
3683 4779 3787 4819 nos

2172 4855 2375 4922 fuerat,
2401 4856 2545 4926 quod
2569 4854 2969 4912 inconsiderato
2990 4848 3113 4911 zelo
3133 4848 3425 4911 succensus
3450 4850 3789 4911 sanetorum

2173 4949 2461 5020 imagines,
2486 4947 2586 5004 sub
2610 4948 2714 5003 hac
2738 4948 2895 5018 quasi
2922 4944 3275 5023 excusatione
3306 4958 3373 5002 ne
3414 4947 3635 5001 adorari
3692 4948 3792 5003 de-

2173 5038 2440 5103 buissent,
2477 5038 2830 5110 confli-geris.
2870 5036 2938 5093 Et
2987 5037 3207 5110 quidem
3255 5041 3379 5109 quia
3410 5042 3501 5092 cas
3548 5036 3791 5092 adorari

2173 5130 2443 5185 vetuisses
2467 5129 2691 5184 omnino
2736 5128 3100 5196 laudavimus,
3135 5122 3363 5202 fregisse
3405 5141 3535 5182 vero
3582 5140 3795 5198 repre-

2169 5223 2477 5278 hendimus.
2506 5222 2622 5287 Dic,
2656 5222 2900 5288 ftater,a
2950 5234 3058 5293 quo
3106 5214 3310 5278 factum
3350 5220 3638 5277 Sacerdote
3683 5220 3796 5276 ali—

2167 5316 2386 5386 quando
2413 5314 2656 5370 auditum
2682 5323 2769 5371 est
2794 5314 2938 5385 quod
2967 5310 3145 5371 fecisti
3167 5306 3195 5369 Ἰ
3229 5311 3299 5370 Si’
3330 5322 3438 5369 nun
3472 5309 3655 5380 aliud,
3698 5312 3795 5370 vel

2166 5408 2301 5465 illud
2341 5416 2394 5464 te
2420 5422 2529 5463 non
2560 5407 2749 5464 debuit
2791 5412 3052 5464 revoca're
3095 5404 3163 5463 tit
3186 5407 3455 5478 despectis
3501 5404 3633 5463 aliis
3667 5406 3794 5463 fra-

2170 5500 2347 5556 tribus
2370 5499 2543 5555 solum
2572 5509 2625 5555 te
2651 5506 2901 5555 sanctum
2923 5507 2979 5555 et
3002 5502 3125 5556 esse
3145 5499 3400 5555 crederes
3424 5498 3797 5567 sapientem?

2169 5590 2331 5648 Aliud
2357 5600 2443 5647 est
2469 5592 2615 5647 enim
2640 5592 2912 5662 picturam
2941 5593 3193 5659 adorare,
3238 5586 3385 5647 aliud
3415 5590 3513 5662 per
3536 5591 3795 5663 picturas

2169 5684 2453 5740 historiam
2479 5683 2609 5753 quid
2637 5682 2715 5739 sit
2735 5683 3071 5740 adorandum
3117 5676 3422 5739 acidiswr'é‘.
3456 5672 3600 5737 Nam
3625 5682 3797 5754 quod

2168 5773 2471 5846 legentibus
2494 5773 2808 5845 Scriptura,
2834 5776 2936 5831 hoc
2961 5774 3147 5831 idiotis
3162 5770 3385 5847 prestat
3408 5768 3557 5845 pietu
3567 5788 3629 5829 ra
3656 5789 3798 5831 cer-

2170 5870 2443 5937 nentibus,
2475 5869 2599 5942 quia
2628 5870 2687 5924 in
2875 5866 3188 5942 ignorantes
3214 5852 3405 5925 vivent
3423 5864 3573 5938 quod
3610 5864 3800 5939 sequi

2170 5962 2423 6027 debeant,
2455 5961 2510 6018 in
2540 5961 2653 6033 ipsa
2697 5961 3002 6034 legunt,,qui
3048 5962 3258 6019 litteras
3288 5957 3565 6016 nesciunt.
3610 5956 3800 6019 Unde
