4006 6446
221 437 318 495 469

224 543 276 610 et
295 546 549 622 prazcipue
581 521 828 613 gentibus
856 549 954 612 pro
984 515 1215 618 lectione
1248 529 1457 599 pictura
1485 532 1597 587 est,
1635 519 1776 592 quod
1806 513 1855 582 Ᾱ

224 615 526 714 integitopere
553 650 585 689 a
615 641 669 687 te
697 631 786 704 qui
818 630 958 712 inter
983 615 1167 696 gentes
1194 621 1405 678 habitas
1431 616 1636 673 attendi
1684 616 1779 714 de-

225 705 421 798 cue-rat,-
439 743 506 784 ne
534 726 662 794 dum
691 732 842 779 recto
885 709 1001 774 ielo
1029 719 1246 772 incaute
1295 709 1671 794 succenderis,
1705 705 1782 761 fe-

226 805 424 885 rocibus
471 819 669 877 animis
712 795 1028 872 scandalum
1063 822 1370 884 generares.
1419 801 1615 873 Frangi
1655 811 1782 882 ergo

226 936 321 978 non
360 914 540 972 debuit
566 910 710 983 quod
735 925 844 966 non
873 895 940 962 ad
969 902 1299 962 adorandum
1323 900 1377 955 in
1404 896 1666 959 ecclesiis,
1691 889 1786 948 sed

226 1013 285 1068 ad
314 1004 652 1064 instruendas
692 997 1031 1058 solummodo
1059 983 1271 1052 mentes
1301 991 1404 1047 fuit
1432 987 1788 1068 nescientium

226 1077 546 1160 collocatum.
592 1095 662 1150 Et
689 1093 815 1164 quia
845 1092 899 1147 in
949 1089 1083 1144 locis
1112 1071 1517 1141 venerabilibus
1570 1087 1789 1134 sancto-

227 1209 334 1249 rum
363 1187 576 1262 depingi
605 1184 862 1254 historias
891 1167 1000 1238 non
1031 1171 1147 1236 sine
1184 1177 1395 1233 ratione
1425 1181 1668 1228 vetustas
1692 1169 1789 1248 ad:-

226 1283 378 1348 inisit,
420 1280 465 1336 si
494 1278 667 1350 zelum
696 1275 1022 1332 discretione
1045 1271 1364 1335 condiisses,
1397 1267 1514 1322 sine
1544 1263 1706 1320 dubio
1738 1268 1795 1316 et

227 1391 282 1433 ea
307 1390 418 1446 qum
444 1370 768 1427 intendebas
803 1367 1097 1424 salubriter
1135 1365 1382 1421 obtinere
1431 1369 1488 1416 et
1513 1359 1794 1416 collectum

228 1482 426 1542 gregem
457 1481 566 1520 non
612 1464 947 1534 dispergere,
978 1461 1076 1516 sed
1103 1459 1408 1530 dispersum
1437 1455 1618 1526 potius
1644 1461 1796 1524 pote-

230 1574 307 1612 ras
336 1570 686 1628 congregare,
718 1562 779 1608 ut
809 1553 1046 1624 pastoris
1071 1551 1123 1605 in
1153 1557 1206 1604 te
1231 1549 1428 1604 merito
1467 1561 1662 1601 nomen
1704 1559 1799 1597 ex-

228 1649 455 1712 celleret,
515 1662 626 1701 non
675 1645 836 1716 culpa
880 1642 1205 1716 dispersoris
1255 1641 1611 1695 incumberet.
1675 1635 1800 1690 HLCC

228 1749 394 1794 autem
439 1737 570 1792 dum
600 1738 656 1792 in
683 1738 788 1804 hoc
833 1735 1000 1790 animi
1040 1736 1126 1810 tui
1175 1733 1392 1787 incaute
1426 1723 1590 1784 n’imis
1621 1735 1799 1782 motus

227 1830 554 1900 exsequeris,
586 1829 658 1884 ita
709 1838 832 1884 tuos
859 1813 1256 1902 scandalizasse
1300 1824 1437 1879 filios
1464 1822 1798 1894 perhiberis,

229 1931 281 1977 ut
301 1923 540 1977 maxima
589 1937 776 1976 eorum
821 1907 1010 1993 parsa
1054 1928 1143 1973 tua
1174 1934 1232 1973 se
1262 1915 1643 1973 communione
1688 1930 1802 1968 sus—

226 2014 502 2084 penderet.
555 2012 783 2082 Quando
809 2031 942 2086 ergo
974 2014 1041 2070 ad
1067 2013 1207 2068 ovile
1239 2010 1579 2067 Dominicum
1616 2025 1806 2064 erran-

229 2116 302 2162 tes
347 2121 477 2178 oves
523 2109 778 2174 adduces,
815 2109 962 2178 quod
1006 2123 1143 2178 quas
1189 2106 1359 2161 habes
1404 2105 1641 2160 retinere
1695 2118 1806 2159 non

229 2198 522 2268 prmvales?
557 2219 576 2251 ι
612 2198 802 2267 Qualis
839 2197 1102 2254 autemet
1128 2206 1330 2269 quanta
1357 2206 1442 2253 est
1477 2197 1668 2252 insana
1697 2195 1808 2250 ela-

231 2289 318 2354 tio,
345 2301 398 2345 et
433 2305 576 2346 vana
623 2291 906 2347 temeritas
929 2298 990 2344 ut
1014 2290 1159 2360 quod
1195 2305 1226 2343 a
1272 2289 1529 2359 primaevo
1566 2297 1809 2358 tempore

229 2379 648 2438 Christianitatis
675 2399 772 2458 per
795 2398 968 2438 annos
998 2382 1171 2456 ferme
1196 2382 1324 2449 8°30,
1349 2391 1443 2438 aut
1469 2396 1533 2437 eo
1581 2381 1810 2451 amplius

230 2489 257 2527 a
293 2477 494 2532 sanctis
539 2492 605 2532 ac
640 2477 974 2534 beatissimis
1008 2477 1263 2532 Patribus
1309 2485 1364 2532 et
1393 2475 1814 2546 religiosissimis

230 2568 569 2635 postmodum
615 2569 952 2639 principibus
1000 2569 1226 2640 gloriam
1267 2577 1322 2623 et
1366 2567 1578 2622 laudem
1617 2567 1710 2620 Dei
1758 2565 1813 2620 in

231 2661 504 2728 ecclesiis,
537 2671 594 2720 et
631 2663 687 2718 in
723 2664 1055 2734 quibuslibet
1082 2662 1518 2718 Christianorum
1568 2659 1816 2714 domibus

233 2751 339 2807 fieri
387 2769 738 2821 concessum,
771 2756 1151 2828 constitutum,
1185 2763 1238 2808 et
1276 2755 1487 2824 jussum
1536 2759 1640 2816 est,
1679 2766 1818 2804 unus

234 2841 384 2898 homo
411 2844 811 2915 blasphemare,
842 2844 1262 2917 reprehendere,
1283 2842 1624 2904 conculcare,
1647 2839 1816 2910 proji-

233 2947 371 2999 cere,
401 2951 466 2992 ac
510 2936 730 2992 sulllare
759 2937 1088 3008 praesumat?
1122 2936 1282 3007 quasi
1314 2936 1368 2990 in
1399 2941 1550 2990 tanto
1578 2932 1698 3002 jam
1740 2931 1820 2985 di-

234 3038 319 3086 cto
357 3033 541 3102 spatio
571 3033 748 3088 nullus
774 3035 856 3090 sic
881 3042 1104 3090 sanctus
1142 3032 1228 3103 vel
1258 3033 1475 3104 sapiens
1501 3032 1554 3086 in
1578 3030 1818 3086 Ecclesia

235 3118 324 3176 Dei
376 3124 682 3182 exstitisset
727 3132 941 3192 auctor,
987 3125 1078 3195 qui
1110 3133 1221 3180 tam
1270 3123 1712 3180 ardentissimum
1764 3123 1820 3178 in

233 3213 391 3268 corde
421 3230 524 3270 suo
554 3215 749 3281 zelum,
780 3216 867 3272 vel
896 3215 1310 3272 subtilissimum
1354 3216 1582 3271 haberet
1612 3213 1822 3270 intelle-

234 3311 398 3372 ctum,
445 3306 587 3362 sicut
616 3307 721 3363 iste
771 3307 863 3377 qui
911 3307 1076 3362 audet
1113 3320 1427 3378 oppugnare
1456 3305 1604 3376 quod
1637 3306 1822 3361 caeteri

232 3397 384 3464 quasi
422 3395 766 3454 formidolosi
787 3398 904 3454 ausi
928 3413 1036 3454 non
1057 3404 1212 3464 sunt;
1241 3398 1328 3452 vel
1353 3397 1660 3467 vituperare
1680 3396 1825 3468 quod

232 3484 323 3538 alii
366 3501 490 3543 esse
512 3487 929 3558 vituperandum
974 3487 1130 3558 quasi
1181 3487 1331 3543 stulti
1382 3501 1491 3541 non
1541 3485 1825 3540 intellexe—

234 3584 383 3630 runt.
432 3576 663 3644 Quidam
690 3588 870 3634 autem
901 3595 938 3648 eg
958 3579 1234 3635 contrario
1285 3580 1352 3634 de
1382 3578 1621 3648 antiquis
1649 3577 1828 3632 Patri-

231 3665 340 3720 bus
367 3681 478 3721 non
510 3669 680 3724 solum
723 3679 1032 3748 sanctorum
1076 3671 1130 3725 in
1162 3669 1380 3725 Christo
1409 3669 1825 3736 dormientium,

231 3759 330 3812 sed
385 3767 443 3813 et
477 3761 776 3816 amicorum
804 3761 1103 3816 viventium
1148 3761 1414 3832 imagines
1460 3760 1684 3831 pingere
1719 3768 1828 3816 stu-

234 3846 495 3903 duerunt.
528 3849 681 3906 Sicut
719 3861 943 3923 sanctus
971 3851 1206 3907 Severus
1231 3852 1516 3924 episcopus
1564 3867 1672 3906 non
1712 3861 1830 3905 tan-

241 3947 349 3994 tum
379 3941 527 3996 beati
549 3942 763 3997 Martini
794 3944 863 3998 de
890 3943 995 3998 hoc
1019 3944 1088 3998 ad
1114 3945 1285 3999 Deum
1303 3944 1587 4014 migrantis
1609 3944 1824 4009 sazculo,

243 4033 334 4088 sed
354 4042 410 4087 et
440 4036 614 4090 sancti
637 4035 848 4090 Paulini
880 4034 1073 4105 Nolani
1103 4035 1344 4106 episcopi
1370 4036 1546 4091 adhuc
1573 4037 1829 4107 supersti-

245 4121 310 4176 tis
339 4123 634 4196 imaginem
661 4127 717 4180 in
739 4141 837 4181 sua
867 4126 1113 4196 depinxit
1135 4127 1386 4193 ecclesia,
1416 4143 1537 4182 cum
1566 4138 1749 4184 essent
1771 4128 1828 4182 hi

247 4215 402 4269 ambo
448 4216 622 4292 sancti
666 4218 931 4288 episcopi,
980 4219 1139 4273 ambo
1169 4218 1444 4288 spiritales
1475 4219 1826 4294 philosophi;

248 4305 338 4360 sed
374 4307 511 4362 nihil
547 4309 742 4364 horum
786 4319 916 4366 sunt
954 4319 1168 4374 tentare
1198 4311 1402 4364 conati.
1448 4309 1692 4366 Audiens
1734 4327 1830 4364 au-

250 4403 353 4476 tem
403 4399 511 4454 hoc
543 4399 800 4456 Paulinus
846 4401 1182 4457 humiliando
1219 4402 1504 4458 excusavit
1543 4399 1733 4476 nolens
1773 4417 1834 4458 se

249 4491 399 4558 quasi
429 4491 698 4563 imparem
738 4493 1031 4566 assimilari
1083 4492 1341 4559 Martino,
1387 4495 1486 4582 sed
1517 4473 1700 4548 sciens
1732 4493 1827 4550 de-

249 4592 421 4637 votam
464 4599 598 4654 erga
645 4600 704 4639 se
734 4585 906 4640 sancti
955 4585 1280 4641 charitatem
1322 4586 1483 4642 amici
1513 4586 1826 4653 consensit,
1855 4627 1910 4688 Β

253 4673 372 4729 hinc
413 4677 610 4732 humili
644 4678 1050 4748 comparatione
1079 4694 1277 4746 versus
1318 4680 1425 4735 hoc
1473 4678 1637 4735 modo
1684 4695 1834 4736 eom-

252 4766 424 4833 posuit
466 4785 482 4821 :

311 4899 462 4965 Dives
486 4915 652 4964 opum,
672 4901 863 4953 Christo
887 4915 1069 4965 pauper
1091 4903 1182 4952 sibi
1210 4902 1410 4964 pulchra
1434 4900 1655 4956 Severus

373 4964 593 5016 Culmina
618 4969 818 5015 sacratis
835 4964 1044 5017 fontibus
1067 4968 1289 5016 instituit.

314 5026 366 5074 Et
387 5029 502 5090 quia
524 5029 752 5077 rtelestes
777 5029 931 5076 aulam
952 5027 1194 5090 condebat
1215 5030 1260 5076 in
1279 5036 1429 5084 actus,

373 5089 474 5146 Qua
503 5097 858 5139 renovarentur
881 5093 1011 5139 fonte
1037 5089 1244 5151 Deoque
1270 5091 1509 5148 homines,

317 5149 474 5217 Digna
497 5155 812 5217 sacramentis
835 5155 1026 5214 gemina
1052 5153 1144 5201 sub
1165 5149 1380 5217 imagine
1397 5155 1572 5217 pinxit,

378 5213 607 5262 hisceret
634 5221 684 5262 ut
708 5216 804 5264 vita
828 5217 950 5264 dona
973 5222 1172 5262 renatus
1193 5216 1353 5263 homo.

315 5271 575 5338 latinum
604 5279 878 5338 vi-nerundi
906 5277 994 5323 viri
1021 5282 1229 5338 testatur
1253 5278 1435 5338 imago,

377 5337 548 5386 Altera
567 5338 819 5386 Paulinum
844 5336 994 5386 forma
1018 5339 1174 5386 refert
1196 5336 1447 5390 humilem.

316 5395 574 5463 llle_tide_nt
592 5399 868 5463 exemplis,
881 5405 933 5448 et
954 5399 1093 5448 dictis
1114 5397 1318 5463 fortibus
1341 5406 1518 5463 armat,

383 5455 444 5509 Ut
470 5455 638 5522 ιιιέτίῑὶ
657 5455 1148 5522 ῥειίῖιεδ’ἱιιιειιιει·ειιει
1174 5458 1316 5510 ferat.

321 5518 420 5586 Iste
439 5523 587 5586 docet
605 5518 722 5576 fabis
739 5523 989 5574 redimens
1010 5535 1096 5571 sua
1117 5524 1316 5586 crimina
1339 5523 1563 5586 nummis,

383 5583 536 5634 Vilior
561 5590 614 5635 ut
636 5588 702 5636 sit
723 5599 827 5649 res,
851 5597 992 5648 quant
1015 5597 1104 5634 sua
1127 5585 1303 5646 cuique
1326 5581 1474 5635 salus.

266 5687 339 5744 De
367 5707 478 5761 quo
507 5702 727 5750 sanctus
752 5693 1088 5765 Augustinus
1117 5700 1384 5747 memorat
1411 5691 1468 5746 in
1492 5690 1633 5750 libro
1663 5692 1846 5777 primo

269 5781 331 5836 de
357 5782 589 5842 Civitate
617 5787 754 5842 Dei:
809 5805 828 5840 ‹
862 5786 1018 5844 Unde
1063 5786 1322 5842 Paulinus
1364 5796 1551 5842 noster
1596 5784 1850 5844 Nolensis

269 5874 551 5949 episcopus
590 5896 658 5936 ex
695 5880 1102 5951 opulentissimo
1153 5881 1339 5948 divite,
1387 5879 1662 5936 voluntate
1690 5895 1848 5951 pau-

1196 414 1322 470 LIB.
1363 404 1728 464 anvsusus
1768 374 2123 460 CLAUDIUM
2161 393 2440 455 TAURIN.

1882 521 2152 590 perrimus
2181 527 2235 573 et
2261 493 2634 588 copiosissime
2671 508 2912 566 Sanctus.
2953 525 2972 560 ι
3015 493 3128 561 Hie
3164 501 3276 557 fere
3313 509 3460 557 totas

1879 610 2093 666 Veteris
2132 618 2186 682 et
2211 607 2347 680 Novi
2381 601 2712 662 Testamenti
2761 598 3044 663 historias,
3090 609 3190 668 per
3231 590 3359 649 suas
3382 594 3464 664 pi-

1881 712 1999 758 ctas
2049 703 2286 758 habebat
2330 697 2612 762 ecclesias,
2658 708 2795 765 quas
2845 699 2944 764 per
2981 689 3232 745 ordinem
3274 693 3472 741 sancto

1883 791 2100 849 Nicena:
2142 794 2408 849 Dacorum
2448 789 2702 862 episcopo
2737 781 3163 842 demonstrabat.
3203 779 3342 835 Hinc
3385 777 3468 831 di-

1831 1881 1879 1949 Β

3348 378 3455 438 4⁸10

1886 889 1961 944 cit
1991 889 2043 942 in
2073 887 2167 942 lib.
2198 904 2255 942 rx
2282 879 2442 958 quem
2474 885 2540 940 de
2566 882 2860 939 virtutibus
2884 877 3058 936 sancti
3085 871 3344 948 martyris
3369 869 3472 926 Fe-

1887 980 2006 1037 licis
2034 980 2264 1035 metrico
2296 971 2446 1035 textu
2470 973 2778 1048 composuit
2813 993 2827 1029 :

1889 1092 2042 1148 Nunc
2080 1093 2200 1147 volo
2229 1093 2468 1163 picturas
2492 1090 2690 1147 fucatis
2725 1087 2938 1162 agmine
2965 1075 3127 1160 longo

1889 1183 2195 1242 Porticibus
2215 1184 2418 1250 videas,
2447 1182 2773 1254 paulumque
2809 1181 3000 1252 supina
3026 1177 3220 1251 fatiges

1893 1276 2061 1344 Colla,
2096 1276 2357 1332 reclinato
2384 1276 2511 1330 dum
2541 1275 2776 1348 perlegis
2806 1272 2987 1350 omnia
3009 1271 3182 1350 vultu.

1896 1369 1997 1438 Qui
2021 1370 2168 1425 videt
2200 1369 2315 1424 haec
2340 1368 2530 1423 vacuis
2567 1382 2868 1438 agnoscens
2893 1381 3024 1438 vera
3057 1355 3264 1436 figuris,

1896 1462 2015 1518 Non
2043 1477 2212 1516 vacua
2237 1459 2398 1515 fidam
2431 1457 2533 1514 sibi
2571 1458 2748 1529 pascit
2776 1456 3011 1529 imagine
3033 1461 3305 1517 mentem;

1900 1554 2094 1612 Omnia
2124 1570 2358 1625 namque
2381 1537 2528 1610 tenet
2554 1553 2697 1609 serie
2724 1551 2939 1622 pictura
2967 1549 3132 1617 ﬁdeli,

1901 1647 2032 1718 Quae
2060 1648 2243 1703 senior
2267 1646 2484 1717 scripsit
2511 1660 2610 1717 per
2635 1643 2876 1716 quinque
2902 1642 3182 1698 volumina
3207 1639 3437 1716 Moyses.

1903 1739 2033 1809 Quae
2061 1739 2229 1810 gessit
2253 1737 2468 1793 Domini
2492 1737 2739 1809 signatus
2767 1735 2991 1791 nomine
3019 1732 3198 1791 Jesus.

2483 1849 2554 1904 Et
2581 1859 2695 1921 post
2718 1865 2908 1920 pauca.

1906 1948 2071 2006 Forte
2094 1946 2407 2018 requiratur
2428 1959 2665 2017 quanam
2695 1943 2903 1999 ratione
2931 1941 3154 2014 gerendi

1909 2041 2125 2101 Sederit
2145 2042 2264 2096 haec
2289 2040 2447 2095 nobis
2467 2038 2736 2096 sententia
2763 2037 2988 2109 pingere
3015 2043 3235 2090 sanctas

1910 2138 2057 2196 Raro
2081 2149 2233 2192 more
2261 2135 2453 2191 domos
2478 2133 2848 2190 animantibus
2876 2127 3214 2186 assimilatis.

1909 2234 2173 2304 Accipite,
2197 2239 2254 2288 et
2281 2232 2470 2302 paucis
2508 2230 2732 2286 tentabo
2755 2241 3030 2298 exponere
3062 2239 3278 2280 causas.

1913 2325 2061 2393 Quos
2090 2333 2213 2396 agat
2240 2325 2349 2379 huc
2377 2323 2550 2378 sancti
2582 2320 2781 2376 Felicis
2809 2319 2980 2390 gloria
3013 2326 3188 2374 cmtus

1914 2419 2222 2475 Obscurum
2245 2416 2376 2470 nulli
2403 2434 2418 2481 ;
2453 2415 2548 2471 sed
2580 2414 2737 2470 turba
2778 2412 3117 2482 frequentior
3146 2409 3229 2464 his
3251 2416 3356 2474 est,

1916 2512 2215 2567 Rusticitas
2239 2525 2347 2565 non
2370 2525 2523 2566 cassa
2554 2508 2679 2574 fide,
2713 2522 2886 2576 neque
2908 2507 3066 2560 docta
3103 2504 3316 2576 legendi
3341 2519 3353 2554 :

1919 2605 2046 2660 Haec
2067 2611 2283 2659 assueta
2308 2604 2397 2658 diu
2428 2602 2600 2658 sacris
2625 2601 2836 2657 servire
2857 2599 3104 2671 profanis

1919 2696 2125 2753 Ventre
2151 2698 2260 2751 Deo
2288 2696 2506 2750 tandem
2539 2693 2880 2750 convertitur
2911 2691 3122 2745 advena
3153 2687 3393 2751 Christo,

1921 2795 2060 2849 Dum
2091 2804 2404 2850 sanctorum
2434 2808 2600 2862 opera
2629 2792 2683 2846 in
2714 2789 2933 2847 Christo
2958 2788 3188 2843 miratur
3214 2790 3422 2854 aperta,

1923 2887 2016 2941 Cet
2033 2887 2145 2941 nite
2172 2901 2335 2956 quam
2361 2882 2516 2938 multi
2545 2890 2739 2938 coeant
2763 2898 2827 2937 ex
2855 2879 3107 2936 omnibus
3133 2878 3297 2949 agris.

1922 2977 2204 3048 Quamque
2232 2977 2321 3046 pie
2349 2975 2575 3030 rudibus
2605 2972 2816 3044 decepti
2849 2971 3122 3026 mentibus
3148 2975 3357 3035 errent,

1922 3070 2270 3141 Longinquas
2297 3068 2506 3138 liquere
2544 3069 2757 3133 domos,
2784 3080 3040 3137 sprevere
3071 3065 3316 3135 pruinas,

1924 3162 2042 3218 Non
2069 3161 2231 3235 gelidi
2261 3159 2508 3218 fervente
2540 3159 2647 3215 fide
2673 3179 2686 3214 :
2715 3171 2772 3216 et
2800 3172 2947 3214 nunc
2976 3169 3103 3212 ecce
3129 3154 3440 3223 frequentes

1849 3263 1894 3328 (ς
1924 3251 2032 3310 Per
2058 3261 2228 3310 totam
2253 3261 2309 3307 et
2337 3251 2532 3324 vigiles
2559 3251 2864 3308 extendunt
2886 3248 3083 3322 gaudia
3107 3255 3344 3303 noctem.

1925 3347 2141 3405 Laetitia
2174 3361 2400 3403 somnos
2428 3344 2682 3402 tenebras
2705 3343 2980 3399 funalibus
3006 3349 3214 3398 arcent.

2498 3459 2636 3514 Item
2658 3458 2714 3513 in
2735 3454 2936 3512 eodem.

1927 3551 2224 3623 Propterea
2252 3552 2430 3607 visum
2466 3550 2628 3606 nobis
2650 3565 2788 3620 opus
2825 3547 2958 3603 utile
2979 3546 3108 3622 totis

1928 3644 2130 3700 Felicis
2153 3644 2400 3700 domibus
2421 3644 2632 3713 pictura
2662 3641 2852 3696 ludere
2876 3631 3086 3705 sancta,

1934 3735 1992 3791 Si
2023 3737 2160 3793 forte
2190 3737 2450 3792 attonitas
2476 3737 2592 3792 haec
2613 3750 2713 3806 per
2742 3725 3052 3806 spectacula
3082 3739 3298 3789 mentes

1930 3827 2222 3902 Agrestum
2244 3838 2464 3902 caperet
2495 3820 2678 3884 fucata
2709 3818 2983 3885 coloribus
3007 3826 3199 3883 umbra

2636 3907 2810 3996 Ideni.
3076 3911 3080 3922 ’

1931 4013 2069 4069 Dum
2095 4012 2232 4068 fallit
2259 4014 2479 4085 pictura
2506 4011 2706 4068 famem
2733 4030 2744 4068 :
2776 3997 3102 4083 sanctasque
3121 4009 3322 4083 legenti

1935 4105 2204 4161 Historias
2234 4115 2508 4161 castorum
2542 4121 2764 4177 operum
2802 4105 3046 4175 subrepit
3067 4105 3324 4160 honestas

1935 4195 2215 4265 Exemplis
2246 4193 2466 4252 inducta
2496 4187 2623 4267 piis,
2655 4183 2875 4266 potatur
2899 4181 3075 4250 hianti

1937 4275 2240 4353 Sobrietas,
2265 4281 2419 4340 nimii
2449 4286 2684 4341 subeunt
2713 4277 2914 4339 oblivia
2938 4283 3071 4337 vini.

1939 4373 2188 4446 Dumque
2218 4376 2360 4431 diem
2386 4375 2609 4441 ducunt,
2636 4375 2812 4446 spatio
2834 4373 3040 4445 majore
3075 4382 3311 4441 tuentes,

1941 4461 2141 4522 Pocula
2166 4474 2468 4531 rarescunt,
2509 4457 2634 4535 quia
2678 4479 2775 4535 per
2806 4459 3066 4520 miracula
3101 4472 3277 4520 tracto
3354 4521 3358 4526 ,

1942 4561 2208 4635 Tempore
2229 4561 2342 4633 jam
2372 4557 2560 4634 paucae
2589 4551 2846 4634 superant
2874 4555 3218 4634 epulantibus
3243 4564 3413 4620 horae.

2011 4677 2248 4736 Sanctus
2277 4661 2570 4750 Gregorius
2620 4661 2895 4750 Nyssenus
2932 4663 3220 4750 episcopus
3245 4680 3388 4734 inter
3421 4693 3525 4734 cae-

1941 4779 2063 4830 tera
2090 4765 2160 4827 de
2185 4771 2462 4828 Abraham
2489 4785 2796 4828 sermonem
2818 4759 3076 4827 instituit.
3104 4789 3126 4822 ¢
3151 4768 3297 4837 Vidi,
3324 4770 3524 4842 inquit,

1940 4865 2235 4937 imaginem
2283 4865 2554 4937 passionis
2588 4873 2646 4921 et
2688 4880 2797 4920 non
2831 4864 2951 4920 sine
2980 4861 3233 4937 lacrymis
3258 4865 3525 4920 visionem

1941 4957 2190 5036 praeterii.
2208 4972 2372 5027 opere
2401 4956 2467 5011 ad
2497 4954 2694 5011 faciem
2723 4956 2994 5032 deducens
3041 4957 3346 5013 historiam.
3383 4976 3401 5008 ι
3435 4955 3530 5010 His

1945 5063 2077 5120 ergo
2112 5041 2375 5103 admoniti
2423 5047 2688 5120 exemplis
2713 5048 2990 5114 credimus
3010 5055 3227 5104 sanctas
3263 5046 3529 5115 picturas,

1946 5148 2008 5194 ιιι
2033 5139 2246 5218 Paulini
2305 5139 2496 5210 loquar
2524 5141 2723 5208 verbis,
2754 5141 2824 5196 ad
2875 5141 3139 5197 honorem
3167 5137 3262 5210 Dei
3295 5136 3533 5192 formare

1948 5246 2058 5287 non
2087 5247 2210 5288 esse
2238 5231 2473 5302 cuipiam
2498 5230 2809 5288 Christiano
2853 5231 3088 5302 culpam,
3119 5229 3214 5284 sed
3243 5228 3416 5300 magis
3449 5244 3534 5284 re-

1949 5322 2165 5395 ligionis
2203 5324 2483 5379 indicium.
2523 5323 2699 5379 Verba
2730 5322 2973 5393 epistolae
3006 5338 3021 5374 :
3057 5337 3076 5370 ‹
3110 5316 3246 5374 Cum
3277 5319 3423 5374 enim
3449 5315 3534 5374 di-

1959 5433 1978 5468 c
2025 5417 2221 5472 stincte
2251 5418 2462 5473 dicatur
2490 5433 2597 5473 non
2650 5412 2952 5471 faciendam
2980 5411 3389 5468 similitudinem
3417 5428 3535 5468 om-

1958 5525 1977 5560 ι
2019 5509 2168 5584 nium
2197 5525 2318 5581 quae
2341 5510 2396 5564 in
2427 5509 2568 5565 coelo
2593 5516 2720 5562 sunt
2742 5511 2837 5561 aut
2864 5519 2985 5575 quae
3014 5503 3068 5560 in
3099 5511 3267 5572 terra,
3307 5506 3393 5562 vel
3412 5521 3536 5578 quae

1958 5619 1979 5653 ‹
2022 5601 2124 5657 sub
2161 5609 2330 5666 terra,
2363 5614 2473 5653 non
2504 5599 2572 5654 de
2594 5596 2725 5667 solis
2752 5593 3197 5652 similitudinibus
3232 5595 3534 5652 alienorum

1958 5711 1979 5745 ι
2025 5695 2248 5750 deorum
2302 5688 2622 5760 intelligitur
2675 5687 2897 5754 dictum,
2953 5687 3048 5745 sed
3099 5687 3166 5744 de
3224 5686 3538 5745 caelestibus

1961 5804 1981 5839 ι
2021 5783 2289 5843 creaturis
2336 5787 2431 5836 aut
2451 5794 2570 5850 quae
2603 5779 2659 5835 in
2715 5781 2921 5838 honore
2962 5780 3238 5837 Creatoris
3265 5780 3537 5835 humanus

1963 5897 1981 5930 ι
2029 5888 2221 5932 sensus
2250 5872 2425 5942 potuit
2468 5871 2799 5945 excogitare.
2837 5891 2857 5928 ι
2887 5871 3237 5930 Enucleatius
3283 5871 3387 5926 ista
3440 5866 3538 5919 (lea
