4006 6460
497 370 598 426 471

1821 359 2125 421 DUNGALI
2162 359 2461 418 RECLUSI

3666 361 3783 419 472

495 480 694 536 buerat
717 478 1025 550 exprimere
1061 487 1118 536 et
1144 491 1418 551 exponere
1449 479 1719 536 veracius.
1750 474 2078 532 Similitudi-
2107 475 2161 536 Α
2184 473 2425 529 haeretici
2471 472 2716 545 sequitur
2748 468 3024 527 volumine
3052 483 3066 524 :
3105 483 3126 522 t
3166 466 3306 536 Quia
3353 469 3398 524 si
3455 481 3780 534 sanctorum

497 586 597 629 nes
649 572 794 627 enim
833 587 954 643 qua:
1002 587 1112 628 non
1142 573 1212 628 ad
1267 574 1532 641 divinum,
1564 572 1663 628 sed
1715 572 1784 627 ad
1815 571 2076 634 alienum,

497 662 603 718 hoc
624 669 728 728 est,
757 676 865 717 non
895 662 964 717 ad
1020 661 1322 729 Creatoris,
1355 666 1497 720 sicut
1542 664 1596 718 in
1624 661 1851 734 epistola
1889 663 2083 733 depra-

498 757 682 809 vatum
729 761 830 819 est,
861 755 957 810 sed
982 755 1052 810 ad
1079 764 1346 811 creatura:
1380 755 1533 824 ﬁunt
1559 756 1843 821 honorem,
1878 755 2083 810 habere

496 843 920 900 interdicuntur.
968 845 1207 902 Proinde
1263 847 1443 902 sciens
1514 847 1776 902 Dominus
1827 845 2084 916 pupulum

498 939 646 995 durae
675 955 797 997 esse
824 940 1075 1008 cervicis,
1105 949 1167 1013 et
1186 940 1254 995 ad
1285 940 1427 996 idola
1453 954 1685 1011 pronum
1731 938 1981 1002 colenda,
2007 937 2085 992 ci-

498 1037 664 1101 toque
689 1021 811 1089 esse
840 1033 1347 1104 praevaricaturum,
1378 1040 1436 1088 et
1465 1016 1877 1087 simulacruma
1906 1046 1965 1085 se
1993 1045 2086 1085 co-

495 1120 716 1176 lendum
741 1122 1126 1188 conﬁaturum,
1163 1125 1442 1195 prohibuit
1490 1139 1584 1179 eos
1622 1125 1859 1193 aliquam
1891 1122 2083 1178 simili-

495 1213 743 1268 tudinem
783 1229 972 1270 eorum
1017 1233 1136 1287 qua:
1173 1225 1302 1271 sunt
1355 1217 1412 1271 in
1441 1216 1583 1272 coelo
1610 1225 1667 1270 et
1692 1217 1746 1269 in
1778 1225 1946 1282 terra,
2001 1216 2085 1272 vel

497 1304 554 1359 in
585 1306 744 1376 aquis
773 1307 995 1372 habere,
1023 1323 1092 1364 ne
1115 1324 1182 1364 eo
1207 1309 1399 1364 relicto
1427 1317 1484 1363 et
1523 1324 1622 1363 suo
1648 1309 1854 1363 honore
1882 1309 2084 1365 emisso

497 1397 586 1452 illa
616 1414 714 1468 pro
763 1415 821 1454 se
850 1400 1142 1456 adorarent
1167 1411 1224 1456 et
1276 1402 1537 1456 colerent.
1599 1401 1865 1456 Caeterum
1895 1401 1987 1455 ubi
2017 1399 2084 1455 ad

495 1503 652 1542 suum
683 1489 956 1560 pertinere
969 1491 1102 1546 vidit
1123 1491 1406 1554 honorem,
1431 1507 1538 1546 non
1554 1491 1723 1546 solum
1740 1507 1846 1544 non
1863 1492 2085 1557 vetavit,

495 1591 685 1632 verum
721 1579 888 1634 etiam
919 1589 1138 1636 sanctas
1163 1581 1328 1652 jussit
1363 1582 1482 1635 ﬁeri
1511 1581 1916 1637 similitudines.
1948 1580 2086 1636 Hinc

492 1667 690 1740 legitur
737 1671 792 1725 in
821 1671 961 1727 libro
1013 1671 1222 1727 Exodi:
1261 1672 1408 1727 Duos
1454 1689 1657 1744 quoque
1697 1674 1961 1727 cherubim
1984 1690 2084 1727 au-

492 1776 608 1814 reos
641 1772 691 1816 et
731 1763 1048 1833 productiles
1098 1766 1260 1834 [acies
1295 1782 1360 1820 ea:
1392 1775 1615 1838 utraque
1663 1777 1813 1836 parte
1857 1765 2080 1820 oraculi.

2187 585 2208 619 ‹
2254 567 2513 639 imagines
2526 566 2582 621 hi
2605 565 2694 636 qui
2721 564 3022 620 daemonum
3045 560 3250 618 cultum
3273 561 3783 633 reliqueruntvene-

2189 675 2207 710 ι
2251 665 2460 722 rantur,
2487 672 2594 711 non
2618 655 2758 710 idola
2787 655 3145 726 reliquerunt,
3191 654 3287 710 sed
3334 657 3552 710 nomina
3590 669 3779 714 muta-

2189 771 2210 804 ‹
2255 758 2474 814 verunt,
2498 750 2545 804 si
2574 749 2717 804 enim
2742 749 2948 804 scribas
2978 749 3032 804 in
3061 750 3291 820 pariete,
3313 747 3400 805 vel
3422 750 3614 820 pingas
3637 751 3779 806 ima-

2188 861 2211 897 ι
2255 844 2409 913 gines
2439 842 2586 897 Petri
2639 848 2695 896 et
2718 840 2891 905 Pauli,
2921 838 3070 896 Jovis
3097 849 3154 898 et
3179 839 3428 905 Saturni,
3481 842 3597 896 sive
3633 841 3780 896 Mer-

2192 954 2210 987 ‹
2256 934 2416 999 curii,
2442 948 2545 988 nec
2589 931 2680 987 isti
2710 933 2783 987 dii
2811 939 2958 997 sunt,
2995 946 3096 987 nec
3129 931 3202 986 illi
3234 915 3484 1002 apostoli,
3530 947 3634 987 nec
3666 933 3780 996 isti,

2193 1043 2211 1078 ι
2254 1040 2355 1080 nec
2389 1023 2461 1079 illi
2497 1023 2742 1079 homines
2776 1041 2789 1077 :
2853 1036 2919 1077 ac
2958 1037 3057 1092 per
3094 1023 3198 1078 hoc
3243 1037 3440 1078 nomen
3482 1032 3732 1078 mutatur
3762 1041 3777 1088 ;

2193 1137 2211 1171 ι
2259 1133 2414 1173 error
2443 1127 2625 1172 tamen
2655 1124 2712 1172 et
2755 1124 2882 1171 tunc
2911 1124 2966 1171 ct
2990 1131 3134 1171 nunc
3166 1117 3308 1171 idem
3339 1116 3454 1186 ipse
3497 1125 3781 1185 permanet

2192 1230 2212 1264 ι
2259 1226 2498 1281 semper,
2531 1230 2549 1263 ι
2585 1217 2639 1264 et
2667 1224 2788 1278 qua:
2811 1209 3020 1280 plenius
3046 1210 3314 1263 habentur
3346 1209 3398 1262 in
3428 1209 3655 1263 exordio
3677 1210 3780 1263 hu-

2181 1306 2272 1376 jus
2301 1305 2504 1374 scripta
2561 1301 2746 1357 libelli.
2797 1301 3004 1357 Taliter
3052 1312 3233 1357 autem
3270 1301 3568 1357 Eunomius
3595 1311 3654 1358 et
3685 1303 3779 1358 Vi-

2187 1399 2444 1470 gilantius
2473 1397 2736 1461 haeretici,
2789 1411 3089 1466 eorumque
3135 1403 3437 1451 sectatores
3484 1395 3665 1450 solent
3691 1412 3784 1451 ca-

2189 1490 2416 1546 tholicos
2446 1489 2848 1560 blasphemare,
2901 1493 3160 1542 vocantes
3214 1502 3309 1543 eos
3356 1486 3676 1542 idololatras
3731 1497 3783 1543 et

2187 1590 2528 1638 mortuorum
2557 1579 2835 1634 hominum
2863 1577 3121 1640 cultores,
3153 1579 3298 1633 sicut
3320 1585 3371 1632 et
3396 1577 3585 1648 pagani
3613 1579 3782 1632 exsti-

2189 1681 2393 1738 terunt,
2425 1687 2491 1728 eo
2515 1672 2674 1742 .quod
2704 1670 2963 1741 reliquias
2989 1677 3294 1740 martyrum
3320 1683 3418 1739 pro
3440 1667 3663 1724 Christo
3688 1685 3782 1738 pa-

2188 1765 2439 1822 tientium
2460 1769 2810 1819 venerantur.
2858 1760 3066 1830 Quibus
3114 1775 3214 1816 nos
3252 1774 3284 1814 e
3327 1769 3520 1816 contra
3552 1775 3782 1831 respon-

492 1849 698 1907 Cherub
713 1871 849 1910 unus
869 1857 934 1910 sit
959 1858 1016 1910 in
1029 1854 1192 1912 latere
1213 1875 1317 1912 uno
1331 1866 1380 1912 et
1405 1857 1540 1912 alter
1562 1859 1616 1912 in
1645 1857 1832 1914 altero.
1866 1857 2082 1912 Utrum-
2109 1840 2156 1900 Β
2184 1857 2396 1919 demus,
2462 1855 2588 1925 quia
2623 1869 2800 1925 neque
2840 1862 3157 1910 sanctorum
3209 1852 3476 1923 imagines
3515 1851 3570 1906 in
3597 1852 3781 1921 parie-

490 1963 591 2012 quc
604 1946 743 2004 latus
770 1950 1122 2020 propitiatorii
1141 1961 1336 2021 tegant,
1375 1951 1725 2023 expendentes
1747 1951 1862 2006 alas
1892 1961 1939 2006 et
1963 1969 2083 2023 ope-

491 2038 681 2094 rientes
707 2041 1004 2108 oraculum,
1038 2031 1421 2115 respiciantquc
1451 2061 1504 2098 se
1532 2054 1714 2098 mutuo
1745 2045 1905 2099 versis
1934 2044 2086 2100 vulti-

491 2131 586 2186 bus
607 2133 664 2186 in
688 2133 1112 2204 propitiatorium
1137 2139 1238 2208 quo
1261 2136 1543 2206 operienda
1566 2146 1643 2192 est
1672 2153 1819 2203 arca,
1879 2138 1936 2192 in
1978 2155 2083 2209 qua

490 2239 652 2294 pones
683 2226 1037 2280 testimonium
1066 2227 1205 2298 quod
1225 2229 1362 2282 dabo
1390 2228 1505 2283 tibi.
1558 2228 1692 2284 Inde
1710 2230 2013 2302 prtecipiam
2035 2239 2083 2284 et

490 2317 680 2388 loquar
701 2319 770 2372 ad
797 2329 845 2374 te
873 2337 1034 2390 supra
1062 2321 1454 2392 prapitiatorio,
1480 2323 1678 2377 scilicet
1706 2341 1739 2377 a
1760 2323 1930 2378 medio
1952 2325 2085 2377 duo-

487 2424 604 2461 rum
624 2410 888 2465 cherubim
915 2413 1008 2484 qui
1026 2410 1349 2485 eruntsuper
1374 2432 1555 2470 arcam
1575 2417 1862 2470 testimonii
1884 2414 2082 2488 (Exod.

490 2516 622 2568 xxv,
658 2501 767 2574 l8).
836 2503 969 2560 item
1003 2506 1057 2560 in
1101 2509 1458 2578 sequentibus
1499 2509 1616 2579 ejus
1645 2507 1771 2564 libri
1799 2509 1866 2564 de
1895 2524 2086 2564 eorum

487 2592 704 2651 factura
732 2597 998 2670 scriptum
1024 2609 1109 2656 est
1139 2619 1152 2655 :
1190 2601 1340 2657 Duos
1366 2603 1525 2657 etiam
1578 2603 1702 2673 fecit
1727 2602 1992 2657 cherubim
2022 2618 2087 2656 ea:

487 2704 621 2742 auro
664 2689 874 2756 ductili,
910 2711 1039 2763 quos
1065 2697 1239 2764 posuit
1277 2713 1342 2750 ea:
1396 2705 1620 2767 utraque
1648 2706 1795 2766 parte
1828 2697 2085 2767 prapitia-

489 2781 613 2833 torii
637 2798 655 2843 ;
693 2784 883 2836 cherub
909 2802 1073 2839 unum
1094 2787 1150 2841 in
1176 2788 1479 2842 summitate
1501 2790 1676 2851 unius,
1704 2798 1750 2841 et
1795 2789 1985 2842 cherub
2009 2787 2090 2841 al-

491 2878 661 2924 terum
700 2873 755 2925 in
811 2876 1114 2930 summitate
1145 2878 1312 2946 partis
1353 2877 1590 2932 alterius.
1645 2877 1792 2932 Duos
1821 2879 2087 2932 cherubim

487 2960 547 3012 in
597 2961 819 3031 singulis
854 2966 1243 3021 summitatibus
1291 2969 1666 3039 propitiatorii.
1731 2969 2085 3024 Extendentes

490 3048 605 3105 alas
633 3063 682 3106 et
719 3061 944 3124 tegentes
988 3058 1411 3130 propitiatorium
1451 3076 1605 3131 seque
1647 3070 1829 3115 mutuo
1876 3071 1922 3116 et
1960 3061 2087 3115 illuc

490 3152 839 3211 respectantes
863 3145 1061 3218 (Exod.
1091 3165 1305 3215 xxxvii,
1337 3151 1413 3222 8).
1453 3149 1586 3206 Item
1619 3151 1672 3205 in
1707 3152 1846 3206 libro
1890 3151 2087 3207 Nume-

492 3249 678 3289 rorum
715 3255 727 3290 :
765 3236 1048 3312 Oravitque
1068 3259 1163 3313 pro
1189 3243 1381 3315 populo
1406 3254 1454 3299 et
1489 3244 1695 3300 locutus
1718 3255 1795 3300 est
1827 3246 2085 3301 Dominus

493 3325 563 3379 ad
592 3342 730 3382 cum.
773 3327 891 3384 Fac
916 3344 1226 3403 serpentem,
1263 3346 1310 3389 et
1357 3353 1490 3408 pone
1511 3354 1628 3391 eum
1655 3355 1750 3407 pro
1775 3339 1924 3409 signa
1949 3357 1966 3403 ;
1996 3341 2084 3411 qui

485 3433 766 3488 percussus
823 3425 1084 3493 aspexerit
1121 3443 1263 3492 eum,
1307 3427 1458 3482 vivet.
1513 3427 1664 3483 Fecit
1705 3447 1825 3500 ergo
1875 3430 2082 3500 Moyses

486 3520 775 3580 serpentem
809 3529 1012 3569 aeneum
1060 3526 1107 3570 et
1141 3520 1314 3590 posuit
1351 3537 1446 3591 pro
1469 3522 1829 3593 signo;quem
1849 3525 2085 3594 percussi

490 3601 800 3670 aspicientes
837 3606 1169 3663 sanabuntur
1192 3609 1384 3680 (Num.
1415 3625 1532 3677 xxx,
1561 3611 1634 3684 7).

562 3691 641 3746 Ex
671 3693 776 3748 hoc
801 3711 928 3767 ergo
970 3701 1402 3769 reprehendendi
1429 3717 1534 3757 non
1587 3709 1712 3757 sunt
1743 3704 1834 3773 qui
1862 3713 2084 3760 sanctas

488 3779 696 3838 habent
745 3786 989 3855 picturas
1035 3791 1265 3857 divinas,
1319 3807 1419 3863 per
1457 3808 1552 3848 eas
1575 3794 1878 3850 recolentes
1907 3797 2081 3850 histo-

485 3872 620 3936 rias,
653 3875 718 3928 ad
754 3875 968 3931 laudem
992 3889 1046 3934 et
1093 3882 1357 3936 honorem
1395 3884 1511 3937 Dei.
1553 3884 1724 3956 Magis
1754 3885 1844 3940 ille
1870 3886 2080 3941 vanilo-

489 3976 629 4031 quus
663 3973 748 4019 est
777 3969 1111 4036 arguendus,
1145 3973 1237 4042 qui
1268 3972 1404 4027 falsa
1433 3975 1819 4031 innocentibus
1849 3977 2083 4047 imputat

489 4053 744 4121 crimina,
774 4058 867 4128 qui
896 4059 1094 4115 mirum
1124 4061 1178 4116 in
1210 4065 1452 4128 modum,
1486 4075 1546 4120 ut
1575 4068 1796 4136 quidam
1823 4067 2082 4136 lethargi-

488 4157 607 4209 cus,
639 4157 833 4204 cuncta
867 4165 1006 4220 pene
1053 4155 1222 4210 verba
1273 4171 1386 4210 suae
1436 4157 1676 4228 epistolae
1705 4159 1924 4213 sibimet
1951 4173 2080 4213 con-

487 4241 678 4305 traria,
708 4251 764 4296 et
784 4242 926 4297 inter
956 4259 1015 4298 se
1037 4245 1269 4301 invicem
1296 4249 1656 4318 repugnantia
1698 4251 1896 4319 posuit.
1934 4250 2079 4304 Dixit

488 4335 634 4389 enim
668 4337 940 4392 neminem
985 4340 1186 4395 debere
1222 4339 1370 4395 aliud
1421 4342 1698 4412 quidpiam
1727 4347 1960 4399 adorare
1984 4353 2080 4398 aut

490 4425 670 4481 colere
702 4437 899 4498 praeter
927 4431 1102 4484 solum
1156 4432 1323 4486 Deum
1349 4449 1362 4496 ;
1403 4441 1458 4486 et
1481 4434 1607 4503 quia
1635 4435 1841 4490 nullum
1865 4446 2075 4491 certum

489 4532 728 4582 sensum,
761 4519 1106 4588 propriumve
1133 4522 1324 4576 horum
1355 4523 1622 4579 intellexit
1647 4527 1963 4592 verborum,
1992 4529 2074 4582 id-

490 4607 638 4663 circo
663 4608 1037 4678 multipliciter
1088 4610 1178 4664 illa
1209 4615 1463 4668 tractavit
1492 4615 1680 4670 dicens
1710 4635 1722 4669 :
1757 4635 1776 4668 ‹
1830 4617 2077 4673 Adorare

489 4707 575 4754 est
601 4699 841 4767 laudare,
899 4703 1174 4769 venerari,
1224 4720 1435 4776 rogare,
1485 4709 1717 4778 precari,
1750 4711 2074 4780 supplicare,

490 4790 767 4856 invocare,
797 4806 1016 4862 precem
1045 4793 1369 4850 eﬂ‘undere?
1399 4795 1591 4853 Colere
1617 4814 1748 4854 vero
1775 4809 1862 4854 est
1886 4803 2080 4873 guber-

490 4897 646 4946 nare,
675 4882 988 4949 observare,
1015 4885 1252 4940 ofﬁcium
1285 4885 1488 4954 facere,
1523 4888 1882 4958 frequentari,
1914 4906 2080 4945 vene-

490 4973 622 5037 rari,
647 4989 853 5042 amare,
881 4975 1124 5048 diligere.
1163 4978 1305 5050 Ergo
1335 4980 1380 5034 si
1413 4982 1751 5036 excutientes
1779 4997 2080 5052 persequao

425 5087 428 5090 η
489 5077 612 5117 ηιυι·
639 5073 694 5119 et
720 5066 1180 5136 reprehendamus
1232 5079 1424 5126 cuncta
1479 5089 1600 5143 qua:
1631 5073 1684 5127 in
1715 5075 1818 5129 hac
1865 5075 2081 5145 exposi-

491 5155 640 5211 tione
695 5159 1018 5214 excutienda
1081 5176 1147 5216 ac
1205 5164 1655 5231 reprehendenda
1715 5177 1860 5233 sunt,
1918 5168 2080 5223 nimis

487 5247 902 5318 prolongabitur
956 5252 1060 5305 ista
1091 5259 1276 5308 nostra
1332 5257 1632 5325 responsio.
1672 5257 1754 5312 Ob
1782 5257 1924 5312 hanc
1950 5273 2080 5330 ergo

488 5351 712 5391 causam
735 5348 790 5394 et
815 5340 1068 5408 alteram,
1095 5344 1223 5414 quia
1262 5343 1576 5400 hominibus
1614 5348 1749 5402 artis
1801 5364 2078 5418 gramma-

457 5424 614 5506 .ticaa
633 5432 874 5496 expertis
907 5441 1115 5501 patent,
1147 5433 1253 5488 illis
1309 5435 1684 5506 investiganda
1737 5438 2074 5506 reliquimus,

493 5515 598 5571 hoc
644 5525 854 5574 tantum
903 5527 1202 5581 notandum
1239 5534 1344 5592 est,
1397 5530 1541 5598 quod
1600 5529 2080 5598 interpretationes

495 5621 632 5676 quas
668 5610 846 5676 posuit
898 5613 1148 5682 plurimis
1179 5626 1237 5673 et
1265 5618 1496 5675 diversis
1543 5621 1821 5691 pertinent
1871 5621 2074 5676 rebus:

494 5704 550 5752 et
570 5698 817 5767 quaedam
845 5716 909 5756 ex
937 5707 1018 5760 eis
1046 5707 1193 5764 nullo
1236 5710 1397 5766 modo
1426 5710 1540 5766 Deo
1593 5711 1923 5767 conveniunt
1949 5727 2080 5767 con-
2133 5716 2137 5723 ’

495 5795 583 5846 tra
641 5794 876 5851 auctoris
941 5801 1278 5870 propositum
1324 5810 1380 5858 et
1431 5791 1809 5860 intentionem.
1857 5803 1991 5858 Item
2024 5803 2078 5859 in

2100 4564 2152 4623 D

2185 1949 2330 2004 tibus
2357 1949 2552 2017 pictas,
2580 1961 2754 2017 neque
2782 1961 2969 2002 eorum
3002 1959 3233 2014 corpora
3262 1943 3316 1997 in
3347 1942 3612 2012 sepulcris
3644 1956 3778 1996 con-

2185 2037 2298 2093 dita
2324 2038 2466 2092 sicut
2492 2035 2662 2091 Deum
2695 2036 3005 2100 adoramus,
3021 2048 3198 2104 neque
3218 2033 3299 2088 eis
3324 2031 3597 2088 sacriﬁcia
3625 2031 3781 2102 poni-

2187 2144 2328 2192 mus,
2361 2127 2505 2198 quod
2527 2134 2612 2182 est
2641 2126 2776 2182 adeo
2800 2124 3162 2181 abominabile
3188 2123 3331 2180 sicut
3353 2123 3615 2194 scriptum
3647 2131 3732 2177 est
3763 2139 3778 2174 :

2189 2219 2512 2288 Sacri/imus
2542 2217 2644 2273 diis
2667 2217 3025 2273 eradicabitur
3051 2216 3152 2270 nisi
3187 2215 3414 2271 Domino
3443 2216 3543 2271 soli
3568 2215 3771 2287 (Exod.

2186 2326 2327 2377 xxu,
2356 2309 2474 2384 20),
2510 2310 2607 2366 sed
2653 2317 2866 2364 tantum
2919 2324 3013 2364 eos
3041 2323 3272 2379 quorum
3301 2308 3505 2380 eﬂigies
3533 2308 3618 2362 vel
3648 2324 3773 2363 cor-

2186 2418 2320 2475 pora
2347 2413 2474 2457 sunt
2529 2402 2586 2456 in
2620 2401 2733 2457 Deo
2779 2415 3130 2465 veneramur,
3157 2407 3212 2455 ct
3242 2414 3338 2470 per
3384 2415 3576 2455 eorum
3602 2401 3776 2454 inter-

2189 2496 2464 2550 cessiones
2491 2494 2732 2550 divinum
2761 2493 2919 2548 nobis
2970 2493 3308 2563 poStulamus
3357 2492 3551 2547 adesse
3601 2490 3779 2546 subsi-

2188 2584 2359 2640 dium.
2394 2583 2548 2640 Unde
2577 2583 2906 2652 Augustinus
2927 2582 2983 2636 in
3008 2581 3146 2636 libro
3161 2596 3257 2634 vm
3281 2581 3348 2636 de
3373 2579 3605 2636 Civitate
3633 2580 3734 2635 Dei
3762 2599 3776 2633 :

2196 2696 2214 2729 ‹
2260 2677 2331 2733 Ut
2365 2677 2618 2732 videlicet
2638 2679 2730 2747 qui
2758 2677 2875 2731 haec
2905 2673 3090 2746 legunt
3134 2673 3316 2728 animo
3343 2689 3374 2727 a
3400 2672 3560 2727 nobis
3592 2687 3782 2727 averso

2191 2777 2354 2838 atque
2401 2781 2662 2837 perverso
2693 2773 2886 2836 putent
2910 2780 2941 2819 a
2971 2764 3200 2836 paganis
3248 2764 3424 2820 cultos
3452 2763 3624 2818 fuisse
3651 2763 3783 2819 deos

2193 2865 2248 2920 in
2277 2864 2514 2935 templis,
2545 2879 2577 2918 a
2617 2862 2774 2917 nobis
2823 2868 3006 2916 autem
3055 2859 3160 2915 coli
3215 2868 3460 2914 mortuos
3516 2859 3573 2912 in
3601 2857 3784 2928 sepul-

2192 2956 2319 3011 eris.
2369 2975 2387 3006 ι
2422 2955 2566 3009 Idem
2590 2961 2712 3024 post
2751 2966 2969 3024 pauca:
3008 2970 3026 3002 ‹
3065 2949 3269 3022 Nempe
3319 2949 3546 3020 spiritus
3597 2947 3780 3010 fallax,

2194 3049 2350 3120 cujus
2380 3048 2641 3103 instinctu
2671 3045 2900 3100 Hermes
2927 3043 3030 3097 ista
3056 3041 3291 3105 dicebat,
3321 3055 3422 3110 per
3455 3055 3582 3095 eum
3607 3039 3784 3109 ipsum

2191 3150 2416 3197 coactus
2439 3148 2523 3196 est
2551 3139 2796 3195 conﬁteri
2841 3136 2957 3206 jam
3014 3144 3144 3192 tunc
3175 3145 3378 3192 terram
3433 3133 3582 3188 illam
3608 3131 3786 3203 sepul-

2115 3207 2160 3270 (ἶ
2195 3248 2413 3289 crorum
2457 3239 2511 3286 et
2537 3239 2876 3287 mortuorum
2906 3243 3044 3298 quos
3065 3241 3165 3298 pro
3196 3227 3301 3282 diis
3329 3225 3589 3282 colebant
3616 3223 3784 3278 fuisse

2188 3325 2582 3398 plenissimam.
2614 3321 2724 3378 Sed
2773 3321 2926 3378 dolor
2965 3321 3268 3376 daemonum
3318 3333 3417 3389 per
3445 3332 3574 3374 eum
3602 3315 3787 3386 loque-

2186 3418 2369 3480 batur,
2432 3416 2558 3485 quia
2612 3429 2737 3469 suas
2797 3411 3009 3467 futuras
3039 3425 3231 3480 ptenas
3275 3411 3418 3478 apud
3467 3416 3786 3463 sanctorum

2175 3518 2488 3581 martyrum
2519 3507 2811 3562 memorias
2833 3506 3116 3560 imminere
3147 3502 3477 3557 maerebant.
3509 3500 3566 3554 in
3595 3499 3782 3554 multis

2185 3604 2333 3657 enim
2385 3601 2583 3656 talibus
2637 3598 2770 3652 locis
2825 3605 3146 3666 torquentur
3171 3602 3225 3649 et
3251 3593 3605 3654 conﬁtentur,
3636 3601 3692 3645 et
3721 3591 3786 3643 de

2176 3693 2452 3764 possessis
2507 3689 2789 3746 hominum
2828 3685 3166 3764 (corporibus
3195 3685 3508 3756 ejiciuntur.
3561 3683 3674 3738 Nec
3704 3690 3786 3737 ta-

2185 3762 2306 3838 men
2359 3797 2457 3836 nos
2515 3781 2722 3835 eisdem
2761 3762 3118 3848 martyribus,
3168 3775 3394 3846 templa,
3452 3774 3781 3838 sacerdotia,

2184 3891 2340 3930 sacra
2373 3883 2430 3928 et
2458 3871 2727 3927 sacriﬁcia
2757 3870 3140 3925 constituimus
3169 3886 3180 3923 :
3217 3868 3474 3939 quoniam
3508 3883 3616 3921 non
3651 3865 3782 3936 ipsi,

2183 3966 2278 4020 sed
2315 3964 2458 4018 Deus
2484 3976 2673 4018 eorum
2727 3961 2885 4015 nobis
2921 3968 3003 4014 est
3057 3960 3219 4014 Deus.
3278 3958 3624 4013 Honoramus
3649 3971 3786 4011 sane

2181 4055 2476 4112 memorias
2539 4067 2729 4107 eorum
2781 4061 3042 4121 tanquam
3099 4058 3414 4106 sanctorum
3484 4047 3777 4103 hominum

2181 4149 2300 4211 Dei,
2317 4147 2411 4217 qui
2439 4161 2610 4216 usque
2639 4146 2706 4199 ad
2733 4152 2966 4199 mortem
2995 4158 3284 4214 corporum
3314 4156 3534 4197 suorum
3557 4155 3657 4210 pro
3685 4154 3782 4193 vc-

2179 4243 2342 4296 ritate
2375 4245 2678 4303 certarunt,
2732 4245 2792 4291 ut
2847 4237 3215 4291 innotesceret
3252 4249 3381 4290 vera
3408 4232 3596 4303 religio
3625 4229 3788 4284 falsis

2179 4333 2430 4402 ﬁctisque
2475 4329 2757 4385 convictis.
2827 4327 2960 4395 Quis
3004 4336 3184 4382 autem
3225 4325 3430 4380 audivit
3483 4322 3786 4393 aliquando

2187 4425 2426 4480 ﬁdelium
2452 4431 2688 4478 stantem
2710 4421 3047 4476 sacerdotem
3090 4420 3157 4475 ad
3187 4418 3381 4483 altare,
3423 4417 3590 4472 etiam
3616 4431 3790 4487 super

2177 4525 2423 4574 sanctum
2469 4530 2666 4585 corpus
2696 4513 2952 4585 martyris
3005 4513 3072 4568 ad
3109 4513 3203 4568 Dei
3239 4513 3502 4567 honorem
3549 4509 3790 4564 cultum-

2179 4625 2287 4680 que
2337 4615 2729 4672 constructum,
2783 4607 2966 4661 dicere
2985 4605 3040 4660 in
3093 4605 3391 4675 precibus:
3447 4601 3628 4659 Ollero
3684 4601 3787 4656 tibi

2183 4701 2535 4763 sacriﬁcium,
2594 4699 2772 4764 Petre,
2827 4697 2911 4752 vel
2962 4698 3148 4764 Paule,
3208 4698 3294 4751 vel
3319 4696 3606 4768 Cypriane,
3644 4710 3786 4750 cum

2181 4793 2323 4864 apud
2370 4805 2560 4846 eorum
2601 4789 2894 4845 memorias
2951 4787 3214 4843 offeratur
3267 4787 3400 4852 Deo,
3437 4786 3527 4857 qui
3582 4800 3685 4839 eos
3720 4795 3779 4840 et

2182 4889 2432 4944 homines
2461 4893 2516 4940 et
2547 4894 2813 4955 martyres
2841 4882 2971 4938 fecit
3003 4891 3057 4938 et
3091 4881 3301 4936 sanctis
3326 4879 3531 4952 angelis
3560 4878 3784 4934 caelesti

2185 4980 2396 5034 honore
2447 4976 2715 5041 sociavit;
2759 4982 2819 5028 ut
2868 4988 2930 5028 ea
2961 4971 3277 5027 celebritate
3298 4978 3354 5024 et
3406 4969 3516 5023 Deo
3539 4983 3680 5022 vero
3711 4967 3782 5020 de

2189 5069 2401 5123 illorum
2427 5066 2674 5120 victoriis
2706 5065 2908 5136 gratias
2934 5078 3157 5134 agamus
3199 5070 3256 5116 et
3281 5076 3379 5115 nos
3401 5060 3468 5114 ad
3515 5058 3788 5112 imitatio-

2188 5177 2310 5216 nem
2347 5159 2534 5214 talium
2561 5174 2885 5214 coronarum
2915 5167 3078 5227 atque
3126 5155 3432 5226 palmarum
3473 5151 3672 5207 eodem
3699 5152 3788 5206 in-

2186 5261 2378 5308 vocato
2407 5254 2460 5308 in
2487 5252 2746 5306 auxilium
2782 5267 2850 5306 ex
2879 5251 3093 5306 illorum
3119 5249 3394 5305 memoria
3421 5248 3787 5302 renovatione

2187 5345 2557 5400 adhortemur.
2596 5343 2940 5412 Quaecunque
2976 5344 3139 5413 igitur
3185 5339 3509 5396 adhibentur
3553 5338 3789 5408 religio-

2185 5451 2367 5490 sorum
2398 5436 2657 5506 obsequia
2687 5435 2740 5490 in
2777 5444 3078 5506 martyrum
3106 5432 3259 5498 locis,
3289 5438 3616 5488 ornamenta
3646 5441 3786 5486 sunt

2181 5529 2589 5592 memoriarum,
2642 5541 2750 5582 non
2777 5543 2932 5583 sacra
2984 5526 3069 5582 vel
3110 5525 3384 5582 sacriﬁcia
3429 5531 3784 5580 mortuorum

2183 5628 2444 5690 tanquam
2475 5620 2716 5675 deorum.
2754 5640 2773 5673 ι
2820 5620 2974 5676 Unde
3009 5619 3372 5692 Hieronymus
3398 5619 3465 5674 ad
3486 5616 3784 5686 Riparium

2181 5712 2559 5783 presbyterum
2591 5711 2836 5768 scribens
2880 5720 3071 5768 contra
3095 5711 3447 5783 Vigilantium
3479 5726 3494 5763 :
3529 5726 3548 5759 ι
3587 5706 3785 5764 Acce-

2183 5803 2289 5874 ptis
2310 5803 2546 5873 primum
2579 5803 2775 5858 litteris
2812 5804 2923 5862 tuis
2949 5819 3056 5861 non
3115 5803 3448 5876 respondene
3496 5798 3778 5870 superbia:
