4006 6474
231 374 324 435 673

1206 352 1336 414 LIB.
1375 353 1746 413 ADVERSUS
1784 354 2142 414 CLAUDIUM
2180 356 2458 416 TAURIN.

3362 369 3473 431 ιη

232 500 304 550 αι
330 503 345 544 :
375 479 718 555 respondere,
745 473 1087 536 temeritatis.
1120 473 1199 530 De
1234 475 1322 530 his
1341 474 1488 529 enim
1516 474 1678 529 rebus
1702 473 1784 527 in-
1811 477 1865 535 Α
1889 481 2073 528 nostra
2110 489 2259 528 arma
2308 474 2609 545 iniquitatis
2656 485 2904 548 peccato,
2936 481 3031 537 sed
3062 493 3214 540 arma
3232 483 3463 555 ῇιιειίιίω

235 594 455 651 temgas
483 589 617 646 quas
643 582 699 628 et
719 570 986 644 proferre,
1013 579 1069 625 et
1095 567 1283 623 audire
1305 566 1650 637 sacrilegium
1674 575 1778 622 est.

227 675 313 732 Ais
359 666 696 741 Vigilantium
745 665 837 734 qui
882 665 1012 720 κατὰ
1061 665 1379 737 ἀντίφρασιν,
1429 663 1533 716 hoc
1561 669 1785 716 vocatur

227 761 427 821 nomine
454 757 600 828 (nam
628 754 1022 811 Dormitantius
1045 753 1250 809 rectius
1277 752 1595 826 diceretur),
1622 769 1684 808 os
1710 753 1787 808 fe-

228 855 380 910 tidum
410 863 597 904 rursus
623 847 834 916 aperire
869 853 926 901 et
952 851 1203 915 putorem
1227 845 1636 914 spurcissimum
1659 860 1786 900 con-

230 953 302 998 tra
325 949 623 996 sanctorum
667 945 965 1008 martyrum
989 935 1235 1008 proferre
1268 935 1564 1008 reliquias;
1601 943 1656 989 et
1683 951 1783 990 nos

223 1034 302 1104 qui
329 1047 414 1087 eas
441 1030 799 1100 suscepimus,
830 1029 1103 1101 appellare
1134 1030 1430 1084 cinerarios
1473 1037 1528 1084 et
1560 1031 1781 1086 idolola-

225 1135 344 1185 tras.
376 1121 463 1193 qui
521 1129 857 1176 mortuorum
899 1121 1176 1182 hominum
1207 1137 1330 1176 ossa
1358 1137 1703 1178 veneramur.
1735 1121 1781 1178 Ο

222 1214 469 1271 infelicem
503 1213 775 1267 hominem
805 1219 861 1268 et
888 1213 1032 1267 omni
1063 1213 1424 1284 lacrymarum
1456 1213 1602 1268 fonte
1627 1214 1780 1285 plan-

222 1307 456 1378 gendum,
513 1305 605 1376 qui
655 1307 769 1360 haec
798 1306 984 1360 dicens
1014 1320 1122 1360 non
1169 1321 1227 1360 se
1256 1305 1505 1376 intelligit
1533 1321 1654 1360 csse
1682 1304 1781 1361 Sa-

217 1399 532 1454 maritanum
560 1407 615 1453 et
639 1397 903 1462 Judaeum,
931 1398 1022 1468 qui
1051 1413 1279 1468 corpora
1321 1406 1656 1453 mortuorum
1682 1415 1781 1469 pro

217 1488 490 1543 immundis
527 1488 726 1543 habent
754 1498 808 1544 et
833 1489 998 1544 etiam
1019 1505 1150 1544 vasa
1180 1505 1300 1560 quae
1329 1490 1383 1544 in
1411 1491 1599 1546 eadem
1623 1492 1781 1546 domo

213 1583 419 1648 fuerint,
471 1584 638 1654 pollui
671 1586 1064 1654 suspicantur:
1108 1593 1396 1654 sequentes
1443 1585 1779 1640 occidentem

211 1672 426 1728 litteram
482 1681 540 1728 et
575 1689 681 1728 non
719 1674 967 1744 spiritum
1015 1673 1401 1728 vivificantem.
1453 1672 1564 1727 Nos
1599 1681 1778 1726 autem

210 1781 303 1822 nou
329 1767 448 1822 dico
500 1776 805 1839 martyrum
857 1757 1139 1837 reliquias,
1191 1766 1288 1821 sed
1338 1781 1406 1820 ne
1456 1766 1625 1821 solem
1659 1766 1778 1835 qui-

1888 565 2019 630 Deo,
2052 566 2374 622 sacrificium
2429 575 2536 634 est,
2566 568 2634 625 ad
2662 571 2808 641 quod
2857 573 3154 630 exhortans
3187 583 3465 648 apostolus

1888 658 2008 714 ait:
2041 658 2264 713 Obsecro
2318 660 2493 731 itaque
2536 677 2644 726 vos,
2677 660 2891 731 fratres,
2940 681 3034 734 per
3072 667 3465 728 miserationem

1888 751 2006 817 Dei,
2037 761 2095 805 ut
2123 753 2410 808 exhibeatis
2441 768 2661 824 corpora
2683 763 2848 808 uestra
2866 754 3094 809 hostiam
3119 758 3310 825 vivam,
3333 778 3463 817 sart-

1885 854 2047 912 ctam,
2085 846 2196 901 Deo
2216 847 2526 918 placentem,
2556 847 2818 902 rationale
2845 848 3148 919 obsequium
3197 862 3460 910 nostrum.

1886 937 1944 994 Si
1973 953 2102 1009 ergo
2131 954 2330 1011 corpus
2357 956 2465 1010 quo
2519 939 2774 995 inferiore
2822 947 3077 1010 tanquam
3128 940 3346 1008 famulo,
3375 945 3461 1000 vel

1887 1039 2140 1102 tanquam
2170 1032 2530 1087 instrumento
2562 1032 2732 1086 utitur
2759 1032 2960 1096 anima,
2992 1048 3116 1087 cum
3147 1031 3265 1102 ejus
3287 1035 3464 1090 bonus

1882 1132 1939 1180 et
1985 1131 2164 1179 rectus
2219 1139 2350 1178 usus
2384 1125 2451 1178 ad
2504 1123 2791 1178 Dominum
2840 1123 3096 1189 refertur,
3133 1124 3462 1180 sacrificium

1883 1223 1996 1282 est;
2053 1221 2256 1285 quanto
2313 1214 2488 1284 magis
2541 1214 2722 1268 anima
2771 1214 2886 1282 ipsa
2942 1229 3064 1269 cum
3093 1228 3152 1268 se
3189 1213 3355 1269 refert
3393 1215 3462 1269 ad

1881 1309 2071 1374 Deum,
2101 1323 2220 1378 qua:
2252 1308 2455 1362 amoris
2500 1307 2619 1377 ejus
2674 1321 2905 1362 accensa
2949 1306 3176 1362 formam
3206 1308 3464 1377 concupi-

1881 1402 2101 1458 scentiae
2128 1401 2402 1456 saecularis
2425 1400 2666 1463 amittat,
2696 1400 2855 1470 eique
2879 1411 3138 1470 tanquam
3169 1401 3463 1455 incommu-

1883 1495 2029 1551 tabili
2082 1493 2269 1549 forma:
2321 1492 2534 1547 subdita
2578 1489 2929 1556 reformetur,
2984 1491 3110 1545 hinc
3135 1491 3184 1545 ei
3240 1491 3460 1560 placens

1881 1588 2022 1660 quod
2045 1605 2113 1643 ex
2134 1587 2250 1656 ejus
2270 1587 2672 1656 pulchritudine
2693 1586 2985 1656 acceperit,
3013 1587 3084 1641 sit
3108 1586 3456 1641 sacrificium.

1879 1681 2034 1748 Quod
2065 1682 2206 1735 idem
2257 1679 2530 1751 apostolus
2577 1686 2970 1748 consequenter
3019 1677 3318 1749 adjungens
3346 1697 3358 1732 :
3391 1677 3459 1732 Et

1881 1773 2060 1837 nolite,
2103 1773 2294 1842 inquit.
2337 1771 2661 1841 conformari
2714 1770 2929 1835 steculo,
2979 1771 3068 1825 sed
3101 1770 3460 1839 reformamini

211 1856 318 1910 dem
345 1865 400 1911 et
425 1855 636 1922 lunam,
665 1872 772 1912 non
808 1855 1026 1927 angelos
1051 1896 1066 1921 ,
1119 1871 1226 1910 non
1265 1855 1638 1926 archangelos,
1670 1870 1778 1910 non

1881 1867 1936 1919 in
1959 1866 2184 1919 novitate
2215 1864 2401 1918 mentis
2429 1874 2610 1918 vestra:
2639 1864 2707 1918 ad
2756 1863 3084 1933 probandum
3113 1879 3221 1926 vos,
3245 1878 3361 1932 qua:
3393 1861 3458 1915 sit

206 1947 490 2016 seraphim,
523 1963 631 2002 non
677 1947 958 2002 cherubim
990 1953 1044 2001 et
1073 1961 1234 2001 omne
1285 1959 1482 2000 nomen
1509 1944 1651 2014 quod
1681 1959 1777 1998 no-

206 2034 430 2089 minatur
455 2044 512 2090 et
539 2036 595 2090 in
641 2036 895 2106 prmsenti
949 2035 1148 2090 saeculo
1177 2042 1232 2089 et
1261 2036 1314 2089 in
1344 2033 1524 2090 futuro
1549 2034 1775 2089 colimus

207 2134 252 2178 et
276 2126 586 2191 adoramus,
623 2142 691 2182 ne
735 2127 1037 2182 serviamus
1072 2135 1336 2181 creatura:
1376 2126 1557 2196 potius
1611 2141 1774 2195 quam

203 2217 428 2273 Creatori
459 2219 555 2288 qui
609 2226 695 2274 est
747 2218 1058 2274 benedictus
1090 2219 1143 2274 in
1173 2218 1389 2274 szecula.
1432 2218 1775 2274 Honoramus

204 2316 368 2363 autem
397 2308 662 2379 reliquias
691 2317 1012 2382 martyrum,
1044 2317 1103 2365 ut
1132 2325 1256 2364 eum
1281 2309 1436 2380 cujus
1463 2317 1590 2365 sunt
1623 2325 1772 2364 mar-

200 2413 333 2475 tyres
383 2405 696 2460 adoremus.
730 2404 1072 2461 Honoramus
1121 2421 1330 2468 servos,
1384 2415 1443 2460 ut
1473 2405 1557 2460 vel
1601 2405 1775 2460 honor

200 2509 464 2549 servorum
503 2495 770 2550 redundet
818 2495 886 2549 ad
931 2495 1240 2559 Dominum,
1275 2495 1367 2564 qui
1399 2495 1476 2548 ait
1505 2513 1518 2548 :
1554 2494 1658 2560 Qui
1687 2511 1774 2549 vos

199 2587 422 2656 suscipit,
480 2604 567 2640 me
629 2589 865 2658 suscipit.
905 2607 926 2640 ι
972 2585 1106 2642 Item
1161 2587 1526 2658 llieronymus
1583 2597 1776 2642 contra

200 2679 434 2735 eumdem
497 2678 848 2752 Vigilantium
881 2699 893 2734 :
928 2699 946 2732 ι
981 2679 1114 2746 Quis
1155 2680 1321 2743 enim,
1348 2695 1382 2733 o
1410 2681 1658 2734 insanum
1686 2695 1777 2735 ca-

196 2782 302 2842 put,
342 2774 638 2844 aliquando
686 2782 955 2844 martyres
1013 2773 1306 2828 adoravit?
1335 2772 1467 2840 Quis
1501 2761 1781 2827 hominem.

195 2863 390 2933 putavit
429 2865 651 2920 Deum?
684 2863 875 2920 Nonne
925 2863 1125 2918 Paulus
1167 2873 1221 2919 et
1261 2863 1540 2918 Barnabas
1590 2877 1714 2918 cum
1744 2877 1775 2917 a

194 2952 530 3027 Lycaonibus
555 2955 766 3028 Jupiter
814 2967 870 3013 et
904 2957 1202 3012 Mercurius
1232 2965 1571 3028 putarentur,
1608 2963 1669 3010 ut
1695 2954 1775 3010 eis

194 3047 387 3103 vellent
422 3049 636 3104 hostias
661 3048 964 3114 immolare,
1003 3048 1284 3104 sciderunt
1308 3047 1630 3103 vestimenta
1653 3061 1773 3111 sua,

195 3146 244 3192 et
276 3155 333 3196 se
367 3140 618 3196 homines
663 3154 804 3205 esse,
856 3139 1153 3195 dixerunt?
1189 3137 1308 3193 Non
1363 3153 1470 3208 quo
1519 3136 1773 3193 meliores

1877 1955 2118 2010 voluntas
2143 1954 2264 2020 Dei,
2298 1953 2438 2026 quod
2468 1955 2682 2018 bonum,
2713 1963 2761 2007 et
2787 1952 3166 2022 beneplacitum
3209 1961 3257 2005 et
3285 1951 3459 2021 perfe-

1878 2061 2038 2105 ctum.
2071 2047 2206 2103 Nam
2233 2048 2278 2102 si
2330 2048 2405 2101 ita
2433 2046 2567 2101 viles
2625 2054 2681 2101 et
2715 2046 2980 2115 despecta:
3027 2031 3168 2098 sunt
3219 2042 3464 2120 reliquiae

1877 2149 2176 2212 martyrum
2229 2139 2512 2202 habendae,
2549 2146 2608 2193 ut
2640 2138 2691 2192 in
2757 2135 2904 2191 nullo
2934 2151 2964 2189 a
3016 2133 3370 2188 cadaveribus
3399 2138 3459 2188 et

1876 2231 2090 2288 ossibus
2115 2232 2396 2287 brutorum
2427 2229 2628 2284 distent
2663 2226 2998 2288 animalium,
3032 2224 3327 2280 Christiani
3361 2223 3464 2277 im-

1875 2334 2178 2396 peratores,
2201 2331 2257 2378 et
2283 2337 2471 2376 omnes
2494 2320 2752 2390 episcopi,
2774 2319 3062 2387 cunctique
3083 2316 3454 2372 Ecclesiarum

1875 2416 2078 2488 populi,
2113 2425 2225 2471 tam
2253 2414 2415 2471 stulte
2459 2422 2515 2470 et
2541 2413 2803 2483 sacrilege
2841 2412 3235 2466 convincentur
3260 2409 3458 2482 egisse,

1877 2517 2138 2579 quantum
2165 2522 2260 2562 eas
2289 2505 2578 2575 aliquando
2607 2520 2728 2559 cum
2753 2502 2943 2572 majori
2975 2500 3270 2555 ambitione
3297 2513 3456 2553 reve-

1877 2598 2212 2669 rentiorique
2242 2596 2507 2667 dignitate
2555 2593 2900 2649 transtulisse
2954 2599 3115 2660 atque
3161 2590 3462 2644 honorasse

1876 2693 2143 2749 videntur.
2178 2691 2316 2745 Hinc
2343 2697 2568 2746 sanctus
2612 2686 2974 2758 Hieronymus
3001 2696 3190 2740 contra
3223 2681 3462 2753 Vigilan-

1877 2786 2053 2840 tium:
2093 2801 2112 2834 ‹
2149 2781 2292 2852 Ergo
2329 2780 2626 2850 sacrilegus
2652 2778 2756 2833 fuit
2797 2777 3183 2833 Constantinus
3231 2774 3462 2843 impera-

1875 2885 1984 2942 tor,
2009 2875 2103 2946 qui
2132 2882 2348 2930 sanctas
2401 2871 2660 2942 reliquias
2711 2869 2959 2933 Andreae,
2986 2867 3167 2931 Lucae,
3195 2873 3251 2920 et
3273 2863 3463 2920 Timo-

1877 2966 1988 3022 thei
2025 2964 2308 3020 transtulit
2345 2959 2894 3030 Constantinopolim,
2932 2957 3070 3029 apud
3096 2971 3232 3027 quas
3260 2955 3461 3011 daemo-

1875 3076 1974 3116 nes
1997 3060 2217 3131 rugiunt
2249 3066 2307 3114 et
2330 3057 2669 3111 habitatores
2713 3051 2989 3124 Vigilantii
3017 3051 3230 3106 illorum
3253 3065 3314 3105 se
3339 3065 3461 3105 sen-

1877 3150 1984 3205 tire
2011 3149 2356 3220 prtesentiam
2403 3136 2732 3201 confitentur
2757 3161 2772 3198 :
2803 3142 3101 3213 sacrilegus
3129 3141 3388 3196 dicendus
3408 3149 3467 3193 et

193 3244 289 3284 ηοη
315 3241 503 3288 essent
532 3232 662 3288 Olim
679 3233 910 3288 ηιονῑιιίε
934 3229 1416 3294 Ῑιοηιῖηίδῑιενιῖονθ
1444 3239 1608 3300 alque
1632 3229 1774 3284 ΜΘΓ-
1801 3209 1845 3271 C
1876 3209 2027 3297 nunc
2043 3241 2321 3312 Augustus
2344 3235 2631 3300 Arcadius,
2656 3235 2746 3305 qui
2769 3249 2895 3289 ossa
2918 3234 2977 3287 Β.
3008 3209 3276 3286 Samuelis
3301 3231 3465 3302 longo

191 3324 358 3389 curio,
385 3325 482 3380 sed
507 3341 616 3395 quo
656 3325 758 3380 sub
781 3325 1098 3396 gentilitatis
1151 3339 1337 3379 errore
1368 3325 1542 3378 honor
1569 3322 1771 3378 eisdem

190 3415 293 3472 Deo
346 3419 566 3475 debitus
615 3419 941 3484 deferretur,
992 3420 1135 3489 quod
1163 3417 1312 3474 etde
1340 3417 1503 3472 Petro
1546 3417 1775 3486 legimus

191 3507 282 3576 qui
323 3507 636 3563 Cornelium
689 3525 748 3564 se
801 3510 1028 3564 adorare
1063 3511 1367 3578 cupientem
1405 3523 1566 3562 manu
1598 3505 1778 3560 suble-

187 3600 354 3663 vavit,
388 3608 448 3654 et
474 3601 610 3653 dixit
635 3618 648 3653 :
681 3599 874 3670 Surge,
902 3617 1021 3653 nam
1051 3611 1098 3653 et
1127 3617 1219 3669 ego
1242 3599 1396 3652 homo
1419 3615 1554 3651 sum.
1592 3617 1610 3650 ›
1642 3596 1776 3650 Item

186 3689 355 3740 verba
398 3688 682 3755 epistolae:
722 3708 740 3739 ‹
777 3689 936 3747 Certe
962 3691 1007 3743 si
1038 3690 1296 3743 adorandi
1351 3688 1579 3742 fuissent
1605 3688 1778 3742 homi-

184 3792 302 3842 nes,
338 3778 453 3830 vivi
491 3780 670 3848 potius
697 3795 860 3849 quam
905 3782 1102 3835 mortui
1133 3780 1396 3835 adorandi
1438 3793 1558 3834 esse
1586 3778 1782 3833 debue-

189 3877 330 3922 runt.
351 3868 410 3922 ld
431 3879 536 3933 est,
555 3871 643 3923 ubi
669 3871 1077 3926 similitudinem
1103 3871 1197 3925 Dei
1216 3871 1432 3933 habent,
1455 3886 1560 3923 non
1579 3869 1667 3923 ubi
1693 3885 1778 3939 pe-

190 3975 376 4015 corum
400 3961 488 4015 vel
511 3962 654 4031 quod
678 3963 859 4016 verius
883 3971 964 4017 est
990 3963 1225 4033 lapidum
1260 3961 1343 4016 vel
1371 3963 1641 4032 lignorum
1667 3961 1775 4014 vita

194 4067 352 4108 sensu
386 4062 445 4108 et
471 4054 682 4108 ratione
703 4063 1001 4110 carentem.
1031 4055 1074 4110 0
1124 4053 1467 4124 profundam,
1506 4053 1774 4117 rabidam,

194 4143 552 4216 insanamque
601 4146 888 4201 stultitiam
940 4153 995 4201 et
1031 4145 1492 4200 dementissimam
1545 4145 1778 4198 ebrieta-

195 4243 295 4290 tem
334 4237 797 4306 vanissimamque
823 4238 1320 4306 praesumptionem,
1348 4251 1574 4306 corpora
1595 4236 1778 4290 beato-

196 4341 307 4380 rum
339 4327 567 4388 Christi,
602 4327 971 4396 apostolorum
1009 4342 1074 4381 ac
1116 4334 1428 4381 sanctorum
1481 4334 1776 4394 martyrum

197 4422 550 4476 cadaveribus
570 4434 854 4490 pecorum,
883 4419 1044 4490 lignis
1071 4419 1446 4488 lapidibusque
1471 4433 1533 4472 ea
1561 4429 1780 4485 arquare

197 4516 248 4562 et
278 4525 599 4580 comparare
629 4523 726 4580 per
779 4524 899 4580 quae
932 4508 1127 4564 divinae
1175 4506 1338 4562 verba
1375 4505 1780 4577 praedicationis

202 4605 342 4671 quasi
364 4619 467 4674 per
495 4619 654 4658 sacra
679 4618 884 4674 organa
932 4601 1132 4656 mundo
1163 4602 1535 4663 intonuerunt,
1568 4600 1622 4654 in
1653 4598 1774 4669 qui-

199 4691 293 4748 bus
330 4711 506 4764 usque
560 4695 627 4749 ad
656 4694 1098 4766 gloriosissimam
1154 4694 1402 4764 martyrii
1462 4701 1689 4747 mortem
1726 4699 1780 4746 et

201 4786 401 4856 palmas
446 4787 808 4856 triumphales
857 4793 1045 4839 contra
1100 4784 1372 4838 diabolum
1425 4781 1650 4851 ejusque
1686 4797 1780 4851 pa-

203 4884 330 4932 trem
359 4895 460 4949 pro
487 4877 711 4932 Christo
767 4877 896 4932 totis
937 4875 1332 4929 dimicaverunt
1383 4872 1609 4936 viribus,
1638 4871 1781 4925 unde

203 4966 328 5022 viva:
391 4970 590 5024 hostiae
639 4977 694 5023 et
757 4966 1122 5037 placidissima
1182 4962 1780 5033 acceptabilissimaque

204 5055 306 5114 Deo
331 5061 601 5117 sacrificia
629 5074 748 5114 esse
772 5066 1104 5113 meruerunt.
1140 5075 1158 5108 ›
1191 5055 1327 5110 Hinc
1358 5061 1580 5108 sanctus
1601 5051 1781 5121 Augu-

204 5150 372 5206 stinus
401 5154 470 5206 10
517 5152 655 5206 libro
689 5152 755 5205 de
783 5151 1016 5205 Civitate
1039 5149 1131 5203 Dei
1163 5165 1175 5200 :
1237 5165 1256 5197 ‹
1293 5146 1446 5202 Unde
1477 5146 1592 5215 ipse
1618 5143 1781 5197 homo

208 5236 296 5292 Dei
332 5242 556 5296 nomine
583 5249 952 5304 consecratus,
987 5239 1039 5292 in
1069 5245 1330 5306 quantum
1378 5236 1577 5290 mundo
1617 5233 1783 5288 mori-

210 5339 290 5386 tur
317 5343 376 5389 ut
404 5336 520 5391 Deo
556 5338 705 5390 vivat
731 5334 1058 5390 sacrificium
1082 5339 1184 5387 est.
1222 5330 1357 5384 Nam
1383 5339 1435 5385 et
1461 5331 1565 5384 hoc
1587 5329 1653 5382 ad
1682 5328 1784 5381 mi-

208 5425 558 5482 sericordiam
587 5427 826 5497 pertinet
877 5439 1039 5492 quam
1071 5421 1299 5490 quisque
1325 5420 1378 5473 in
1409 5435 1465 5474 se
1500 5420 1678 5488 ipsum
1705 5417 1786 5472 fa-

208 5516 296 5581 cit,
345 5529 635 5589 propterea
684 5518 943 5586 scriptum
991 5522 1112 5568 est:
1167 5511 1416 5566 Miserere
1451 5511 1640 5564 anima:
1682 5517 1786 5562 tua:

209 5605 414 5674 placens
445 5610 572 5663 Deo.
605 5609 813 5678 Corpus
842 5606 1004 5661 etiam
1031 5611 1278 5661 nostrum
1332 5617 1456 5658 cum
1481 5609 1788 5671 temperan-

213 5698 283 5752 tia
311 5703 665 5770 castigamus,
706 5701 750 5755 si
779 5701 884 5755 hoc
911 5695 1361 5768 quemadmodum
1382 5693 1640 5748 debemus
1662 5705 1789 5762 pro-

212 5797 327 5856 pter
376 5792 548 5849 Deum
593 5793 840 5857 facimus,
891 5797 952 5846 ut
1006 5804 1114 5862 non
1159 5786 1512 5845 exhibeamus
1545 5785 1787 5842 membra

1873 3341 1998 3404 post
2021 3340 2261 3400 tempore
2285 3330 2351 3383 de
2384 3327 2569 3383 Iudaea
2601 3327 2880 3382 transtulit
2921 3325 3230 3380 Thraciam.
3261 3323 3464 3378 Omnes

1875 3422 2116 3494 episcopi
2147 3437 2255 3476 non
2287 3420 2459 3474 solum
2505 3417 2751 3486 sacrilegi
2799 3417 2890 3470 sed
2919 3424 2974 3470 et
3001 3414 3134 3469 fatui
3160 3413 3463 3484 iudicandi,

1877 3513 1969 3582 qui
2008 3526 2122 3564 rem
2167 3509 2485 3563 vilissimam
2512 3515 2568 3561 et
2615 3507 2825 3560 cineres
2860 3504 3154 3558 dissolutos
3183 3503 3237 3556 in
3279 3501 3463 3555 serico

1879 3611 1934 3657 et
1957 3616 2086 3656 vase
2115 3614 2279 3654 aureo
2321 3604 2674 3668 portaverunt
2698 3612 2712 3660 ;
2748 3594 2898 3649 stulti
2926 3594 3168 3647 omnium
3197 3590 3461 3645 Ecclesia-

1881 3713 1999 3752 rum
2056 3695 2237 3766 populi
2294 3694 2388 3762 qui
2444 3700 2802 3749 occurrerunt
2853 3689 3058 3745 sanctis
3101 3688 3366 3756 reliquiis,
3409 3693 3464 3740 et

1880 3796 2032 3843 tanta
2062 3787 2246 3840 laetitia
2283 3785 2438 3854 quasi
2469 3791 2810 3854 praesentem,
2855 3781 3236 3848 viventemque
3266 3793 3462 3833 cerne—

1880 3888 2001 3934 rent
2027 3885 2404 3947 susceperunt,
2447 3882 2506 3928 ut
2541 3875 2606 3928 de
2633 3873 2918 3927 Palaestina
2963 3885 3135 3940 usque
3164 3867 3466 3924 Chalcedo-

1879 3987 2003 4026 nem
2045 3968 2403 4040 jungerentur
2461 3964 2785 4035 populorum
2821 3963 3094 4026 examina,
3143 3968 3197 4014 et
3230 3960 3281 4013 in
3308 3957 3468 4014 Chri-

1879 4064 1946 4120 sti
1978 4063 2165 4117 laudes
2196 4077 2300 4115 una
2326 4075 2457 4115 voce
2485 4058 2846 4113 resonarent?
2875 4055 3079 4124 Nempe
3107 4067 3342 4122 superna
3371 4065 3462 4105 co-

1879 4156 2103 4210 mitante
2133 4153 2327 4224 gratia,
2361 4153 2652 4220 divinaque
2699 4165 2864 4202 manu
2917 4145 3156 4215 quotidie
3207 4147 3467 4211 Operante

1880 4244 1932 4298 in
1962 4243 2052 4297 illo
2084 4243 2278 4296 itinere
2316 4241 2728 4310 quibuscunque
2773 4238 2908 4291 locis
2936 4237 3052 4304 ipsa
3083 4239 3268 4285 sancta
3300 4242 3467 4282 onera

1881 4334 2294 4404 deponebantur
2321 4332 2407 4384 vel
2434 4330 2768 4392 residebant,
2817 4327 2903 4381 vel
2953 4325 3263 4382 manebant,
3310 4322 3466 4391 signa

1883 4436 1938 4482 et
1964 4424 2225 4480 miracula
2249 4423 2551 4479 caelestium
2574 4421 2936 4476 coruscabant
2961 4418 3244 4479 virtutum,
3273 4416 3326 4470 in
3348 4413 3468 4483 qui-

1882 4519 1984 4574 bus
2031 4517 2283 4572 omnibus
2335 4515 2594 4586 posthac
2649 4512 2886 4568 basilica:
2939 4508 3284 4577 oratoriaque
3341 4512 3470 4561 sunt

1881 4619 2196 4667 constructa
2236 4624 2356 4678 qua:
2391 4608 2580 4663 eadem
2628 4606 2918 4661 sanitatum
2955 4602 3127 4673 gratia
3163 4615 3332 4669 usque
3365 4600 3466 4654 bo-

1883 4705 1971 4759 die
1991 4702 2195 4773 jugiter
2242 4701 2488 4756 nobilitat
2517 4708 2573 4754 et
2619 4697 3034 4754 decorosissime
3061 4701 3312 4756 exornat,
3337 4692 3464 4762 quin

1882 4797 2044 4850 etiam
2070 4793 2289 4864 plurimi
2319 4793 2675 4847 comitantum
2715 4789 2888 4844 sancti
2913 4798 2969 4842 et
3001 4787 3186 4841 fideles
3211 4785 3315 4838 viri
3347 4783 3464 4852 epi-

1884 4888 2033 4956 scopi
2054 4896 2108 4940 et
2136 4887 2358 4940 abbates
2410 4884 2701 4951 caeterique
2729 4879 2966 4950 religiosi
3021 4878 3261 4932 seniores
3286 4883 3470 4944 postu—

1883 4979 2134 5033 laverant
2173 4974 2470 5046 particulas
2492 4975 2558 5028 de
2583 4972 2786 5027 sanctis
2807 4972 2908 5025 sibi
2934 4971 3098 5025 tribui
3121 4965 3465 5036 corporibus,

1888 5075 1950 5122 ut
1978 5068 2352 5136 unusquisque
2387 5065 2488 5119 sibi
2522 5079 2584 5118 ea
2623 5064 2943 5118 charissima
2968 5057 3469 5132 pretiosissimaque

1887 5161 2113 5231 pignora
2162 5158 2435 5228 accipiens
2493 5157 2649 5227 quasi
2677 5157 2760 5212 sui
2813 5155 3118 5211 mercedem
3148 5148 3313 5204 ofdcii
3340 5161 3466 5215 pre-

1892 5251 2132 5320 tiumquc
2156 5250 2380 5314 laboris,
2410 5250 2478 5304 ad
2503 5265 2653 5304 suam
2678 5250 2942 5320 privatam
2966 5243 3196 5297 referret
3215 5239 3464 5301 domum;

1892 5343 2036 5414 quod
2063 5351 2118 5397 et
2155 5343 2501 5413 impetratum
2549 5349 2654 5405 est,
2687 5347 2742 5394 et
2792 5337 2872 5390 sic
2916 5334 3170 5398 deinceps
3201 5327 3379 5382 evenit
3409 5334 3469 5379 ut

1893 5445 1962 5498 de
2011 5440 2388 5496 minutissimis
2447 5438 2614 5509 guttis
2670 5436 2916 5503 ingentes
2973 5423 3228 5495 spiritalis
3282 5421 3467 5494 gratiae

1889 5535 2086 5602 fontes,
2117 5534 2463 5602 maximaque
2487 5530 2612 5582 vitae
2645 5528 2929 5580 manerent
2952 5518 3193 5574 flumina.

2194 5663 2342 5719 Unde
2371 5660 2632 5717 Paulinus
2668 5657 2741 5712 ait
2770 5656 2826 5709 in
2855 5652 3086 5709 carmine
3109 5651 3163 5708 9.

1862 5761 1864 5764 i
1891 5783 2029 5840 Nam
2053 5776 2442 5839 Constantinus
2473 5771 2677 5828 orourii
2702 5769 2830 5827 dum
2860 5766 3119 5826 conderet
3145 5761 3333 5822 urbem
