4006 6454
508 427 619 491 475

510 546 779 611 Nominis,
804 552 859 601 et
881 544 1091 615 primus"
1119 541 1361 599 Romano
1388 541 1444 598 in
1468 540 1690 598 nomine
1711 553 1900 611 regum

509 637 892 700 Christicolam
920 642 1136 707 gereret
1164 633 1403 689 divinum
1436 641 1617 688 mente
1644 632 1849 702 recepit

510 733 828 795 Consilium,
859 738 920 784 ut
944 729 1198 799 quoniam
1233 729 1488 783 Romana:
1511 725 1781 781 moenibus
1810 722 1980 786 urbis,

512 823 727 883 Emula
756 820 1056 891 magnificis
1085 824 1323 875 strueret
1344 826 1471 873 tunc
1493 816 1695 877 mania
1720 813 1933 884 coeptis.
2002 876 2008 883 .

511 917 607 975 His
644 928 859 988 quoque
882 914 1200 972 Romuleam
1243 918 1564 983 sequeretur
1605 909 1821 965 dotibus
1849 906 2039 963 urbem
2068 921 2083 959 :

511 1010 584 1068 Ut
609 1025 705 1065 sua
729 1006 1038 1081 apostolicis
1064 1004 1301 1061 muniret
1330 1003 1532 1057 moenia
1562 1001 1719 1083 laetus

509 1106 859 1176 Corporibus,
885 1112 1012 1160 tunc
1031 1104 1303 1159 Andream
1323 1099 1536 1156 devexit
1562 1098 1805 1163 Achivis,

511 1198 962 1269 Timothenmque
999 1195 1125 1251 Asia
1155 1212 1170 1248 :
1202 1193 1432 1263 geminis
1456 1192 1531 1247 ita
1558 1190 1797 1245 turribus
1816 1195 1969 1244 exsta

509 1288 1003 1360 Constantinopolis
1030 1298 1239 1357 magna:
1262 1294 1425 1357 caput
1450 1283 1642 1339 mmula
1669 1282 1872 1339 Romae.

511 1384 703 1438 Verius
727 1384 831 1437 hoc
853 1380 1044 1435 similis
1067 1381 1328 1435 Romanis
1352 1378 1591 1435 culmine
1619 1375 1791 1432 muris

508 1472 660 1539 Q‘IOii
687 1472 906 1527 Petrum
931 1471 1264 1541 Paulumque
1291 1470 1410 1541 pari
1439 1471 1578 1525 Deus
1603 1466 1898 1524 ambitione

507 1564 886 1635 Compensavit
914 1563 985 1626 ei,
1021 1564 1213 1617 meruit
1244 1563 1371 1633 quia
1397 1570 1614 1617 sumere
1636 1558 1788 1614 Pauli

507 1658 863 1727 Discipulum,
894 1672 1015 1712 cum
1044 1655 1214 1711 fratre
1240 1654 1389 1710 Petri
1411 1653 1526 1724 jam
1571 1660 1775 1724 quanta
1800 1667 1901 1725 per
1925 1652 2089 1708 istam

509 1750 833 1805 Sanctorum
865 1760 963 1819 per
983 1748 1143 1819 longa
1171 1748 1315 1803 viam
1340 1747 1573 1803 divortia
1604 1755 1765 1803 terrae

508 1843 747 1899 Creverit
783 1842 987 1897 utilitas
1009 1841 1077 1897 ad
1103 1840 1306 1897 nostra:
1328 1841 1511 1896 munia
1535 1842 1679 1896 vice.

506 1933 624 2003 Ipsa
656 1933 850 1986 docent
871 1932 1137 2007 horﬁeque
1161 1931 1279 1988 loca
1304 1932 1356 1985 in
1383 1933 1579 2001 quibus
1606 1931 1697 1987 ille
1727 1930 1869 1986 beati

506 2026 693 2082 Rhoda
724 2034 895 2097 capax
924 2026 1107 2083 oneris
1133 2027 1308 2097 posita
1333 2027 1566 2081 statione
1588 2026 1813 2082 resedit.

506 2116 853 2175 Omnihnsin
905 2121 1093 2190 spatiis
1120 2130 1442 2191 quacunque
1499 2129 1594 2176 aut
1621 2120 1834 2176 mansio
1883 2118 2090 2177 sanctis

505 2211 854 2283 Corporibus,
888 2214 1210 2283 requiesque
1233 2212 1331 2267 fuit
1356 2215 1701 2269 vectantibus
1720 2213 1865 2280 illos,

508 2303 769 2359 Sacratos
797 2305 1009 2359 cineres
1039 2306 1191 2359 miris
1221 2305 1510 2360 clamantia
1538 2306 1727 2378 signis.

504 2392 642 2453 Nam
668 2397 848 2453 divina
877 2410 1069 2453 manus
1101 2394 1305 2454 medica
1332 2398 1532 2455 virtute
1570 2412 1668 2469 per
1703 2412 1895 2457 omnes

504 2488 604 2544 Est
632 2486 740 2545 illic
768 2500 989 2558 operata
1019 2490 1156 2555 vias,
1189 2504 1295 2560 qua
1319 2504 1547 2563 corpora
1581 2500 1770 2548 sancta

504 2581 835 2652 lmpressere
860 2596 1015 2638 sacro
1042 2583 1267 2654 vestigia
1298 2583 1421 2639 viva
1445 2590 1647 2641 meatu.

504 2673 634 2729 Inde
664 2672 826 2744 igitur
855 2676 1115 2730 suadente
1141 2674 1245 2731 nde
1273 2676 1396 2729 data
1425 2676 1582 2747 copia
1604 2674 1748 2740 lldis,

510 2764 664 2820 ’l‘nnc
685 2764 943 2821 comitum
974 2765 1188 2830 studiis,
1228 2762 1474 2836 quaedam
1506 2774 1568 2821 ut
1595 2765 1699 2822 sibi
1733 2765 1958 2836 pignora
1979 2762 2093 2819 vel—

1886 2853 2023 2926 [ient

508 2943 731 3000 Ossibus
756 2959 788 3000 e
815 2945 1017 3000 sanctis
1040 2938 1238 3000 meruit
1264 2946 1555 3016 decerpere
1598 2944 1832 3001 fructum
1859 2964 1873 3000 :

508 3036 581 3094 Ut
615 3038 769 3107 quasi
796 3038 1099 3094 mercedem
1130 3036 1292 3095 ollicii
1318 3040 1661 3110 pretiumque
1688 3039 1893 3095 laboris

446 3165 453 3172 -
505 3130 759 3185 Praesidia
786 3133 853 3187 ad
884 3132 1093 3202 privata
1116 3133 1334 3189 domum
1358 3130 1460 3188 sibi
1485 3134 1713 3203 quisque
1743 3132 1998 3198 referret,

506 3216 588 3277 Eli
635 3216 747 3287 illo,
776 3223 918 3278 sacri
946 3214 1158 3280 cineres
1184 3226 1339 3295 quasi
1374 3226 1583 3280 semina
1608 3226 1735 3281 vitae

1823 420 2125 483 DUNGALI
2161 421 2452 478 RECLUSI
3139 493 3142 496 δ

2115 543 2165 602 Α
2191 537 2361 607 caligo
2391 536 2564 592 noctis
2606 510 2921 613 interpolat.
2953 516 3093 617 Ecce
3128 514 3247 591 veri
3275 516 3391 594 dies
3412 512 3563 611 {pleni
3607 514 3781 596 lumi-

3669 388 3790 478 iis

2187 628 2274 683 nis
2299 637 2355 682 et
2380 627 2603 691 fulgoris
2654 627 2891 703 interni,
2928 628 3021 703 qui
3074 644 3199 705 non,
3228 618 3604 705 perfunctorie
3660 622 3780 689 ser-

2188 736 2348 776 mone
2384 720 2606 775 verbum
2651 720 2766 793 Dei,
2797 706 2891 777 seti
2926 712 3117 801 intilno
3146 723 3309 803 corde
3345 733 3687 791 eructarunt,
3719 724 3779 783 in

2185 811 2525 887 confessione
2568 821 2903 878 constantes,
2929 811 2984 895 in
3033 813 3293 891 martyrio
3324 823 3770 889 perseverantes.

2186 903 2337 961 Alius
2365 904 2602 981 psalmus
2622 904 2793 961 lectus
2826 914 2910 960 est
2936 892 3118 961 dicens
3145 923 3159 959 :
3190 892 3329 972 Quis,
3345 907 3477 960 sicut
3506 892 3774 961 Daminus

2190 996 2326 1052 Deus
2373 1007 2549 1052 noster
2575 998 2664 1072 qui
2711 996 2766 1052 in
2792 994 2913 1065 altis
2963 996 3185 1064 habitat,
3217 1006 3265 1052 et
3305 984 3528 1053 humilia
3562 990 3778 1069 respicit

2183 1088 2239 1143 in
2254 1088 2460 1165 Acwlo‘et
2490 1091 2547 1143 in
2569 1070 2752 1144 terra?
2780 1088 3038 1160 Respexit
3085 1070 3217 1165 sane
3243 1088 3469 1167 humilia
3499 1087 3649 1145 Deus
3680 1103 3781 1143 no-

2185 1191 2300 1239 ster
2325 1182 2420 1253 qui
2448 1183 2679 1255 latentes
2709 1182 2819 1261 sub
2855 1182 3075 1253 ignobili
3111 1183 3318 1254 cespite
3349 1181 3612 1253 reliquias
3644 1197 3778 1236 san»

2187 1281 2398 1333 ctorum
2439 1284 2739 1347 martyrum
2790 1290 2901 1330 sua:
2939 1264 3194 1349 Ecclesiae
3236 1273 3525 1340 revelavit;
3557 1282 3615 1328 et
3644 1266 3782 1349 quo-

2187 1382 2307 1422 rum
2334 1368 2516 1423 anima
2538 1368 2592 1422 in
2622 1368 2779 1433 caelo,
2808 1383 3005 1447 corpus
3029 1368 3082 1422 in
3104 1354 3248 1447 terra
3275 1386 3297 1447 ε,
3316 1350 3536 1447 suscitat
3570 1384 3603 1420 a
3635 1377 3780 1420 terra

2187 1459 2334 1516 hunc
2364 1462 2592 1533 inapem,
2619 1470 2668 1516 et
2708 1460 2773 1515 de
2800 1444 3026 1516 stercore
3062 1462 3206 1541 hunc
3236 1442 3439 1543 erigens
3464 1476 3778 1532 pauperem.

2189 1571 2327 1626 quos
2352 1556 2546 1611 videtis
2581 1564 2638 1609 ut
2668 1572 2763 1613 eos
2801 1571 2923 1612 cum
2944 1557 3295 1635 {principibus
3327 1544 3509 1629 populi
3550 1557 3632 1610 sui
3664 1556 3785 1611 col-

2191 1645 2418 1702 locaret.
2466 1647 2753 1718 Principes
2807 1630 2992 1720 populi
3023 1628 3160 1718 quos
3203 1628 3339 1723 alios
3383 1628 3491 1702 nisi
3559 1656 3785 1702 sanctos

2191 1748 2464 1811 martyres
2531 1741 2805 1796 mstimare
2859 1741 3152 1824 debemus;
3228 1753 3470 1819 quorum
3533 1724 3654 1809 jam
3720 1738 3780 1793 in

2154 1878 2165 1895 κ
2194 1846 2480 1888 numerum
2521 1831 2613 1887 diu
2641 1838 2770 1887 ante
2814 1830 3047 1903 ignorati
3072 1829 3352 1885 Protasius
3378 1826 3788 1901 Gervasiusque

2050 1984 2051 1987 η
2115 1911 2163 1972 Β
2190 1920 2520 1983 referuntur,
2552 1921 2645 1990 qui
2675 1920 2912 1976 sterilem
2941 1921 3270 1992 martyribus
3318 1918 3625 1974 Ecclesium
3670 1917 3785 1973 Lie-

2189 2014 2558 2070 diolanensetn
2577 2012 2692 2083 jam
2720 2013 3077 2085 plurimorum
3113 2000 3344 2071 ιιιιιτὸῐῐι
3392 2011 3628 2066 ﬁliorum
3680 2010 3780 2089 la:-

2188 2106 2294 2167 tari
2315 2106 2581 2178 passionis
2602 2107 2835 2179 propriae
2856 2105 3102 2162 fecerunt
3129 2113 3185 2161 et
3210 2102 3383 2159 titulis
3398 2111 3453 2159 et
3482 2100 3781 2173 exemplis.

2189 2199 2303 2255 Nec
2331 2200 2434 2255 hoc
2465 2200 2726 2255 abhorret
2749 2214 2780 2252 a
2811 2214 2973 2254 vero:
3019 2196 3143 2252 Dies
3172 2197 3276 2251 diei
3302 2180 3507 2251 eructat
3547 2197 3783 2259 verbum,

2190 2290 2369 2347 anima
2392 2290 2607 2357 animae,
2638 2290 2750 2345 vita
2802 2290 2951 2356 vitae,
3007 2288 3337 2346 resurrectio
3390 2286 3785 2343 resurrectioni

2188 2390 2239 2438 et
2264 2398 2368 2437 ηοω
2396 2384 2536 2437 nocti
2564 2382 2765 2437 indicat
2794 2383 3090 2437 scientiam.
3142 2380 3258 2436 Hoc
3296 2390 3380 2436 est
3424 2396 3559 2436 caro
3605 2379 3782 2445 carni,

2192 2490 2423 2547 quorum
2438 2476 2618 2547 passio
2639 2490 2827 2531 veram
2847 2474 2974 2532 ﬁdei
2994 2476 3280 2530 scientiam
3300 2474 3558 2530 omnibus
3580 2473 3788 2529 indica-

2192 2567 2289 2631 vit.
2316 2568 2474 2623 Bome
2497 2552 2709 2634 noctes,
2733 2579 2923 2639 noctes
2948 2566 3296 2639 lucidae,quze
3322 2567 3529 2623 habent
3559 2566 3785 2622 stellas:

2195 2654 2344 2712 Sicut
2371 2658 2510 2713 enim
2537 2656 2689 2712 stella
2709 2656 2774 2714 ab
2796 2656 2949 2713 stella
2970 2658 3148 2731 (li/fert
3169 2659 3225 2713 in
3250 2657 3513 2723 claritate,
3530 2657 3609 2712 ita
3634 2668 3686 2712 et
3708 2674 3791 2711 re-

2192 2751 2447 2803 surrectio
2476 2734 2822 2804 mortuorum.
2863 2747 2980 2804 Non
3011 2748 3283 2805 immerito
3325 2757 3511 2807 autem
3539 2747 3791 2820 plerique

2192 2840 2335 2897 hanc
2379 2850 2687 2913 martyrum
2728 2843 3186 2900 resurrectionem
3227 2840 3525 2915 appellant.
3577 2836 3795 2896 Videbo‘

2196 2942 2377 2990 tamen
2406 2942 2586 2990 utrum
2613 2935 2739 3004 sibi,
2785 2935 2942 2991 nobis
2972 2943 3121 2991 certe
3150 2918 3427 3015 martyres
3467 2948 3792 2990 resurrexe-

2197 3033 2343 3082 runt.
2380 3025 2741 3098 Cognovistis,
2771 3027 2883 3085 imo
2907 3026 3123 3083 vidistis
3147 3026 3251 3099 ipsi
3290 3016 3493 3105 multos
3522 3042 3558 3081 a
3586 3024 3790 3081 daemo—

2197 3119 2304 3174 niis
2330 3129 2612 3191 purgatos,
2640 3128 2697 3176 et
2721 3121 2986 3193 plurimos
3010 3120 3181 3178 etiam
3210 3120 3302 3179 ubi
3325 3106 3532 3178 vestem
3568 3128 3790 3176 sancto-

2196 3224 2317 3265 rum
2365 3211 2618 3267 manibus
2667 3213 3039 3281 contigerunt,
3080 3211 3171 3289 bis
3222 3211 3418 3291 quibus
3470 3207 3796 3266 laborabant

506 3302 746 3370 Diversis
769 3314 893 3370 sunt
916 3330 1103 3386 sparsa
1126 3316 1282 3383 locis,
1315 3332 1638 3388 quacunque
1662 3333 1785 3375 osse
1805 3318 2017 3375 minuto
2116 3298 2164 3363 C
2194 3303 2565 3360 debilitatibus
2604 3305 2917 3372 absolutos;
2964 3313 3227 3385 reparata.
3263 3305 3467 3362 vetusti
3521 3304 3794 3385 temporis

506 3405 586 3462 De
611 3406 820 3463 modica
851 3409 993 3464 sacri
1022 3411 1190 3480 stirpe
1221 3411 1468 3481 corporis
1491 3411 1718 3482 exiguus
1743 3425 1835 3469 ros

501 3494 734 3566 Decidit,
760 3501 1005 3572 ingentes
1033 3500 1141 3557 illic
1171 3501 1257 3573 pia
1288 3503 1465 3574 gratia
1498 3502 1676 3559 fontes

499 3586 571 3648 Et
594 3591 784 3650 ﬂuvios
805 3593 930 3650 vitae
957 3598 1242 3665 generavit
1264 3606 1413 3667 gutta
1437 3596 1652 3654 favillae.

2194 3396 2477 3463 miracula,
2508 3413 2618 3469 quo
2646 3413 2706 3453 se
2732 3414 2830 3469 per
2861 3399 3154 3455 adventum
3192 3398 3407 3453 Domini
3441 3397 3573 3455 Jesu
3615 3397 3796 3471 gratia

2194 3490 2362 3546 torris
2390 3490 2564 3561 major
2589 3490 2904 3546 infunderat
2947 3490 3141 3547 umbra
3184 3491 3422 3561 quadam
3471 3499 3795 3547 sanctorum

2195 3598 2484 3655 corporum
2511 3585 2799 3656 plerosque
2827 3594 3045 3642 sanctos
3079 3584 3321 3641 cernitis.
3354 3584 3573 3653 Quanta
3601 3583 3793 3640 oraria

574 3687 775 3743 Sancto
810 3689 973 3743 etiam
1005 3686 1293 3745 Ambrosio
1325 3690 1710 3746 Mediolanensi
1738 3690 1993 3761 episcopo
2035 3697 2094 3745 et
2187 3673 2505 3744 ladani"?!
2548 3677 2762 3743 Quanta
2784 3676 3101 3733 indumenta
3128 3692 3291 3747 super
3320 3674 3580 3747 τειίίιιιῑθε
3608 3689 3799 3729 ⁵³οη-

501 3776 757 3837 omnibus
793 3780 884 3851 qui
922 3776 1220 3851 praesentes
1247 3782 1475 3838 aderant
1500 3782 1803 3846 catholicis,
1846 3796 1951 3836 non
1981 3791 2092 3835 tam
2194 3767 2439 3823 ῑίεείηιαθ
2492 3775 2547 3823 ει
2602 3775 2749 3824 uel“
2798 3768 2917 3838 ipso
2982 3767 3328 3825 medicabilia
3387 3764 3795 3838 reposcam“?!

500 3861 716 3941 publica
745 3870 1053 3935 exsultatio,
1102 3877 1324 3941 tamque
1372 3872 1604 3928 celebris
1654 3870 1796 3927 foret
1843 3872 2093 3942 gloriatio
2195 3861 2434 3931 gaudent
2459 3876 2651 3917 omnes
2676 3867 2921 3917 extrema
2976 3860 3121 3916 linea
3168 3860 3507 3932 contingere.
3561 3868 3617 3913 et
3670 3857 3802 3928 quis

500 3974 602 4029 pro
622 3959 836 4015 ossibus
856 3961 2095 4033 boum,oviu'm,asinorum,porcorum,caete-
2194 3954 2487 4024 contigerit
2535 3954 2717 4009 salvus
2776 3955 2901 4010 erit.
2949 3951 3166 4010 Gratias
3208 3952 3322 4017 tibi,
3367 3951 3592 4007 Domine
3636 3949 3800 4017 Jesu,

501 4042 797 4121 rerumque
826 4050 1141 4107 animalium
1168 4054 1419 4124 repertis,
1450 4060 1717 4124 quantum
1753 4056 1820 4110 de
1845 4054 2094 4125 reliquiis
2194 4048 2341 4119 quod
2362 4048 2468 4104 hoc
2495 4056 2741 4117 tempore
2770 4046 2907 4102 tales
2952 4046 3110 4102 nobis
3136 4053 3453 4102 sanctorum
3484 4054 3799 4115 martyrum

501 4151 813 4200 sanctorum
838 4142 1084 4200 Gervas‘ii
1110 4142 1167 4200 et
1193 4129 1427 4202 Protasii
1457 4138 1688 4202 Demino
1709 4146 1983 4202 revelante
2014 4146 2096 4202 in—
2194 4140 2420 4212 spiritus
2440 4139 2709 4205 excitasti,
2743 4154 2852 4210 quo
2886 4139 3129 4196 Ecclesia
3158 4148 3249 4195 tua
3277 4139 3530 4211 praesidia
3580 4134 3801 4205 majora

499 4236 679 4293 ventis
710 4226 1000 4301 exstiterit,
1030 4244 1153 4293 cum
1188 4242 1420 4309 utraque
1447 4236 1707 4295 Claudius
1732 4247 1945 4295 asserat
1973 4253 2096 4295 esse
2195 4236 2490 4295 desiderat.
2521 4235 2869 4309 Cognoscant
2898 4251 3093 4294 omnes
3127 4236 3319 4309 quales
3362 4252 3459 4308 ego
3480 4249 3801 4308 propugnat.

499 4330 747 4402 aequalia.
799 4329 952 4387 Unde
1007 4330 1151 4387 idem
1181 4330 1502 4388 Ambrosius
1558 4332 1615 4387 in
1643 4331 1784 4389 libro
1819 4332 1985 4403 quem
2026 4329 2095 4388 de
2195 4337 2349 4388 tores
2366 4330 2681 4401 requiram,
2714 4329 2808 4401 qui
2832 4342 3179 4400 propugnare
3213 4335 3439 4400 possunt
3483 4326 3800 4400 impugnari

503 4421 607 4476 hac
642 4436 703 4475 re
732 4419 801 4475 ad
830 4430 983 4476 suam
1011 4406 1496 4491 scripsiit‘s'ororem
1524 4439 1538 4477 :
1569 4422 2096 4479 rlnvenimns’mirm
2193 4432 2305 4479 non
2328 4422 2563 4478 soleant.
2597 4421 2709 4477 Hos
2756 4433 2856 4493 ego
2882 4420 3146 4492 acqnisivi
3200 4420 3323 4491 tibi,
3378 4420 3528 4493 plebs
3574 4429 3800 4487 sancta,

500 4509 887 4581 magnitudinis
931 4509 1079 4565 viros
1116 4510 1269 4576 duos,
1320 4520 1382 4569 ut
1426 4514 1615 4585 prisca‘
1654 4524 1787 4569 tetas
1844 4511 2091 4580 ferebat;

500 4614 627 4657 ossa
669 4601 852 4657 omnia
902 4594 1144 4672 integ'ra,
1192 4604 1470 4675 sanguinis
1525 4604 1841 4675 plurimum.
1898 4603 2093 4673 ingens

502 4692 802 4751 concursus
857 4693 1045 4766 populi
1091 4709 1189 4766 per
1233 4702 1406 4751 totum
1458 4694 1591 4752 illud
1651 4696 1895 4751 biduum.
1950 4695 2090 4763 Quid

501 4778 673 4841 multa
714 4783 1089 4851 condivimus,
1140 4786 1348 4859 integra
1394 4788 1463 4843 ad
1511 4787 1757 4843 ordinem
1808 4786 2089 4842 transtuli-

498 4891 645 4943 mus,
670 4878 895 4948 vespere
923 4874 1040 4946 jam
1079 4878 1425 4936 incumbente
1451 4881 1519 4936 ad
1546 4879 1828 4935 basilicam
1854 4879 2084 4935 Faustae.

498 4971 577 5029 lbi
612 4970 807 5045 vigiliae
836 4979 948 5027 tota
995 4981 1155 5029 nocte
1180 4981 1235 5028 et
1263 4988 1455 5029 manus
1486 4974 1780 5045 inlpositio.
1825 4972 2086 5044 Sequenti

501 5063 587 5119 die
626 5063 1005 5120 transtulimus
1052 5072 1121 5119 ea'
1167 5064 1223 5119 in
1272 5065 1556 5121 basilicam
1600 5081 1765 5138 quam
1816 5065 2091 5136 appellant

497 5155 933 5213 Ambrosianam.
979 5152 1115 5211 Dum
1154 5156 1597 5225 transterremus,
1636 5170 1816 5217 eiectis
1866 5167 2090 5216 sanatus

499 5260 602 5308 est.
637 5250 784 5306 Talis
814 5246 947 5307 mihi
975 5250 1045 5305 ad
1082 5250 1339 5321 populum
1381 5250 1485 5306 fuit
1529 5264 1748 5308 sermo:
1796 5252 1933 5310 Cum
1977 5260 2091 5307 tam

499 5341 726 5398 etl‘usanl
758 5352 978 5412 tamque
1024 5343 1325 5398 inauditam
1363 5343 1766 5399 considerarem
1791 5352 2092 5400 conventus

498 5434 667 5489 vestri
694 5424 1082 5499 celebritatem,
1112 5441 1169 5489 et
1193 5433 1387 5489 divina:
1416 5435 1606 5504 gratiae
1629 5449 1854 5491 munera
1874 5450 1995 5506 quae
2032 5433 2087 5488 in

501 5524 705 5579 sanctis
728 5525 1053 5593 martyribus
1089 5523 1418 5591 refulserint,
1451 5526 1717 5596 imparem
1747 5540 1857 5591 me,
1888 5524 2086 5591 fateor,

500 5615 628 5670 huic
651 5614 864 5669 muneri
884 5612 1232 5684 judicabam;
1278 5632 1380 5673 nec
1411 5616 1531 5673 fieri
1561 5630 1720 5687 posse
1748 5627 1809 5672 ut
1835 5630 2088 5674 sermone

501 5705 861 5773 absolverem,
910 5709 1053 5778 quod
1081 5712 1172 5766 vix
1219 5727 1436 5782 possem
1503 5712 1685 5769 animo
1734 5712 2078 5769 intendere.»

422 5828 427 5833 ο
501 5794 648 5851 idem
685 5805 809 5867 post
834 5812 1023 5869 pauca.
1064 5818 1083 5850 t
1123 5798 1229 5856 Sed
1261 5802 1543 5859 veniamus
1583 5805 1653 5858 a'tl
1678 5802 1903 5873 reliqua.
1935 5800 2083 5872 Dies,

501 5889 700 5954 inquit,
730 5891 835 5950 diei
847 5902 1050 5948 eructat
1077 5893 1308 5949 verbum.
1327 5895 1466 5953 Ecce
1492 5897 1607 5954 veri
1633 5897 1750 5955 dies
1771 5913 1909 5957 auos
1935 5898 2085 5957 nulla

2195 4514 2286 4585 qui
2311 4512 2523 4585 prosint
2542 4512 2819 4579 omnibus,
2842 4518 3080 4570 noceant
3102 4512 3324 4569 nemini.
3369 4510 3522 4567 Tales
3548 4525 3660 4584 ego
3686 4526 3804 4567 am-

2195 4606 2285 4661 bio
2331 4605 2671 4675 defensores,
2709 4607 2846 4663 tales
2873 4607 3077 4662 milites
3104 4607 3299 4672 habeo,
3321 4605 3424 4661 hoc
3448 4610 3532 4660 est
3551 4619 3671 4660 non
3696 4620 3803 4661 sm-

2118 4663 2170 4724 Ῑ)
2196 4698 2306 4754 culi
2335 4699 2555 4765 milites,
2601 4663 2698 4755 sed
2725 4699 2926 4756 milites
2951 4697 3174 4754 Christi.
3225 4663 3436 4777 Nullam
3478 4693 3547 4749 de
3587 4695 3802 4752 talibus

2196 4789 2458 4845 invidiam
2489 4790 2675 4855 timeo,
2715 4804 2948 4860 quorum
2971 4803 3081 4859 quo
3112 4786 3340 4856 majora,
3370 4801 3435 4841 eo
3458 4783 3676 4840 tutiora
3709 4801 3801 4858 pa-

2195 4884 2427 4940 trocinia
2458 4885 2587 4939 sint.
2628 4883 2835 4938 Horum
2883 4882 3046 4938 etiam
3098 4880 3207 4936 illis
3238 4879 3370 4950 ipsis
3406 4875 3497 4948 qui
3526 4876 3675 4932 mibi
3707 4892 3801 4934 eos

2196 4977 2439 5034 invident
2464 4982 2593 5046 opto
2623 4974 2894 5047 praesidia.
2924 4972 3158 5029 Veniant
3184 4987 3316 5045 ergo
3340 4978 3396 5027 et
3431 4966 3667 5025 videant
3695 4971 3799 5026 sti-

2191 5070 2415 5141 patares
2454 5082 2647 5133 meos;
2695 5065 2895 5121 talibus
2938 5078 3024 5119 me
3051 5063 3221 5119 armis
3248 5062 3441 5119 ambiri
3470 5074 3585 5116 non
3616 5077 3794 5135 nego:

2193 5158 2269 5217 Hi
2293 5160 2359 5215 in'
2376 5160 2643 5225 curribus,
2670 5159 2869 5229 inquit,
2918 5166 2967 5213 et
2999 5157 3056 5212 Iti
3081 5157 3137 5211 in
3163 5158 3330 5227 equis,
3359 5170 3452 5210 nos
3503 5164 3697 5217 autem
3746 5158 3800 5211 in

2192 5254 2401 5310 nomine
2426 5252 2645 5309 Domini
2665 5251 2766 5307 Dei
2792 5251 2961 5306 nostri
2987 5248 3463 5321 magniﬁcabimur.
3493 5245 3677 5301 Erant
3704 5262 3799 5301 au-

2193 5356 2303 5404 tem
2340 5348 2510 5405 clausi
2544 5344 2717 5403 nostri
2746 5345 2917 5411 oculi,
2957 5343 3196 5413 quandiu
3235 5342 3426 5397 obruta
3467 5349 3798 5396 sanctorum

2194 5448 2425 5513 corpora
2451 5438 2859 5497 delitescebant.
2893 5435 3131 5507 Aperuit
3147 5433 3333 5489 oculos
3362 5440 3583 5487 nostros
3611 5430 3802 5485 Domi-

2191 5551 2326 5603 nus;
2366 5532 2601 5589 vidimus
2641 5530 2844 5587 a‘uxilia
2873 5529 3072 5599 quibus
3112 5540 3302 5583 sumus
3347 5538 3488 5594 saepe
3527 5521 3797 5585 defensi;

2192 5640 2303 5683 non
2328 5626 2645 5682 videbamus
2667 5625 2815 5689 haec,
2836 5622 2933 5678 sed
2969 5620 3302 5676 habebamus
3333 5625 3533 5672 tamen.
3572 5614 3653 5669 ita
3685 5623 3800 5668 tre-

2191 5718 2514 5791 pidantibus'
2547 5715 2726 5781 nobis,
2760 5714 2917 5785 quasi
2957 5712 3159 5768 dixerit
3198 5708 3498 5766 Dominus:
3539 5705 3801 5775 Aspicite

2191 5819 2435 5883 quantos
2449 5808 2603 5865 vobis
2633 5813 2903 5878 martyres
2946 5802 3219 5869 dederim;
3254 5801 3328 5856 ita
3358 5796 3623 5855 reseratis
3650 5810 3797 5852 ocu-

2187 5901 2258 5960 lis
2282 5900 2507 5963 tlloriam
2527 5898 2742 5958 Domini
2761 5896 3130 5961 saeculamur,
3158 5908 3280 5957 qua:
3296 5899 3382 5951 est
3399 5890 3799 5956 inmartvruln
