4006 6500
449 383 556 443 479

451 497 594 557 omni

453 593 636 647 tlteum
662 605 674 640 :
703 584 830 639 Noli
846 585 1022 654 itaque
1043 575 1702 635 erubesceretestimonium
1718 570 1929 624 Domini
1949 585 2041 623 no-

450 657 569 746 stri,
614 693 775 748 neque
800 691 880 729 me
919 674 1145 728 vinctum
1167 670 1307 740 ejus,
1331 667 1422 722 sed
1451 665 1716 720 collabora
1757 661 2042 733 Evangelia

453 771 741 829 secundum
761 769 1001 822 virtutem
1027 763 1119 817 Dei
1141 763 1230 833 qui
1266 777 1360 815 nos
1383 759 1618 813 liberavit
1653 765 1701 811 et
1730 755 1928 811 vocavit
1958 770 2044 809 vo-

453 869 659 922 catione
685 880 781 917 sua
811 867 1013 915 sancta.
1044 857 1176 910 Item
1206 856 1259 909 in
1283 854 1506 908 Actibus
1527 849 1924 921 apostolorum:
1951 846 2044 901 Illi

453 956 661 1027 quidem
704 951 847 1005 ibant
870 948 1153 1020 gaudentes
1190 945 1253 998 ab
1280 952 1492 1014 aspectu
1530 940 1762 1005 concilii,
1793 939 2042 1010 quoniam

455 1048 597 1118 digni
627 1045 792 1098 habiti
812 1051 934 1098 sunt
972 1057 1066 1112 pro
1108 1039 1314 1094 nomine
1351 1037 1481 1092 Iesu
1510 1033 1879 1091 contumeliam
1910 1035 2040 1104 pati.

464 1134 689 1188 Verbum
731 1132 870 1185 enim
899 1129 1088 1192 crucis,
1129 1133 1189 1180 ut
1230 1125 1306 1180 ait
1352 1123 1664 1193 Apostolus,
1709 1122 2044 1192 pereuntibus

455 1227 665 1299 quidem
711 1221 933 1277 stultitia
965 1228 1081 1274 est:
1129 1219 1208 1272 his
1238 1227 1413 1271 autem
1435 1217 1523 1288 qui
1545 1216 1676 1270 salvi
1704 1215 1946 1284 ﬁuntyid
1970 1222 2047 1269 est
2085 1270 2108 1287 δ,

457 1317 621 1378 nobis,
673 1315 834 1368 virtus
876 1312 974 1366 Dei
1023 1320 1116 1365 est.
1171 1310 1240 1364 Et
1260 1316 1382 1379 post
1402 1323 1610 1378 pauca:
1653 1305 1918 1372 Quoniam
1946 1305 2049 1360 Ju-

456 1409 558 1462 dtri
596 1407 747 1476 signa
785 1412 964 1474 petunt
993 1411 1040 1456 et
1088 1401 1259 1457 (ἓνωεὶ
1285 1401 1603 1470 sapientiam
1638 1408 1878 1469 qutrrunt
1904 1412 1922 1451 .'
1953 1415 2046 1452 nos

457 1509 631 1553 autem
655 1495 1004 1567 praedicamus
1035 1492 1301 1546 Christum
1329 1491 1660 1560 cruciﬁxum,
1694 1491 1898 1545 Juda’is
1927 1491 2048 1562 qui-

455 1591 574 1644 dem
615 1588 946 1651 scandalum,
984 1587 1220 1657 gentibus
1260 1597 1433 1640 autent
1459 1585 1775 1640 stultitiam:
1809 1587 1935 1657 ipsis
1957 1605 2051 1640 au-

459 1691 561 1734 tem
593 1679 787 1734 vocatis
817 1676 1024 1732 Judteis
1060 1686 1212 1748 atque
1239 1674 1438 1730 Cra’cis
1467 1675 1732 1730 Christum
1762 1675 1858 1730 Dei
1886 1678 2050 1731 virtu-

457 1783 558 1826 tem
584 1781 630 1824 et
660 1769 756 1824 Dei
785 1769 1116 1838 sapientiam.
1149 1767 1293 1822 Idem
1321 1773 1446 1836 post
1470 1782 1638 1836 pauca
1666 1783 1678 1819 :
1711 1765 1777 1820 Et
1806 1762 1898 1836 e'go
1930 1783 2048 1820 cum

1777 360 2081 421 DUNGALI
2119 356 2409 416 RECLUSI

621 492 868 567 praetorio
896 497 944 545 et
968 487 1024 544 in
1049 485 1249 543 ueteris
1279 483 1537 538 omnibus.
1566 479 1715 536 Idem
1761 477 1828 531 ad
1858 476 2038 530 Timo-
2065 475 2118 535 Α
2141 471 2409 526 frontibus
2429 465 2737 522 inscribens
2765 453 3102 536 singulorum
3141 460 3249 567 hoc
3287 461 3450 567 modo
3478 479 3492 517 :
3529 464 3739 567 Incipit

3621 357 3739 415 ιεο

2146 563 2573 618 commentarium
2617 570 2709 614 aut
2762 568 3038 624 tractatus,
3092 557 3169 612 vel
3219 559 3472 628 expositio
3519 558 3740 619 Claudii

2148 651 2486 708 Taurinensis
2511 651 2755 721 episcopi.
2787 651 2863 704 De
2892 648 3130 718 antiquis
3158 658 3343 703 autem
3377 659 3584 707 sancta:
3614 670 3737 708 ma-

2145 746 2330 817 gistris
2356 759 2422 798 ac
2445 743 2757 799 doctoribus
2783 741 3038 796 Ecclesiae
3063 741 3220 807 alios,
3269 755 3406 811 quos
3437 753 3555 797 vult
3593 744 3739 813 iudi-

2145 839 2314 895 ciario
2349 845 2628 908 assumpto
2653 835 2952 907 gestamine
2997 834 3185 889 laudat
3231 843 3286 889 et
3335 835 3548 906 recipit,
3603 836 3740 893 alios

2144 927 2482 998 blasphemat
2509 935 2564 982 et
2592 925 2886 995 vituperat,
2910 940 3032 979 cum
3083 923 3284 979 nullius
3323 932 3510 980 tamen
3542 941 3739 982 eorum

2147 1020 2252 1076 fide
2279 1029 2333 1075 et
2362 1020 2607 1075 doctrina
2650 1017 2962 1074 concordat.
3013 1017 3373 1089 Augustinum
3425 1021 3656 1074 assumit
3707 1037 3737 1076 a

2146 1112 2298 1182 cujus
2323 1111 2620 1167 subtilitate
2651 1109 2850 1182 ingenii
2895 1108 3301 1179 Christianique
3337 1125 3530 1165 sensus
3571 1111 3738 1165 recti-

2147 1209 2334 1264 tudine
2373 1205 2688 1278 longissime
2723 1206 2908 1261 distat.
2949 1204 3099 1260 Alios
3136 1205 3354 1275 quidem
3383 1213 3586 1275 printer
3612 1220 3738 1260 eum

2147 1300 2322 1356 solum
2350 1314 2486 1370 pene
2531 1313 2724 1354 omnes
2773 1298 2979 1369 abjicit,
3034 1313 3204 1352 unum
3231 1312 3438 1354 vocans
3479 1314 3739 1370 magnum

2146 1389 2586 1451 mentionarium,
2619 1387 2784 1442 alium
2811 1387 3237 1457 compilatorem,
3263 1388 3430 1443 alium
3473 1390 3738 1446 rusticum

2146 1479 2818 1544 brutum,’insensibilem,
2853 1480 3093 1550 nihilque
3117 1481 3247 1535 boni
3271 1481 3568 1546 scientem;
3599 1499 3738 1553 quos

2149 1581 2329 1628 tamen
2353 1574 2634 1629 universos
2655 1588 2762 1628 uno
2781 1588 2965 1628 secum
2987 1581 3230 1642 tempore
3249 1589 3466 1644 unoque
3493 1589 3618 1630 esse
3645 1591 3740 1645 pa-

2150 1668 2285 1722 riter
2315 1667 2432 1722 loco
2459 1667 2596 1722 solet
2635 1674 2913 1737 exoptare,
2953 1666 3161 1735 scilicet
3184 1675 3246 1721 ut
3288 1667 3541 1722 omnibus
3581 1667 3737 1724 facil-

2152 1759 2297 1823 lime,
2340 1759 2730 1828 celerrimeque
2769 1759 2836 1812 ab
2866 1773 2932 1813 eo
2970 1757 3240 1827 superatis
3269 1756 3387 1827 ejus
3414 1758 3737 1814 excellentia

457 1862 712 1916 venissem
739 1859 808 1912 ad
850 1875 960 1922 vos,
991 1859 1204 1926 fratres,
1235 1858 1351 1910 veni
1396 1873 1498 1910 non
1539 1873 1631 1926 per
1675 1855 2046 1908 sublimitatem
2075 1845 2122 1904 Β
2151 1851 2431 1922 sapientia:
2459 1867 2664 1906 cuneus
2699 1839 2960 1921 apparere
2989 1859 3152 1920 atque
3199 1850 3502 1906 clarescere
3531 1861 3735 1922 posset.

457 1951 711 2004 sermonis
743 1957 832 2001 aut
866 1949 1138 2016 sapientia:
1166 1948 1489 2000 annuntians
1522 1946 1662 2000 vobis
1693 1946 2046 2001 testimonium

459 2040 674 2095 Christi.
712 2039 836 2094 Non
867 2039 1003 2093 enim
1031 2039 1271 2107 judicavi
1307 2056 1389 2092 me
1412 2039 1546 2092 scire
1570 2037 1772 2106 aliquid
1798 2038 1934 2091 inter
1959 2053 2046 2091 vos

460 2134 560 2186 nisi
588 2132 771 2186 Iesum
828 2130 1097 2185 Christum
1138 2139 1186 2184 et
1236 2130 1375 2182 hunc
1413 2129 1747 2197 cruciﬁxum.
1800 2129 2045 2200 Apostoli

458 2237 588 2294 ergo
613 2231 668 2278 et
701 2238 890 2278 omnes
931 2222 1179 2276 homines
1234 2219 1468 2274 humiles
1516 2228 1572 2274 et
1620 2219 1809 2275 ﬁdeles
1856 2235 2046 2275 eorum

459 2313 761 2367 doctrinam
799 2320 1069 2367 sectantes
1112 2325 1333 2366 crucem
1365 2309 1569 2364 Christi
1607 2319 1794 2380 utpote
1823 2311 1939 2380 ejus
1968 2312 2046 2366 si-

460 2421 625 2477 gnum
650 2404 977 2476 triumphale
1019 2419 1118 2474 per
1147 2403 1290 2473 quod
1318 2402 1590 2457 diabolum
1635 2402 1765 2456 vicit
1790 2409 1846 2457 et
1890 2419 2046 2458 mun-

463 2495 590 2550 dum
616 2495 845 2550 redemit
877 2495 1125 2565 diligunt,
1169 2495 1461 2557 honorant,
1516 2493 1761 2558 laudant,
1807 2495 2049 2550 concele-

459 2587 618 2641 brant
644 2595 699 2641 et
724 2588 778 2641 in
802 2602 864 2641 ea
887 2587 1209 2659 gloriantur.
1226 2585 1478 2641 Ilasretici
1495 2600 1625 2640 vero
1649 2585 1796 2656 impii
1827 2587 2046 2656 superbi

457 2684 516 2731 et
555 2677 816 2733 increduli
869 2678 1229 2751 dedignantur
1281 2675 1398 2746 ejus
1448 2677 1809 2732 humilitatem
1858 2678 2047 2733 audire

461 2776 556 2822 aut
581 2768 815 2837 aliquam
844 2770 1102 2823 virtutem
1144 2770 1197 2822 in
1227 2784 1291 2823 ea
1317 2783 1438 2823 esse
1466 2769 1687 2822 credere
1722 2784 1860 2838 quos
1884 2769 2043 2840 plan-

462 2860 542 2928 git
560 2859 856 2932 Apostolus
902 2861 1126 2915 dicens:
1181 2859 1339 2914 Multi
1388 2862 1525 2914 enim
1569 2861 1863 2927 ambulant,
1916 2879 2045 2934 quos

460 2964 598 3018 sazpe
625 2949 860 3002 dicebam
882 2950 1024 3004 vobis
1055 2967 1192 3004 nunc
1225 2960 1400 3004 autem
1431 2960 1479 3005 et
1502 2953 1634 3021 ﬂens
1659 2953 1776 3006 dico
1804 2953 2045 3008 inimicos

464 3038 632 3090 crucis
681 3035 878 3092 Christi
919 3055 1144 3109 quorum
1195 3040 1318 3109 ﬁnis
1366 3051 1441 3095 est
1503 3042 1766 3106 interitus,
1821 3060 2044 3113 quorum

462 3127 604 3182 Deus
633 3136 807 3184 venter
832 3138 906 3182 est
934 3139 983 3184 et
1011 3129 1182 3201 gloria
1212 3131 1266 3185 in
1292 3131 1598 3201 confusione
1631 3134 1882 3203 ipsorum.
1915 3135 2042 3191 Inde

2153 1943 2540 2014 Hieronymum
2579 1941 2815 1996 maxime
2840 1956 2952 2012 prae
2995 1940 3211 1996 caeteris
3247 1940 3531 2009 exprobat,
3581 1942 3740 2011 eique

2151 2035 2378 2090 nimium
2410 2033 2668 2101 detrahit,
2698 2032 2786 2088 cui
2812 2032 2856 2087 si
2883 2031 3074 2087 eodem
3104 2045 3219 2086 aevo
3246 2029 3497 2094 fuiSsent,
3531 2032 3738 2086 acerri-

2150 2144 2299 2184 mum
2337 2143 2398 2183 se
2428 2127 2954 2194 infestissimumque
2998 2125 3278 2180 inimicum
3309 2122 3425 2178 fore
3447 2123 3735 2193 promittit.

2150 2221 2379 2290 Propter
2405 2220 2628 2286 nullam,
2652 2227 2713 2274 ut
2741 2219 2996 2283 arbitror,
3013 2218 3178 2273 aliam
3201 2232 3446 2281 causam,
3473 2218 3579 2272 nisi
3614 2218 3738 2287 quia

2151 2314 2405 2383 cognovit
2435 2312 2578 2381 quod
2608 2311 2697 2367 ille
2722 2319 2912 2366 contra
2942 2327 3098 2366 suum
3121 2310 3360 2366 vicinum
3395 2325 3619 2382 suaeque
3649 2327 3740 2364 au-

2151 2412 2358 2458 ctorem
2400 2403 2625 2458 insanias
2679 2401 3030 2472 Vigilantium
3073 2401 3388 2456 haereticum
3437 2403 3738 2473 scripserit,

2150 2505 2419 2566 caputque
2439 2495 2681 2563 ejusdem
2716 2502 2937 2550 strenue
2967 2493 3108 2548 sicut
3127 2493 3265 2549 alios
3293 2493 3427 2549 tales
3455 2493 3621 2550 ferire
3655 2509 3737 2549 sco

2147 2587 2295 2642 lebat
2333 2586 2488 2642 clava
2514 2584 2796 2640 catholicae
2821 2584 3082 2640 doctrinae
3111 2585 3440 2641 contuderit.
3470 2585 3573 2641 llic
3607 2602 3736 2658 ergo

2149 2687 2434 2735 accusator
2455 2676 2684 2732 fratrum
2714 2677 2970 2748 ignorans
2994 2679 3189 2733 horum
3210 2679 3594 2748 usurpationes
3617 2695 3735 2734 ver-

2150 2771 2363 2834 borum,
2411 2770 2515 2825 hoc
2558 2775 2641 2824 est
2682 2769 2849 2824 adoro
2879 2777 2934 2824 et
2968 2768 3106 2834 colo,
3149 2777 3204 2823 et
3232 2769 3360 2839 quia
3388 2784 3498 2826 non
3529 2769 3638 2825 nisi
3677 2770 3739 2825 ad

2148 2859 2317 2914 Deum
2355 2857 2694 2912 solummodo
2739 2872 2803 2912 ea
2851 2857 3129 2914 existimat
3172 2859 3468 2929 pertinere,
3517 2860 3740 2913 nimium

2148 2951 2490 3022 blasphemat
2535 2949 2900 3016 Christianos,
2950 2965 3056 3005 non
3103 2949 3412 3026 intelligens
3442 2951 3740 3005 secundum

2145 3044 2462 3116 Apostolum
2491 3059 2667 3115 neque
2692 3059 2813 3114 quze
2838 3043 3036 3114 legitur
3062 3058 3238 3113 neque
3267 3044 3335 3100 de
3371 3044 3572 3115 quibus
3595 3041 3738 3098 affir-

2149 3144 2281 3191 mat.
2309 3134 2423 3191 Iloc
2459 3135 2603 3190 enim
2650 3135 2813 3191 modo
2849 3136 3110 3206 scriptum
3169 3134 3224 3190 in
3281 3149 3376 3190 sua
3433 3135 3738 3190 continetur

463 3220 796 3292 Augustinus
844 3223 921 3278 ait
965 3223 1020 3278 in
1060 3225 1394 3295 expositione
1441 3227 1716 3298 Evangelii
1751 3230 2044 3284 secundum
2073 3208 2118 3272 Ο
2150 3230 2409 3302 epistola,
2464 3237 2655 3286 contra
2703 3230 2848 3300 quod
2899 3229 3333 3301 respondendum
3385 3239 3492 3294 est,
3535 3229 3678 3295 Quia
3697 3245 3740 3282 δι

461 3313 766 3369 Joannem:
802 3333 820 3365 ‹
855 3315 972 3370 lbat
998 3332 1127 3388 ergo
1152 3319 1219 3374 ad
1247 3320 1422 3375 locum
1469 3319 1559 3374 ubi
1612 3319 1788 3375 fuerat
1837 3322 2047 3377 crucifi-

459 3409 664 3480 gcndus
685 3418 911 3479 portans
937 3426 1154 3466 crucem
1185 3428 1336 3468 suam
1369 3413 1526 3469 Jesus
1553 3432 1564 3467 :
1599 3415 1802 3485 grande
1831 3425 2043 3486 specta-

460 3497 637 3552 culum
667 3517 680 3552 :
711 3501 806 3556 sed
836 3501 883 3555 si
911 3509 1117 3570 spectet
1160 3503 1434 3572 impietas,
1463 3505 1669 3575 grande
1706 3505 2038 3573 ludibrium;

459 3589 504 3643 si
536 3592 726 3659 pietas,
782 3595 986 3662 grande
1034 3596 1353 3666 mysterium
1388 3615 1399 3650 :
1436 3599 1478 3651 si
1521 3606 1729 3666 spectet
1771 3599 2039 3668 impietas,

459 3683 661 3749 grande
688 3685 999 3754 ignominite
1059 3686 1470 3752 documentum;
1513 3689 1557 3742 si
1611 3690 1808 3759 pietas,
1839 3692 2042 3761 grande

460 3771 582 3827 ﬁdei
613 3776 1005 3831 munimentum
1033 3794 1045 3830 ε
1081 3777 1126 3831 si
1156 3787 1365 3848 spectet
1395 3779 1668 3848 impietas,
1697 3781 1836 3836 ridet
1863 3797 2042 3852 regem

458 3882 557 3936 pro
583 3869 733 3940 virga
758 3873 906 3941 regni
936 3873 1141 3942 lignum
1174 3876 1253 3930 sui
1288 3885 1507 3945 portare
1543 3879 1811 3949 supplicii.
1845 3879 1900 3935 Si
1933 3881 2045 3948 pie-

463 3969 563 4021 tas,
595 3961 739 4015 videt
770 3978 952 4032 regem
983 3964 1314 4031 bajulantem
1357 3968 1559 4038 lignum
1595 3971 1660 4024 ad
1689 3972 2041 4039 semetipsum

462 4047 754 4118 ﬁgendum,
794 4051 936 4120 quod
993 4051 1198 4110 fixurus
1244 4054 1420 4111 fuerat
1465 4059 1626 4112 etiam
1678 4060 1733 4112 in
1777 4059 2044 4117 frontibus

462 4153 666 4209 regum,
720 4140 773 4194 in
811 4156 876 4195 eo
919 4145 1257 4212 spernendus
1296 4147 1469 4202 oculis
1500 4149 1790 4218 impiorum
1837 4150 1892 4205 in
1935 4167 2044 4221 quo

461 4220 617 4285 erant
665 4231 959 4301 gloriatura
1024 4236 1189 4290 corda
1241 4247 1573 4294 sanctorum.
1627 4238 1848 4297 Dicturo
1895 4220 2040 4297 enim

463 4321 665 4378 Paulo:
703 4324 834 4379 Mihi
865 4338 1035 4381 autem
1070 4329 1205 4383 absit
1228 4330 1445 4401 gloriari
1494 4333 1594 4386 nisi
1638 4335 1692 4386 in
1739 4351 1892 4389 cruce
1933 4335 2043 4389 Do-

460 4413 587 4464 mini
630 4417 792 4468 nostri
819 4415 948 4470 Iesu
976 4415 1190 4483 Christi,
1242 4440 1260 4471 ›
1307 4421 1476 4489 ipsam
1519 4437 1734 4478 crucem
1766 4440 1918 4479 suam
1943 4441 2041 4480 suo

461 4513 678 4572 gestans
727 4507 956 4562 humero
1001 4513 1431 4576 commendabat,
1480 4523 1535 4570 et
1565 4515 1798 4571 lucerna.-
1833 4534 2038 4574 arsura:

460 4609 580 4661 qua:
609 4594 709 4648 sub
741 4598 917 4650 modio
947 4601 1194 4666 ponenda
1224 4614 1451 4659 noverat
1489 4607 1873 4663 candelabrum
1900 4609 2039 4666 fere-

460 4682 569 4736 bat.
612 4683 865 4739 Claudius
891 4687 1057 4758 igitur
1079 4689 1204 4744 dum
1233 4695 1430 4748 nullam
1466 4695 1767 4752 liberalium
1792 4699 2040 4755 didicerit

462 4773 870 4840 di'ciplinarum
927 4779 1213 4847 rationem,
1264 4784 1564 4840 litterarum
1615 4789 2039 4858 significationes

459 4865 927 4936 proprietatesque
969 4869 1245 4939 ignorans,
1275 4875 1561 4931 verborum
1590 4894 1786 4948 genera
1822 4883 2037 4952 generi-

461 4955 578 5016 bus,
608 4972 862 5014 numeros
903 4963 1163 5029 numeris,
1195 4981 1352 5022 casus
1381 4969 1844 5042 casibusjungere
1875 4975 2038 5029 ratio-

460 5048 620 5101 nabili
655 5051 826 5105 nescit
851 5057 1255 5112 constructione
1284 5067 1339 5112 et
1370 5061 1448 5115 sic
1485 5062 1751 5118 maximos
1793 5073 1853 5119 ut
1891 5065 2032 5120 fama

460 5147 543 5192 est
568 5141 727 5194 audet
752 5151 1014 5200 tractatus
1059 5147 1348 5212 conﬁcere,
1381 5167 1516 5219 quos
1546 5154 1628 5207 sui
1659 5155 1864 5223 proprii
1891 5156 2034 5212 labo-

461 5229 536 5284 ris
565 5242 618 5286 et
647 5234 926 5291 industria:
967 5253 1086 5293 esse
1131 5241 1411 5306 mentitur,
1457 5259 1579 5298 cum
1629 5246 1747 5300 illos
1803 5248 2036 5317 glosario

459 5337 621 5391 opere
677 5341 744 5380 ex
798 5329 1028 5382 aliorum
1077 5329 1440 5386 voluminibus
1489 5335 1886 5403 transferendo,
1925 5340 2034 5394 imo

460 5411 766 5482 dissipando
789 5432 852 5472 ac
883 5419 1228 5488 depravando
1253 5425 1514 5493 excerpit,
1549 5442 1791 5498 quosque
1823 5431 2036 5486 illorum

458 5503 884 5569 expositionibus
909 5519 1213 5574 auctorum,
1244 5527 1274 5566 e
1303 5515 1499 5583 quibus
1527 5531 1620 5572 eos
1661 5521 1908 5582 evellere,
1956 5521 2035 5576 fu-

461 5591 680 5660 rarique
748 5601 1065 5665 praesumit,
1146 5604 1451 5659 miserrima
1520 5615 1680 5677 atque
1743 5612 2034 5668 vanissima

460 5681 679 5774 praefert
701 5686 953 5758 elatione,
993 5709 1164 5763 neque
1192 5706 1389 5766 prazter
1429 5699 1569 5767 illos,
1607 5703 1740 5758 alios
1772 5706 2036 5774 permittit

463 5772 628 5831 libros
650 5775 704 5831 in
733 5794 832 5835 sua
861 5781 961 5854 legi
989 5784 1226 5852 civitate,
1262 5793 1644 5850 auctoritatem
1677 5772 2032 5857 sui-nominis

2146 3339 2296 3377 omne
2326 3321 2525 3394 lignum
2568 3323 2831 3376 schemate
2858 3322 3028 3376 crucis
3055 3321 3254 3392 factum
3287 3321 3465 3376 volunt
3517 3322 3740 3376 adorare

2143 3430 2236 3484 pro
2279 3430 2338 3467 eo
2366 3413 2505 3484 quod
2543 3410 2786 3468 Christus
2817 3413 2874 3468 in
2895 3430 3048 3467 cruce
3071 3413 3332 3486 pependit,
3375 3424 3424 3466 et
3448 3412 3558 3467 alia
3575 3411 3737 3466 multa

2143 3503 2249 3559 illis
2305 3505 2538 3558 convenit
2581 3521 2698 3574 qute
2763 3501 3002 3558 Christus
3069 3505 3171 3573 egit
3221 3521 3314 3575 per
3351 3520 3588 3557 carnem.
3648 3501 3738 3556 Ille

2145 3611 2275 3667 ergo
2303 3595 2457 3664 cujus
2493 3597 2605 3650 haec
2629 3596 2897 3667 oppositio
2937 3603 2993 3651 et
3040 3595 3438 3668 argumentatio
3487 3595 3614 3649 talis
3658 3600 3735 3649 est

2143 3689 2463 3744 ostenditse
2515 3687 2676 3758 hujus
2725 3687 2987 3744 salutiferi
3032 3687 3161 3760 ligni
3212 3689 3468 3743 virtutem
3515 3689 3737 3757 penitus

2144 3781 2418 3852 ignorare,
2453 3797 2550 3852 per
2576 3782 2719 3851 quod
2745 3783 2856 3836 vita
2877 3783 3116 3838 humano
3135 3789 3217 3837 est
3241 3782 3422 3851 generi
3459 3782 3732 3845 restituta,

2144 3876 2288 3945 quod
2321 3878 2590 3944 gustando
2618 3877 2686 3931 de
2711 3877 2866 3932 vetiti
2896 3874 3147 3932 lethifero
3174 3875 3308 3947 ligni
3349 3875 3527 3930 fructu
3557 3874 3736 3944 perie-

2145 3975 2247 4026 rat,
2280 3967 2422 4021 unde
2459 3966 2784 4022 Fortunatus
2811 3969 2926 4022 ait:

2144 4056 2325 4126 Pange
2349 4058 2528 4129 lingua
2557 4059 2775 4130 gloriosi
2804 4059 3047 4129 praelium
3079 4058 3418 4124 certaminis,

2143 4150 2211 4204 Et
2237 4167 2399 4221 super
2429 4153 2607 4208 crucis
2638 4154 2867 4223 tropbeo
2913 4154 2999 4209 dic
3027 4155 3360 4222 triumphum
3400 4152 3665 4218 nobilem,

2144 4241 2387 4309 Qualiter
2417 4245 2725 4315 redemptOr
2753 4247 2902 4301 orbis
2935 4247 3244 4302 immolatus
3267 4247 3478 4301 vicerit.

2144 4333 2220 4387 De
2255 4335 2495 4402 parentis
2521 4335 2838 4406 prot0plasti
2869 4335 3060 4391 fraude
3096 4335 3272 4392 factor
3300 4336 3622 4404 condolens,

2143 4422 2371 4490 Quando
2397 4428 2540 4495 pomi
2572 4427 2804 4482 noxialis
2830 4437 3005 4484 morte
3031 4444 3214 4486 morsu
3245 4432 3469 4494 corruit,

2141 4512 2260 4583 Ipse
2292 4515 2493 4586 lignum
2526 4527 2655 4572 tunc
2684 4520 2889 4574 notavit
2917 4521 3114 4591 damna
3145 4522 3272 4590 ligni
3303 4531 3362 4576 ut
3385 4522 3623 4578 solveret

2143 4604 2257 4660 Hoc
2291 4622 2426 4676 opus
2450 4618 2646 4664 nostrae
2689 4611 2879 4667 salutis
2904 4614 3036 4668 ordo
3062 4613 3449 4686 depoposcerat

2138 4694 2484 4753 Multiformis
2517 4701 2811 4769 proditoris
2845 4718 2936 4758 ars
2969 4712 3030 4758 ut
3055 4712 3229 4760 artem
3261 4703 3470 4760 falleret

2138 4787 2205 4841 Et
2231 4788 2496 4843 medelam
2532 4789 2701 4846 ferret
2720 4794 2844 4849 inde
2876 4795 3047 4850 hostis
3073 4797 3216 4850 unde
3243 4797 3474 4861 lzeserat,
3508 4804 3617 4853 etc.

2561 4883 2711 4939 Idem
2749 4888 2806 4940 in
2836 4887 3002 4941 altero
3042 4892 3300 4946 carmine.

2137 4977 2324 5033 Virtus
2345 4977 2488 5034 celsa
2521 4981 2700 5036 crucis
2735 4990 2903 5036 totum
2934 4993 3080 5038 recte
3102 4993 3332 5055 occupat
3357 4985 3565 5051 orbem,

2210 5071 2338 5127 Haec
2367 5074 2619 5142 quoniam
2653 5076 2835 5129 mundi
2859 5075 3068 5146 perdita
3101 5087 3291 5132 cuncta
3320 5078 3488 5134 refert

2139 5160 2398 5230 Quodque
2422 5161 2566 5219 ferus
2589 5179 2812 5234 serpens
2840 5164 3031 5221 infecit
3057 5166 3182 5222 felle
3209 5168 3402 5224 veneni

2211 5251 2415 5308 Christi
2439 5256 2660 5325 sanguis
2690 5256 2744 5310 in
2775 5257 2882 5310 hac
2905 5257 3061 5313 dulce
3086 5257 3255 5316 livore
3276 5258 3437 5314 lavat.

2140 5343 2376 5412 Quaeque
2398 5343 2507 5414 lupi
2529 5343 2743 5401 fuerant
2773 5347 3007 5417 raptoris
3033 5349 3213 5417 praeda
3241 5347 3455 5412 ferocis,

2208 5433 2266 5489 In
2299 5451 2461 5492 cruce
2493 5437 2729 5491 restituit
2755 5437 2982 5508 virginis
3007 5454 3178 5509 agnus
3211 5439 3330 5494 ovis

2139 5525 2328 5582 Tensis
2359 5527 2412 5581 in
2437 5528 2522 5584 his
2551 5529 2716 5583 ramis
2737 5544 2861 5584 cum
2889 5530 3089 5598 plantis
3109 5531 3330 5587 brachia
3353 5532 3594 5602 pandens

2207 5621 2507 5677 Ecclesiam
2542 5623 2748 5677 stabilit
2771 5624 3038 5693 pendulus
3068 5625 3182 5696 ipse
3211 5642 3392 5690 cruce,

2135 5711 2249 5769 Hoc
2277 5715 2396 5782 pius
2434 5714 2488 5768 in
2519 5714 2662 5782 ligno
2693 5731 2954 5785 reparans
2983 5719 3256 5788 deperdita
3293 5720 3501 5792 pridem

2208 5803 2362 5872 Quod
2394 5805 2541 5859 vetiti
2564 5803 2694 5875 ligni
2717 5820 2877 5876 poma
2906 5809 3078 5864 tulere
3105 5809 3251 5866 boni.
