4006 6448
249 431 338 488 ul

1233 441 1354 498 LIB.
1395 445 1770 533 ADVERSUS
1807 453 2168 515 CLAUDIUM
2209 459 2486 518 TAURIN.

3402 485 3502 541 ‘82

315 544 476 614 Hujus
490 545 796 616 autemjam
816 549 1150 614 dicteeausa
1168 557 1555 628 imperitiaeille
1575 578 1674 633 pro
1695 564 1811 621 ido-
1836 571 1890 630 Α
1912 569 2097 639 pulum
2128 589 2303 628 meum
2323 585 2372 630 et
2401 586 2582 643 stare;
2621 591 2918 655 vestrosque
2956 565 3264 662 manipulos
3280 599 3502 656 circum-

249 633 446 692 lolatria
456 645 898 705 reputatcrucem
921 643 1135 702 Domini
1150 663 1181 701 a
1207 663 1479 720 quoquam
1494 653 1711 709 adorari
1727 655 1812 710 vel

246 729 361 794 coli,
378 728 514 784 sicut
526 744 625 784 nec
635 739 764 787 sunt
775 734 1062 793 adorandze
1073 740 1265 809 puellae
1285 744 1559 814 qualibet,
1575 746 1813 818 innuptae

243 819 509 891 prmsepia,
533 831 746 878 veteres
775 828 960 896 panni,
994 847 1180 898 naves,
1215 836 1371 900 asini,
1414 839 1562 909 agni,
1601 840 1810 908 leones,

244 922 418 983 petua,
440 914 610 984 spina:
644 918 925 986 ruborum,
969 925 1282 1001 arundines,
1312 927 1532 993 lanceae,
1572 933 1698 1001 quia
1726 933 1812 988 his

240 1003 474 1058 omnibus
495 1019 594 1074 pro
623 1015 865 1079 tempore
894 1027 1025 1069 usus
1067 998 1155 1070 est
1180 1015 1447 1075 Christus.
1486 998 1652 1088 Quasi
1697 1039 1810 1094 pra:

239 1096 336 1151 illis
363 1096 565 1154 nullum
594 1101 889 1160 Dominicaa
923 1109 1070 1163 cruci
1116 1110 1482 1170 adhibendum
1509 1125 1654 1172 esset
1692 1118 1807 1187 pri-

236 1187 492 1260 vilegium,
525 1191 670 1248 sicut
694 1197 943 1266 superius
986 1200 1497 1262 demonstravimus.
1526 1206 1690 1280 Cujus
1718 1225 1810 1266 ve-

236 1287 505 1334 neratores
550 1285 789 1354 graviter
837 1290 1177 1362 turpiterque
1222 1296 1527 1368 corripiens
1579 1301 1811 1373 castigat

234 1379 283 1425 et
314 1371 556 1442 increpat
603 1376 688 1432 his
720 1379 900 1434 verbis
929 1399 943 1434 :
982 1400 1000 1432 ‹
1039 1382 1226 1441 Redite
1265 1391 1698 1458 praevaricatores
1727 1371 1808 1446 ad

237 1477 254 1512 ι
285 1477 386 1525 cor,
416 1462 512 1532 qui
559 1467 862 1524 recessistis
902 1485 935 1524 a
975 1473 1211 1530 veritate
1240 1486 1296 1532 et
1344 1477 1569 1549 diligitis
1601 1483 1810 1538 vanita-

234 1567 253 1601 ι
288 1559 408 1615 tem,
436 1561 495 1607 et
532 1556 664 1611 estis
709 1559 834 1614 vani
883 1559 1055 1628 facti;
1107 1566 1199 1632 qui
1239 1582 1457 1624 rursum
1488 1572 1806 1642 cruciﬁgitis

231 1658 250 1694 ι
280 1641 470 1699 Filium
509 1645 624 1714 Dei,
672 1658 727 1706 et
770 1655 1009 1709 ostentui
1053 1655 1285 1724 habetis,
1337 1668 1394 1714 et
1437 1676 1536 1731 per
1580 1641 1808 1720 bocca-

230 1751 246 1785 ι
283 1739 530 1794 tervatim
558 1742 768 1800 animas
797 1746 1122 1804 miserorum
1169 1753 1346 1808 socias
1396 1754 1566 1810 factas
1606 1757 1807 1812 daemo-

227 1843 244 1876 t
270 1843 391 1882 num
421 1830 660 1900 habetis,
683 1835 969 1894 alienando
996 1855 1091 1895 eas
1135 1857 1233 1911 per
1255 1839 1483 1900 nefanda
1519 1849 1803 1918 sacrilegia

227 1934 243 1966 ι
271 1919 686 1980 simulacrorum
713 1945 743 1981 a
784 1927 1044 1986 Creatore
1077 1948 1175 1988 suo
1200 1935 1412 1991 habetis
1442 1953 1537 1993 eas
1563 1939 1804 2008 dejectas
1830 1930 1880 1990 Β
1911 1953 1962 2011 πί

223 2028 239 2061 ι
277 2020 328 2065 et
358 2013 636 2083 projectas
665 2017 718 2071 in
765 2019 1167 2078 damnationem
1218 2035 1551 2096 perpetuam.
1579 2049 1598 2082 ι
1661 2030 1804 2098 Nulli

217 2118 334 2174 ergo
369 2105 597 2162 dubium
642 2119 726 2165 est
768 2113 900 2182 quin
950 2115 1174 2185 spiritus
1221 2117 1383 2174 fallax
1427 2121 1806 2194 malignusque

214 2208 304 2263 per
328 2210 391 2251 os
416 2195 584 2268 hujus
612 2199 788 2256 insani
824 2203 1234 2265 calumniatoris
1255 2220 1468 2267 eructat
1497 2221 1552 2268 et
1572 2215 1802 2286 inspirat
1842 2209 1848 2215 ’

215 2287 276 2341 ad
300 2288 593 2360 ingerenda
626 2303 788 2365 atque
813 2299 1192 2369 exprobranda
1217 2305 1467 2362 ﬁdelibus
1496 2308 1797 2365 inﬁdelium

211 2381 449 2450 crimina,
478 2390 930 2456 praevaricatores
967 2412 1062 2452 eos
1088 2408 1473 2471 apostatasque
1503 2419 1534 2458 a
1569 2406 1801 2462 veritate

211 2477 260 2525 et
301 2485 574 2533 amatores
622 2481 879 2540 vanitatis
934 2489 1272 2558 appellando,
1325 2493 1564 2549 divinam
1617 2505 1798 2553 autem

210 2579 412 2624 crucem
456 2570 754 2630 nefandum
806 2593 870 2634 ac
906 2581 1231 2655 sacrilegum
1277 2586 1629 2644 simulacrum
1667 2606 1799 2646 cun-

1915 673 2111 720 stantes
2138 667 2361 723 adorare
2405 672 2734 742 manipulum
2786 693 2979 734 meum.
3026 681 3159 737 Item
3189 685 3244 739 in
3270 689 3498 745 eodem:

1914 753 2147 828 Cumque
2172 761 2480 817 adorassent
2506 780 2624 819 eum
2654 767 2846 836 fratres
2868 773 2970 836 sui,
2994 783 3044 828 et
3069 779 3363 846 agnovisset
3390 797 3497 848 eos,

1911 850 2062 918 quasi
2091 852 2160 905 ad
2189 852 2386 909 alienos
2415 855 2599 911 durius
2643 857 2970 930 loquebatur.
3003 864 3136 920 Item
3171 867 3225 922 in
3268 870 3495 926 eodem:

1911 941 2087 1012 Igitur
2109 945 2370 1015 ingressus
2399 959 2473 1004 est
2497 949 2691 1023 Joseplt
2731 955 2944 1010 domum
2989 976 3139 1014 suam
3177 963 3501 1020 obtulerunt-

1907 1053 2008 1107 que
2055 1038 2103 1092 ei
2153 1056 2369 1096 munera
2413 1053 2637 1100 tenentes
2681 1048 2737 1102 in
2775 1050 3013 1105 manibus
3047 1063 3097 1106 et
3135 1055 3496 1112 adoraverunt

1909 1126 2062 1197 proni
2083 1128 2138 1182 in
2169 1138 2384 1186 terram.
2410 1133 2539 1190 Item
2566 1145 2689 1208 post
2714 1153 2886 1209 pauca
2910 1160 2923 1194 :
2952 1141 3056 1210 Qui
3087 1147 3494 1216 responderunt:

1911 1217 2102 1290 Sospes
2139 1231 2215 1276 est
2256 1239 2436 1279 servus
2473 1235 2618 1293 tuus,
2665 1240 2816 1298 pater
2841 1242 3017 1287 noster
3053 1235 3226 1290 adhuc
3267 1238 3422 1302 vivit;
3449 1248 3497 1293 et

1909 1311 2168 1368 incurvati
2188 1315 2538 1372 adoraverunt
2568 1337 2705 1375 eum.
2736 1321 2869 1378 Item
2890 1325 2944 1379 in
2969 1325 3106 1381 libro
3136 1327 3332 1384 Josue:
3363 1330 3494 1385 Cum

1909 1414 2084 1460 autem
2111 1418 2243 1461 esset
2263 1407 2428 1464 Iosue
2454 1413 2512 1465 in
2531 1429 2658 1483 agro
2687 1416 2829 1471 urbis
2866 1418 3042 1473 Jerico
3075 1419 3259 1476 levavit
3295 1423 3494 1490 oculos,

1909 1507 1956 1551 et
1980 1499 2109 1552 vidit
2138 1501 2307 1555 virum
2327 1512 2548 1558 stantem
2586 1519 2769 1562 contra
2795 1527 2850 1564 se
2890 1523 2938 1566 et
2967 1516 3297 1586 evaginatum
3320 1529 3498 1572 tenen-

1910 1597 2011 1643 tem
2046 1589 2323 1660 gladium;
2349 1599 2678 1670 perrexitque
2717 1602 2787 1655 ad
2812 1620 2931 1657 eum
2961 1614 3010 1659 et
3034 1607 3108 1660 ait
3135 1624 3151 1662 :
3208 1607 3404 1663 Noster
3443 1626 3497 1663 es

1909 1698 1979 1736 an
2008 1682 2478 1742 adversariorum?
2512 1687 2616 1754 Qui
2657 1694 2971 1763 respondit:
3007 1693 3374 1769 Nequaquam,
3407 1699 3496 1753 sed

1905 1789 2022 1827 sum
2050 1777 2288 1846 princeps
2312 1783 2570 1836 exercitus
2613 1782 2848 1850 Domini,
2881 1796 2929 1840 et
2955 1803 3093 1842 nunc
3133 1791 3301 1844 venio.
3351 1789 3497 1844 Ceci-

1906 1867 1983 1920 dit
2008 1865 2172 1922 Josue
2189 1885 2384 1939 pronus
2396 1873 2460 1926 in
2484 1883 2677 1928 terram
2706 1886 2754 1929 et
2784 1876 3016 1932 adorans
3042 1880 3114 1932 ait
3140 1893 3158 1931 :
3207 1880 3347 1945 Quid
3391 1881 3497 1936 Do-

1966 1957 2085 2012 inus
2115 1975 2260 2013 meus
2308 1960 2538 2032 loquitur
2567 1965 2637 2018 ad
2683 1983 2888 2021 servum
2933 1985 3087 2022 suum
3110 1969 3136 2022 ?
3180 1978 3234 2024 et
3264 1970 3492 2040 reliqua.

1907 2046 2041 2102 Item
2065 2048 2118 2102 in
2143 2048 2282 2105 libro
2303 2049 2662 2119 Psalmorum,
2686 2053 2754 2108 Et
2774 2055 2991 2110 adorate
3002 2057 3285 2112 scabellum
3303 2061 3494 2130 pedum

1905 2138 2044 2207 ejus,
2080 2139 2206 2210 quia
2235 2152 2475 2196 sanctum
2501 2153 2596 2196 est.
2657 2143 2812 2201 Unde
2858 2146 3220 2218 Hieronymus
3249 2157 3446 2205 tractat
3476 2169 3489 2205 :

1911 2246 1930 2281 ε
1959 2229 2098 2298 Quid
2137 2240 2220 2286 est
2247 2232 2350 2287 hoc
2379 2232 2672 2289 scabellum
2702 2237 2897 2306 pedum
2926 2235 3053 2293 Jesu
3085 2240 3342 2309 quoniam
3369 2255 3494 2296 san-

1904 2331 2050 2376 ctum
2077 2331 2162 2378 est
2185 2324 2208 2377 ?
2229 2323 2458 2396 legimus
2489 2326 2541 2380 in
2572 2327 2679 2382 alio
2705 2345 2718 2381 :
2749 2327 2945 2382 Caelum
2973 2330 3101 2383 mihi
3145 2331 3365 2386 thronus
3391 2341 3489 2398 est,

1901 2421 2044 2466 terra
2073 2423 2246 2468 autem
2289 2415 2572 2470 scabellum
2617 2417 2806 2487 pedum
2852 2435 3106 2484 meorum,
3147 2428 3201 2475 et
3233 2437 3376 2476 nunc
3406 2423 3490 2477 di-

1899 2505 2044 2560 citur
2075 2507 2305 2562 adorare
2342 2508 2637 2563 scabellum
2672 2510 2869 2578 pedum
2904 2509 3043 2580 ejus.
3084 2509 3143 2564 Si
3179 2517 3333 2564 terra
3371 2527 3484 2566 sca-

1897 2593 2100 2649 bellum
2124 2595 2321 2665 pedum
2373 2595 2522 2662 Jesu,
2554 2598 2754 2652 dicitur
2793 2607 2976 2653 autem
3017 2599 3244 2655 adorare
3283 2603 3491 2657 scabel-

209 2665 342 2712 ctam
386 2664 652 2732 praeteriti
679 2669 948 2727 excedens
980 2677 1242 2744 temporis
1271 2677 1670 2748 blasphemiam
1700 2698 1800 2739 no-
1895 2684 2006 2741 Ium
2035 2664 2231 2758 pedum
2257 2687 2374 2757 ejus
2399 2707 2412 2742 :
2443 2704 2572 2760 ergo
2597 2699 2744 2745 terra
2767 2691 3041 2746 adoranda
3068 2701 3171 2746 est.
3210 2692 3489 2759 Quomodo

205 2749 382 2806 minat.
426 2754 514 2809 Ex
545 2771 652 2825 quo
679 2758 1082 2820 evidentissime
1126 2769 1576 2836 perversissimus
1602 2775 1793 2830 catho-
1895 2749 2126 2850 leginius
2161 2780 2215 2834 in
2260 2778 2517 2849 Apostolo
2557 2781 2708 2850 quia,
2739 2790 2965 2850 excepto
3004 2781 3285 2848 Creatore,
3330 2799 3485 2838 crea-

206 2838 312 2898 licae
334 2845 629 2919 dissipator
652 2860 814 2922 atque
855 2871 1078 2913 eversor
1106 2859 1227 2915 ﬁdei
1268 2878 1389 2919 esse
1430 2865 1789 2932 convincitur,
1894 2878 2069 2925 turam
2095 2871 2322 2926 adorare
2352 2886 2459 2926 non
2485 2871 2778 2926 debemus?
2817 2871 3060 2927 Adorare
3105 2873 3159 2927 in
3191 2872 3487 2944 Scripturis

204 2935 305 2995 Nos
330 2951 516 2998 autem
541 2944 811 3002 ediverso
852 2950 1048 3019 quibus
1079 2953 1179 3010 has
1219 2963 1331 3011 tam
1371 2957 1567 3014 multas
1602 2968 1657 3016 et
1680 2970 1790 3016 tam
1892 2963 2180 3034 dupliciter
2227 2963 2460 3018 dicitur:
2511 2963 2709 3019 dicitur
2756 2965 2901 3019 enim
2938 2965 3183 3020 adoratio
3227 2966 3384 3036 quasi
3429 2966 3482 3021 in

199 3031 486 3096 probrosas
546 3034 711 3092 infert
781 3039 1118 3112 calumnias,
1168 3057 1359 3104 contra
1430 3051 1566 3108 falsa
1618 3054 1790 3124 ipsius
1890 3053 2059 3110 Deum
2090 3066 2146 3110 et
2191 3056 2391 3111 dicitur
2433 3056 2665 3112 adorare
2714 3057 2870 3126 quasi
2921 3058 3208 3113 honorare.
3260 3058 3484 3126 Quando

202 3121 529 3191 testimonia,
557 3127 735 3183 divina
771 3131 1068 3200 opitulante
1097 3139 1292 3208 gratia,
1332 3149 1444 3197 toto
1473 3121 1788 3203 corde'cre-
1890 3146 2122 3202 dicimur
2141 3147 2368 3202 adorare
2397 3147 2681 3202 Dominum
2709 3148 2928 3219 proprie
2953 3148 3197 3204 adoratio
3234 3149 3287 3203 in
3314 3149 3483 3204 Deum

201 3208 392 3279 dimus,
420 3224 478 3270 et
501 3231 596 3271 ore
625 3219 949 3277 conﬁtemur
970 3225 1238 3283 humiliati
1263 3232 1443 3287 animo
1463 3241 1518 3288 et
1541 3237 1785 3306 corporis
1818 3291 1858 3307 η
1891 3238 2128 3306 ponitur.
2178 3236 2404 3304 Quando
2451 3245 2630 3294 autem
2679 3239 2734 3293 in
2792 3239 3011 3295 homine
3057 3239 3278 3307 dicitur,
3329 3241 3480 3296 verbi

199 3297 384 3360 habitu
412 3307 692 3376 substrati,
733 3313 876 3382 quod
920 3313 1066 3373 Deus
1095 3319 1243 3376 solus
1269 3322 1340 3378 sit
1364 3297 1697 3394 adorandus,
1729 3339 1786 3385 et
1814 3297 1860 3356 C
1889 3297 2078 3392 causa,
2124 3297 2372 3382 adoravit
2422 3326 2556 3383 Sara
2602 3328 2897 3394 Abraham,
2943 3337 2998 3384 et
3044 3329 3292 3385 adoravit
3339 3331 3484 3386 Elias

195 3393 452 3454 colendus
509 3411 671 3470 prout
710 3405 987 3464 dominum
1025 3420 1080 3466 et
1121 3421 1424 3470 creatorem
1474 3393 1718 3474 omnium
1757 3437 1788 3476 a
1887 3416 2097 3482 Achab.
2130 3432 2235 3472 ηοῐι
2263 3419 2420 3488 (1035i
2450 3420 2641 3484 Deum,
2672 3420 2766 3474 58d
2800 3420 2888 3474 hic
2933 3420 3180 3476 δάοτθιίο
3211 3423 3367 3491 (Ιυθεί
3395 3439 3481 3478 53"

194 3499 286 3540 sua
312 3488 474 3545 decet
499 3495 713 3551 adorari
747 3509 998 3555 creatura
1026 3510 1081 3557 et
1115 3502 1238 3568 coli,
1273 3505 1398 3560 dum
1444 3506 1499 3562 in
1543 3523 1669 3563 eum
1701 3525 1788 3566 so-
1887 3509 2078 3564 lutatio
2104 3511 2339 3579 ponitur.
2373 3510 2513 3581 Ergo
2545 3528 2687 3566 nunc
2732 3512 3009 3567 videamus
3038 3513 3140 3567 hoc
3170 3513 3311 3582 quod
3351 3513 3482 3568 dicit

190 3575 298 3632 lum
327 3583 626 3652 credimus,
673 3597 727 3643 et
756 3605 1056 3660 speramus,
1088 3596 1247 3667 eique
1288 3599 1529 3669 quotidie
1574 3603 1786 3658 sacriﬁ-

187 3685 402 3727 camus.
459 3673 772 3734 Creaturam
821 3683 983 3738 etiam
1038 3686 1133 3741 Dei
1185 3695 1428 3744 sanctam
1484 3698 1537 3745 et
1566 3692 1784 3762 bonam,

185 3760 291 3814 hoc
319 3770 430 3827 est,
475 3767 724 3838 angelum
773 3782 1018 3829 sanctum
1056 3777 1142 3831 vel
1190 3778 1462 3835 hominem
1517 3793 1784 3852 sanctum,

189 3860 279 3906 aut
309 3864 563 3912 sanctam
588 3875 806 3918 crucem
834 3880 932 3934 pro
961 3866 1274 3925 diversitate
1303 3873 1625 3942 dignitatum
1657 3877 1788 3933 ado-

189 3958 372 4002 ramus
417 3957 476 4002 et
523 3950 773 4019 colimus,
823 3957 928 4011 hoc
961 3967 1064 4025 est,
1112 3961 1390 4018 humiliter
1430 3966 1780 4034 bonoramus,

194 4034 482 4106 diligimus,
516 4049 570 4096 et
601 4045 980 4114 amplectimur
1006 4059 1227 4122 propter
1259 4054 1424 4111 Deum
1474 4067 1530 4114 et
1576 4061 1630 4115 in
1671 4061 1784 4117 Deo

191 4123 342 4196 longe
377 4129 582 4200 dispari
613 4135 792 4202 modo,
843 4154 1004 4207 quam
1044 4141 1191 4197 illum
1233 4146 1462 4205 colimus
1501 4158 1557 4204 et
1589 4151 1778 4208 adora-

192 4229 344 4272 mus:
398 4222 504 4277 hoc
558 4233 736 4281 autem
789 4228 1154 4286 calumniatur
1209 4237 1474 4303 nesciens,
1530 4241 1780 4311 scireque

196 4322 424 4368 renuens
461 4314 629 4383 rabit,
660 4327 716 4373 et
745 4317 1076 4391 indignando
1117 4325 1494 4399 szeviendoque
1538 4329 1672 4386 furit
1718 4348 1782 4389 ac

191 4397 501 4462 bacchatur.
532 4407 772 4466 Audiens
799 4412 855 4467 in
882 4413 1127 4470 Ecclesia
1159 4418 1356 4487 saepius
1375 4397 1615 4478 cantari:
1647 4425 1779 4480 Cru-

193 4507 294 4550 cem
336 4506 483 4554 tuam
531 4500 839 4569 adoramus,
874 4504 1114 4573 Domine,
1175 4519 1226 4563 et
1261 4521 1499 4568 sanctam
1547 4531 1779 4572 resurre-

1889 3609 1938 3654 et
1963 3597 2184 3654 adorato.
2232 3599 2510 3654 scabellum
2561 3601 2751 3670 pedum
2799 3601 2936 3670 ejus,
2987 3601 3282 3656 secundum
3312 3617 3472 3672 quem

1888 3691 2108 3746 modum
2139 3690 2269 3746 dicit
2296 3691 2438 3745 sicut
2460 3691 2626 3746 Deum
2648 3691 2938 3746 adoramus
2967 3691 3259 3748 scabellum
3283 3693 3478 3762 pedum

1887 3782 2007 3848 Dei,
2037 3792 2129 3837 aut
2155 3784 2445 3838 adoramus
2460 3791 2514 3838 ct
2539 3783 2840 3838 salutamus
2868 3784 3020 3853 quasi
3045 3784 3337 3840 hominem.
3369 3783 3475 3839 Le-

1886 3877 2064 3948 gimus
2092 3885 2146 3932 et
2171 3877 2223 3932 in
2250 3876 2730 3932 lamentationibus
2755 3875 3004 3932 Jeremia:
3027 3894 3040 3943 ;
3082 3876 3311 3948 legimus
3337 3885 3393 3932 et
3418 3877 3472 3932 in

1885 3968 1994 4024 alio
2023 3969 2322 4038 propheta:
2378 3966 2672 4033 Quomodo,
2724 3968 2918 4039 inquit,
2972 3968 3320 4038 sanctificavit
3360 3969 3474 4022 Do-

1882 4062 2054 4116 minus
2101 4059 2387 4116 scabellum
2437 4061 2628 4132 pedum
2683 4077 2899 4116 suorum
2950 4070 3006 4117 et
3055 4062 3128 4117 ibi
3179 4061 3471 4118 scabellum

1881 4154 2079 4224 pedum
2111 4154 2226 4223 ejus
2261 4152 2636 4223 Hierosolyma
2666 4154 2885 4218 dicitur,
2923 4154 3036 4208 sive
3065 4153 3343 4222 templum.
3369 4153 3474 4223 Igi‘

1882 4253 1973 4299 tur
1994 4245 2286 4299 secundum
2316 4245 2598 4300 historiam
2650 4245 2879 4314 legimus
2904 4252 2958 4299 et
3001 4245 3056 4297 in
3101 4245 3209 4299 alio
3250 4245 3387 4308 loco,
3421 4254 3470 4297 et

1881 4336 2101 4389 adorate
2152 4333 2436 4388 scabellum
2476 4335 2665 4405 pedum
2705 4335 2840 4404 ejus.
2890 4333 2947 4388 Si
2985 4335 3148 4404 pedes
3179 4351 3284 4390 non
3321 4344 3468 4391 stant

1880 4426 1987 4482 nisi
2032 4426 2086 4481 in
2132 4426 2408 4482 scabello:
2451 4441 2580 4497 ergo
2624 4426 2730 4482 hoc
2757 4426 2970 4490 dicitur,
3024 4425 3092 4479 Et
3135 4426 3468 4484 adoravimus

1879 4520 1969 4574 ubi
2001 4527 2254 4574 steterunt
2299 4518 2453 4591 pedes
2498 4519 2633 4590 ejus,
2681 4519 2750 4574 de
2797 4518 3031 4574 scabello
3075 4520 3290 4577 dicitur.
3323 4522 3466 4595 Ergo

193 4587 402 4642 ctionem
424 4600 575 4644 tuam
605 4590 885 4650 laudamus
905 4605 952 4650 et
982 4597 1361 4669 glorificamus,
1385 4611 1440 4658 et
1461 4604 1689 4675 reliqua.
1715 4606 1772 4662 Si
1800 4641 1854 4702 D
1880 4612 2174 4667 secundum
2201 4587 2439 4666 litteram
2468 4626 2756 4682 possumus
2784 4611 2888 4666 hoc
2923 4611 3122 4680 dicere,
3151 4613 3300 4670 verbi
3340 4630 3465 4669 cau-

195 4679 325 4736 enim
349 4682 466 4740 hmo
495 4687 664 4742 verba
687 4692 954 4747 creaturis
974 4692 1126 4766 jungi
1153 4710 1261 4750 non
1287 4699 1632 4766 convenient,
1653 4701 1770 4772 jam

193 4785 284 4829 nec
311 4766 621 4849 legerentur
644 4781 698 4838 in
722 4782 859 4839 libro
884 4784 1155 4844 Gcneseos
1174 4788 1241 4845 de
1266 4790 1405 4846 Loth
1431 4807 1445 4846 :
1481 4766 1771 4851 Venerunt-

191 4880 280 4934 quc
298 4869 400 4925 duo
426 4873 602 4944 angeli
632 4871 917 4932 Sodomam
943 4896 1166 4952 vespere,
1207 4882 1416 4938 sedente
1451 4883 1584 4940 Loth
1614 4887 1668 4941 in
1689 4888 1771 4958 fo-

195 4956 324 5014 ribus
339 4963 588 5019 civitatis.
613 4964 716 5031 Qui
738 4982 855 5021 cum
879 4969 1106 5037 vidisset,
1124 4974 1371 5038 surrexit,
1390 4984 1438 5028 et
1461 4975 1550 5029 ivit
1567 4956 1770 5033 obviam

193 5048 278 5114 eis,
317 5063 364 5107 et
412 5055 657 5110 adoravit
699 5074 895 5128 pronus
937 5063 993 5116 in
1031 5072 1245 5119 terram.
1293 5063 1422 5122 Item
1455 5064 1508 5121 in
1540 5069 1765 5124 eodem:

195 5135 423 5201 Surrexit
447 5147 715 5202 Abraham
753 5159 803 5204 et
843 5151 1083 5208 adoravit
1121 5155 1371 5226 populum
1415 5166 1591 5224 teme,
1634 5157 1774 5228 ﬁlios

192 5231 416 5291 videlicet
463 5238 628 5296 Heth.
683 5241 816 5298 Item
863 5243 918 5297 in
965 5244 1154 5301 eodem
1188 5246 1254 5301 de
1288 5246 1494 5304 Iacob:
1549 5247 1620 5304 Et
1665 5253 1773 5321 ipse

192 5329 448 5394 egrediens
500 5333 736 5390 adoravit
783 5351 980 5406 pronus
1025 5337 1081 5391 in
1124 5346 1315 5392 terram
1351 5341 1558 5410 septies,
1609 5342 1772 5398 donec

192 5423 622 5494 appropinquaret
643 5425 810 5494 frater
833 5426 968 5497 ejus.
993 5426 1140 5484 Idem
1164 5437 1290 5498 post
1311 5444 1515 5499 pauca:
1543 5433 1772 5489 Accessit

191 5521 382 5580 quoque
405 5512 506 5569 Lia
525 5531 642 5571 cum
662 5515 840 5572 liberis
861 5520 971 5574 suis
993 5528 1042 5574 ct
1063 5537 1183 5575 cum
1197 5521 1440 5578 similiter
1459 5524 1767 5583 adorassent

189 5604 399 5658 extremi
417 5603 611 5679 Ioseph
633 5619 682 5664 et
703 5609 902 5665 Rachel
923 5610 1293 5669 adoraverunt.
1316 5613 1449 5671 Item
1471 5616 1525 5672 in
1543 5618 1760 5676 eodem:

189 5683 545 5766 Disitque‘ad
590 5717 698 5769 eos,
743 5702 847 5760 hoc
893 5712 978 5760 est
1014 5702 1212 5777 Ioseph
1263 5708 1330 5762 ad
1367 5706 1562 5766 fratres
1595 5727 1760 5770 suos:

190 5777 376 5840 Audite
395 5792 654 5848 somnium
697 5811 869 5852 meum
911 5797 1050 5868 quod
1096 5798 1235 5852 vidi:
1276 5797 1539 5856 Putabam
1578 5821 1670 5860 nos
1699 5806 1764 5861 li-

192 5887 312 5948 gare
354 5885 650 5958 manipulos
696 5888 752 5945 in
796 5906 923 5962 agro
971 5900 1020 5947 et
1059 5892 1210 5964 quasi
1249 5908 1557 5966 consurgere
1595 5901 1794 5978 mani-,q

1878 4719 1959 4768 sa,
1989 4703 2079 4758 ubi
2119 4712 2280 4758 natus
2319 4711 2422 4768 est,
2451 4703 2542 4758 ubi
2567 4703 2863 4759 cruciﬁxus
2888 4712 2993 4771 est,
3019 4705 3112 4760 ubi
3140 4707 3458 4762 resurrexit.

1877 4793 2144 4850 Caeterum
2167 4795 2460 4850 scabellum
2482 4796 2679 4866 pedum
2709 4794 2837 4851 Jesu
2859 4797 3039 4852 anima
3063 4798 3333 4854 credentis
3355 4808 3458 4854 est.

1876 4887 2028 4942 Felix
2053 4897 2137 4944 est
2170 4888 2258 4944 ille
2285 4889 2340 4943 in
2375 4887 2530 4957 cujus
2555 4897 2774 4958 pectore
2802 4890 2967 4959 pedes
2989 4892 3230 4961 quotidie
3251 4907 3461 4963 ponun-

1877 4986 1966 5032 tur
1987 4977 2134 5034 Jcsu.
2162 4978 2381 5034 Utinam
2407 4978 2464 5034 et
2504 4977 2558 5033 in
2600 4993 2722 5034 meo
2760 4988 2980 5048 pectore
3012 4990 3280 5050 ponantur
3297 4979 3461 5048 pedes

1877 5068 1992 5139 ejus
2017 5088 2032 5137 ;
2088 5073 2294 5126 utinam
2321 5071 2549 5143 vestigia
2570 5071 2686 5142 ejus
2714 5088 2926 5145 seraper
2954 5075 3197 5130 haereant
3216 5075 3270 5128 in
3295 5074 3458 5129 corde

1877 5178 2039 5229 meo;
2093 5165 2300 5219 utinam
2345 5173 2401 5220 et
2446 5179 2547 5236 ego
2592 5165 2768 5223 dicam
2810 5182 2936 5223 cum
2971 5180 3205 5235 sponsa:
3257 5162 3456 5219 Tenebo

1873 5271 2012 5320 eum,
2043 5265 2092 5311 et
2121 5274 2224 5312 non
2259 5257 2538 5312 dimittam.
2579 5257 2822 5329 Sponsus
2849 5258 2958 5313 cito
2980 5255 3286 5320 offenditur,
3323 5268 3459 5308 sem-

1871 5363 1971 5418 per
2004 5348 2296 5404 munditias
2337 5357 2504 5416 amat,
2530 5349 2840 5418 ubicunque
2885 5345 3072 5404 sordes
3115 5342 3312 5400 viderit
3346 5344 3456 5401 cito

1871 5442 2097 5499 recedit.
2131 5441 2202 5497 Et
2230 5443 2446 5500 adorata
2493 5440 2778 5499 scabellum
2823 5439 3013 5506 pedum
3051 5438 3166 5509 ejus
3205 5439 3451 5511 quoniam

1873 5543 2113 5591 sanctum
2139 5546 2238 5603 est,
2281 5552 2390 5592 non
2428 5550 2588 5590 omne
2631 5532 2921 5590 scabellum
2946 5533 3143 5604 pedum
3183 5533 3318 5605 ejus,
3355 5535 3452 5591 sed

1872 5630 2231 5699 quodcunque
2279 5635 2529 5684 sanctum
2573 5634 2680 5691 est,
2717 5624 2861 5694 quod
2904 5624 2958 5680 in
3011 5624 3296 5682 sanctitate
3329 5639 3456 5696 per-

1872 5727 2108 5784 severat,
2132 5717 2282 5772 verbi
2310 5731 2495 5781 causa,
2527 5714 2750 5770 adorato
2794 5714 3084 5772 scabellum
3111 5717 3307 5789 pedum
3335 5717 3452 5787 ejus

1870 5807 2088 5865 Petrum
2118 5817 2174 5864 et
2197 5807 2442 5873 Paulum,
2470 5815 2525 5862 et
2545 5814 2768 5864 caeteros
2794 5808 3066 5880 apostolos
3084 5809 3322 5872 adorate,
3347 5808 3450 5861 hoc

1869 5908 1953 5958 est
1981 5901 2283 5968 honorate;
2313 5908 2551 5957 sanctum
2571 5907 2666 5969 est,
2707 5898 2827 5959 illos
2847 5901 3069 5960 adorate
3097 5899 3191 5973 qui
3228 5899 3287 5957 in
3317 5910 3446 5956 san-
