4006 6454
501 375 606 442 ι83

1833 347 2136 415 DUNGALI
2173 343 2466 407 RECLUSI

3657 332 3772 396 484

500 497 688 554 ctitate
712 492 1084 561 perseverant.
1116 484 1381 540 Caeterum
1399 478 1490 550 qui
1520 474 1811 533 scabellum
1834 471 2076 535 fuerunt,
2105 468 2158 528 A
2184 464 2249 550 de
2295 465 2403 520 hac
2460 436 2672 544 ratione
2717 453 2960 529 exempla
2999 441 3361 548 reperiuntur.
3412 453 3671 509 Paulinus
3716 457 3776 532 in

503 541 560 646 et
585 601 694 641 non
714 541 852 639 sunt
877 578 1073 650 sancti,
1107 575 1234 631 illos
1273 588 1347 630 ne
1389 541 1670 634 adoretis;
1712 564 1868 621 .verbi
1899 576 2082 629 causa,
2179 547 2328 619 iibro
2353 578 2407 617 ιχ
2437 541 2597 629 quem
2637 558 2706 612 de
2735 555 3056 616 virtutibus.
3082 546 3255 606 sancti
3289 541 3497 607 Felicis
3541 541 3783 603 metrico

503 644 669 736 indas
695 644 941 746 proditor
966 668 1258 726 scabellum
1279 664 1386 720 Dei
1413 663 1534 726 fuit,
1569 660 1662 715 sed
1697 655 1952 728 quoniam
1977 668 2088 708 non
2185 662 2337 710 textu
2365 650 2664 722 composuit
2697 666 2712 703 :
2859 737 2872 746 Δ
2917 644 2920 646 ⁷

506 778 590 825 est
634 755 853 821 sanctus
903 777 1011 816 non
1060 773 1182 814 eum
1234 753 1518 811 adoretis.»
1549 749 1855 807 Secundum
1911 751 2090 802 autem

507 873 674 914 unum
708 852 998 922 supradicti
1048 848 1196 904 verbi
1229 846 1562 902 intellectum
1589 841 1682 911 qui
1725 841 1794 896 ad
1819 838 2091 893 hominem

508 949 768 1020 pertinet,
800 947 854 1000 in
906 942 1046 998 libro
1103 940 1311 1009 Regum
1356 936 1614 1004 scriptum
1661 941 1783 986 est:
1855 929 2092 984 Videntcs

511 1051 686 1096 autem
713 1038 812 1107 ﬁlii
835 1035 1205 1107 prophetarum
1238 1030 1327 1101 qui
1373 1037 1523 1084 erant
1559 1026 1614 1082 in
1656 1023 1834 1079 Jerico
1863 1038 1891 1077 ε
1911 1031 2092 1076 contra

512 1135 754 1188 dixerunt
779 1144 798 1182 :
821 1128 1087 1198 Requievit
1113 1123 1326 1196 spiritus
1370 1119 1508 1177 Elia:
1533 1133 1689 1189 super
1724 1115 1979 1171 Eliswum
2002 1129 2020 1178 ;
2046 1121 2094 1168 et

514 1224 769 1279 venientes
798 1220 851 1275 in
877 1231 1149 1274 occursum
1186 1213 1299 1282 ejus
1328 1211 1678 1266 adoraverum
1703 1223 1819 1262 eum
1865 1205 2016 1277 proni
2041 1204 2096 1258 in

514 1327 728 1370 terram.
763 1310 898 1369 Item
929 1308 984 1369 in
1009 1303 1232 1368 Actibus
1259 1299 1620 1371 apostolorum
1647 1316 1659 1350 :
1707 1296 1775 1358 Et
1806 1295 2002 1365 factum
2024 1302 2097 1348 est

515 1426 631 1466 cum
654 1407 916 1463 introisset
943 1401 1157 1464 Petrus,
1203 1396 1377 1456 obvius
1429 1387 1790 1454 ei'Cornelius
1825 1387 2100 1460 precidem

515 1498 752 1559 adoravi!
778 1513 797 1561 ;
827 1493 1020 1558 Petrus
1067 1508 1184 1554 vero
1214 1489 1396 1549 levavit
1437 1504 1555 1544 eum
1593 1486 1770 1544 dicens
1797 1498 1814 1536 :
1841 1480 2010 1551 Surge
2051 1487 2100 1534 et

516 1606 608 1659 ego
633 1589 740 1658 ipse
764 1587 920 1641 homo
945 1600 1091 1648 sum;
1116 1583 1258 1654 quod
1271 1580 1413 1658 Beda
1438 1578 1660 1648 exponit
1682 1576 1885 1638 dicens,
1910 1592 1928 1625 α
1949 1580 2102 1643 gestu

512 1680 764 1750 corporis
794 1679 1131 1739 demonstrat
1166 1673 1450 1734 Cornelius
1495 1670 1622 1740 quid
1665 1669 1813 1726 intus
1855 1667 1912 1724 in
1939 1663 2103 1726 corde

519 1770 819 1828 devotionis
850 1769 1120 1829 habuerit.
1156 1764 1381 1826 Obviam
1409 1763 1552 1823 enim
1583 1777 1681 1820 suo
1719 1758 1928 1819 doctori
1957 1756 2104 1818 venit

518 1860 754 1925 auditor,
786 1859 875 1928 qui
903 1858 1100 1918 mundo
1121 1863 1340 1926 pectore
1373 1862 1428 1910 et
1471 1853 1675 1910 intenta
1711 1848 1928 1908 sedulus
1951 1861 2102 1912 aure,

522 1962 685 2026 atque
715 1951 945 2011 inhianti
975 1948 1246 2006 desiderio
1266 1945 1490 2007 verbum
1518 1943 1642 2000 ﬁdei
1672 1941 1933 2011 suscipit;
1979 1954 2104 1998 nam

525 2046 617 2115 qui
645 2043 796 2100 tarde
830 2042 896 2098 ad
927 2039 1256 2100 credendum
1275 2036 1634 2108 pertrahitur,
1661 2034 1816 2104 quasi
1837 2048 1868 2087 a
1889 2033 2110 2092 doctore

521 2137 708 2205 iacens
733 2134 981 2206 erigitur.
1033 2130 1141 2188 Sed
1169 2131 1261 2200 qui
1293 2130 1361 2184 de
1410 2144 1520 2184 sua:
1552 2126 1678 2181 vita:
1716 2124 1942 2182 maculis
1980 2139 2106 2179 eru-

523 2229 753 2286 bescens
783 2223 1109 2298 procidendo
1134 2223 1188 2277 in
1224 2222 1419 2296 faciem
1447 2218 1767 2276 humilitatis
1810 2217 2018 2287 pariter
2056 2222 2113 2270 et

529 2322 751 2391 pudoris
782 2319 978 2373 indicia
1014 2315 1251 2386 praefert,
1292 2316 1416 2385 jure
1442 2329 1474 2368 a
1515 2327 1612 2367 suo
1639 2316 1970 2381 praeceptore
1994 2322 2112 2364 me~

531 2421 681 2467 retur
707 2412 861 2482 erigi.
889 2410 1083 2464 Petrus
1102 2424 1231 2464 vero
1259 2408 1451 2478 inquit,
1475 2415 1531 2461 et
1561 2405 1789 2473 reliqua.
1815 2424 1834 2456 ι
1861 2402 2116 2458 Commu-

529 2506 746 2560 nionem
769 2503 967 2573 quippe
993 2500 1317 2570 azqualitatis
1345 2497 1544 2553 meruit
1583 2497 1842 2552 sanctitas
1865 2493 2114 2550 actionis.

527 2597 663 2652 ltem
688 2596 743 2649 in
774 2594 1097 2665 Apocalypsi
1122 2609 1136 2647 :
1169 2591 1236 2646 Et
1263 2591 1398 2645 dixit
1426 2590 1552 2644 mihi
1577 2603 1595 2641 :
1638 2586 1766 2642 Vide
1797 2605 1859 2642 ne
1889 2587 2116 2657 fecerit;

533 2703 810 2741 conservus
840 2686 976 2740 enim
1007 2693 1130 2739 tuus
1170 2699 1281 2737 sum
1326 2691 1376 2736 et
1412 2681 1639 2748 fratrum
1670 2689 1880 2734 tuorum
1923 2678 2121 2737 [taben-

533 2779 664 2830 tium
709 2777 1063 2830 testimonium
1106 2774 1255 2828 Iesu.
1305 2774 1382 2828 De
1425 2774 1528 2828 hoc
1571 2780 1790 2826 sanctus
1830 2771 2122 2842 Gregorius

537 2871 737 2920 tractat
762 2863 948 2919 dicens
976 2880 990 2916 :
1025 2882 1042 2915 ‹
1073 2863 1206 2930 Quia
1230 2862 1374 2916 enim
1411 2862 1534 2917 caeli
1558 2876 1655 2915 rex
1690 2869 1892 2916 terram
1921 2869 2122 2917 nostra:

537 2955 719 3009 carnis
742 2955 1056 3022 assumpsit,
1082 2953 1448 3009 inﬁrmitatem
1489 2962 1734 3008 nostram
1780 2952 1866 3007 illa
1891 2953 2001 3022 jam
2027 2969 2124 3008 an-

537 3045 706 3116 gelica
730 3045 992 3101 celsitudo
1022 3061 1128 3099 non
1156 3045 1404 3114 despicit.
1432 3043 1514 3100 Ad
1543 3059 1731 3114 pacem
1763 3051 2007 3099 nostram
2035 3059 2128 3099 an-

539 3140 644 3212 geli
669 3141 919 3204 redeunt,
949 3141 1300 3207 intentionem
1342 3140 1542 3211 prioris
1587 3139 1871 3196 discordiae
1908 3150 2125 3212 postpo-

540 3241 697 3296 nunt,
725 3242 779 3286 et
808 3247 943 3302 quos
985 3230 1236 3286 infirmos
1284 3232 1436 3300 prius
1479 3228 1825 3301 abjectosque
1870 3232 2127 3303 despexe-

543 3332 689 3388 rant,
733 3322 848 3392 jam
887 3323 1065 3379 socios
1103 3330 1448 3377 venerantur.
1492 3321 1633 3376 llinc
1662 3331 1748 3376 est
1792 3323 1936 3377 enim
1985 3323 2128 3392 quod

537 3412 701 3479 Loth,
730 3414 816 3482 vel
843 3413 1010 3470 Iosue
1033 3414 1254 3486 angelos
1281 3415 1530 3479 adorant,
1559 3428 1658 3468 nec
1694 3422 1873 3468 tamen
1903 3414 2133 3469 adorare

540 3509 933 3578 prohibentur:
983 3507 1220 3563 Joannes
1264 3521 1393 3563 vero
1435 3507 1494 3562 in
1532 3504 1852 3577 Apocalypsi
1903 3505 2133 3562 adorare

542 3601 791 3671 angelum
818 3601 1010 3666 voluit,
1049 3602 1141 3657 sed
1169 3609 1347 3656 tamen
1377 3601 1518 3656 idem
1550 3601 1695 3654 hunc
1730 3598 1952 3669 angelus
1980 3614 2049 3654 ne
2074 3614 2133 3655 se

545 3691 992 3749 debeatadorare
1015 3692 1332 3764 compescit,
1364 3693 1587 3747 dicens:
1644 3688 1772 3743 Vide
1818 3706 1882 3743 ne
1924 3691 2128 3759 feceris,

546 3797 824 3835 conservus
851 3791 972 3836 tuus
1001 3799 1118 3845 sum
1145 3792 1192 3836 et
1226 3782 1450 3851 fratrum
1471 3790 1702 3834 tuorum.
1733 3779 1871 3846 Quid
1893 3781 2134 3850 estquod

549 3879 676 3924 ante
721 3871 1100 3942 Redemptoris
1146 3874 1433 3927 adventum
1485 3871 1660 3942 angeli
1711 3872 1780 3926 ab
1828 3873 2137 3939 hominibus

549 3961 846 4016 adorantur
867 3973 924 4016 et
951 3971 1153 4028 tacent,
1190 3963 1533 4033 postmodum
1561 3977 1689 4017 vero
1733 3962 1948 4018 adorari
1986 3962 2135 4018 refu-

549 4051 726 4122 giunt,
754 4053 857 4108 nisi
886 4053 1031 4122 quod
1052 4062 1298 4107 naturam
1323 4061 1563 4107 nostram
1589 4068 1751 4123 quam
1773 4053 1922 4122 prius
1943 4056 2137 4125 despe-

549 4153 766 4211 xerant,
821 4153 1107 4215 postquam
1153 4143 1298 4198 hanc
1339 4158 1502 4214 super
1547 4158 1606 4198 se
1650 4153 1981 4216 assumptam
2006 4161 2138 4202 eon-

551 4237 808 4307 spiciunt,
850 4238 1179 4292 substratam
1228 4235 1328 4292 sibi
1374 4233 1556 4292 videre
1583 4236 1994 4306 pertimescunt.
2027 4237 2139 4295 Nec

544 4328 660 4400 1iam
702 4329 804 4385 sub
847 4345 906 4384 se
950 4328 1097 4384 velut
1127 4328 1400 4396 inﬁrmam
1447 4341 1792 4386 contemnere
1824 4331 1942 4386 ausi
1987 4340 2136 4399 sunt,

553 4439 717 4493 quam
764 4439 928 4494 super
973 4439 1032 4480 se
1077 4423 1328 4479 videlicet
1363 4424 1419 4479 in
1463 4423 1587 4488 caeli
1624 4439 1752 4496 rege
1792 4433 2134 4481 venerantur.

553 4514 666 4586 μεθ
692 4515 896 4570 habere
917 4515 1275 4586 dedignantur
1305 4517 1578 4574 hominem
1613 4518 1817 4572 socium
1860 4518 1952 4588 qui
1979 4533 2141 4589 super

555 4622 618 4663 se
664 4607 896 4662 adorant
920 4608 1197 4662 hominem
1225 4607 1416 4662 Deum.
1448 4628 1466 4660 ι
1514 4608 1700 4679 Neque
1753 4610 1896 4665 enim
1943 4609 2138 4666 beatus

554 4697 794 4754 Joannes
821 4699 1097 4770 apostolus
1119 4707 1174 4754 et
1194 4700 1521 4770 evangelista
1533 4700 1734 4756 Christi
1759 4701 2139 4757 dilectissimus

557 4792 889 4862 spiritalibus
916 4793 1017 4848 sibi
1048 4809 1076 4848 a
1117 4794 1229 4849 Deo
1252 4795 1504 4852 revelatis
1539 4793 1839 4850 visionibus
1859 4795 2085 4850 alienari
2109 4811 2139 4849 a

553 4883 673 4940 Deo
694 4883 883 4950 voluit,
905 4892 960 4939 et
981 4886 1242 4942 honorem
1273 4885 1379 4956 ipsi
1416 4887 1516 4942 soli
1565 4887 1804 4941 debitum
1847 4886 2144 4958 incongrue

559 4975 849 5033 deferendo
866 4977 1206 5049 sacrilegium
1228 4980 1589 5044 committere,
1621 4986 1676 5035 et
1700 4979 2005 5035 contrarius
2030 4979 2141 5036 Deo

557 5068 678 5126 ﬁeri
706 5072 797 5141 qui
817 5085 880 5126 se
900 5079 1052 5125 tanto
1075 5070 1332 5126 exaltavit
1361 5072 1586 5128 honore.
1605 5069 1719 5127 Nec
1739 5071 1904 5146 etiam
1932 5072 2154 5144 angelus

563 5176 818 5237 tanquam
844 5167 1059 5226 divinus
1079 5168 1182 5224 sibi
1211 5168 1280 5222 ab
1303 5167 1546 5237 apostolo
1570 5167 1746 5222 cultus
1767 5177 1914 5224 esset
1937 5168 2155 5235 allatus,

564 5260 640 5314 ita
665 5261 937 5317 recusavit
951 5261 1049 5317 sed
1067 5260 1449 5316 tantummodo
1466 5274 1564 5330 per
1593 5258 1954 5316 humilitatem
1986 5261 2150 5328 illam,
2245 5286 2252 5300 ς

561 5359 623 5404 ut
647 5351 962 5421 praedictum
975 5347 1090 5421 est,
1115 5357 1365 5413 humana:
1386 5363 1592 5411 naturae
1615 5359 1970 5414 substantiam
1992 5373 2155 5428 quam

567 5456 598 5494 a
625 5441 736 5496 Deo
759 5443 812 5498 in
838 5441 1104 5505 unitatem
1133 5442 1384 5518 personae
1402 5447 1650 5516 cognovit
1681 5455 2032 5519 assumptam,
2057 5448 2158 5504 sibi

567 5531 741 5586 noluit
762 5539 1069 5596 venerando
1100 5555 1159 5595 se
1180 5537 1366 5594 videre
1390 5539 1716 5594 substratam
1739 5548 1793 5592 et
1824 5540 2157 5596 inclinatam.

565 5621 724 5680 Licet
745 5635 806 5681 ut
826 5629 960 5684 solet
985 5629 1259 5704 multiplex
1284 5648 1402 5689 esse
1423 5648 1613 5688 sensus
1637 5631 1927 5702 Scripturte
1950 5631 2018 5686 ab
2043 5632 2164 5688 aliis

571 5715 882 5778 doctoribus
919 5723 1036 5780 haec
1063 5724 1287 5796 intelligi
1323 5725 1692 5794 cognovimus.
1745 5722 1859 5778 Hoc
1896 5724 2056 5778 modo
2078 5725 2155 5780 si-

571 5808 773 5870 militer
794 5812 848 5869 in
868 5816 1082 5873 czeteris
1106 5823 1416 5872 sanctorum
1443 5815 1592 5871 libris
1615 5822 1899 5870 auctorum
1926 5814 2156 5887 plurima

2259 749 2403 806 Ecce
2428 743 2728 802 sacerdotis
2759 737 2992 796 reditum
3022 735 3252 793 satiatus
3277 734 3446 791 adoro

2194 840 2508 909 Suscipiens
2534 834 2725 892 humili
2763 839 3054 888 metantem
3079 828 3134 883 in
3164 825 3382 899 pectore
3409 825 3712 882 Christum.

2908 941 3076 998 Idem.

2195 1044 2264 1101 Et
2288 1044 2414 1100 licet
2442 1059 2472 1097 a
2499 1038 2668 1097 veteri
2697 1035 2917 1092 tumulis
2944 1031 3293 1088 absconditus
3318 1045 3428 1097 aevo

2197 1135 2313 1204 Qua
2349 1131 2595 1189 mortalis
2618 1137 2735 1184 crat
2761 1125 2918 1180 latuit
2947 1122 3158 1178 telluris
3185 1128 3393 1191 operto,

2196 1225 2332 1284 Vina
2364 1235 2548 1280 tamen
2569 1225 2854 1292 vegetante
2878 1216 2990 1269 Deo
3014 1213 3383 1283 membrisque
3406 1219 3683 1281 superstes

2198 1318 2407 1381 Gratia,
2444 1316 2685 1371 divinum
2710 1309 2976 1381 spirantia
3006 1304 3261 1377 martyris
3287 1319 3407 1358 ossa

2199 1406 2473 1484 Clariflcat
2497 1389 2710 1480 populis
2732 1400 2928 1457 merito
2948 1398 3164 1453 vivente
3184 1394 3378 1474 sepulti

2199 1481 2271 1557 Et
2295 1499 2475 1571 magni
2505 1497 2698 1553 solium
2727 1495 2891 1549 breve
2913 1488 3242 1566 confessoris
3263 1481 3469 1570 adorat.

2201 1593 2410 1667 Jugiter
2435 1609 2467 1648 e
2494 1591 2662 1647 variis
2691 1575 2946 1668 congesta
2975 1571 3283 1672 frequentia
3309 1567 3487 1664 terris.

2205 1683 2342 1786 Item
2366 1671 2688 1780 Prudentius
2721 1701 2776 1754 in
2797 1677 2934 1772 tlibro
2962 1698 3049 1770 qui
3075 1671 3446 1768 prmtitulntur
3465 1671 3790 1786 ᾼξρέέῳρρίσ.

2132 1829 2181 1892 Β
2205 1816 2319 1890 Nec
2346 1829 2606 1890 responsa
2633 1811 2800 1868 refert
2829 1809 3048 1882 Lybicis
3073 1809 3127 1864 in
3155 1806 3410 1886 Syrtibus
3432 1805 3722 1876 “triumph.

2201 1909 2327 1985 ipsa
2363 1909 2476 1965 suis
2503 1905 2780 1972 Christum
2802 1901 3061 1972 Capitolia
3084 1899 3314 1968 Ronmla
3347 1907 3586 1970 ingerent

2208 1997 2555 2074 Principibus
2580 1995 2764 2051 lucere
2793 1993 2983 2056 Deum,
3015 1991 3398 2063 destructaque
3423 1988 3618 2061 templa

2203 2089 2442 2168 imperio
2467 2086 2731 2152 cecidisse
2758 2086 2955 2140 ducum
2984 2080 3099 2150 jam
3123 2095 3364 2156 purpura
3395 2079 3622 2153 supplex

2211 2183 2488 2261 §ternitur
2515 2177 2774 2256 IEneadae
2801 2173 3032 2252 rectoris
3057 2173 3127 2242 ad
3153 2171 3290 2246 atria
3319 2170 3520 2244 Christi

2214 2253 2594 2353 yexillumque
2619 2270 2801 2347 crucis
2829 2280 3073 2341 summus
3111 2263 3415 2338 dominator
3441 2253 3662 2338 adorat.

2215 2388 2366 2454 Idem
2411 2387 2480 2448 ad
2536 2381 3222 2454 Valerianumnepiseopum
3247 2376 3311 2438 de
3347 2378 3595 2448 passione
3640 2377 3803 2433 meti

2866 2450 3156 2533 Hippolyti.

2218 2551 2372 2620 Mane
2393 2557 2689 2618 sanitatum
2717 2545 3080 2626 concurritur,
3108 2540 3283 2620 omnis
3313 2540 3503 2620 aderat

2212 2629 2410 2727 Ρυιξεξο
2453 2650 2606 2708 sunt»
2633 2627 2885 2709 ’τθάευιιιν
2913 2620 3140 2718 inlisas
3171 2648 3342 2716 “sese
3361 2632 3592 2708 abitus.-

2289 2725 2536 2816 Alterurp
2565 2742 2744 2812 autem
2779 2733 3025 2805 verbum,
3049 2729 3196 2806 quod
3221 2735 3305 2792 est
3330 2726 3467 2802 θρίου
3491 2725 3804 2799 Ρῐίεςὶξωιε

2219 2813 2313 2915 qui
2342 2813 2562 2910 propter
2591 2823 2912 2888 nobilissimi
2933 2822 3233 2900 claritatem
3261 2819 3462 2899 ingepii
3497 2819 3686 2893 lumen
3711 2818 3807 2891 Bo-

2219 2909 2393 2998 έῃαηω
2445 2916 2710 2988 facundite
2747 2914 2945 2971 meruit
2986 2911 3230 2978 vocitari,
3272 2909 3540 2990 tgiplicem
3585 2924 3804 2988 sensum

2222 2999 2424 3090 habere
2453 3011 2787 3082 demonstrat
2813 3008 2887 3063 ita
2912 3005 3139 3085 dicendo
3165 3021 3179 3059 :
3217 3002 3345 3083 Cale
3367 3018 3574 3084 gpoqug
3593 3019 3699 3076 pro
3733 3001 3810 3056 di-

2226 3101 2351 3176 ligo,
2381 3112 2430 3157 et
2466 3101 2664 3168 habito,
2705 3110 2753 3164 et
2793 3116 2887 3156 aro
2928 3098 3204 3174 accipitur.
3236 3094 3374 3172 Hinc
3399 3093 3735 3168 Augustinus
3761 3092 3810 3165 in

2153 3191 2197 3254 C
2229 3191 2370 3258 libro
2398 3209 2432 3260 χ
2456 3191 2523 3248 de
2551 3191 2783 3262 Civitate
2812 3188 2907 3256 Dei
2934 3207 2945 3242 :
2979 3206 2996 3238 ι
3025 3185 3264 3265 Latriam
3283 3185 3485 3266 quippe
3505 3184 3679 3260 nostri
3703 3183 3814 3238 ubi-

2229 3298 2444 3360 cunque
2474 3290 2782 3338 sanctarum
2816 3279 3222 3354 Scripturarum
3263 3276 3499 3355 positum
3528 3289 3616 3354 eet
3663 3276 3815 3348 inter-

2232 3378 2428 3450 pretati
2461 3384 2587 3430 sunt
2612 3376 2928 3450 servitutem.
2970 3372 3073 3428 Sed
3100 3388 3161 3426 ea
3189 3370 3421 3442 servitus
3449 3384 3572 3448 qua:
3599 3370 3818 3424 debetur

2233 3445 2540 3526 hominibus
2570 3445 2863 3522 secundum
2893 3479 3054 3536 quam
3091 3461 3344 3546 prmcipit
3389 3445 3683 3539 apostolus
3711 3473 3819 3512 ser—

2234 3576 2328 3628 vos
2356 3559 2587 3624 dominis
2626 3557 2737 3613 suis
2761 3556 3006 3626 subditos
3043 3569 3164 3624 esse
3209 3552 3427 3614 debere,
3467 3550 3577 3605 alio
3608 3549 3819 3603 nomine

2235 3649 2420 3722 Graece
2447 3635 2745 3719 nuncupari
2775 3647 2929 3720 solet.
2964 3635 3149 3701 Latria
3192 3657 3320 3698 vero
3353 3627 3654 3708 Secundum
3699 3654 3822 3694 con-

2236 3742 2574 3800 suetudinem
2603 3732 2707 3810 qua
2744 3737 2906 3792 locuti
2937 3743 3062 3791 sunt
3092 3734 3183 3805 qui
3212 3733 3367 3804 nobis
3397 3731 3580 3786 divina
3615 3729 3822 3800 eloquia

2228 3825 2611 3908 condiderunt,
2643 3815 2735 3886 aut
2760 3845 2991 3901 semper,
3020 3836 3113 3882 aut
3138 3835 3249 3880 tam
3279 3813 3592 3898 frequenter
3616 3832 3676 3877 ut
3697 3835 3825 3892 pene

2238 3942 2472 4000 semper,
2503 3942 2565 3980 ea
2603 3925 2803 4000 dicitur
2846 3921 3081 3979 servitus
3119 3935 3237 3992 quae
3264 3918 3502 3999 pertinet
3531 3917 3602 3971 ad
3649 3914 3826 3971 colen-

2237 3995 2371 4092 duni
2395 4009 2586 4071 Deum.
2611 3995 2850 4094 Proinde
2893 4013 2940 4079 si
2986 4009 3358 4092 tantummodo
3397 3995 3575 4064 cultus
3603 4008 3723 4080 ipse
3750 4005 3825 4061 dio

2239 4117 2415 4178 eatur,
2462 4123 2571 4184 non
2620 4105 2717 4161 soli
2747 4087 2858 4174 Deo
2889 4096 3072 4160 deberi
3120 4087 3354 4176 videtur.
3406 4099 3655 4182 Qicimur
3683 4098 3822 4153 enim

2240 4200 2420 4280 colere
2446 4181 2693 4270 egregios
2719 4197 2990 4279 homines,
3032 4209 3168 4272 quos
3195 4175 3494 4276 honoriﬁca
3539 4175 3628 4260 vel
3658 4205 3830 4246 recor-

2242 4271 2476 4357 datione,
2505 4290 2590 4346 vel
2627 4273 2914 4362 praesentia
2944 4267 3533 4364 frequentamus-INec
3564 4283 3741 4364 solum
3771 4297 3830 4338 ea

2243 4371 2439 4456 quibus
2467 4398 2566 4438 nos
2593 4359 2842 4456 religiosa
2867 4359 3174 4458 humilitate
3204 4361 3544 4461 subiicimus,
3570 4361 3667 4430 sed
3687 4359 3835 4446 qua:-

2245 4455 2366 4532 dam
2395 4476 2559 4543 etiam
2609 4465 2727 4544 qlae
2776 4455 3018 4554 subjecta
3074 4479 3200 4544 sunt
3245 4455 3428 4546 nobis,
3479 4468 3836 4549 perhibentur

2165 4559 2218 4620 D
2243 4569 2366 4632 coli.
2407 4568 2542 4624 Nam
2582 4543 2648 4622 est
2681 4545 2806 4624 hoc}
2828 4551 3006 4649 verbo
3041 4571 3098 4647 et
3151 4543 3420 4636 agricolm,
3453 4543 3520 4640 et
3557 4543 3760 4637 coloni,
3789 4567 3838 4637 et

2243 4649 2434 4720 ineolm
2459 4667 2741 4738 vocantur,
2782 4647 2843 4738 et
2857 4647 3012 4730 ipsos
3040 4657 3176 4734 deos
3224 4672 3336 4730 pon
3360 4653 3429 4714 ob
3457 4653 3605 4731 aliud
3653 4652 3836 4726 appel-

2245 4755 2357 4810 lant
2385 4737 2811 4817 cntlicolas,nisi
2843 4751 2984 4826 quod
3013 4748 3211 4806 omium
3251 4748 3467 4812 colant;
3513 4762 3627 4826 non
3657 4746 3840 4822 utique

2246 4845 2573 4908 venerando.
2602 4823 3097 4906 scd'inhahitando,
3141 4851 3393 4918 tanquam
3422 4823 3541 4894 cudi
3577 4823 3839 4916 quosdam

2250 4927 2507 5014 colonos;
2545 4927 2651 4992 neu
2685 4920 2834 5010 sicut.
2861 4934 3198 5008 appellantur
3224 4915 3398 4988 euloni
3445 4929 3534 4998 qui
3578 4915 3843 4983 conditio.

2251 5049 2378 5118 nem
2421 5015 2632 5106 debent"
2655 5015 2879 5116 genitali
2915 5017 3028 5102 solo
3053 5034 3274 5099 propter
3319 5021 3714 5104 agriculturam
3748 5019 3842 5088 sub

2253 5109 2490 5206 dominio
2518 5109 2908 5206 possessorum,
2957 5120 3073 5186 sed,
3106 5120 3246 5175 sicut
3272 5119 3344 5172 ait
3388 5115 3612 5198 quidam
3663 5109 3844 5168 Latini

2251 5201 2449 5298 eloquii
2521 5197 2774 5300 magnus
2818 5199 3273 5298 auctor-(Virg.
3325 5205 3540 5290 zEpeid.
3570 5197 3641 5274 ﬁt,
3715 5203 3842 5274 19.):

2503 5326 2630 5392 Urbs
2655 5325 2850 5393 antiqua
2873 5323 2985 5383 fuit.
3005 5321 3133 5389 Iyrii
3157 5328 3366 5387 tenuere
3387 5318 3566 5386 coloni,

2257 5446 2326 5500 ab
2351 5439 2634 5497 incolendo
2658 5437 2802 5493 enim
2849 5434 3070 5490 colonos
3094 5431 3312 5489 vocavit
3353 5444 3458 5485 non
3499 5429 3570 5484 ab
3610 5422 3850 5496 agricui~

2259 5547 2398 5592 tura.
2423 5531 2563 5588 Hine
2586 5540 2639 5587 et
2683 5529 2930 5585 civitates
2967 5544 2997 5581 a
3036 5524 3332 5594 majoribus
3357 5515 3670 5578 civitatibus
3700 5517 3853 5573 velut

2256 5627 2575 5700 populorum
2613 5619 2953 5678 examinibus
2985 5617 3240 5684 conditae,
3268 5614 3494 5673 colonia:
3520 5624 3851 5680 nuncupan-

2262 5729 2368 5774 tur.
2397 5718 2474 5771 Ac
2503 5730 2601 5785 per
2627 5716 2731 5769 hoc
2755 5712 2958 5768 cultum
2987 5709 3204 5782 quidem
3227 5723 3334 5763 non
3355 5704 3540 5762 deberi
3569 5703 3677 5760 nisi
3707 5701 3860 5769 Deo,

2259 5811 2475 5885 propria
2511 5808 2743 5880 quadam
2783 5806 2990 5862 ratione
3016 5803 3166 5861 verbi
3193 5800 3354 5873 huius
3376 5798 3601 5857 omnino
3619 5793 3862 5864 veris-Sir-
