4006 6446
198 358 294 423 ιδδ

1167 343 1294 402 LIB.
1335 338 1706 400 ADVERSUS
1741 333 2097 397 CLAUDIUM
2135 333 2414 394 TAURIN.

3346 336 3451 396 £86

199 486 335 538 mum
358 473 471 529 eat;
502 456 598 518 sed
620 455 748 532 quia
775 467 830 514 et
857 458 1085 514 aliarum
1127 473 1308 512 rerum
1335 457 1534 512 dicitur
1559 454 1757 519 cultus,
1786 454 1841 517 Α
1862 451 1940 508 De
1969 452 2114 538 festis
2132 450 2692 538 sanctornm'cplendis
2710 443 3033 505 Prudentius
3057 451 3124 506 de
3146 452 3310 534 natali
3328 445 3454 508 san-

203 567 310 622 ideo
337 556 518 613 Latine
547 569 652 606 uno
685 552 848 616 verbo
889 547 1179 624 signiﬁcari
1206 546 1383 624 cultus
1412 548 1522 610 Deo
1551 545 1766 620 debitus

202 672 295 714 non
321 654 508 720 potest.
537 666 553 696 ι
589 643 732 698 Luce
755 658 881 720 vero
909 641 1108 720 clarius
1128 648 1232 704 est,
1256 640 1397 710 quod
1419 639 1522 710 hoc
1545 638 1767 714 verbum

201 761 295 802 non
321 717 486 794 solum
525 736 590 790 ad
627 717 963 797 Creatorem,
997 717 1180 808 verum
1205 731 1367 802 etiam
1399 730 1463 784 ad
1492 738 1769 804 creaturas

203 832 440 892 refertur,
473 827 568 881 sed
591 824 854 888 dissimili,
883 833 941 877 ut
967 824 1214 901 superius
1237 822 1490 887 diximus,
1524 821 1763 885 ratione;
1833 881 1836 884 I

203 925 344 980 aliter
372 919 514 973 enim
544 917 738 974 colitur
775 916 936 980 Deus,
971 915 1128 970 aliter
1166 914 1406 990 angelus,
1460 913 1544 967 vel
1587 913 1766 977 homo,

204 1017 344 1070 aliter
371 1021 514 1066 terra
542 1024 640 1080 pro
671 1009 932 1063 varietate
973 1007 1186 1077 frugum
1215 1016 1268 1062 et
1292 1006 1546 1059 arborum
1573 1020 1691 1074 qua:
1717 1005 1770 1057 in

201 1123 256 1162 ea
279 1099 571 1166 condendo,
621 1085 847 1162 orando,
894 1097 1229 1162 seminando,
1277 1095 1594 1172 plautando,
1645 1093 1768 1147 irri-

202 1181 661 1270 gando,potando,
708 1175 988 1260 multiplici
1037 1197 1091 1243 et
1136 1188 1404 1266 laboriosa
1453 1193 1774 1241 exercentur

202 1302 338 1344 cura.
367 1284 539 1338 Aliter
568 1284 620 1338 in
653 1291 838 1338 sancta
884 1279 1126 1336 Ecclesia
1168 1279 1446 1356 Dominica
1478 1294 1629 1350 crux,
1661 1277 1774 1331 oili-

203 1381 296 1446 cia,
321 1387 373 1435 et
394 1377 532 1450 festa
557 1365 777 1454 Christi,
809 1384 862 1431 et
891 1383 1199 1454 sanctorum
1235 1374 1351 1449 ejus
1394 1388 1422 1426 a
1451 1371 1774 1444 Christianis

203 1472 435 1529 coluntur
457 1478 512 1526 et
536 1453 898 1538 celebrantur.
942 1453 999 1520 in
1028 1473 1234 1519 tantum
1263 1464 1366 1518 ista
1415 1462 1540 1516 trita
1572 1470 1626 1532 et
1651 1476 1772 1533 oin-

202 1564 346 1619 nibus
369 1551 506 1632 pene
551 1568 676 1614 nota
711 1545 854 1630 sunt,
894 1565 953 1612 ut
1002 1553 1266 1626 exemplis
1314 1552 1652 1608 manifestari
1694 1551 1776 1607 vel

202 1650 474 1723 approbari
499 1665 693 1720 parum
728 1655 942 1719 egeant.
994 1645 1100 1700 Sed
1147 1653 1326 1698 tamen
1365 1659 1536 1714 pauca
1577 1641 1776 1696 contir-

201 1743 441 1800 mationis
461 1751 518 1799 et
539 1741 890 1813 experientia:
911 1755 1076 1796 causa
1100 1736 1320 1806 majoris
1343 1745 1467 1790 sunt
1490 1733 1777 1804 subjicien-

201 1837 278 1889 da.
308 1835 386 1891 De
423 1834 640 1890 Domini
685 1845 848 1889 cruce
890 1829 1115 1886 colenda
1162 1827 1412 1884 Sedulius
1459 1827 1512 1904 in
1559 1824 1695 1878 libro
1723 1839 1777 1902 iv
1806 1827 1852 1886 B

197 1925 464 1982 Paschalis
491 1925 750 1982 carminis
779 1925 854 1978 ait
886 1943 898 1978 :

197 2015 295 2071 Pax
329 2017 512 2072 crucis
539 2017 653 2087 ipse
683 2015 803 2080 fuit,
830 2014 1172 2082 violentaque
1203 2010 1399 2066 robora
1428 2009 1688 2064 membris

195 2106 467 2163 Illustrans
493 2105 750 2177 propriis,
784 2117 1001 2173 ptenam
1023 2102 1241 2158 vestivit
1267 2102 1492 2166 honore,

199 2197 628 2268 Suppliciumque
662 2184 809 2252 dedit
831 2195 1043 2266 signum
1071 2193 1242 2264 magis
1270 2207 1390 2248 esse
1420 2191 1632 2257 salutis,

193 2286 405 2358 Ipseque
429 2288 779 2350 sanctiﬁcans
802 2288 857 2342 in
897 2302 956 2344 se
982 2295 1252 2344 tormenta
1282 2284 1487 2340 beavit.

193 2377 328 2438 Neve
353 2381 477 2453 quis
507 2381 720 2453 ignoret
749 2380 987 2451 speciem
1013 2379 1192 2436 crucis
1233 2392 1354 2434 esse
1385 2377 1692 2443 colendam,

195 2455 313 2536 Quae
341 2469 632 2524 Dominum
655 2470 893 2539 portavit
917 2485 1110 2534 ovans,
1140 2469 1352 2541 ratione
1378 2469 1610 2538 potenti,

194 2561 418 2629 Quatuor
447 2563 576 2618 inde
601 2564 788 2634 plagas
813 2564 1065 2634 quadrati
1088 2564 1303 2635 colligit
1324 2566 1497 2629 orbis,

196 2651 510 2722 Splendidus
537 2656 777 2708 ancoris
807 2655 872 2709 de
905 2655 1106 2708 vertice
1135 2654 1306 2726 fulget
1330 2656 1494 2722 Eous,

193 2739 415 2796 Occiduo
442 2759 617 2798 sacrae
645 2744 956 2798 lambuntur
979 2746 1157 2800 sidere
1183 2747 1383 2817 planta:
1407 2765 1420 2813 ;

193 2832 387 2908 Arcton
419 2835 615 2890 dextra
650 2845 820 2901 tenet,
850 2837 1085 2892 medimu
1117 2837 1247 2916 laeva
1276 2839 1436 2912 erigit
1466 2854 1644 2914 axem,

191 2919 504 2994 Cunctaque
533 2925 598 2980 de
626 2926 889 2980 membris
917 2927 1048 2980 vivit
1079 2917 1270 2981 natura
1303 2929 1560 2992 creantis,

193 3011 254 3068 Et
270 3031 426 3070 cruce
453 3017 797 3087 complexum
821 3017 1070 3090 Christus
1086 3020 1220 3089 regit
1248 3021 1482 3089 undique
1500 3021 1775 3098 mundum.

259 3130 389 3204 Item
419 3134 486 3188 de
514 3144 695 3188 sancta
733 3133 970 3190 Ecclesia
998 3134 1215 3190 colenda
1246 3134 1507 3192 Paulinus
1533 3138 1589 3194 in
1616 3137 1704 3192 10.

2047 525 2114 578 cti
2141 523 2389 604 martyris
2423 520 2699 606 Hippolyti
2714 538 3126 604 cornipentorans
3147 524 3219 594 ait
3243 537 3262 597 ξ

1874 634 1929 690 Si
1959 635 2096 691 bene
2120 633 2486 698 commemini,
2514 633 2642 700 colit
2679 633 2822 700 hunc
2847 631 3216 702 pulcherrima
3257 633 3452 693 Roma.

1870 730 2052 785 Idibus
2075 730 2298 800 Augusti
2327 728 2527 782 mensis
2549 734 2605 780 ut
2627 727 2745 806 ipsa
2781 734 2940 806 vocat

1945 824 2011 877 Et
2039 824 2142 876 alia
2173 823 2338 876 multa
2367 838 2484 890 quae.
2509 801 2750 891 proferre
2773 801 2990 890 longum
3018 826 3118 872 est.
3151 817 3301 872 Sicut
3329 836 3459 894 ergo

1874 916 1926 971 in
1971 917 2056 970 his
2102 915 2280 971 verbis
2313 917 2532 977 erravit,
2570 899 2732 980 unde,
2769 923 2828 968 ut
2857 907 3112 978 arbitror,
3144 929 3254 969 suae
3293 915 3461 986 coepit

1872 1010 2024 1078 origo
2050 1009 2442 1079 perversitatis,
2470 1009 2543 1063 ita
2586 1006 2698 1076 jam
2743 1007 2795 1061 in
2824 1008 2929 1062 hoc
2960 1005 3178 1062 nomine
3205 1008 3348 1078 quod
3377 1015 3461 1062 est

1873 1101 2200 1172 Apostolicus
2229 1101 2352 1155 licet
2398 1101 2592 1156 minori
2644 1099 2898 1170 periculo,
2958 1099 3119 1153 simili
3151 1108 3330 1154 tamen
3378 1109 3463 1156 est

1875 1195 2131 1272 deceptus
2159 1193 2451 1262 imperitia.
2485 1191 2646 1246 Juxta
2676 1193 2874 1248 etenim
2908 1193 3041 1246 artis
3067 1191 3461 1263 professionem

1876 1285 2241 1357 grammatice
2264 1286 2329 1338 tle
2355 1299 2418 1338 eo
2443 1294 2674 1339 tractare
2699 1293 2926 1339 conatus
2947 1286 3289 1353 antiquorum
3315 1298 3463 1337 more

1877 1379 2182 1441 doctorum,
2213 1378 2302 1446 qui
2331 1393 2454 1432 cum
2479 1379 2735 1434 omnibus
2756 1379 3034 1447 sapientiai
3055 1379 3247 1433 studiis
3267 1378 3462 1433 eruditi

1877 1470 2378 1540 forent,quan<loin
2409 1470 2581 1533 libris,
2597 1470 2679 1522 vel
2703 1485 2890 1532 eorum
2913 1455 3339 1540 expositionibus
3368 1468 3465 1524 ali-

1879 1561 2031 1632 cujus
2052 1561 2118 1620 de
2146 1562 2253 1616 illis
2273 1577 2455 1623 causa,
2497 1561 2706 1616 ratione
2739 1561 2964 1630 reperiri
2988 1560 3324 1631 contigisset,
3350 1560 3462 1629 ple-

1879 1652 2023 1714 niter
2042 1668 2159 1709 eam
2190 1651 2432 1706 intimari
2461 1660 2622 1721 atque
2652 1655 2887 1712 enodare
2915 1668 2929 1715 ;
2965 1652 3038 1705 ita
3065 1661 3119 1706 et
3145 1653 3246 1706 iste
3273 1667 3463 1706 eorum

1880 1749 2144 1812 imitator,
2179 1757 2270 1802 aut
2293 1747 2456 1802 etiam
2481 1747 2733 1817 praelator
2752 1745 2912 1813 hujus
2939 1745 3173 1800 nominis
3202 1747 3344 1814 quod
3387 1751 3472 1800 est
3499 1775 3506 1780 -

1879 1839 2199 1910 apostolicus
2249 1853 2466 1894 sensum
2517 1839 2892 1907 rationemque
2942 1839 3118 1894 nitens
3168 1838 3471 1906 exprimere

1881 1947 1946 1990 ac
1971 1931 2018 1985 si
2052 1931 2180 2002 illud
2211 1945 2278 1984 ex
2317 1930 2529 2000 integro
2576 1937 2630 1983 et
2673 1938 2929 1998 corrupto
2955 1937 3038 1987 est
3085 1928 3466 1997 compositum,

1880 2023 2034 2096 quasi
2065 2022 2289 2093 apostoli
2312 2032 2486 2076 custos
2516 2035 2621 2076 non
2649 2035 2776 2076 vere
2809 2036 2908 2075 nec
2942 2020 3338 2074 rationabiliter
3376 2019 3470 2074 sed

1877 2125 2304 2189 praesumptuose
2355 2115 2720 2184 audacterque
2765 2113 3038 2185 incognita
3074 2113 3369 2176 allirmans,
3419 2118 3475 2166 et

1879 2213 1946 2267 de
1976 2210 2202 2266 incertis
2251 2219 2398 2263 certa
2446 2207 2731 2262 ditliniens.
2773 2207 3115 2276 Apostolicus
3161 2204 3304 2261 enim
3337 2204 3467 2260 sim-

1878 2303 2001 2376 plex
2033 2317 2226 2358 nomen
2253 2309 2338 2357 est
2375 2309 2429 2356 et
2469 2301 2826 2355 derivativum
2861 2316 2888 2354 a
2941 2300 3162 2354 nomine
3198 2298 3342 2369 quod
3388 2305 3472 2353 est

1879 2397 2168 2466 apostolus,
2201 2394 2384 2448 adlita
2428 2411 2520 2448 cus
2557 2393 2675 2462 ejus
2698 2395 2957 2464 genitivo,
2984 2404 3037 2448 et
3069 2409 3176 2447 non
3215 2391 3380 2448 habet
3408 2390 3474 2445 il-

1879 2486 1992 2542 lum
2039 2501 2257 2542 sensum
2289 2501 2451 2555 quem
2506 2486 2607 2540 iste
2658 2485 2908 2555 imperite
2956 2485 3301 2555 excogitavit.
3357 2483 3474 2539 Non

1881 2586 2024 2641 enim
2049 2582 2489 2639 diciturltalicus
2537 2581 2703 2636 Italia:
2747 2589 2950 2645 custos,
3007 2575 3244 2634 Gallicus
3291 2576 3476 2632 Gallia:

1881 2687 2083 2741 custos,
2110 2676 2466 2731 Germanicus
2493 2684 2675 2728 Custos
2715 2661 3040 2737 Germaniae,
3078 2673 3170 2748 sed
3218 2673 3335 2726 lucc
3379 2689 3477 2724 no-

1881 2769 2028 2826 mina
2054 2769 2121 2823 ad
2157 2783 2375 2823 sensum
2407 2755 2638 2821 suorum
2674 2765 2950 2835 pertinent
2987 2759 3350 2837 originalium.
3400 2763 3474 2817 De

1882 2860 1968 2916 his
1994 2867 2174 2916 autem
2204 2875 2310 2914 non
2345 2843 2678 2929 magnopere;
2705 2873 2979 2912 curamus.
3033 2854 3166 2910 Nam
3204 2855 3248 2910 si
3281 2845 3476 2924 aliquis

1883 2952 2180 3007 studiosius
2223 2951 2544 3020 inquireret,
2577 2958 2770 3004 cuncta
2823 2964 2962 3019 pene
3008 2947 3282 3002 incondite
3324 2948 3477 3001 vitio-

1881 3061 2047 3115 seque
2082 3044 2528 3115 deprehendisset
2558 3059 2678 3120 esse
2710 3043 2930 3097 dictata.
2964 3043 3043 3096 Ad
3084 3056 3146 3095 ea
3175 3025 3337 3110 igitur
3358 3057 3476 3109 quce

1882 3140 2055 3210 magis
2085 3138 2388 3195 necessaria
2424 3145 2551 3192 sunt
2583 3137 2648 3192 de
2694 3137 2889 3206 quibus
2940 3146 3064 3190 ante
3096 3133 3472 3208 disseruimus,

194 3216 322 3277 Nata
354 3241 546 3280 recens
581 3240 742 3298 opera
764 3225 987 3297 hzecque
1015 3227 1243 3282 molibus
1286 3229 1522 3299 undique
1549 3229 1710 3287 celsis
1806 3208 1850 3271 (ἶ
1882 3208 2239 3289 revertamur.
2291 3230 2570 3300 Quomodo
2608 3245 2736 3301 ergo
2769 3230 2969 3284 nullam
3018 3244 3166 3299 spem
3209 3223 3471 3283 evadendi

193 3315 420 3402 Cernitis
447 3320 734 3376 emicuisse
753 3323 870 3395 pari
898 3322 1232 3393 splendentia
1254 3323 1421 3380 cultu.

759 3413 892 3468 Item
913 3425 1025 3484 post
1053 3431 1245 3485 pauca.

190 3498 409 3586 {Emula
439 3505 707 3561 consertis
730 3506 968 3577 jungunt
995 3505 1206 3586 fastigia
1234 3506 1398 3577 tignis

188 3592 252 3680 Et
277 3597 506 3666 paribus
531 3599 694 3654 varia:
724 3600 978 3670 speciosae
1006 3600 1242 3658 cultibus
1269 3609 1504 3656 exstant.

183 3683 343 3768 idem
373 3687 441 3739 de
468 3688 650 3741 eadem
681 3705 734 3743 re
756 3690 810 3742 in
855 3691 1072 3759 cpistola
1099 3691 1166 3744 ad
1226 3689 1474 3747 Severum
1503 3689 1568 3743 de
1599 3689 1784 3745 Cruce.

255 3779 456 3844 Itaque
471 3788 723 3849 prompto
746 3779 840 3834 tilii
863 3781 1211 3850 imperatoris
1233 3797 1456 3837 assensu
1478 3792 1655 3838 mater
1673 3787 1786 3838 Au-

189 3875 343 3948 gusta
365 3867 656 3936 patefactis
678 3873 745 3927 ad
771 3887 934 3942 opera
958 3881 1143 3927 sancta
1169 3874 1453 3938 thesauris,
1485 3883 1597 3930 toto
1620 3877 1787 3931 abusa

191 3961 318 4040 lisco
344 3971 431 4018 est
457 3980 472 4028 ;
515 3975 826 4034 quantoque
853 3977 1067 4036 sumptu
1115 3977 1277 4038 atque
1303 3969 1445 4023 cultu
1481 3971 1666 4040 regina
1691 3984 1788 4039 po-

196 4060 347 4117 terat,
379 4065 435 4108 et
467 4056 657 4126 religio
686 4056 950 4112 suadebat
977 4059 1258 4115 mdiiicatis
1284 4059 1523 4116 basilicis
1545 4061 1787 4128 contexit

195 4157 396 4211 oumes,
423 4154 481 4201 et
510 4148 751 4203 excoluit
770 4148 939 4205 locos.

198 4252 269 4329 De
308 4260 506 4314 sanctis
549 4258 779 4314 colendis
832 4258 1154 4384 Prludentins
1192 4267 1248 4316 in
1289 4265 1531 4333 passione
1561 4264 1785 4334 Aposto-

928 4349 1098 4384 orum.

928 4349 1098 4386 orum.

199 4412 326 4473 Ecce
355 4420 488 4478 duas
518 4421 647 4478 ﬁdei
677 4438 890 4479 summo
919 4432 1074 4494 patre
1099 4423 1418 4482 conferente
1447 4427 1602 4494 dotes

203 4505 322 4565 Urbi
345 4512 606 4589 colendas
628 4529 764 4586 quas
787 4513 934 4570 dedit
959 4524 1174 4586 tegatze.

735 4606 882 4662 Idem
912 4609 975 4663 de
999 4610 1118 4664 civi.
1147 4609 1248 4667 col.

201 4685 440 4753 Germiue
470 4697 674 4770 nobilis
695 4698 924 4767 Eulalia,

203 4779 377 4842 Mortis
405 4798 460 4844 et
492 4789 679 4858 indole
706 4791 975 4858 nobilior:

203 4873 481 4936 Emeritam
517 4897 680 4956 sacra
705 4882 857 4953 virgo
889 4899 1041 4940 suam

203 4965 353 5038 Cujus
383 4975 450 5029 ab
476 4976 650 5029 ubere
674 4976 950 5053 progenita
983 4984 1066 5031 est

205 5057 410 5148 Ossibus
443 5077 629 5131 ornat,
664 5053 850 5141 amore
876 5069 1026 5124 colit.

375 5145 526 5214 Item
561 5158 890 5238 Fortunatus
923 5161 990 5214 ad
1016 5160 1213 5216 clerum
1243 5161 1604 5221 Parisiacum.

207 5245 372 5332 (laetus
395 5253 689 5332 honoriﬁci
716 5241 881 5310 decus
905 5262 959 5318 et
980 5256 1178 5334 gradus
1203 5258 1411 5314 ordinis
1445 5260 1610 5330 ampli

207 5340 340 5414 Quos
362 5348 481 5404 colo
519 5349 708 5415 corde,
741 5347 865 5413 (ide,
896 5348 1157 5420 religione
1186 5357 1392 5419 patres,

206 5430 314 5489 1am
339 5438 540 5494 dudum
571 5439 722 5496 obliti
755 5441 976 5500 desueto
1013 5439 1254 5496 carmine
1283 5441 1444 5510 plecti

207 5525 398 5600 Cogitis
427 5535 707 5603 antiquam
741 5550 826 5589 me
851 5549 1112 5590 renovare
1135 5532 1326 5604 lyram.

211 5615 349 5696 Idem
378 5625 440 5678 de
468 5625 614 5679 cultu
650 5626 922 5693 Ecclesite,
948 5627 1012 5680 de
1035 5627 1180 5696 festis
1210 5637 1514 5683 sanctorum
1538 5629 1787 5689 colendis.

212 5707 330 5778 Qute
358 5715 634 5774 Placidina
661 5721 832 5777 sacris
857 5721 1074 5776 ornavit
1101 5720 1336 5777 culmina
1367 5722 1502 5779 velis

213 5799 600 5887 Cet'tautesque
623 5812 782 5870 simul
806 5814 896 5871 hic
925 5812 1080 5878 facit,
1112 5813 1204 5870 illa
1231 5814 1382 5872 colit.

1814 4566 1868 4626 D

1881 3324 2302 3396 prosperandive
2331 3331 2511 3393 potest
2537 3321 2737 3376 habere
2768 3321 2874 3384 ille,
2911 3321 3002 3392 qui
3050 3319 3346 3374 inevitabili
3376 3334 3472 3374 ne-

1883 3398 2140 3473 cessitate
2175 3415 2391 3484 aliquod
2442 3430 2593 3469 mare
2642 3413 2795 3468 valde
2847 3415 3137 3467 aestuosum
3185 3421 3239 3465 et
3266 3409 3478 3481 pericu-

1885 3510 2058 3566 losum
2096 3508 2331 3563 transire
2361 3507 2721 3577 compellitur,
2768 3524 2874 3560 non
2906 3504 3112 3560 habens
3138 3520 3328 3559 navem
3371 3518 3478 3573 qua

1886 3609 2170 3671 portetur:
2224 3602 2297 3653 ita
2343 3608 2396 3653 et
2423 3601 2730 3669 quicunque
2773 3587 3060 3672 perversus
3089 3604 3144 3650 et
3169 3593 3478 3650 incredulus

1887 3697 1991 3753 est,
2029 3689 2186 3744 alma:
2235 3688 2393 3742 Iidem
2442 3687 2621 3743 erucis
2673 3696 2856 3742 tenere
2903 3677 3110 3751 nolens,
3158 3693 3211 3739 et
3258 3699 3356 3756 per
3378 3685 3480 3738 hoc

1887 3779 2004 3848 ejus
2025 3795 2217 3835 carens
2239 3779 2521 3843 tutamine,
2547 3778 2610 3834 de
2633 3778 2768 3832 mari
2797 3763 3155 3848 hujus'sarculi
3180 3777 3244 3831 ad
3260 3757 3478 3845 iportum

1888 3861 2137 3942 superna:
2163 3871 2353 3942 patriae
2399 3887 2680 3942 pervenire
2726 3886 2831 3925 non
2872 3869 3088 3940 poterit.
3124 3869 3262 3924 Hinc
3290 3870 3476 3938 Augu-

1887 3965 2061 4020 stinus
2102 3962 2154 4018 in
2185 3963 2520 4032 expositione
2550 3962 2824 4033 Evangelii
2859 3964 3152 4017 secundum
3193 3959 3477 4016 Joannem.

1958 4057 2050 4113 Sic
2087 4067 2171 4113 est
2215 4057 2358 4113 enim
2405 4066 2662 4128 tanquam
2694 4057 2874 4112 videat
2917 4057 3204 4126 quisquam
3232 4056 3298 4110 de
3325 4056 3481 4125 longe

1885 4150 2154 4219 patriam,
2203 4158 2259 4201 et
2306 4163 2457 4203 mare
2506 4147 2860 4216 interjaeeat:
2890 4146 3038 4199 videt
3079 4161 3186 4216 quo
3231 4152 3351 4210 eat,
3384 4143 3480 4198 sed

1889 4255 1996 4294 non
2045 4239 2212 4293 habet
2251 4255 2355 4308 qua
2399 4248 2506 4293 eat.
2567 4239 2639 4293 Ut
2675 4252 2806 4308 ergo
2844 4244 2990 4290 esset
3028 4245 3084 4289 et
3118 4250 3224 4306 qua
3255 4235 3479 4298 iremus,

1891 4331 2040 4386 venit
2087 4331 2210 4384 inde
2261 4331 2328 4384 ad
2372 4345 2532 4400 quem
2581 4330 2660 4383 ire
2701 4329 3039 4392 volebamus,
3070 4325 3280 4397 etquid
3307 4324 3483 4380 fecit?

1891 4422 2125 4477 instituit
2157 4422 2358 4493 lignum
2400 4435 2506 4490 quo
2543 4435 2693 4475 mare
2731 4411 3088 4476 transeamus.
3130 4418 3302 4474 Nemo
3336 4417 3481 4473 enim

1893 4523 2069 4584 potest
2101 4514 2332 4569 transire
2364 4529 2516 4568 mare
2550 4513 2708 4585 hujus
2737 4513 2918 4570 saaculi
2946 4514 3050 4570 nisi
3082 4529 3245 4570 cruce
3279 4499 3481 4568 Christi

1893 4616 2161 4678 portatus.
2236 4606 2388 4663 Hanc
2439 4623 2656 4664 crucem
2706 4597 2996 4678 aliquando
3042 4608 3385 4680 amplectitur
3426 4617 3481 4665 et

1894 4701 2140 4757 infirmus
2177 4701 2376 4779 oculis,
2407 4712 2462 4758 et
2503 4703 2595 4773 qui
2625 4718 2732 4758 non
2758 4703 2906 4757 videt
2927 4687 3082 4776 longe
3116 4719 3226 4774 quo
3260 4713 3350 4759 eat
3374 4719 3482 4759 non

1893 4795 2075 4851 abillo
2106 4794 2364 4862 excedat;
2410 4804 2466 4851 et
2504 4795 2620 4865 ipsa
2648 4789 2812 4850 illum
2839 4781 3087 4865 perducit
3117 4796 3185 4850 ad
3221 4781 3475 4866 patriam,

1893 4887 1983 4942 ubi
2011 4887 2122 4956 jam
2167 4904 2272 4942 non
2320 4904 2456 4957 opus
2505 4888 2647 4951 erit,
2695 4889 2822 4957 quia
2853 4869 3060 4943 nullum
3099 4903 3249 4942 mare
3293 4898 3476 4942 trans-

1895 4979 2080 5036 ibitur.
2106 4980 2294 5034 Melius
2317 4989 2548 5050 estergo
2577 4963 2682 5035 non
2704 4979 2888 5034 videre
2913 4988 3095 5036 mente
3120 4977 3174 5037 id
3200 4978 3342 5049 Quod
3373 4985 3476 5043 est,

1891 5078 1946 5126 et
1974 5081 2156 5126 tamen
2193 5086 2223 5123 a
2249 5087 2410 5125 cruce
2439 5069 2642 5125 Christi
2675 5087 2780 5126 non
2806 5055 3083 5135 recedere,
3111 5051 3270 5140 quam
3294 5068 3480 5121 videre

1890 5165 2044 5221 illum
2091 5175 2274 5220 mente
2319 5173 2374 5222 et
2423 5181 2642 5221 crucem
2678 5163 2878 5222 Christi
2925 5173 3292 5221 contemnere.
3365 5157 3476 5214 lloc

1892 5273 2024 5329 ergo
2060 5258 2276 5329 signum
2318 5258 2660 5336 salutifcrum
2700 5252 2754 5315 in
2789 5261 2904 5328 lege
2930 5233 2987 5336 et
3017 5255 3295 5326 prophetis
3324 5253 3474 5320 longe

1893 5356 2020 5407 ante
2062 5350 2470 5423 prteiiguratum
2513 5333 2616 5409 est.
2660 5343 2814 5408 Unde
2851 5333 3050 5419 legitur
3086 5348 3138 5400 in
3178 5345 3373 5400 Ccnesi
3412 5345 3478 5400 de
3507 5338 3541 5395 .’

1894 5443 2166 5500 Abraham
2199 5451 2253 5500 et
2279 5445 2431 5501 Isaac
2465 5437 2577 5500 tilio
2615 5460 2732 5498 suo.
2775 5441 2924 5496 Tulit
2956 5454 3170 5508 quoque
3200 5438 3339 5509 ligna
3381 5440 3478 5495 lto-

1893 5526 2122 5594 locausti
2149 5547 2204 5594 et
2231 5537 2486 5608 imposuit
2508 5553 2671 5608 super
2691 5535 2840 5589 Isaac
2870 5533 3036 5587 tilum
3069 5549 3246 5588 suum.
3292 5532 3476 5588 Fascis

1893 5633 2037 5688 enim
2073 5631 2364 5704 lignorum,
2395 5646 2553 5700 quem
2581 5629 2731 5682 Isaac
2759 5636 2912 5699 patre
2957 5626 3264 5706 imponente
3299 5623 3367 5680 ad
3395 5624 3472 5681 Io-

1894 5740 2016 5781 cum
2044 5740 2074 5779 a
2105 5724 2214 5778 Deo
2239 5721 2453 5791 jussum
2496 5711 2768 5791 portavit,
2799 5730 2855 5778 ut
2893 5739 3058 5796 super
3085 5736 3205 5777 eum
3239 5719 3480 5776 immola-

1896 5827 2068 5885 retur,
2116 5831 2331 5872 crucem
2383 5814 2651 5891 signiﬁcat
2681 5833 2840 5892 quam
2871 5817 3132 5889 mysticus
3157 5816 3332 5879 Isaac,
3372 5812 3481 5886 hoq
