4006 6454
484 437 588 500 δεῖ

1804 433 2109 492 DUNGALI
2146 430 2442 488 RECLUSI

3672 426 3769 482 488

483 566 574 614 est
598 555 848 614 Christus
875 555 971 613 Dei
997 554 1178 612 Patris
1201 555 1484 612 voluntate
1511 555 1579 612 ad
1593 553 1772 610 locum
1803 551 2064 622 bajulavit
2090 559 2143 620 Α
2169 557 2348 604 torum
2376 563 2389 600 :
2428 545 2523 600 sed
2573 543 2648 598 illi
2693 538 3024 597 sanabantur
3054 552 3086 594 a
3113 548 3290 594 morte
3327 537 3397 593 ad
3425 537 3599 592 vitam
3632 544 3772 592 tem-

486 649 770 708 Calvariaa.
802 649 941 705 Hinc
969 647 1231 705 Paulinus
1259 649 1316 704 in
1346 647 1380 704 9
1414 667 1428 702 :

486 783 673 841 Hostia
701 785 822 839 viva
854 785 967 840 Deo
995 792 1254 855 tanquam
1284 799 1420 854 puer
1444 782 1636 838 oll‘erat
1661 797 1831 847 isaac,

489 879 555 934 Et
572 895 686 934 mea
706 879 849 950 ligna
874 894 1068 950 gerens
1093 893 1292 949 sequar
1315 877 1516 930 almum
1540 878 1640 932 sub
1657 883 1819 932 truce
1840 884 2072 946 patrem.

560 1015 691 1069 Item
729 1015 782 1068 in
814 1013 1038 1068 Exodo:
1093 1012 1308 1066 Vocavit
1345 1021 1520 1065 autem
1553 1009 1758 1081 Moyses
1796 1025 1971 1063 omnes
1999 1023 2078 1062 se-

491 1111 665 1162 niores
695 1106 866 1160 Israel
892 1115 938 1160 et
966 1106 1100 1160 dixit
1131 1105 1200 1158 ad
1222 1121 1308 1159 eos
1333 1118 1350 1155 :
1374 1103 1473 1168 Ite,
1501 1103 1736 1158 tollentes
1761 1101 1959 1156 animal
1989 1116 2081 1171 per

493 1199 728 1270 familias
761 1205 980 1260 vestras,
1010 1194 1278 1249 immolate
1306 1195 1496 1264 phase,
1525 1191 1936 1263 fasciculumque
1965 1190 2082 1260 Itys-

493 1291 605 1360 δορὶ
643 1288 824 1358 tingite
853 1288 1109 1357 sanguine
1141 1287 1230 1356 qui
1256 1295 1330 1340 est
1363 1287 1418 1340 in
1451 1284 1617 1338 limite
1647 1293 1695 1337 et
1725 1283 1984 1352 aspergite
2017 1296 2082 1335 ea:

497 1397 556 1434 eo
586 1396 744 1449 super
768 1377 1012 1430 liminare
1035 1388 1081 1431 et
1103 1385 1382 1448 utrumque
1396 1387 1592 1447 postem
1623 1375 1823 1447 (Exod.
1853 1391 1948 1439 xu,
1967 1373 2080 1444 21).

498 1469 653 1526 Unde
685 1468 1023 1539 Augustinus
1044 1468 1098 1522 in
1124 1469 1463 1537 expositione
1484 1467 1762 1536 Evangelii
1787 1465 2082 1521 secundum

495 1559 760 1616 Joannem
788 1577 800 1612 :
837 1578 855 1610 ι
876 1559 937 1614 In
977 1575 1075 1615 sua
1099 1575 1230 1630 ergo
1263 1559 1465 1630 lingua,
1499 1560 1602 1615 hoc
1631 1568 1718 1614 est
1753 1559 1806 1613 in
1835 1556 2080 1621 Hebraea,

495 1652 699 1723 pascha
732 1653 989 1706 transitus
1025 1651 1261 1716 dicitur,
1306 1660 1596 1722 propterea
1637 1651 1762 1721 quia
1800 1660 1929 1705 tunc
1969 1649 2084 1720 pri-

495 1760 645 1799 mum
694 1744 896 1813 pascha
933 1743 1230 1798 celebravit
1275 1743 1505 1813 populus
1555 1742 1807 1807 Domini,
1869 1741 2088 1810 quando

424 1843 430 1851 '
495 1835 738 1907 Egypto
769 1834 1042 1906 fugientes
1071 1834 1320 1890 Rubrum
1347 1833 1496 1888 Mare
1526 1832 1877 1888 transierunt.
1931 1829 2086 1885 Nunc

496 1945 629 2000 ergo
657 1927 828 1998 ﬁgura
859 1927 950 1981 illa
981 1927 1298 1998 prophetica
1332 1925 1386 1980 in
1420 1926 1650 1980 veritate
1687 1923 1957 1994 completa
1983 1931 2088 1989 est,
2119 1911 2168 1970 Β

500 2034 624 2076 cum
670 2019 814 2074 sicut
850 2017 970 2073 ovis
1017 2017 1086 2072 ad
1123 2017 1516 2072 immolandum
1555 2017 1774 2072 ducitur
1815 2015 2088 2081 Christus,

500 2109 656 2180 cujus
685 2109 950 2182 sanguine
995 2108 1147 2163 illitis
1186 2109 1431 2178 postibus
1459 2106 1682 2172 nostris,
1721 2107 1776 2162 id
1801 2115 1906 2172 est,
1937 2104 2092 2175 cujus

499 2203 657 2272 signo
697 2200 875 2257 crucis
922 2198 1190 2254 frontibus
1241 2198 1444 2254 nostris
1492 2215 1522 2252 a
1573 2197 1879 2268 perditione
1930 2197 2094 2268 hujus

500 2295 680 2352 saeculi
715 2303 968 2364 tanquam
991 2308 1023 2347 a
1043 2291 1357 2362 captivitate
1377 2291 1463 2346 vel
1489 2289 1908 2360 interemptione
1929 2287 2096 2360 Egy-

500 2387 615 2458 ptia
647 2385 975 2450 liberamur,
1005 2395 1060 2439 et
1085 2384 1298 2456 agimus
1326 2383 1744 2439 saluberrimum
1773 2383 2092 2447 transitum,

503 2495 630 2535 cum
677 2495 708 2533 a
755 2478 972 2534 diabolo
1009 2477 1303 2532 transimus
1351 2475 1419 2531 ad
1462 2475 1771 2542 Christum;
1816 2474 1964 2530 etab
1990 2474 2095 2528 isto

506 2569 748 2625 instabili
777 2569 976 2625 sreculo
1024 2569 1092 2624 ad
1139 2568 1256 2640 ejus
1301 2566 1742 2623 fundatissimum
1790 2580 2036 2636 regnum.
2069 2584 2088 2617 ι

504 2659 653 2717 idem
697 2663 762 2717 de
799 2663 904 2718 hac
935 2677 994 2717 re
1039 2662 1094 2716 in
1124 2660 1264 2716 libro
1292 2676 1332 2714 ll
1360 2661 1426 2716 de
1453 2659 1711 2715 Doctrina
1742 2658 2052 2715 Christiana
2078 2673 2091 2709 :

503 2762 537 2806 ἰ
561 2747 859 2808 Meminerit
884 2771 1006 2824 ergo
1033 2769 1212 2806 eorum
1250 2753 1340 2822 qui
1368 2752 1570 2820 pascha
1599 2751 1690 2805 illo
1728 2759 1968 2818 tempore
1998 2762 2096 2817 per

513 2844 832 2899 umbrarum
865 2843 1182 2913 imaginaria
1223 2841 1586 2901 celebrabant,
1620 2855 1742 2894 cum
1772 2839 1972 2909 signari
2002 2852 2098 2907 po-

509 2944 625 2992 stes
669 2935 932 3007 sanguine
989 2935 1113 3004 agni
1153 2932 1497 3002 juberentur,
1543 2933 1776 3000 hyssopo
1815 2930 1984 2985 fuisse
2024 2931 2098 2985 si-

510 3037 728 3100 gnatos.
770 3026 950 3082 Herba
994 3027 1110 3080 haec
1158 3025 1377 3080 humilis
1403 3064 1417 3089 ,
1455 3032 1508 3078 et
1554 3023 1701 3078 mitis
1726 3032 1839 3087 est,
1885 3030 1940 3076 et
1964 3023 2098 3076 nihil

510 3117 708 3173 fortius
734 3127 788 3174 et
833 3115 1228 3188 penetrabilius
1267 3115 1384 3186 ejus
1413 3111 1703 3168 radicibus.
1752 3111 1820 3165 Et
1846 3111 1900 3166 in
1929 3111 2099 3165 chari-

511 3218 618 3264 tate
645 3199 892 3275 ra‘dicati,
919 3218 967 3263 et
991 3207 1199 3279 fundati
1226 3223 1494 3278 possemus
1524 3203 1953 3276 comprehendere
1977 3219 2096 3257 cum

511 3303 754 3359 omnibus
806 3271 1002 3358 sanctis
1052 3317 1169 3372 qua:
1213 3271 1282 3354 sit
1334 3299 1579 3363 latitudo,
1629 3271 1677 3352 et
1725 3296 2020 3368 longitudo,
2047 3306 2094 3351 et
2124 3271 2170 3335 Ο

512 3394 762 3460 altitudo,
790 3405 837 3449 et
864 3393 1186 3466 profundum
1211 3434 1227 3459 ,
1269 3393 1321 3446 id
1347 3400 1464 3458 est,
1497 3406 1718 3448 crucem
1757 3389 1992 3446 Domini.
2031 3390 2100 3446 Ει

513 3489 678 3544 etiam
712 3490 766 3544 in
795 3489 1032 3560 hyssopo
1061 3487 1141 3542 vis
1167 3485 1498 3557 purgatoris,
1530 3500 1598 3540 ne
1624 3484 1844 3539 inﬂante
1874 3483 2102 3538 scientia

514 3578 582 3634 de
608 3578 813 3634 divitiis
841 3579 908 3632 ab
936 3577 1174 3649 Egypto
1204 3577 1403 3630 ablatis
1431 3576 1663 3646 superbe
1685 3575 1890 3646 aliquid
1917 3575 2102 3646 pulmo

515 3673 778 3728 tumidius
815 3670 1050 3727 anhelet.
1101 3670 1355 3740 Asperges
1386 3685 1487 3734 me,
1524 3669 1737 3740 inquit,
1775 3670 2021 3740 hyssopo,
2052 3677 2103 3723 et

515 3763 847 3828 mundabor;
893 3762 1094 3817 lavabis
1139 3777 1242 3827 me,
1294 3771 1342 3815 et
1389 3777 1545 3831 super
1594 3761 1761 3814 nivem
1796 3758 2100 3814 dealbabor.

517 3855 736 3908 Auditui
756 3871 869 3908 meo
894 3855 1044 3908 dabis
1073 3852 1510 3916 exsultationem,
1536 3860 1584 3905 et
1607 3850 1869 3906 laetitiam.
1899 3847 2105 3905 Deinde

518 3953 916 4014 consequenter
967 3945 1248 4010 annectit,
1295 3952 1354 4000 ut
1381 3943 1636 3998 ostendat
1674 3942 2106 4012 purgationema

521 4035 772 4105 superbis
801 4035 1100 4106 signiﬁcari
1141 4037 1399 4106 hyssopo,
1428 4044 1476 4088 et
1515 4032 1824 4089 exultabant
1859 4049 1979 4087 ossa
2008 4034 2108 4087 Itu-

521 4127 744 4183 miliata.
770 4148 787 4180 ι
847 4127 1182 4199 Augustinus
1239 4127 1294 4181 in
1349 4127 1488 4181 libro
1518 4143 1552 4179 x
1598 4127 1664 4180 de
1706 4123 1941 4179 Civitate
1970 4123 2106 4178 Dei:

528 4237 546 4270 ι
573 4219 673 4286 Qui
696 4219 873 4274 dicam
899 4219 1087 4274 obvios
1103 4219 1309 4285 hostes,
1328 4218 1727 4286 transitumque
1756 4216 2110 4286 prohibentes

522 4321 687 4383 atque
727 4313 1041 4383 prteliantes
1070 4319 1262 4368 orante
1297 4311 1479 4384 Moyse
1520 4310 1879 4380 manibusque
1908 4307 2026 4378 ejus
2055 4309 2112 4363 in

526 4404 700 4474 ﬁgura
732 4405 910 4459 crucis
955 4405 1230 4469 extentis,
1295 4402 1440 4458 nullo
1489 4401 1839 4457 Hebraeorum
1883 4401 2113 4457 cadente

526 4494 910 4566 prostratos?»
947 4494 1078 4548 Item
1103 4495 1156 4548 in
1189 4493 1326 4547 libro
1355 4492 1756 4549 Numerorum:
1801 4489 1951 4546 Fecit
1991 4507 2113 4562 ergo

528 4581 738 4653 Moyses
765 4595 1056 4654 serpentem
1083 4600 1305 4644 aeneum,
1339 4593 1388 4639 et
1416 4587 1590 4656 posuit
1618 4601 1712 4656 pro
1741 4584 1892 4654 signo
1920 4597 1938 4636 .'
1961 4599 2113 4654 quem

527 4675 764 4746 percussi
816 4675 1126 4744 aspicientes
1177 4675 1524 4730 sanabantur.
1559 4675 1934 4746 Augustinus:
1971 4693 1991 4727 ι
2019 4675 2114 4729 Di-

530 4777 680 4824 ctum
719 4775 804 4823 est
845 4770 912 4823 ad
947 4766 1166 4840 Moysen
1212 4784 1243 4823 a
1289 4768 1520 4823 Domino
1558 4776 1621 4821 ut
1653 4765 1859 4822 faceret
1906 4779 2115 4822 aeneum

532 4869 859 4933 serpentem,
895 4869 949 4918 et
979 4861 1243 4919 exaltaret
1269 4863 1322 4917 in
1361 4861 1506 4933 ligno
1542 4860 1595 4914 in
1622 4875 1806 4915 eremo
1841 4868 1900 4915 et
1927 4860 2118 4915 admo-

535 4961 690 5008 neret
728 4953 987 5024 populum
1030 4953 1306 5009 Christum
1327 4995 1342 5019 ,
1369 4961 1429 5008 ut
1461 4952 1507 5010 si
1535 4952 1658 5023 quis
1681 4967 1896 5008 morsus
1921 4960 2064 5008 esset
2086 4967 2117 5006 a

535 5057 805 5119 serpente,
839 5047 986 5102 illum
1012 5056 1320 5116 serpentem
1351 5046 1650 5102 exaltatum
1678 5047 1733 5102 in
1765 5046 1909 5118 ligno
1938 5053 2118 5101 atten-

536 5146 707 5200 deret.
734 5145 961 5201 Factum
986 5154 1090 5200 est.
1113 5143 1502 5199 Mordebantur
1527 5145 1809 5208 homines;
1838 5141 2124 5198 intueban-

537 5247 645 5305 tur,
682 5241 1034 5296 sanabantur.
1075 5237 1301 5294 Interim
1352 5238 1538 5303 modo,
1573 5237 1800 5303 fratres,
1849 5246 1968 5293 uta
1999 5252 2126 5307 pec-

539 5340 662 5385 cato
691 5347 970 5398 sanemur,
996 5330 1276 5387 Christum
1298 5329 1620 5385 cruciﬁxum
1639 5330 1969 5394 intueamur,
1997 5327 2124 5398 quia

541 5422 682 5498 sicut
711 5422 944 5494 Moyses,
977 5423 1172 5494 inquit,
1214 5421 1473 5476 exaltavit
1499 5427 1810 5489 serpentem
1839 5421 1892 5475 in
1917 5434 2123 5486 eremo,

543 5515 623 5570 sic
665 5515 894 5570 exaltari
937 5525 1151 5588 Oportet
1183 5513 1380 5570 Filium
1425 5511 1684 5576 hominis,
1737 5518 1798 5565 ut
1822 5511 2002 5565 omnis
2033 5511 2129 5580 qui

545 5606 722 5662 credit
767 5607 822 5661 in
855 5623 977 5662 eum
1028 5624 1133 5661 non
1169 5615 1378 5678 pereat,
1412 5605 1506 5661 sed
1544 5604 1744 5660 habeat
1777 5602 1945 5657 vitam
1972 5612 2130 5657 teter-

547 5713 693 5754 nam.
725 5719 744 5751 ι
781 5697 1061 5766 Quomodo
1105 5700 1196 5768 qui
1238 5700 1585 5754 intuebantur
1616 5697 1765 5753 illum
1795 5703 2127 5767 serpentem,

548 5808 655 5846 non
696 5791 946 5861 peribant
982 5790 1252 5846 morsibus
1287 5803 1636 5861 serpentum:
1663 5792 1742 5847 sic
1785 5789 1878 5860 qui
1919 5789 2131 5843 intuen-

550 5887 639 5942 tur
667 5884 771 5938 ﬁde
802 5891 1028 5938 mortem
1061 5881 1259 5937 Christi
1289 5894 1553 5938 sanantur
1579 5900 1609 5940 a
1639 5883 1911 5940 morsibus
1937 5897 2131 5954 pecca-

2172 637 2439 712 poralem,
2472 637 2562 691 hic
2593 643 2774 690 autem
2807 634 2904 696 ait,
2933 639 2996 686 ut
3015 630 3252 686 habeant
3278 630 3449 684 vitam
3478 639 3770 684 aeternam.

2175 730 2291 786 Hoc
2318 729 2463 784 enim
2493 729 2720 782 interest
2749 726 2891 780 inter
2917 723 3204 795 ﬁguratam
3245 723 3536 793 imaginem
3564 726 3633 774 ‘et
3662 737 3772 774 rem

2179 822 2352 891 ipsam
2381 839 2394 873 :
2425 820 2595 890 ﬁgura
2625 815 2920 888 praestabat
2945 815 3110 868 vitam
3142 813 3515 883 temporalem,
3548 826 3640 866 res
3663 812 3768 880 ipsa

2179 913 2333 982 cujus
2365 911 2453 965 illa
2481 910 2653 981 ﬁgura
2675 919 2816 972 erat,
2844 914 3066 978 prtestat
3090 907 3257 960 vitam
3288 914 3574 959 mternam.
3644 903 3769 959 Item

2181 1004 2238 1060 in
2261 1004 2402 1059 libro
2428 1001 2592 1057 Josue
2619 1001 2816 1073 legitur
2845 1001 2910 1054 de
2941 998 3094 1053 Raab
3116 996 3408 1052 meretrice
3433 1011 3559 1066 quae
3588 994 3769 1064 explo-

2180 1107 2396 1151 ratores
2445 1094 2718 1151 lsraelitas
2764 1091 3066 1162 suscipiens
3101 1106 3199 1163 per
3237 1089 3449 1144 cruenti
3498 1088 3772 1156 quoddam

2182 1186 2382 1242 coloris
2425 1186 2638 1256 signum
2665 1225 2680 1248 ,
2716 1185 2819 1239 hoc
2843 1192 2928 1239 est
2973 1181 3270 1237 funiculqu
3298 1179 3620 1235 coccineum
3655 1193 3772 1232 cum

2184 1287 2298 1333 tota
2333 1292 2429 1332 sua
2453 1276 2646 1341 domo,
2693 1291 2724 1328 a
2765 1282 2942 1328 morte
2970 1271 3149 1327 fuerat
3173 1270 3424 1334 liberata,
3458 1270 3773 1338 signiﬁcans

2183 1368 2484 1424 Ecclesiam
2510 1367 2577 1422 de
2605 1366 2856 1438 gentibus
2885 1363 3218 1419 multimodis
3243 1363 3506 1417 idolorum
3543 1360 3774 1414 cultibus

2185 1459 2479 1525 violatam,
2536 1459 2690 1529 signo
2730 1457 3072 1528 postmodum
3117 1455 3272 1510 alm:e
3305 1455 3484 1508 crucis
3513 1451 3775 1524 sanguine
3815 1489 3822 1496 ι

2184 1552 2324 1609 illito
2354 1552 2574 1608 Christo
2601 1551 2886 1606 salvatam.
2913 1550 3040 1606 Inde
3067 1549 3322 1604 Paulinus
3353 1548 3444 1603 lib.
3479 1563 3600 1602 vni.

2191 1664 2317 1720 Sola
2343 1663 2494 1720 Raab
2523 1665 2779 1720 meretrix
2808 1673 3016 1720 castam
3045 1681 3165 1736 quae
3190 1665 3358 1734 gessit
3383 1665 3571 1733 iniqua

2191 1757 2365 1812 Gente
2394 1757 2581 1824 ﬁdem,
2614 1773 2722 1812 non
2751 1755 2888 1811 freta
2917 1758 3030 1813 suis
3059 1757 3292 1812 evadere
3315 1757 3506 1820 muris,

2195 1847 2306 1905 Sed
2333 1849 2536 1921 pietate
2564 1847 2658 1903 Dei
2688 1849 2942 1904 meritum
2973 1848 3190 1920 pietatis
3220 1847 3414 1919 adepta
3436 1855 3541 1904 est.

2743 1958 2880 2015 Item
2909 1968 3024 2030 post
3045 1976 3236 2030 pauca.

2196 2073 2431 2130 Puniceo
2461 2074 2742 2145 proprium
2773 2073 3011 2145 signavit
3037 2073 3238 2128 vellere
3268 2080 3490 2142 tectum,

2196 2163 2532 2236 Excepitque
2562 2181 2716 2220 suam
2741 2165 2916 2236 patria
2942 2174 3206 2236 pereunte
3230 2167 3482 2222 salutem.

2198 2256 2525 2329 Signiﬁcans
2556 2259 2675 2314 illos
2705 2257 2906 2313 mundo
2936 2257 3150 2314 labente
3175 2259 3432 2330 tegendos

2197 2352 2346 2420 Quos
2365 2353 2546 2407 crucis
2568 2352 2784 2407 invictae
2807 2351 2991 2423 signat
3008 2367 3192 2408 cruor.
3219 2351 3356 2409 Hinc
3374 2367 3511 2424 cape
3523 2364 3777 2426 quantum

2196 2441 2316 2513 Ipse
2343 2457 2504 2498 cruor
2528 2441 2707 2496 valeat
2737 2441 2891 2512 cujus
2913 2443 3162 2499 salvabat
3191 2443 3371 2516 imago

2812 2554 2946 2610 Item
2975 2555 3157 2612 Isaias

2200 2656 2466 2713 Parvulas
2514 2668 2669 2713 natus
2717 2668 2792 2712 est
2836 2657 3020 2723 nobis;
3071 2659 3214 2728 ﬁlius
3248 2659 3405 2714 datus
3431 2668 3510 2714 est
3538 2659 3704 2724 nobis,
3733 2668 3776 2714 et

2199 2749 2372 2819 factus
2400 2758 2474 2803 est
2501 2749 2828 2819 principatus
2853 2749 2969 2819 ejus
2996 2767 3155 2820 super
3181 2750 3456 2805 humerum
3479 2752 3618 2821 ejus.
3662 2751 3778 2806 Hie-

2200 2856 2458 2912 ronymus
2490 2859 2502 2894 :
2536 2859 2554 2891 ί
2581 2840 2734 2896 Licet
2758 2855 2826 2895 ex
2863 2855 2928 2896 eo
2965 2842 3109 2912 quod
3146 2858 3309 2913 supra
3331 2841 3545 2897 dixerat
3577 2842 3782 2898 Emma-

2200 2932 2349 2998 nuel,
2395 2933 2449 2988 id
2493 2943 2593 2995 est,
2639 2933 2922 2988 nobiscum
2954 2933 3270 3000 Dominum,
3307 2933 3457 2988 illum
3485 2949 3608 2990 esse
3643 2950 3782 2989 mon-

2201 3033 2492 3090 straverat,
2515 3034 2697 3079 tamen
2714 3038 2857 3079 nunc
2871 3024 3003 3080 dicit
3027 3024 3232 3080 factum
3263 3025 3410 3080 illius
3430 3025 3784 3096 principatum

2202 3134 2368 3189 super
2407 3120 2692 3174 humerum
2741 3117 2858 3187 ejus
2892 3117 3040 3173 velut
3083 3119 3225 3188 quod
3254 3134 3473 3174 crucem
3502 3133 3655 3174 suam
3682 3119 3785 3190 ipse
3851 3105 3862 3110 ’

2201 3212 2522 3284 portaverit,
2557 3212 2640 3267 vel
2665 3227 2764 3282 per
2787 3212 3073 3267 humerum
3099 3211 3391 3267 ostendens
3433 3211 3647 3266 brachii
3680 3209 3782 3266 for-

2205 3304 2515 3369 titudinem,
2542 3304 2730 3359 eodem
2755 3303 2894 3358 lsaia
2921 3303 3174 3359 dicente:
3214 3302 3492 3359 Revelavit
3537 3302 3786 3358 Dominus

2203 3395 2348 3451 Deus
2387 3395 2675 3450 brachium
2712 3403 2962 3450 sanctum
3001 3411 3159 3450 suum
3191 3395 3445 3451 omnibus
3470 3395 3736 3466 gentibus.
3763 3412 3781 3446 ι

2202 3489 2338 3545 ltem
2366 3487 2688 3544 Ambrosius
2718 3488 2772 3542 in
2795 3488 2933 3542 libro
2961 3501 3122 3558 quem
3150 3489 3217 3544 de
3253 3495 3441 3543 sancta
3482 3469 3651 3541 edidit
3677 3485 3788 3540 Tri-

2203 3581 2414 3636 nitate:
2463 3598 2479 3630 ι
2509 3578 2653 3634 Crux
2698 3577 2909 3633 Domini
2953 3585 3038 3633 est
3084 3577 3409 3648 principium
3442 3575 3784 3636 fortitudinis,

2206 3687 2313 3743 qua
2346 3671 2432 3726 via
2478 3670 2686 3726 sanctis
2733 3678 2818 3726 est
2863 3677 3106 3724 reserata
3154 3668 3516 3739 martyribus,
3564 3669 3630 3723 ad
3659 3663 3788 3722 sacri

2207 3764 2524 3821 certaminis
2551 3765 2882 3834 passionem.
2935 3761 3083 3816 Vidit
3126 3761 3228 3816 hoc
3267 3759 3593 3830 principium
3633 3757 3790 3814 Isaias

2207 3869 2264 3918 et
2285 3860 2408 3915 ideo
2439 3858 2515 3913 ait
2539 3873 2553 3912 :
2585 3857 2851 3912 Parvulas
2879 3864 3038 3910 natus
3061 3862 3144 3910 est
3166 3853 3344 3917 nobis,
3375 3852 3516 3907 ﬁlius
3538 3852 3698 3906 datus
3718 3858 3790 3904 est

2209 3951 2385 4007 nobis.
2444 3949 2710 4005 Viderunt
2759 3959 2813 4002 et
2841 3948 2982 4018 magi
3030 3954 3085 4001 et
3124 3946 3248 4000 ideo
3283 3960 3403 4000 cum
3438 3942 3720 4014 parvuium
3743 3941 3791 3996 in

2209 4042 2478 4116 praesepio
2503 4049 2826 4105 cernerent,
2874 4040 3240 4094 adoraverunt
3277 4038 3560 4093 dicentes:
3600 4035 3793 4089 Parru-

2213 4134 2296 4190 lus
2327 4144 2483 4189 natus
2527 4143 2600 4188 est
2633 4134 2823 4199 nobis;
2869 4149 2992 4188 cum
3023 4131 3233 4188 stellam
3269 4134 3652 4201 conspicerent
3670 4143 3794 4199 pra:—

2212 4228 2477 4293 dicantes,
2506 4226 2650 4296 ﬁlius
2672 4226 2830 4280 datus
2859 4236 2932 4281 est
2957 4226 3124 4280 nobis.
3153 4225 3314 4280 Aliud
3336 4240 3536 4280 munus
3561 4239 3593 4278 e
3621 4223 3792 4287 terris,

2214 4318 2360 4374 aliud
2385 4334 2583 4374 munus
2612 4333 2642 4373 e
2669 4316 2808 4374 casio
2837 4325 2891 4372 et
2916 4324 3207 4386 utrumque
3227 4331 3392 4370 unum
3415 4315 3790 4377 adoraverunt,

2216 4410 2491 4480 iidemque
2527 4425 2753 4465 munera
2781 4408 3096 4464 obtulerunt
3114 4448 3128 4474 ,
3159 4416 3218 4461 ut
3247 4405 3603 4462 ostenderent
3630 4405 3795 4475 ipsum

2218 4515 2340 4557 esse
2369 4501 2492 4557 caeli
2541 4500 2828 4556 Dominum
2855 4540 2870 4566 ,
2918 4500 3010 4569 qui
3052 4500 3106 4554 in
3147 4499 3410 4570 praesepio
3454 4497 3793 4553 videretur.»

2219 4592 2353 4650 ltem
2395 4593 2558 4649 etiam
2609 4593 2668 4648 in
2710 4593 2850 4647 libro
2897 4590 3196 4646 Ezechielis
3225 4609 3246 4644 ς
3283 4590 3350 4643 Et
3384 4589 3519 4643 dixit
3551 4588 3799 4642 Dominus

2221 4685 2290 4739 ad
2328 4698 2488 4739 eum:
2522 4683 2712 4739 Transi
2747 4701 2841 4756 per
2868 4684 3094 4739 mediam
3131 4683 3390 4737 deitatem
3429 4683 3485 4735 in
3513 4680 3686 4734 medio
3717 4676 3802 4732 Je-

2222 4772 2464 4828 rusalem
2496 4785 2545 4829 et
2589 4775 2739 4846 signa
2770 4776 2896 4829 thau
2933 4791 3090 4846 super
3117 4774 3316 4844 frontes
3341 4775 3577 4828 virorum
3602 4787 3804 4842 gemes-

2220 4868 2352 4922 tium
2379 4876 2426 4921 et
2451 4866 2758 4933 dolentium,
2789 4884 2946 4937 super
2971 4868 3172 4922 cunctis
3197 4865 3674 4920 abominationibus
3693 4876 3803 4934 qua

2222 4969 2342 5014 sunt
2371 4960 2425 5014 in
2451 4959 2622 5014 medio
2651 4959 2764 5030 ejus
2789 4960 3004 5031 (Ezeclt.
3040 4977 3114 5025 ιχ,
3144 4958 3220 5032 4).

2296 5051 2449 5119 Quod
2473 5052 2833 5124 Hieronymus
2859 5055 3109 5125 exponit:
3148 5072 3166 5105 ι
3194 5053 3450 5112 Extrema
3475 5057 3607 5111 thau
3631 5055 3805 5110 littera

2225 5144 2406 5200 crucis
2458 5144 2622 5201 habet
2671 5145 3077 5201 similitudinem
3125 5161 3244 5216 quae
3280 5147 3332 5200 in
3375 5147 3804 5202 Christianorum

2227 5235 2499 5292 frontibus
2537 5237 2776 5308 pingitur
2819 5245 2875 5292 et
2923 5237 3192 5308 frequenti
3234 5254 3428 5294 manus
3458 5237 3807 5308 inscriptione

2228 5328 2492 5400 signatur.
2568 5327 2860 5383 Cernentes
2898 5329 3061 5400 igitur
3107 5329 3458 5398 dolentesque
3506 5328 3805 5388 salvantur,

2229 5421 2320 5492 qui
2352 5434 2460 5474 non
2490 5418 2662 5474 solum
2696 5418 2853 5475 malis
2894 5436 2998 5475 non
3027 5422 3370 5477 consentiunt
3395 5421 3680 5490 operibus,
3718 5414 3810 5473 sed

2233 5523 2288 5569 et
2309 5514 2484 5568 aliena
2517 5512 2779 5584 plangunt
2807 5524 3028 5584 peccata
3049 5557 3063 5581 ,
3113 5516 3534 5586 praecipiturque
3561 5529 3656 5569 sex
3681 5511 3810 5566 viris

2234 5614 2293 5659 ut
2324 5615 2520 5674 praeter
2549 5621 2644 5660 eos
2673 5606 2764 5676 qui
2807 5608 3018 5676 possint
3058 5609 3276 5663 dicere:
3321 5607 3603 5678 Signatum
3630 5615 3704 5660 est
3725 5619 3811 5658 ss-

2233 5714 2326 5769 per
2352 5715 2443 5752 nos
2467 5698 2642 5753 lumen
2668 5698 2839 5754 uultus
2853 5701 2950 5765 tui,
2974 5699 3217 5766 Domine,
3237 5713 3462 5756 cunctos
3486 5698 3811 5754 interﬁciant

2235 5790 2438 5844 nemini
2484 5806 2671 5845 eorum
2716 5801 3000 5860 parcentes
3041 5794 3130 5862 qui
3163 5795 3364 5864 absque
3405 5791 3608 5848 Christi
3637 5789 3812 5858 signa-

2236 5881 2355 5941 culo
2392 5882 2593 5953 aliquid
2622 5898 2739 5938 esse
2775 5898 2831 5939 se
2858 5885 3099 5939 credunt.
3127 5903 3143 5936 ›
3195 5884 3335 5952 Quid
3361 5899 3492 5956 ergo
3524 5875 3810 5938 restat-bo.-
