4006 6470
199 416 293 474 489

1166 409 1295 466 LIB.
1334 401 1702 467 ADVERSUS
1737 409 2093 470 CLAUDIUM
2131 411 2412 470 TAURIN.

3319 406 3425 461 $90

198 533 314 593 mini
340 533 448 588 sine
485 541 620 584 nave
660 527 954 586 salutifera:
988 529 1168 587 crucis
1193 529 1557 602 procellosum
1586 533 1746 604 hujus
1773 535 1826 596 Α
1850 543 1908 587 ut
1941 533 2152 605 possitis
2194 528 2622 603 comprehendere
2652 522 2790 582 cum‘
2814 525 3050 581 omnibus
3082 532 3277 579 sanctis
3309 541 3427 596 qua:

197 621 360 681 saeculi
399 636 543 677 mare
590 621 925 677 transeunti?
964 620 1106 678 Nihil
1145 631 1206 677 ut
1245 635 1327 680 est
1365 623 1744 679 arbitrandum

195 713 326 772 aliud
362 712 464 768 nisi
505 721 784 768 remaneat
830 713 887 768 in
929 713 1120 768 mediis
1163 721 1388 770 necatus
1413 701 1666 769 ﬂuctibus
1691 719 1748 768 et

193 819 302 864 cum
341 802 495 858 terris
531 801 803 877 Egyptiis
841 803 896 858 in
932 803 1261 875 profundum
1291 805 1638 875 demergatur
1665 805 1746 859 in-

193 894 352 952 ferni?
391 893 456 948 Et
493 893 623 964 quid
659 894 925 961 imminet,
962 903 1020 950 et
1042 893 1198 964 cujus
1235 894 1387 951 frons
1421 895 1612 952 eodem
1641 910 1748 950 non

191 994 416 1042 armatur
453 1000 629 1058 neque
657 986 971 1042 inscribitur
1007 987 1195 1058 signo?
1227 986 1370 1042 Nihil
1398 995 1598 1059 praeter
1623 986 1746 1053 hoc,

191 1086 245 1133 ut
258 1077 538 1134 secundum
561 1078 880 1148 prophetam
905 1094 1028 1135 cum
1053 1080 1561 1150 praevaricatoribus
1583 1078 1749 1134 Israel

188 1167 350 1240 gladio
382 1166 578 1222 divina:
600 1178 872 1224 mactetur
903 1169 1144 1226 ultionis.
1185 1169 1312 1226 Veri
1339 1179 1522 1226 autem
1547 1186 1611 1226 ac
1642 1170 1750 1225 sal-

187 1256 331 1312 vandi
369 1256 629 1313 Israelita:
659 1258 907 1316 duodeno
939 1260 1170 1316 millium
1192 1277 1420 1317 numero
1452 1277 1519 1316 ex
1551 1262 1752 1316 duode'

187 1346 282 1405 cim
309 1346 553 1403 tribubus
579 1347 744 1405 Israel
769 1350 926 1406 electi
962 1352 1066 1407 hoc
1104 1359 1188 1407 est
1216 1351 1454 1408 universi
1485 1351 1670 1408 ﬁdeles
1695 1359 1752 1408 et

187 1437 452 1494 orthodoxi
478 1454 579 1510 per
605 1448 777 1496 totum
805 1443 997 1498 orbem
1026 1453 1228 1499 sancta:
1254 1453 1309 1498 et
1330 1441 1610 1498 catholicae
1636 1458 1752 1496 ma-

187 1529 274 1584 tris
297 1527 552 1585 Ecclesia:
580 1530 676 1587 ﬁlii
721 1542 869 1588 recta
899 1533 1006 1589 ﬁde
1049 1542 1108 1590 et
1145 1535 1346 1590 mundo
1371 1534 1536 1589 corde
1574 1532 1756 1586 Domi-

185 1637 298 1676 num
321 1622 616 1689 intuentes,
664 1640 963 1696 sanamque
1005 1625 1286 1681 duodecim
1327 1625 1629 1680 doctrinam
1658 1623 1752 1679 ob-

185 1722 446 1771 servantes
496 1715 863 1785 apostolorum
889 1756 905 1782 ,
960 1716 1028 1771 ab
1080 1716 1285 1786 angelis
1339 1715 1593 1780 Domini,
1647 1714 1752 1768 hoc

186 1806 568 1878 gloriosissimo
598 1815 655 1862 et
682 1807 1040 1863 saluberrimo
1066 1808 1365 1863 Dominicae
1390 1807 1570 1863 crucis
1596 1806 1751 1877 signo

1849 625 1917 679 sit
1945 623 2190 688 latitudo,
2215 633 2262 677 et
2289 621 2583 694 longitudo,
2613 630 2659 675 et
2681 619 2974 675 sublimitas
2996 625 3044 672 et
3066 616 3426 688 profundum;

1848 714 1984 767 scire
2010 714 2167 767 etiam
2203 713 2666 783 supereminentem
2687 711 2920 766 scientiae
2942 709 3255 763 charitatem
3275 703 3433 761 Chri-

1850 806 1956 872 sti,
2003 814 2051 860 et
2091 803 2416 876 impleamini
2453 805 2509 858 in
2547 820 2750 858 omnem
2794 801 3173 874 plenitudinem
3214 799 3431 855 Domini

1852 896 2066 969 (Ephes.
2112 914 2195 965 III,
2240 898 2350 970 14).
2413 897 2566 954 Unde
2616 897 2948 970 Augustinus
2995 894 3050 950 in
3095 895 3430 966 expositione

1849 988 2125 1061 Evangelii
2153 989 2450 1046 secundum
2472 987 2735 1044 Joannem
2769 1009 2780 1043 :
2816 1007 2834 1039 ‹
2860 986 2999 1055 Quid
3037 986 3180 1042 enim
3225 986 3290 1042 de
3313 985 3427 1055 ipsa

1850 1096 2016 1137 cruce
2042 1081 2238 1137 dicturi
2275 1098 2462 1138 sumus
2501 1097 2620 1153 quae
2652 1089 2800 1139 certe
2825 1079 3074 1136 similiter
3096 1082 3164 1136 ab
3195 1079 3432 1136 inimicis

1850 1179 2016 1242 atque
2037 1172 2226 1242 impiis
2263 1171 2479 1228 Christo
2507 1171 2652 1229 facta
2686 1180 2742 1228 et
2780 1172 3011 1242 impacta
3035 1171 3154 1228 est?
3183 1191 3202 1224 ι
3246 1171 3316 1225 Ει
3351 1177 3433 1224 ta-

1851 1280 1977 1320 men
2003 1281 2066 1320 ea
2088 1265 2378 1338 signiﬁcari
2406 1274 2553 1322 recte
2577 1266 2910 1338 intelligitur,
2931 1265 3073 1334 quod
3094 1265 3172 1320 ait
3191 1263 3427 1335 Aposto-

1851 1356 1937 1413 lus
1961 1373 2080 1427 quae
2126 1357 2198 1413 sit
2238 1357 2504 1421 latitudo,
2533 1366 2589 1414 et
2623 1356 2901 1428 longitudo
2928 1396 2944 1422 ,
2989 1363 3042 1412 et
3086 1354 3345 1421 altitudo,
3378 1364 3434 1410 et

1851 1448 2200 1522 profundum.
2237 1449 2375 1507 Lata
2401 1459 2485 1507 est
2503 1451 2700 1521 quippe
2734 1449 2789 1504 in
2820 1457 3130 1504 transverso
3157 1446 3302 1518 ligno
3325 1462 3433 1517 quo

1855 1541 2222 1597 extenduntur
2265 1543 2564 1614 pendentes
2611 1557 2834 1607 manus,
2883 1550 2939 1595 et
2965 1539 3233 1611 signiﬁcat
3270 1554 3434 1609 opera

1854 1631 1997 1686 bona
2027 1631 2080 1685 in
2109 1631 2389 1688 latitudine
2420 1633 2720 1688 charitatis.
2747 1630 2932 1703 Longa
2961 1638 3046 1686 est
3067 1645 3098 1684 a
3124 1637 3434 1684 transverso

1853 1739 2028 1792 usque
2054 1724 2122 1778 ad
2154 1732 2356 1779 terram
2374 1765 2388 1789 ,
2419 1725 2510 1779 ubi
2535 1725 2755 1781 dorsum
2779 1722 3052 1794 pedesque
3090 1722 3352 1792 ﬁguntur,
3380 1728 3437 1776 et

1855 1813 2128 1884 signiﬁcat
2187 1815 2653 1884 perseverantiam
2695 1815 2750 1869 in
2799 1811 3134 1885 longitudine
3180 1811 3439 1883 temporis

183 1897 282 1953 suis
331 1898 710 1955 inscribuntur
743 1899 1036 1967 frontibus,
1076 1909 1131 1956 et
1173 1916 1272 1970 per
1315 1900 1419 1955 hoc
1452 1900 1750 1955 salvantur.
1781 1902 1829 1962 B
1857 1921 2028 1975 usque
2056 1906 2109 1959 in
2133 1905 2316 1961 ﬁnem.
2359 1906 2483 1961 Alta
2506 1915 2588 1963 est
2614 1907 2669 1961 in
2697 1907 2978 1962 cacumine
2997 1905 3140 1975 quod
3154 1919 3251 1974 per
3266 1911 3441 1958 trans-

179 1987 312 2056 Quos
353 1990 553 2046 beatus
596 1989 851 2056 Joannes,
891 2000 950 2047 ut
977 1993 1030 2047 in
1055 1992 1379 2064 Apocalypsi
1410 1992 1610 2065 legitur
1629 2000 1754 2048 ante

180 2081 426 2137 thronum
457 2091 515 2139 et
555 2084 612 2139 in
651 2094 939 2156 conspectu
969 2085 1090 2156 agni
1130 2085 1345 2141 stetisse
1372 2094 1752 2156 conspexerat,

179 2175 292 2232 hinc
319 2176 438 2231 ait:
475 2176 543 2231 Et
587 2179 693 2232 vidi
739 2178 1246 2250 alterumangelum
1289 2180 1652 2235 ascendentem
1689 2180 1754 2234 ab

180 2277 288 2322 ortu
320 2267 448 2322 solis
474 2269 751 2323 habentem
775 2271 983 2340 signum
1007 2270 1103 2325 Dei
1141 2271 1273 2337 vivi;
1297 2281 1345 2326 et
1369 2271 1612 2327 clamavit
1636 2289 1757 2327 voce

179 2373 357 2430 magna
400 2359 473 2413 ad
501 2369 732 2430 quatuor
775 2359 987 2431 angelos
1031 2361 1220 2432 quibus
1265 2362 1448 2416 datum
1473 2372 1548 2417 est
1574 2379 1759 2418 nocere

180 2455 319 2504 teme
361 2459 410 2504 et
448 2451 621 2517 mari,
678 2451 858 2505 dicens
882 2465 900 2502 :
933 2451 1113 2506 Nolite
1150 2469 1333 2510 nocere
1377 2464 1550 2520 terrtv,
1598 2469 1760 2524 neque

181 2541 323 2608 mari,
353 2560 522 2616 neque
554 2542 830 2599 arboribus
851 2586 867 2612 ,
915 2546 1256 2617 quoadusque
1288 2547 1552 2617 signemus
1589 2563 1761 2600 servos

179 2633 377 2690 Domini
426 2637 602 2691 nostri
628 2637 686 2690 in
715 2637 978 2706 frontibus
1018 2654 1219 2693 eorum.
1280 2637 1349 2691 Et
1381 2638 1556 2692 audivi
1582 2653 1763 2691 nume-

181 2742 286 2781 rum
321 2728 658 2800 signatorum
697 2739 902 2784 centum
937 2731 1294 2802 quadraginta
1327 2740 1557 2803 quatuor
1592 2730 1764 2785 millia

179 2820 356 2891 signati
381 2838 446 2876 ex
488 2821 639 2876 omni
680 2822 820 2876 tribu
863 2821 1098 2892 ﬁliorum
1131 2821 1306 2898 Israel
1337 2822 1522 2894 (Apoc.
1554 2838 1653 2888 vn,
1684 2821 1760 2895 2).

180 2910 426 2969 Dominus
458 2913 522 2969 in
553 2928 717 2968 carne
759 2921 920 2968 natus
949 2914 1040 2984 qui
1079 2914 1263 2984 magni
1289 2913 1502 2992 consilii
1535 2913 1760 2984 angelus

181 3015 255 3062 est
278 3016 517 3078 paterna:
561 3006 770 3062 scilicet
810 3005 1105 3062 voluntatis
1145 3007 1368 3066 nuntius
1396 3005 1638 3061 visitavit
1666 3020 1764 3061 nos

182 3099 349 3155 oriens
385 3117 454 3155 ex
485 3098 620 3165 alto,
645 3097 902 3153 vexillum
938 3098 1118 3153 crucis
1160 3113 1269 3168 quo
1298 3113 1520 3154 suorum
1556 3095 1765 3152 frontes

115 3179 121 3183 ’
180 3189 408 3262 signaret
455 3190 709 3248 aﬂ'erens.
773 3190 844 3244 Et
869 3189 1112 3247 clamavit
1136 3208 1256 3246 voce
1283 3207 1511 3263 magna,
1557 3198 1615 3245 et
1637 3189 1766 3245 reli-

181 3298 295 3354 qua.
339 3284 454 3340 Hoc
503 3293 590 3340 est
635 3283 1021 3355 praedicatione
1059 3284 1276 3341 sublimi
1319 3303 1332 3339 :

178 3375 343 3444 agite;
370 3376 813 3448 appropinquavit
851 3377 989 3431 enim
1019 3393 1234 3447 regnum
1266 3375 1534 3431 caelorum.
1593 3373 1775 3431 Nolite

180 3480 378 3532 nocere,
415 3476 479 3522 et
511 3467 719 3537 reliqua
741 3507 756 3532 ,
787 3469 1126 3539 quoadusque
1148 3470 1410 3538 signemus
1450 3483 1626 3523 servos
1659 3467 1773 3522 Do-

179 3553 302 3612 mini
335 3559 508 3613 nostri
535 3560 590 3613 in
617 3558 878 3627 frontibus
898 3576 1099 3614 eorum.
1133 3559 1217 3614 Ad
1249 3561 1352 3614 hoc
1378 3559 1618 3631 gentium
1647 3573 1774 3613 con-

176 3647 419 3705 fractum
451 3658 538 3705 est
562 3651 849 3721 imperium
871 3691 885 3716 ,
921 3659 981 3705 ut
1009 3650 1163 3722 signo
1193 3650 1316 3706 ﬁdei
1341 3652 1428 3706 cui
1459 3650 1777 3706 restiterant

170 3739 345 3797 facies
370 3749 581 3797 sanctae
614 3741 783 3797 libere
821 3751 1166 3798 notarentur.
1198 3741 1334 3796 Nam
1369 3751 1424 3797 et
1451 3742 1566 3813 ipsa
1593 3743 1772 3799 crucis

173 3833 344 3905 ﬁgura
377 3833 672 3889 dilatatum
718 3834 919 3906 ubique
958 3835 1171 3890 Domini
1222 3834 1491 3906 signiﬁcat
1525 3851 1774 3906 regnum.

179 3925 329 3985 Sicut
357 3937 523 3986 vetus
550 3929 823 3985 distichon
854 3931 1049 4000 probat
1081 3947 1096 3984 :

419 4038 638 4110 Respice
659 4039 900 4110 distinctis
923 4041 1207 4103 quadratum
1235 4043 1456 4110 partibus
1479 4044 1672 4110 orbem,

494 4101 554 4152 Lit
573 4106 765 4166 signum
790 4104 900 4153 fidei
926 4101 1098 4155 cuncta
1118 4101 1296 4157 teue're
1321 4109 1518 4169 probet;
1637 4130 1641 4132 ν

177 4200 359 4275 Neque
393 4203 545 4282 enim
591 4204 794 4259 frustra
827 4205 879 4260 in
921 4205 1100 4262 fronte
1135 4204 1409 4277 pou'tiﬁcis
1439 4192 1638 4264 nemen
1662 4207 1770 4264 Do-

181 4295 306 4351 mini
337 4305 831 4368 tetragrammaton
860 4299 1224 4364 scribebatur,
1257 4300 1363 4354 nisi
1401 4301 1528 4370 quia
1555 4301 1658 4357 hoc
1689 4311 1775 4358 est

181 4383 383 4457 signum
432 4387 662 4443 unicum
696 4386 855 4442 simul
897 4395 953 4442 et
987 4387 1311 4459 quadratum
1346 4389 1400 4444 in
1443 4389 1621 4445 fronte
1643 4391 1776 4447 ﬁde-

179 4474 325 4544 lium,
370 4478 440 4535 de
481 4495 595 4550 quo
638 4479 695 4533 in
735 4477 955 4533 Psalmo
984 4494 1082 4548 pro
1114 4478 1478 4536 torcularibus
1509 4482 1726 4535 canitur
1755 4495 1772 4536 :

180 4565 395 4624 Domine
429 4569 699 4624 Dominus
726 4579 921 4636 noster,
950 4587 1108 4638 quam
1137 4570 1453 4626 admirabile
1477 4580 1554 4627 est
1583 4589 1772 4627 nomen

1858 2012 2075 2052 versum
2101 1997 2310 2068 lignum
2341 2013 2558 2054 sursum
2597 2013 2786 2054 versus
2832 1996 3045 2053 excedit
3082 2003 3136 2050 et
3174 1993 3445 2067 signiﬁcat

1858 2105 2153 2162 supernum
2175 2091 2363 2157 ﬁnem,
2393 2107 2499 2162 quo
2527 2099 2722 2148 cuncta
2746 2107 2912 2162 opera
2940 2089 3272 2146 referuntur.
3298 2088 3443 2156 Quo-

1859 2183 2007 2236 niam
2030 2190 2225 2238 cuncta
2256 2182 2542 2238 latitudine
2588 2199 2652 2239 ac
2695 2182 3030 2254 longitudine
3071 2179 3210 2236 bene
3233 2195 3298 2253 ac
3320 2193 3444 2250 per-

1861 2281 2176 2329 severanter
2202 2273 2374 2341 ﬁunt,
2409 2281 2634 2345 propter
2657 2273 2998 2330 altitudinem
3033 2273 3338 2328 divinorum
3366 2271 3446 2328 fa-

1863 2367 2053 2421 cienda
2093 2375 2222 2423 sunt
2248 2368 2615 2438 praemiorum.
2676 2366 2952 2423 Profunda
2989 2375 3075 2423 est
3106 2367 3162 2421 in
3193 2383 3257 2422 ea
3291 2373 3450 2438 parte

1865 2457 1991 2526 quia
2017 2457 2072 2511 in
2105 2466 2250 2513 terra
2275 2457 2477 2529 ﬁgitur.
2534 2458 2614 2514 Ibi
2648 2458 2844 2529 quippe
2881 2467 2938 2514 et
2969 2457 3177 2513 occulta
3203 2464 3316 2523 est,
3347 2472 3448 2512 nec

1863 2547 2038 2604 videri
2066 2556 2264 2618 potest,
2293 2549 2388 2604 sed
2416 2556 2610 2605 cuncta
2638 2542 2756 2618 ejus
2778 2549 3095 2620 apparentia
3119 2556 3173 2604 et
3201 2547 3414 2603 eminen
3434 2578 3448 2587 -

1866 2639 1942 2694 tia
1975 2639 2101 2696 inde
2137 2649 2494 2713 consurgunt,
2547 2641 2686 2697 sicut
2729 2641 2872 2697 bona
2910 2648 3096 2696 nostra
3136 2641 3200 2696 de
3227 2639 3450 2710 profun-

1867 2728 2040 2784 ditate
2074 2730 2262 2800 gratiae
2288 2729 2406 2795 Dei,
2435 2745 2556 2800 qua:
2577 2728 2960 2802 comprehendi
2986 2743 3049 2783 ac
3077 2726 3308 2784 indicari
3341 2742 3448 2784 non

1866 2827 2047 2890 potest
2076 2821 2328 2877 universa
2357 2824 2676 2892 procedunt.

1938 2913 2072 2969 Item
2103 2915 2169 2971 de
2219 2931 2284 2971 eo
2316 2917 2458 2986 quod
2508 2930 2669 2986 supra
2712 2917 2781 2972 in
2813 2915 3134 2988 Apocalypsi
3161 2933 3174 2969 :
3207 2912 3450 2970 Post/uec

1868 3004 1977 3059 vidi
2011 3005 2220 3060 turbam
2253 3023 2500 3078 magnam
2523 3049 2537 3073 ,
2585 3023 2740 3079 quam
2763 3006 3099 3062 dinumerare
3128 3021 3276 3060 nemo
3309 3014 3454 3076 pote-

1869 3104 1976 3160 rat,
2000 3112 2065 3150 ea:
2097 3096 2335 3152 omnibus
2374 3097 2612 3168 gentibus
2635 3139 2652 3164 ,
2700 3107 2750 3152 et
2782 3097 3016 3152 tribubus
3035 3138 3050 3163 ,
3079 3105 3128 3151 et
3148 3094 3374 3168 populis,
3405 3102 3454 3150 et

1872 3185 2090 3257 linguis,
2133 3195 2330 3242 stantes
2377 3198 2498 3242 ante
2545 3189 2791 3243 thronum
2834 3199 2880 3245 et
2912 3189 2968 3243 in
2999 3197 3275 3258 conspectu
3305 3187 3450 3258 agni,

1390 3282 1764 3339 Pwnitentiam
1793 3297 1840 3362 ρ
1871 3281 2051 3335 amicti
2084 3280 2233 3336 stolis
2273 3281 2426 3350 albis,
2473 3290 2520 3336 et
2558 3280 2748 3352 palma:
2792 3283 2849 3337 in
2889 3282 3133 3336 manibus
3165 3297 3376 3346 eorum;
3405 3287 3455 3333 et

1876 3369 2177 3426 clamabant
2225 3389 2346 3426 voce
2389 3389 2580 3442 magna
2625 3372 2853 3428 dicentes
2881 3389 2899 3426 :
2949 3371 3112 3427 Salus
3145 3371 3255 3427 Deo
3280 3381 3456 3425 nostro

1875 3463 1964 3535 qui
2007 3462 2150 3524 sedet
2195 3479 2352 3534 super
2400 3464 2668 3530 thronum,
2709 3471 2759 3517 et
2803 3479 2939 3533 agno
2980 3462 3164 3534 (Apoc.
3188 3477 3285 3528 vlt,
3325 3459 3450 3531 13);

1874 3555 2088 3612 cunctis
2117 3564 2174 3610 et
2199 3555 2254 3609 in
2277 3552 2548 3612 frontibus
2574 3555 2706 3610 etin
2732 3555 2984 3610 manibus
3010 3554 3114 3609 hoc
3140 3561 3224 3609 est
3250 3554 3304 3609 in
3329 3567 3454 3623 pro-

1875 3649 2114 3706 fessione
2136 3657 2191 3704 et
2221 3649 2434 3705 actione
2461 3648 2682 3718 signari.
2722 3647 2801 3704 Ita
2842 3647 2988 3702 enim
3021 3645 3282 3701 Dominus
3307 3643 3360 3699 in
3393 3659 3458 3700 ea

1876 3739 2053 3794 forma
2079 3739 2135 3793 in
2181 3754 2288 3809 qua
2329 3753 2430 3808 pro
2475 3738 2631 3794 nobis
2660 3739 2770 3808 pati
2809 3737 3058 3809 dignatus
3084 3745 3190 3802 est,
3219 3735 3460 3790 creditur

1875 3846 1998 3888 esse
2044 3840 2305 3888 venturus
2336 3830 2403 3887 ad
2427 3830 2714 3903 judicium,
2760 3830 3009 3902 bajulans
3044 3845 3260 3886 crucem
3302 3844 3458 3885 suam

1880 3927 2130 3983 omnibus
2163 3925 2469 3982 obscuratis
2497 3924 2748 3980 ﬁdelibus
2770 3922 2944 3979 solam
2973 3922 3208 3980 mirabili
3236 3931 3291 3978 et
3316 3922 3456 3978 inef-

1877 4017 2027 4074 fabili
2057 4018 2267 4091 fulgore
2308 4027 2688 4076 coruscantem
2723 4019 2864 4076 sicut
2900 4020 2955 4074 in
2995 4019 3287 4092 Evangelio
3315 4019 3453 4089 legi-

1864 4118 1966 4166 .tur
1991 4129 2004 4165 :
2039 4110 2131 4167 Sol
2156 4111 2541 4178 obscurabitur,
2565 4121 2612 4165 et
2639 4110 2766 4165 luna
2789 4129 2894 4166 non
2917 4111 3060 4166 dabit
3086 4111 3260 4165 lumen
3281 4127 3458 4176 suum,

1875 4213 1926 4257 et
1953 4202 2105 4258 stella
2131 4204 2318 4258 cadent
2355 4205 2422 4259 de
2457 4203 2606 4270 calo,
2629 4213 2679 4258 et
2718 4204 2933 4259 virtutes
2960 4203 3207 4258 calorum
3227 4219 3458 4257 commo-

1878 4294 2133 4350 vebuntur
2155 4309 2173 4346 :
2217 4305 2265 4349 et
2293 4305 2416 4349 tunc
2446 4295 2711 4366 apparebit
2756 4297 2962 4366 signum
3000 4293 3102 4363 ﬁlii
3140 4293 3369 4349 hominis
3404 4294 3460 4349 in

1877 4386 2003 4442 calo
2031 4384 2247 4458 (Matth.
2272 4403 2421 4452 xxxv,
2453 4385 2569 4457 29).

1944 4478 2072 4534 Inde
2119 4478 2356 4537 Joannes
2405 4481 2460 4536 in
2512 4480 2844 4552 Evangelio:
2901 4479 3155 4536 Videbunt
3207 4480 3264 4535 in
3308 4496 3462 4552 quem

1875 4570 2254 4640 transﬁaerunt
2291 4569 2473 4642 (Joan.
2503 4571 2754 4643 xix,-57).
2796 4571 2899 4638 Ita,
2923 4571 3164 4642 inquam,
3197 4570 3379 4627 veniet
3407 4578 3466 4627 et

183 4665 321 4714 tuum
352 4661 409 4716 in
447 4663 701 4716 universa
737 4670 876 4716 terra
905 4661 1077 4732 (Psal.
1104 4662 1243 4735 vui),
1284 4672 1341 4718 et
1375 4673 1571 4720 uetera
1599 4681 1772 4736 usque
1796 4660 1850 4720 D
1876 4662 2342 4718 numerosissimis
2363 4671 2418 4717 et
2445 4662 2851 4734 gloriosissimis
2874 4678 3234 4734 supernorum
3261 4663 3462 4718 civium

181 4745 300 4804 dum
331 4752 428 4819 ait,
467 4763 528 4807 ut
547 4753 791 4806 destruas
823 4753 1094 4807 inimicum
1123 4764 1170 4807 et
1200 4753 1527 4824 defensorem
1578 4754 1772 4827 Sequi-

183 4843 285 4904 tur,
311 4843 498 4898 amicti
538 4843 689 4898 stolis
714 4841 846 4897 albis
882 4853 931 4897 et
969 4842 1160 4913 palmte
1188 4845 1245 4898 in
1283 4846 1525 4900 manibus
1551 4864 1731 4902 eorum
1750 4862 1768 4899 :

184 4925 342 4988 Stolis
390 4934 752 5007 baptismum,
799 4935 997 5005 palmis
1039 4935 1370 5005 triumphum
1422 4938 1603 4992 crucis
1642 4939 1776 4992 insi-

182 5033 324 5080 nuat.
378 5026 492 5085 Pro
536 5044 647 5099 quo
690 5027 926 5083 mirabili
974 5035 1029 5084 et
1074 5027 1331 5082 ineﬁ‘abili
1364 5027 1562 5083 divinas
1597 5030 1775 5084 crucis

182 5128 527 5178 sacramento
568 5131 691 5177 orat
743 5122 1035 5193 Apostolus
1079 5139 1177 5179 sua
1225 5125 1291 5180 ad
1335 5123 1502 5179 Deum
1550 5123 1771 5181 ﬂectens

185 5223 372 5279 genua,
399 5225 463 5270 ut
483 5215 722 5272 donetur
756 5215 1036 5284 ﬁdelibus,
1084 5217 1190 5272 hoc
1217 5217 1546 5290 intelligere,
1583 5219 1772 5276 dicens

185 5297 237 5355 in
258 5302 502 5373 Epistola
529 5307 600 5361 ad
620 5306 902 5377 Ephesios.

251 5396 433 5469 Hujus
460 5403 540 5456 rei
583 5403 756 5472 gratia
783 5404 935 5472 ﬂecto
963 5419 1133 5473 genua
1163 5419 1279 5457 mea
1315 5404 1385 5458 ad
1426 5403 1642 5460 Patrem
1667 5406 1772 5460 Do-

183 5489 308 5546 mini
351 5497 526 5550 nostri
572 5496 699 5550 Jesu
731 5494 958 5562 Christi,
1002 5513 1066 5551 ex
1092 5513 1195 5567 quo
1221 5499 1459 5552 omnibus
1485 5501 1771 5569 paternitas

182 5579 236 5636 in
259 5586 403 5642 caelis
426 5600 478 5644 et
504 5591 562 5643 in
586 5600 726 5644 terra
755 5591 1078 5658 nominatur,
1112 5601 1166 5643 ut
1206 5590 1291 5644 det
1322 5593 1462 5646 vobis
1483 5593 1768 5664 secundum

183 5676 389 5736 divitias
413 5683 601 5754 gloria:
629 5701 740 5739 sua:
769 5686 1009 5740 virtutem
1042 5684 1374 5738 corroborari
1405 5702 1500 5755 per
1529 5687 1771 5756 spiritum

185 5770 294 5840 ejus
317 5775 372 5830 in
397 5777 652 5832 interiore
677 5779 885 5833 homine
907 5777 1146 5832 habitare
1183 5774 1452 5831 Christum
1492 5795 1584 5849 per
1611 5778 1770 5848 [idem

184 5861 242 5919 in
261 5868 516 5950 cordibus
564 5873 764 5939 vestris,
813 5870 868 5926 in
913 5870 1170 5927 charitate
1193 5868 1420 5928 radicati
1461 5878 1510 5930 et
1537 5869 1767 5943 fundati,

680 5967 960 6032 Punon.
1015 5962 1145 6031 CV.

1873 4761 1928 4806 et
1959 4753 2201 4808 omnium
2244 4753 2480 4810 ﬁdelium
2522 4755 2787 4823 vallatus,
2825 4764 2881 4812 et
2915 4756 3204 4813 comitatus
3233 4756 3464 4828 agmini-

1872 4843 1974 4898 bus
2003 4844 2229 4916 singulis
2267 4860 2459 4900 eorum
2491 4846 2595 4902 hoc
2625 4847 2951 4918 triumphale
2976 4847 3236 4904 vexillum
3263 4847 3320 4902 in
3348 4846 3463 4902 suis

1874 4932 2175 4989 ferentibus
2204 4934 2465 4989 humeris.

1947 5027 2085 5081 Hinc
2124 5026 2364 5082 Joannes
2393 5025 2816 5100 Chrysostomus
2849 5028 2906 5084 in
2945 5028 3168 5086 homilia
3198 5028 3264 5083 de
3299 5041 3463 5082 cruce

1879 5126 1931 5174 et
1959 5116 2186 5171 latrone.
2225 5135 2243 5166 ι
2268 5116 2402 5172 Volo
2436 5125 2496 5172 ut
2532 5117 2667 5176 alias
2706 5121 2946 5177 rationes
2975 5132 3294 5190 cognoscas.
3329 5116 3462 5171 Cru-

1879 5225 1999 5266 cem
2035 5209 2204 5265 solam
2255 5225 2362 5265 non
2411 5211 2628 5283 reliquit
2675 5214 2730 5268 in
2764 5223 2940 5281 terra,
2993 5215 3086 5270 sed
3126 5226 3306 5267 secum
3336 5224 3461 5264 eam

1879 5304 2077 5360 levavit
2098 5305 2165 5360 ad
2185 5303 2403 5361 omium.
2436 5305 2564 5372 Sed,
2592 5307 2692 5372 ais,
2721 5309 2826 5364 hoc
2852 5307 2994 5362 unde
3024 5303 3462 5360 demonstratur?

1878 5397 1946 5453 Et
1976 5396 2097 5455 ideo
2124 5399 2252 5454 audi
2281 5418 2292 5453 :
2328 5399 2462 5455 Cum
2492 5401 2607 5472 ipsa
2632 5400 2844 5463 veniet,
2875 5414 2998 5454 cum
3030 5398 3144 5468 ipsa
3169 5396 3465 5452 secundam

1878 5507 2031 5546 suam
2081 5493 2450 5561 praesentabit.
2506 5493 2630 5549 Ideo
2677 5492 2966 5563 gloriosam
3004 5504 3224 5545 crucem
3253 5503 3466 5545 nuncu-

1874 5584 2020 5654 pavi.
2060 5584 2193 5640 Item
2224 5596 2346 5656 post
2370 5601 2562 5656 pauca.
2607 5585 2675 5639 Et
2701 5595 2812 5639 tum
2841 5585 3046 5655 signum
3081 5582 3343 5638 videbitur
3364 5581 3466 5652 filii

1875 5683 2101 5736 hominis
2131 5683 2188 5737 in
2210 5682 2357 5736 ctelo.
2399 5681 2590 5736 Vidisti
2613 5681 2841 5755 gloriam
2870 5680 3030 5752 signi,
3060 5679 3113 5735 id
3141 5685 3227 5736 est
3243 5677 3425 5736 crucis
3445 5690 3464 5729 :

1875 5777 2006 5832 solis
2051 5777 2231 5832 lumen
2274 5773 2533 5830 reddetur
2557 5776 2874 5845 obscurum,
2928 5776 3070 5832 lunae
3105 5789 3212 5832 non
3249 5770 3470 5828 dabitur

1877 5873 2076 5946 gratia,
2098 5872 2197 5933 sed
2218 5871 2350 5932 illud
2377 5870 2615 5930 radiabit
2643 5881 2700 5932 et
2727 5873 2955 5942 lucebit,
2986 5880 3042 5930 et
3062 5871 3206 5930 sicut
3231 5867 3464 5939 impera-
