4006 6452
556 391 655 448 491

1874 372 2177 432 DUNGALI
2213 373 2512 431 RECLUSI

559 515 735 563 torem
781 499 980 572 regalis
1023 512 1220 570 pompa
1264 494 1561 569 pmcedit,
1611 500 1667 547 et
1710 490 1964 549 militaris
1997 487 2134 545 ordo
2160 493 2208 552 Α
2234 488 2416 546 dalum
2448 486 2718 556 sumpsit,
2775 485 2917 546 unde
2941 485 3110 542 etiam
3139 484 3262 554 plus
3287 485 3447 541 debet
3481 485 3600 542 ﬁeri
3621 495 3681 558 ut
3713 489 3807 546 ho-

561 591 853 668 praseundo
893 587 1086 645 vexilla
1121 587 1364 643 humeris
1388 593 1606 656 portare
1638 582 1943 648 consuevit,
1968 588 2024 636 et
2053 581 2142 636 his

561 683 681 756 ejus
708 681 1020 738 declaratur
1060 679 1346 742 adventus,
1395 676 1475 731 sic
1517 675 1746 729 Domino
1781 673 1848 728 de
1875 671 2015 727 etnlo
2043 687 2138 727 ve-

563 778 749 834 niente
785 772 1100 844 angelorum
1146 777 1340 834 cretus,
1389 777 1444 822 et
1471 767 1925 836 archangelorum
1957 762 2141 822 multi-

565 867 714 932 tudo,
745 863 877 920 illud
905 862 1117 934 signum
1143 857 1386 917 humeris
1412 864 1632 927 portant
1661 855 1889 913 excelsis
1910 894 1925 920 ,
1963 862 2020 909 et
2056 868 2143 910 re-

563 958 738 1029 galem
794 955 950 1012 nobis
1007 954 1297 1010 adventum
1358 950 1750 1007 denuntiant.»
1801 949 1938 1006 Hinc
1975 948 2142 1006 etiam

562 1047 821 1104 Paulinus
840 1046 898 1102 in
925 1045 1018 1100 lib.
1054 1061 1110 1100 ιι
1139 1065 1153 1099 ;

563 1140 668 1210 Qui
694 1153 859 1196 cruce
878 1151 1150 1210 purpurea
1177 1135 1398 1205 pretiosi
1424 1133 1702 1205 sanguinis
1725 1141 1897 1196 ostro,
1954 1175 1961 1182 .

561 1234 782 1293 Arduus
799 1247 1029 1289 ascensu
1053 1229 1285 1288 voluerit
1307 1228 1614 1299 penetravit
1641 1227 1697 1283 in
1723 1227 1852 1283 alta.

843 1323 994 1378 Idem
1023 1323 1080 1376 in
1108 1321 1341 1376 carmine
1373 1320 1432 1376 11
1469 1320 1534 1374 de
1558 1319 1740 1376 eadem
1770 1335 1844 1374 re.

563 1419 685 1477 Alfa
710 1418 899 1476 itidem
925 1416 1062 1472 mihi
1093 1415 1342 1471 Christus
1367 1421 1422 1469 et
1449 1435 1491 1470 ω
1514 1413 1606 1483 qui
1637 1427 1848 1468 summa
1871 1410 2143 1482 supremis

563 1513 807 1578 Finibus,
839 1509 1042 1567 excelsi
1067 1509 1273 1580 pariter
1301 1506 1618 1577 complexus
1645 1515 1702 1561 et
1722 1506 1837 1571 imi,

568 1604 756 1659 Victor
778 1609 834 1657 et
862 1599 1074 1656 inferna
1100 1608 1156 1654 et
1175 1599 1380 1669 pariter
1412 1597 1656 1652 cmlestia
1683 1597 1857 1667 cepit,

563 1695 922 1764 Efl‘ractisquc
952 1691 1160 1764 abyssis
1189 1690 1356 1746 cmlos
1378 1690 1682 1760 penetravit
1705 1697 1942 1758 apertos,

564 1789 855 1844 Victricem
884 1785 1129 1842 referens
1155 1794 1406 1856 superata
1436 1792 1612 1839 morte
1641 1783 1888 1839 salutem.

567 1883 746 1954 thue
769 1880 922 1938 illum
952 1879 1146 1950 patriai
1165 1877 1347 1948 junxit
1375 1879 1602 1934 victoria
1635 1878 1840 1932 dextrae

567 1972 950 2042 Vexillurnque
972 1971 1153 2026 crucis
1181 1986 1342 2041 super
1362 1969 1545 2025 omnia
1577 1969 1754 2024 sidera
1782 1968 1917 2023 ﬁxit.

561 2063 898 2133 Corporeum
920 2061 1112 2116 statuit
1130 2060 1342 2116 cmlesti
1366 2060 1422 2115 in
1447 2060 1575 2115 sede
1603 2059 1926 2128 trophaeum.

562 2154 705 2222 Quid
729 2167 860 2224 ergo
884 2153 990 2207 erit
1018 2151 1263 2208 facturus
1285 2152 1340 2207 in
1366 2152 1457 2207 illa
1487 2152 1575 2208 die
1605 2151 1857 2206 inimicus
1885 2159 1940 2206 et
1961 2165 2144 2222 perseo

564 2252 722 2300 cutor
772 2241 951 2297 crucis
995 2239 1200 2297 Christi
1221 2281 1236 2307 ,
1295 2242 1512 2311 quando
1554 2257 1618 2296 ea
1654 2241 1832 2296 omnis
1871 2242 2144 2298 exercitus

563 2334 777 2392 Domini
811 2335 1055 2407 signatus
1089 2344 1146 2389 et
1189 2343 1415 2389 ornatus
1461 2335 1803 2405 apparuerit?
1841 2334 1935 2390 Ille
1962 2343 2142 2390 autem

564 2427 738 2496 ipsam
771 2439 986 2496 semper
1014 2440 1212 2480 exosus
1252 2432 1308 2480 et
1339 2434 1658 2494 persecutus
1700 2441 1807 2480 non
1849 2426 2145 2480 merebitur

563 2535 688 2575 cum
735 2517 949 2575 caeteris
1001 2517 1342 2589 consignari;
1391 2527 1614 2589 propter
1663 2518 1766 2573 hoc
1815 2528 1995 2573 tamen
2036 2533 2143 2572 nou

564 2613 869 2669 remanebit
897 2625 1008 2667 non
1027 2611 1303 2683 signatus;
1336 2611 1442 2667 duo
1477 2612 1621 2668 enim
1645 2612 1798 2683 signa
1820 2620 2001 2676 erunt,
2026 2611 2145 2682 qui-

562 2709 664 2763 bus
703 2705 887 2762 cuncti
929 2706 986 2760 in
1013 2705 1106 2760 illa
1133 2706 1222 2760 die
1244 2722 1344 2776 pro
1378 2707 1696 2764 diversitate
1722 2705 2040 2759 meritorum
2070 2703 2144 2758 si-

563 2797 761 2868 gnandi
790 2802 936 2850 sunt.
985 2795 1163 2852 Unum
1189 2794 1412 2862 Christi,
1436 2796 1665 2850 alterum
1695 2795 1913 2850 diaboli.
1964 2793 2143 2850 Unum

564 2888 635 2942 ad
663 2885 1022 2952 salvandum,
1075 2886 1308 2941 alterum
1357 2887 1426 2944 ad
1471 2887 1823 2956 perdendum.
1870 2886 2048 2942 Unum
2075 2887 2142 2942 ad

565 2979 1001 3046 defendendum,
1049 2979 1282 3034 alterum
1309 2979 1377 3034 ad
1417 2980 1813 3050 decipiendum.
1857 2979 2035 3036 Unum
2074 2981 2142 3036 ad

566 3072 904 3143 dirigendum
925 3111 940 3136 ,
973 3071 1204 3127 alterum
1236 3073 1304 3128 ad
1336 3072 1698 3129 seducendum
1743 3081 1798 3128 et
1843 3073 2143 3144 depravan-

565 3164 715 3220 dum.
756 3163 936 3220 Unum
961 3165 1030 3220 ad
1059 3163 1471 3237 gloriﬁcandum
1499 3174 1554 3222 et
1578 3165 1922 3221 exultandqu
1945 3207 1959 3231 ,
2005 3166 2138 3220 alte-

565 3272 687 3313 rum
732 3256 802 3311 ad
844 3257 1312 3313 condemnandum
1357 3270 1413 3314 et
1458 3260 1512 3315 in
1564 3259 1881 3315 barathrum
1922 3266 2139 3315 aeternas

564 3352 758 3406 mortis
779 3351 1246 3424 praecipitandum.
1271 3352 1341 3408 Et
1367 3353 1675 3422 quicunque
1695 3367 1803 3408 uno
1829 3351 1987 3422 signo
2013 3365 2139 3408 cum

564 3441 784 3498 Christo
815 3451 870 3498 et
895 3442 1082 3500 electis
1102 3443 1217 3499 suis
1237 3459 1346 3500 non
1376 3443 1540 3499 fuerit
1569 3444 1937 3514 consignatus,
1967 3443 2140 3500 altero

564 3552 686 3591 cum
715 3535 920 3592 Satana
949 3547 1004 3593 et
1050 3537 1166 3607 ejus
1191 3539 1517 3594 satellitibus
1547 3539 1716 3609 ipsius
1747 3539 1901 3608 signo
1929 3547 1985 3593 et
2009 3539 2140 3593 cha-

565 3634 776 3681 ractere
806 3628 1012 3684 notatis
1054 3630 1374 3701 signabitur.
1439 3630 1575 3687 Hinc
1622 3631 1819 3702 legitur
1847 3631 1902 3684 in
1929 3631 2141 3702 Apoca-

564 3718 737 3790 lypsi:
769 3718 832 3775 Si
851 3723 969 3792 quis
1007 3721 1302 3778 adoraverit
1331 3723 1546 3778 bestiam
1581 3732 1629 3778 et
1649 3724 1929 3795 imaginem
1955 3725 2069 3795 ejus
2092 3734 2140 3779 et

563 3812 817 3881 acceperit
838 3813 1189 3869 characterem
1225 3815 1280 3869 in
1306 3815 1477 3884 fronte
1503 3832 1601 3869 sua
1641 3824 1732 3869 aut
1769 3815 1825 3869 in
1854 3831 2016 3869 manu
2041 3832 2140 3870 sua

563 3910 613 3955 et
654 3902 739 3956 hic
777 3902 911 3959 bibet
955 3905 1022 3961 de
1061 3909 1179 3963 uino
1207 3909 1304 3962 ira!
1343 3908 1441 3962 Dei
1471 3909 1560 3980 qui
1600 3908 1793 3962 mixtus
1817 3916 1891 3962 est
1915 3925 2057 3962 mero
2084 3909 2140 3963 in

563 3991 726 4048 calice
762 3994 859 4050 ira:
883 3997 1050 4068 ipsius
1073 4039 1090 4065 ,
1134 4008 1181 4053 et
1223 3999 1548 4053 crueiabitur
1585 4001 1703 4070 igne
1738 4008 1786 4053 et
1809 3999 2059 4070 sulphure
2085 4002 2140 4054 in

563 4095 841 4158 conspectu
879 4089 1188 4160 angelorum
1210 4099 1544 4155 sanctorum,
1594 4098 1643 4144 et
1663 4099 1784 4144 ante
1808 4100 2138 4161 conspectum

562 4178 689 4247 agni
712 4188 762 4232 et
791 4179 968 4248 fumus
995 4189 1375 4235 tomentorum
1395 4197 1574 4236 eorum
1595 4181 1838 4236 ascendet
1862 4183 1918 4235 in
1942 4181 2140 4237 secula

561 4269 875 4326 steculorunt
897 4272 1081 4344 (Apoc.
1109 4289 1223 4340 xlv,
1247 4273 1326 4345 9).
1366 4275 1776 4330 lmmanissimze
1802 4290 1934 4330 vero
1960 4284 2014 4330 et
2040 4276 2142 4329 mi-

563 4359 808 4414 serrimae
835 4363 1067 4417 vesania:
1095 4373 1212 4430 est,
1265 4365 1691 4434 certissimaaque
1715 4365 2036 4436 perditionis
2058 4366 2141 4420 in-

560 4446 786 4512 dicium,
810 4449 1083 4505 hominem
1109 4451 1425 4510 Christiano
1461 4465 1714 4510 vocatum
1744 4457 1995 4522 nomine,
2025 4457 2138 4526 epi-

561 4539 944 4610 scopalemque
987 4541 1163 4600 locum
1189 4553 1562 4614 occupantem.
1627 4549 1741 4604 Hoc
1781 4549 1886 4604 tale
1921 4550 2135 4620 signum

2240 586 2546 638 noraretur.
2571 577 2767 638 Debuit
2787 577 2931 636 enim
2954 585 3107 634 tanto
3127 577 3390 634 Dominus
3411 577 3482 634 ab
3507 578 3808 640 hominibus

2240 671 2454 741 dignius
2481 669 2832 729 honorandus
2862 684 3014 736 esse,
3054 677 3260 740 quanto
3287 685 3388 739 pro
3415 670 3720 730 hominibus
3754 686 3809 734 et

2241 767 2456 838 indigna
2507 775 2840 837 susceperat.
2900 765 3039 833 Quid
3082 773 3168 821 est
3198 780 3331 836 ergo
3365 765 3550 827 dicere
3582 785 3595 821 :
3622 767 3808 826 Beatus

2239 858 2330 928 qui
2369 875 2472 912 non
2495 857 2653 925 fuerit
2686 857 3081 916 scandalizatus
3105 859 3162 912 in
3193 874 3304 923 me,
3334 857 3441 912 nisi
3476 867 3663 930 aperta
3687 876 3809 919 voce

2240 948 2599 1018 abjectionem
2635 951 2832 1006 mortis
2879 966 2991 1011 sum
3041 949 3512 1019 humilitatemque
3566 950 3809 1021 signaret

2242 1041 2396 1099 Unde
2419 1043 2754 1115 Augustinus
2777 1043 2835 1098 in
2855 1042 3193 1114 expositione
3218 1040 3499 1112 Evangelii
3521 1043 3807 1098 secundum

2238 1131 2541 1190 Joannem:
2573 1133 2868 1204 Oportebat
2909 1133 3056 1189 enim
3102 1140 3164 1188 ut
3207 1141 3682 1199 contemneretur;
3714 1135 3810 1194 nisi

2240 1225 2386 1280 enim
2415 1234 2856 1282 contemneretur
2882 1241 2991 1282 non
3011 1223 3454 1295 cruciﬁgeretur;
3485 1225 3530 1281 si
3557 1240 3668 1280 non
3689 1241 3808 1282 cru-

2239 1315 2551 1386 ciﬁgeretur
2585 1333 2694 1372 non
2742 1316 2993 1372 funderet
3020 1325 3076 1372 et
3106 1316 3425 1388 sanguinem
3453 1356 3470 1383 ,
3499 1332 3608 1388 quo
3644 1319 3809 1390 pretio

2241 1422 2342 1462 nos
2399 1409 2648 1466 redemit.
2715 1409 2786 1466 Ut
2827 1417 3012 1466 autem
3043 1410 3201 1466 daret
3237 1425 3340 1480 pro
3379 1409 3534 1466 nobis
3579 1411 3807 1482 pretium

2242 1500 2535 1557 cruciﬁxus
2569 1510 2679 1570 est;
2711 1512 2772 1558 ut
2803 1502 3214 1574 cruciﬁgeretur
3237 1509 3580 1572 contemptus
3611 1512 3727 1570 est;
3758 1513 3811 1560 ut

2242 1601 2702 1660 contemneretur,
2741 1594 2962 1649 humilis
3005 1594 3279 1664 apparuit.
3341 1593 3494 1649 Unde
3530 1593 3808 1664 Apostolus

2245 1686 2297 1740 in
2320 1686 2559 1756 Epistola
2601 1687 2669 1742 ad
2706 1687 3117 1757 Philippenses:
3148 1685 3466 1744 Humiliasit
3488 1689 3810 1759 semetipsum

2243 1779 2417 1848 factus
2436 1778 2679 1834 obediens
2708 1795 2874 1851 usque
2892 1779 2962 1832 ad
2986 1788 3206 1834 mortem
3222 1819 3238 1846 ,
3263 1787 3481 1834 mortem
3507 1790 3685 1835 autem
3705 1797 3811 1834 cru-

2166 1875 2214 1936 B
2242 1871 2336 1924 cis.
2381 1870 2534 1926 Unde
2581 1869 2917 1942 Augustinus
2945 1870 3172 1927 iu-libro
3215 1870 3513 1939 Quatstion.
3543 1887 3673 1942 cap.
3708 1871 3807 1927 78:

2244 1963 2500 2036 Cruciﬁgi
2534 1979 2666 2036 ergo
2695 1980 2756 2024 se
2781 1965 3048 2036 permisit,
3081 1973 3141 2021 ut
3171 1967 3355 2036 passio
3379 1964 3498 2034 ejus
3533 1965 3810 2036 proﬁceret

2244 2055 2420 2120 nobis,
2458 2062 2518 2109 ut
2553 2055 2681 2111 hinc
2727 2071 2851 2111 cum
2901 2057 3056 2129 signo
3093 2057 3214 2127 ejus
3246 2066 3509 2114 exeutes
3531 2073 3562 2112 a
3587 2059 3809 2113 secunda

2245 2156 2419 2203 morte
2448 2148 2674 2205 minime
2698 2157 3025 2206 teneremur.
3082 2149 3275 2205 lfetuit
3303 2149 3449 2204 enim
3477 2165 3626 2205 mors
3659 2149 3810 2205 etiam

2243 2256 2430 2297 servos
2457 2239 2574 2310 ejus
2617 2258 2648 2297 a
2689 2258 2797 2312 quo
2824 2243 2971 2298 victa
2992 2251 3098 2299 est.
3139 2243 3253 2302 Hoc
3281 2242 3594 2314 triumphali
3629 2241 3810 2298 vexillo

2243 2331 2446 2401 inclyta
2471 2331 2725 2387 bellatrix
2745 2333 3036 2400 sobrietas,
3064 2333 3336 2404 placidam
3368 2335 3629 2389 virtutem
3654 2342 3812 2389 cater-

2242 2437 2367 2478 vam
2397 2424 2596 2480 cederc
2619 2439 2788 2496 seque
2812 2424 2880 2481 de
2905 2426 3022 2480 acie
3046 2426 3361 2481 molientem
3389 2424 3715 2481 subtrahere
3733 2438 3810 2478 re-

2243 2517 2461 2571 vocavit
2485 2517 2541 2572 in
2559 2517 2831 2588 praelium,
2850 2518 2988 2573 etde
3009 2519 3185 2583 hoste,
3202 2518 3499 2574 multorum
3522 2517 3811 2589 deceptrics

2244 2608 2490 2676 luxuria,
2541 2610 2756 2666 facilem
2788 2627 3213 2683 prosperamque
3250 2613 3486 2670 obtinuit
3519 2614 3808 2669 victoriam.

2251 2701 2401 2758 Unde
2433 2703 2766 2758 Prudentius
2811 2704 2866 2761 iu
2892 2703 3033 2759 libro
3053 2705 3146 2776 qui
3175 2704 3609 2778 Psychomachia
3648 2705 3810 2761 titul:-

2246 2802 2337 2850 tur
2363 2796 2592 2867 ﬁgurate
2618 2796 2846 2868 loquens
2880 2797 2994 2853 ait:

2242 2908 2506 2980 Ingemuit
2532 2919 2644 2966 tam
2683 2911 2838 2968 triste
2867 2910 3044 2980 nefas,
3078 2912 3373 2970 fortissima
3401 2913 3599 2983 virtus,

2245 3001 2545 3068 Sobrietas,
2571 3003 2762 3060 dextro
2797 3006 2974 3063 socios
3001 3006 3265 3074 decedere
3286 3023 3481 3080 cornu,

2242 3096 2611 3168 lnvictamque
2645 3115 2866 3156 manum
2911 3103 3186 3172 quondam
3216 3103 3332 3159 sine
3363 3103 3513 3159 caede
3540 3103 3739 3175 perire,

2245 3189 2513 3245 Vexillum
2547 3190 2776 3248 sublime
2805 3194 3006 3260 crucis,
3031 3196 3174 3264 quod
3205 3194 3258 3256 in
3283 3195 3499 3266 agmine
3523 3195 3701 3266 primo

2246 3284 2363 3339 Dux
2390 3283 2531 3339 bona
2559 3284 2892 3355 praetulerat,
2925 3287 3102 3341 deﬁxa
3133 3289 3356 3359 cuspide
3384 3288 3550 3352 sistit,

2240 3360 2620 3448 instauratque
2643 3378 2816 3433 levem
2844 3379 3004 3434 dictis
3034 3380 3378 3436 mordacibus
3404 3380 3568 3448 alam,

2239 3469 2610 3528 Exstimulans
2628 3471 2837 3527 animos
2855 3487 2998 3526 nunc
3017 3472 3256 3542 probris,
3270 3488 3414 3528 nunc
3446 3487 3606 3548 prece
3638 3473 3812 3532 mixta.

2773 3590 2925 3652 Idem
2945 3601 3058 3664 post
3079 3610 3274 3664 pauca.

2242 3703 2324 3760 En
2352 3717 2454 3775 ego
2473 3702 2758 3768 sobrietas,
2783 3703 2828 3759 si
2850 3703 3165 3772 conspirare
3189 3705 3418 3775 paratis.

2241 3793 2428 3850 Pande
2453 3793 2598 3850 viam
2623 3793 2833 3850 cunctis
2862 3793 3177 3860 virtutibus,
3205 3802 3265 3854 ut
3306 3794 3616 3856 malesuada

2242 3883 2534 3950 Luxuries,
2556 3884 2727 3939 multo
2751 3885 2952 3954 stipata
2979 3885 3234 3953 satellite,
3263 3900 3458 3956 pinnas

2240 3977 2374 4034 Cum
2400 3978 2612 4049 legione
2639 3993 2736 4034 sua
2769 3977 2987 4034 Christo
3027 3980 3126 4038 sub
3147 3979 3329 4052 judice
3353 3979 3573 4052 pendat,

2243 4071 2334 4128 Sic
2385 4072 2567 4138 effata,
2591 4087 2808 4128 crucem
2831 4072 3044 4128 Domini
3073 4072 3414 4130 ferventibus
3443 4073 3597 4129 offert

2241 4162 2409 4222 Obvia
2448 4163 2813 4235 quadri-jugis
2839 4163 3046 4235 lignum
3075 4165 3386 4224 venerabib
3410 4165 3468 4224 in
3497 4165 3658 4236 ipsos

2239 4255 2516 4314 lntentans
2540 4255 2755 4312 frenos:
2781 4255 2925 4326 quod
2955 4265 3015 4312 ut
3043 4272 3313 4328 expavere
3349 4257 3562 4318 feroces

2241 4349 2508 4407 Cornibus
2529 4351 2786 4420 oppansis
2806 4359 2862 4406 et
2886 4366 3096 4406 summa
3143 4349 3320 4408 fronte
3345 4368 3664 4421 coruscum,

2240 4441 2476 4497 Vertunt
2501 4441 2834 4511 praacipitem
2863 4457 3008 4498 caeca
3036 4439 3328 4499 formidine
3360 4441 3469 4499 fusi

2239 4533 2345 4590 Per
2383 4543 2657 4606 praerupta
2686 4534 2891 4605 fugam.
2918 4534 3113 4591 Fertur
3139 4537 3394 4606 resupina
3429 4539 3676 4596 reductis

561 4602 873 4700 despicere;
893 4640 948 4687 et
973 4633 1124 4689 asino
1154 4602 1355 4706 vilique
1383 4639 1606 4695 cuilibet
1639 4602 1941 4695 assimilare
1968 4602 2129 4708 ligno,
2160 4602 2216 4664 Β
2241 4602 2615 4696 Νθαυήίάσιυδῖη
2649 4602 2782 4682 lori;
2801 4627 3015 4697 auriga,
3051 4602 3374 4696 comamﬁue
3401 4629 3719 4686 ωθάθηιθω

563 4731 623 4777 ut
650 4723 814 4779 veluti
855 4727 1121 4784 adulando
1163 4738 1220 4785 et
1268 4733 1566 4789 indiscreto
1618 4735 1888 4789 laudando
1933 4734 2137 4790 Christi

560 4817 792 4885 gratiam
817 4819 888 4874 ob
918 4821 1020 4876 hoc
1046 4832 1287 4878 meretur
1317 4841 1469 4880 suam
1504 4826 1888 4895 blasphemans
1922 4834 1977 4881 et
2004 4841 2135 4880 con-

561 4914 810 4964 temnens
851 4924 1098 4977 crucem,
1142 4915 1293 4982 quasi
1322 4915 1385 4969 de
1406 4915 1524 4986 ejus
1545 4915 1704 4969 laude
1732 4923 1786 4968 et
1811 4931 2140 4970 commemo-

557 5000 771 5055 ratione
795 5001 897 5071 ipel
919 5011 1064 5058 esset
1101 5005 1462 5074 ignominiosa
1503 5014 1559 5060 et
1593 5005 1987 5061 contumeliosa
2014 5023 2138 5061 eru-

556 5089 872 5158 bescentia,
922 5095 1016 5148 sed
1062 5095 1152 5163 qui
1185 5096 1287 5151 hoc
1321 5096 1555 5151 aestimat
1598 5096 1719 5166 plus
1770 5098 1817 5152 ei
1869 5098 2134 5168 displicet,

559 5198 725 5254 quam
754 5185 962 5256 placet,
992 5196 1047 5242 et
1088 5191 1260 5260 magis
1294 5190 1454 5245 infert
1485 5190 1738 5259 injuriam
1765 5208 1927 5261 quam
1967 5193 2138 5246 hono-

559 5288 695 5330 rem.
736 5275 889 5332 Unde
931 5276 1269 5350 Gregorius:
1317 5279 1420 5336 Sed
1467 5282 1762 5351 inﬁdelium
1797 5302 1939 5338 mens
1980 5301 2137 5354 grave

558 5364 616 5418 in
643 5364 736 5419 illo
756 5366 1067 5422 scandalum
1087 5369 1297 5439 pertulit
1322 5389 1441 5426 cum
1461 5389 1581 5426 eum
1602 5383 1650 5426 et
1672 5383 1785 5443 post
1808 5384 1878 5428 tot
1900 5375 2134 5427 miracu-

560 5451 614 5508 la
635 5455 938 5511 morientem
978 5459 1123 5515 vidit.
1198 5461 1348 5517 Unde
1373 5473 1428 5518 et
1459 5463 1658 5518 Paulus
1686 5465 1818 5519 dicit
1845 5484 1857 5518 :
1893 5465 2009 5520 Nos
2044 5483 2138 5519 au-

561 5553 663 5598 tem
703 5549 1053 5618 pradicantus
1094 5552 1362 5610 Christum
1404 5557 1716 5626 cruciﬁxum
1742 5599 1757 5623 ,
1801 5557 2007 5613 ludatis
2028 5563 2138 5631 qui-

559 5635 677 5696 dem
715 5644 1054 5710 scandalum,
1097 5648 1337 5716 gentibus
1363 5659 1538 5706 autem
1559 5651 1860 5706 stultitiam.
1901 5652 2136 5710 Stultum

559 5733 757 5805 quippe
786 5735 1097 5794 hominibus
1137 5738 1312 5796 visum
1336 5749 1454 5808 est,
1503 5749 1564 5797 ut
1591 5759 1689 5814 pro
1709 5743 2020 5802 hominibus
2042 5761 2138 5802 au-

560 5831 676 5880 ctor
703 5825 830 5882 vita:
858 5835 1180 5897 moreretur,
1202 5837 1257 5886 et
1281 5830 1406 5890 inde
1431 5840 1620 5892 contra
1643 5849 1768 5894 eum
1798 5836 1959 5895 homo
1982 5851 2138 5895 scan-

2241 4717 2470 4773 Pulvere
2507 4717 2776 4783 foedatur;
2832 4726 2963 4774 tunc
3008 4727 3063 4774 et
3109 4719 3320 4787 vertigo
3342 4727 3586 4775 rotarum

2239 4806 2505 4875 lmplicat,
2532 4817 2760 4863 excusat
2795 4808 3104 4873 dominam;
3131 4823 3258 4864 nam
3294 4824 3467 4877 prona
3493 4811 3597 4867 sub
3621 4825 3779 4866 axem

2242 4895 2483 4962 Labitur,
2522 4905 2579 4953 et
2600 4898 2780 4956 lacero
2807 4899 2987 4955 tardat
3019 4897 3325 4956 sufﬂamine
3360 4915 3607 4958 currum.

2314 5007 2390 5061 De
2411 5022 2518 5076 quo
2543 5008 2709 5062 etiam
2733 5007 3127 5079 gloriosissimo
3159 5018 3214 5064 et
3243 5011 3640 5067 sublimissimo
3662 5025 3817 5066 vene-

2239 5099 2426 5153 randa:
2459 5106 2514 5153 et
2538 5097 2776 5154 colendae
2801 5101 2979 5155 crucis
3005 5100 3182 5172 signo,
3239 5103 3399 5157 simul
3425 5118 3551 5158 cum
3585 5101 3824 5173 reliquiis

2239 5198 2555 5244 sanctorum
2597 5193 3090 5259 reverendissimis,
3139 5193 3401 5250 Paulinus
3445 5194 3515 5249 ad
3564 5195 3824 5250 Severum

2240 5283 2486 5338 scribens
2507 5284 2584 5337 ait
2608 5301 2619 5337 :
2654 5303 2671 5336 ‹
2693 5284 2886 5339 Frater
2914 5286 3122 5352 Victor,
3141 5287 3286 5342 inter
3307 5287 3443 5344 alias
3456 5303 3688 5358 operum
3713 5295 3825 5340 tuo-

2240 5389 2362 5430 rum
2395 5385 2452 5430 et
2476 5383 2725 5431 votorum
2764 5379 3127 5444 narrationes,
3179 5380 3364 5435 retulit
3414 5381 3574 5436 nobis
3611 5381 3827 5436 deside-

2245 5482 2373 5525 rare
2392 5476 2444 5522 te
2466 5467 2534 5522 ad
2555 5467 2835 5524 basilicam
2862 5485 3024 5541 quam
3061 5472 3222 5526 modo
3249 5472 3394 5540 apud
3417 5471 3683 5526 Primoliu
3707 5482 3827 5526 cum

2242 5567 2486 5616 nostram
2515 5560 2777 5631 majorem
2801 5563 2984 5630 priore
3016 5564 3345 5629 condideris,
3401 5565 3469 5620 de
3497 5565 3678 5620 sacris
3706 5578 3829 5618 sano

2243 5661 2454 5708 ctorum
2491 5654 2736 5724 reliquiis
2760 5655 3223 5724 benedictionem,
3263 5673 3372 5727 qua
3403 5659 3710 5713 adornetur
3738 5656 3829 5710 do-

2242 5747 2468 5802 mestica
2506 5755 2596 5802 tua
2625 5748 2874 5812 ecclesia,
2928 5755 2988 5803 ut
3016 5749 3124 5805 ﬁde
3155 5757 3212 5804 et
3257 5751 3432 5821 gratia
3464 5759 3555 5805 tua
3597 5751 3830 5822 dignum

2243 5851 2325 5895 est
2358 5854 2371 5893 :
2399 5840 2576 5902 Testis
2602 5850 2686 5898 est
2725 5850 2906 5900 autem
2933 5842 3200 5903 Dominus
3245 5843 3389 5916 quod
3418 5843 3464 5901 si
3489 5841 3572 5903 vel
3593 5854 3833 5916 scrupi-
