4006 6494
247 415 339 474 495
1204 401 1330 462 LIB.
1373 406 1743 464 ADVERSUS
1781 406 2136 466 CLAUDIUM
2175 406 2452 464 TAURIN.

3362 416 3466 474 ωδ

247 527 345 584 lum
371 520 504 579 sacri
553 520 752 576 cineris
790 519 1190 585 habuissemus,
1251 535 1413 590 supra
1432 537 1596 592 quam
1639 521 1796 577 nobis
1822 519 2028 589 Aligni
2053 527 2276 592 tactum,
2328 531 2504 577 morte
2541 523 2788 594 profuga,
2850 526 3008 581 funus
3050 543 3362 594 excussum,
3418 539 3473 584 et

245 619 306 674 ad
328 616 594 680 basilicam
633 630 753 686 quae
777 614 1022 684 proxime
1051 613 1104 669 in
1158 613 1376 670 nomine
1406 615 1622 670 Domini
1670 631 1799 671 con-

248 708 582 770 summabitur
611 707 982 772 dedicandam,
1022 705 1389 762 necessarium
1435 707 1561 772 erit,
1622 708 1798 764 misis-

244 817 410 859 semus
445 799 782 854 unanimitati
817 807 938 853 tum.
972 797 1076 852 Sed
1097 800 1226 868 quia
1250 815 1356 852 non
1382 800 1672 855 habuimus
1698 802 1798 855 hu-

238 894 320 966 jus
367 893 601 948 muneris
631 891 861 961 copiam,
910 900 965 948 et
995 891 1086 946 ille
1109 908 1166 947 se
1207 907 1356 960 spem
1386 891 1627 960 ejusdem
1678 910 1799 965 gra-

245 991 324 1044 tiae
351 985 618 1057 copiosam
644 985 844 1042 habere
868 985 1023 1052 dixit,
1066 1000 1096 1037 a
1125 994 1314 1040 sancta
1362 984 1529 1039 Silvia
1561 1001 1678 1055 quae
1721 986 1799 1040 illi

235 1055 300 1136 de
332 1055 617 1133 multorum
638 1093 705 1132 ex
755 1075 972 1144 Oriente
1023 1085 1320 1147 martyrum
1380 1076 1624 1147 reliquiis
1677 1092 1800 1147 spo-

236 1172 502 1242 pondisset
539 1170 820 1226 inveniunt
841 1171 984 1240 quod
1010 1170 1188 1241 digne,
1225 1178 1279 1224 et
1319 1170 1386 1226 ad
1411 1169 1646 1225 basilicae
1677 1186 1799 1224 san-

234 1263 604 1319 ctificationem
629 1262 778 1317 vobis
820 1270 874 1317 et
901 1262 968 1316 ad
989 1271 1299 1318 sanctorum
1328 1263 1573 1318 cinerum
1613 1277 1801 1317 cumu-

233 1353 435 1408 landam
491 1353 919 1411 benedictionem
964 1354 1308 1410 mitteremus
1356 1362 1567 1424 partem
1633 1355 1800 1425 parti-

230 1445 354 1499 cula:
379 1445 442 1500 de
463 1444 608 1515 ligno
639 1445 833 1501 divinae
865 1446 1062 1509 crucis,
1097 1446 1241 1516 quod
1274 1446 1431 1502 nobis
1476 1448 1679 1502 bonum
1706 1446 1800 1501 be-

231 1534 434 1590 nedicta
487 1535 719 1592 Melania
751 1536 821 1591 ad
863 1534 1166 1592 Jerusalem
1210 1552 1434 1594 munere
1467 1537 1639 1596 sancti
1679 1537 1801 1592 inde

226 1627 455 1698 episcopi
495 1627 725 1684 Joannis
775 1628 978 1686 attulit.
1028 1627 1272 1702 Accipite
1304 1644 1433 1702 ergo
1458 1644 1713 1701 magnum
1745 1629 1800 1683 in

225 1718 430 1774 modico
477 1735 674 1775 munus
705 1728 761 1778 et
789 1720 843 1776 in
878 1727 1158 1790 segmento
1195 1735 1336 1790 pene
1382 1728 1565 1776 atomo
1613 1720 1801 1776 astulae

219 1809 395 1866 brevis
420 1811 622 1866 sumite
633 1813 1026 1868 munimentum
1044 1812 1325 1883 prmsentis
1352 1820 1404 1876 et
1431 1813 1622 1883 pignus
1642 1820 1800 1868 aeter-

1904 627 2100 682 corpus
2141 622 2378 672 erectum
2419 625 2516 680 est,
2575 618 3013 690 tremefactisque
3037 621 3339 678 viventibus
3363 633 3472 678 ste-

1900 702 1965 756 tit
1991 712 2326 770 mortuus,et
2347 706 2663 763 funebribus
2695 717 2756 763 ut
2786 709 3030 764 Lazarus
3055 712 3327 781 quondam
3360 713 3477 768 vin-

1901 794 2034 848 culis
2071 797 2353 866 expeditus
2385 798 2526 854 illico
2548 800 2689 857 inter
2745 809 3079 871 spectatores
3117 818 3244 857 suos
3281 801 3478 856 redivi-

1900 899 2000 939 vus
2046 885 2287 941 incessit.
2321 889 2461 960 Ergo
2491 906 2621 944 crux
2653 890 2866 947 Domini
2891 902 2969 947 tot
3008 900 3195 963 operta
3223 893 3476 947 aetatibus

1901 985 1955 1030 et
1998 993 2028 1031 a
2057 977 2255 1035 Iudaeis
2282 981 2336 1035 in
2362 991 2602 1054 tempore
2631 985 2898 1054 passionis
2920 983 3255 1049 abscondita,
3299 1000 3475 1054 neque

1902 1069 2152 1137 gentibus
2204 1071 2256 1124 in
2314 1074 2674 1152 aedificatione
2701 1075 2811 1130 fani
2841 1083 3043 1131 terram
3072 1077 3188 1132 sine
3214 1075 3378 1132 dubio
3407 1077 3475 1131 ad

1901 1161 2364 1231 ipsam-fabricam
2390 1167 2734 1236 egerentibus
2763 1169 2998 1224 revelata
3030 1179 3130 1225 est.
3175 1169 3365 1225 Nonne
3392 1171 3474 1225 di-

1901 1252 2026 1306 vina
2057 1269 2223 1307 manu
2259 1253 2436 1322 latuit,
2491 1266 2551 1312 ut
2601 1275 2744 1314 nunc
2799 1260 3149 1326 inveniretur,
3190 1277 3312 1316 cum
3349 1262 3478 1318 reli—

1901 1343 2050 1413 giose
2075 1353 2430 1414 qumreretur,
2460 1347 2535 1400 ita
2585 1357 2643 1401 ut
2671 1365 2888 1404 crucem
2916 1350 3116 1407 Christi
3146 1351 3343 1406 decuit.
3373 1351 3479 1406 Ex-

1900 1435 2202 1505 perimento
2254 1440 2670 1496 resurrectionis
2726 1442 2945 1498 inventa
2988 1453 3043 1499 et
3091 1446 3314 1516 probata
3344 1460 3475 1499 crux

1902 1525 2105 1581 Christi
2157 1536 2258 1594 est,
2293 1529 2561 1601 dignoque
2584 1546 2709 1585 mox
2737 1533 2944 1588 ambitu
2971 1542 3318 1590 consecratur
3351 1551 3482 1591 con-

1902 1619 2012 1674 dita
2047 1621 2102 1674 in
2126 1623 2393 1691 passionis
2415 1624 2535 1678 loco
2555 1623 2801 1690 basilica,
2854 1642 2975 1698 quae
3016 1627 3223 1684 auratis
3255 1642 3480 1683 corusca

1901 1711 2248 1782 laquearibus
2293 1724 2347 1769 et
2385 1717 2566 1772 aureis
2587 1717 2737 1773 dives
2781 1718 3062 1785 altaribus,
3107 1735 3306 1775 arcano
3328 1735 3482 1790 repo-

1903 1803 2064 1858 sitam
2102 1805 2344 1859 sacrario
2392 1823 2610 1862 crucem
2646 1816 2849 1863 servat.
2881 1809 3052 1875 Quam
3083 1811 3367 1880 episcopus
3390 1826 3482 1864 ur-

219 1915 296 1954 na:
332 1900 550 1956 salutis.
612 1900 732 1957 Non
763 1882 1080 1974 angustetur
1103 1903 1234 1958 iides
1272 1882 1454 1958 vestra
1489 1882 1798 1960 carnalibus

1905 1892 1988 1948 bis
2016 1892 2131 1962 ejus
2156 1897 2467 1965 quotannis,
2509 1911 2631 1950 cum
2684 1897 2892 1952 Pascha
2921 1900 3131 1953 Domini
3170 1901 3367 1970 agitur,
3389 1901 3484 1954 ad-

215 1989 384 2046 oculis
430 2006 606 2061 parva
628 1992 993 2059 cernentibus,
1024 1993 1120 2048 sed
1146 1993 1358 2050 interna
1391 1994 1507 2050 acie
1532 2003 1700 2049 totam
1744 1997 1800 2050 in

215 2080 312 2135 hoc
351 2081 591 2138 minimo
624 2083 732 2138 vim
763 2082 942 2138 crucis
964 2080 1162 2140 videat.
1209 2084 1345 2140 Dum
1374 2084 1557 2139 videre
1588 2101 1684 2140 vos
1713 2102 1802 2142 co-

214 2167 392 2242 gitatis
415 2168 625 2241 lignum
658 2169 786 2226 illud
827 2185 934 2240 quo
960 2173 1106 2228 salus
1136 2182 1343 2239 nostra,
1400 2189 1506 2244 quo
1538 2174 1800 2234 Dominus

211 2260 514 2330 majestatis
563 2260 758 2316 affixus
807 2271 1072 2320 tremente
1104 2267 1301 2322 mundo
1327 2269 1666 2340 pependerit,
1703 2285 1799 2324 ex-

212 2352 420 2409 sultetis
480 2370 608 2410 cum
647 2364 900 2424 tremore,
941 2357 1296 2414 recordemur
1341 2369 1398 2414 et
1441 2369 1627 2430 petras
1666 2362 1802 2418 scis-

212 2460 296 2500 sas
321 2445 388 2500 ad
431 2444 599 2518 hujus
644 2454 922 2517 aspectum
967 2449 1173 2516 crucis,
1223 2458 1278 2506 et
1317 2451 1494 2506 saltim
1543 2468 1800 2508 saxorum

212 2533 558 2590 aemulatione
594 2538 895 2607 praecordia
917 2547 1104 2594 nostra
1135 2539 1406 2596 fmdamus
1432 2544 1623 2598 timore
1665 2545 1801 2599 divi-

209 2639 295 2680 no.
343 2625 684 2698 Reputemus
709 2635 763 2684 et
789 2627 969 2682 velum
1000 2629 1187 2701 templi
1241 2631 1431 2688 eodem
1462 2632 1640 2688 crucis
1680 2649 1798 2706 my-

211 2715 371 2770 sterio
415 2717 677 2785 scissum,
705 2729 758 2774 et
786 2717 1153 2792 intelligamus
1183 2719 1327 2779 illius
1370 2724 1473 2779 veli
1504 2725 1800 2780 scissuram

209 2820 273 2863 eo
300 2806 476 2864 fuisse
529 2819 872 2881 praetentam,
919 2819 977 2868 ut
1015 2813 1296 2871 audientes
1324 2832 1512 2873 vocem
1549 2817 1795 2885 Domini,

210 2903 264 2952 et
313 2897 646 2972 mysterium
701 2902 918 2972 pietatis
965 2905 1262 2973 immensae,
1317 2923 1422 2962 non
1472 2908 1800 2967 obduremus

209 2990 370 3046 corda
423 2998 644 3059 nostra,
697 2993 790 3048 sed
815 3007 845 3048 a
870 2994 1178 3052 carnalibus
1207 2997 1534 3067 1dividamur
1557 3007 1613 3055 et
1648 3003 1793 3056 scin-

208 3079 400 3138 damus
473 3083 812 3140 infidelitatis
870 3086 1157 3155 velamen,
1215 3098 1277 3145 ut
1322 3093 1562 3148 revelata
1615 3095 1798 3151 cordis

203 3169 343 3228 facie
395 3174 726 3231 salutarium
762 3175 976 3234 Domini
1011 3195 1296 3238 munerum
1327 3192 1670 3241 sacramenta
1713 3185 1798 3242 vi-

206 3263 458 3322 deamus.

271 3356 397 3415 Non
431 3370 616 3416 autem
646 3361 798 3420 vobis
840 3373 895 3420 et
927 3367 1032 3423 hoc
1061 3369 1374 3438 scribimus,
1417 3379 1477 3426 ut
1514 3373 1799 3428 imitemini

200 3454 668 3523 compositionem
691 3455 869 3526 istam,
899 3475 1002 3530 qua
1031 3462 1230 3519 tubello
1254 3465 1474 3520 aureolo
1501 3481 1612 3520 rem
1637 3475 1802 3522 tantae

194 3539 610 3602 benedictionis
639 3547 985 3618 inclusimus;
1018 3557 1190 3625 magis
1213 3555 1356 3611 enim
1383 3573 1481 3612 nos
1522 3558 1612 3611 tali
1641 3573 1802 3628 para-

196 3643 252 3687 tu
291 3633 474 3690 fidem
509 3645 750 3692 vestram
776 3640 971 3696 imitati
998 3659 1206 3712 sumus,
1230 3655 1290 3701 ut
1318 3656 1557 3702 vestram
1591 3649 1798 3704 formu-

187 3723 304 3779 lam
363 3724 718 3784 mitteremus
774 3731 827 3785 in
877 3735 1059 3803 specie
1098 3737 1239 3802 auri,
1304 3740 1432 3808 quia
1470 3740 1671 3796 scimus
1702 3757 1800 3797 vos

188 3825 250 3871 ut
276 3831 500 3871 aurum
528 3817 778 3890 ignitum,
838 3822 980 3879 intra
1024 3842 1118 3882 vos
1167 3829 1367 3884 habere
1414 3848 1640 3903 regnum
1681 3833 1799 3902 Dei,

191 3910 300 3966 hoc
328 3917 425 3966 est
502 3910 663 3968 ﬁdem
689 3916 867 3973 crucis
897 3934 999 3987 qua
1051 3936 1273 3992 regnum
1303 3923 1563 3979 calorum
1595 3926 1801 3982 invadi.

193 4013 306 4058 tur.
342 4025 364 4057 ι
396 4003 556 4060 Idem
593 4014 718 4075 post
773 4025 945 4080 pauca
985 4030 998 4066 :
1039 4031 1056 4063 ‹
1097 4012 1202 4068 Sed
1243 4015 1295 4069 in
1342 4016 1572 4072 historia
1621 4019 1798 4076 crucis

198 4097 440 4168 accipite
464 4111 723 4167 magnum
772 4109 826 4154 et
852 4117 978 4157 vere
1008 4104 1244 4159 divinum
1273 4107 1613 4164 miraculum.
1644 4110 1801 4183 Regi—

195 4200 264 4239 na
295 4184 394 4240 illa
433 4188 792 4255 venerabilis,
815 4200 874 4244 ut
912 4191 1529 4269 venitliierosolymam,
1573 4203 1798 4273 diligen-

197 4285 281 4331 ter
316 4287 374 4333 et
424 4279 522 4349 pie
576 4278 679 4334 loci
717 4281 882 4348 illius,
946 4293 998 4338 et
1031 4287 1177 4342 circa
1211 4292 1451 4346 omnium
1493 4295 1798 4351 divinorum

195 4371 419 4424 curiosa
466 4370 785 4443 insignium,
825 4383 879 4429 et
917 4373 1089 4432 oculis
1123 4379 1342 4435 haurire
1369 4385 1607 4453 gestiens
1636 4388 1797 4443 fidem

195 4475 359 4530 quam
391 4462 509 4533 piis
564 4464 786 4520 auribus
823 4467 1130 4540 litterisque
1179 4483 1518 4543 perceperat,
1578 4494 1794 4535 crucem

195 4551 420 4610 Domini
482 4559 883 4618 studiosissime
918 4564 1195 4636 inquirere
1235 4569 1430 4628 adorsa
1460 4583 1561 4627 est.
1600 4594 1618 4626 ι
1663 4575 1794 4630 item

194 4641 246 4696 in
288 4646 663 4714 sequentibus
695 4667 708 4701 :
752 4667 770 4700 ί
801 4651 907 4706 Sed
940 4668 1060 4707 cum
1103 4664 1214 4711 tres
1237 4661 1438 4727 pariter
1477 4678 1689 4731 cruces,
1739 4676 1797 4721 ut

192 4737 478 4802 quondam
527 4736 650 4793 fixa:
673 4739 904 4798 Domino
949 4753 1002 4798 et
1034 4745 1336 4807 latronibus
1364 4761 1645 4822 steterant,
1707 4775 1794 4814 re-

191 4842 362 4897 pertae
417 4833 680 4899 fuissent,
713 4840 998 4907 gratulatio
1045 4852 1379 4911 repertarum
1421 4851 1584 4918 coepit
1633 4853 1792 4906 anxia

190 4918 550 4981 dubitatione
582 4925 856 4994 confundi,
898 4929 1046 5000 justo
1096 4935 1306 5004 piorum
1350 4948 1517 5003 metu,
1552 4956 1620 4994 ne
1641 4942 1796 4997 forsi-

192 5018 281 5066 tan
313 5021 415 5069 aut
465 5033 572 5087 pro
605 5033 766 5072 cruce
789 5017 1002 5075 Domini
1036 5024 1333 5093 patibulum
1372 5027 1597 5084 latronis
1631 5031 1792 5102 elige-

188 5117 332 5175 rent,
382 5120 490 5165 aut
539 5111 780 5169 salutare
826 5115 1029 5185 lignum
1065 5133 1164 5189 pro
1201 5123 1383 5193 stipite
1414 5124 1643 5182 latronis
1666 5129 1798 5200 abji-

189 5195 388 5255 ciendo
421 5198 723 5256 violarent.
759 5203 1016 5275 Respexit
1046 5209 1164 5277 pias
1193 5211 1423 5268 fideliter
1449 5195 1794 5274 :estuantium

188 5305 354 5347 curas
382 5293 681 5360 Dominus,
707 5304 761 5350 et
794 5297 896 5367 ipsi
924 5300 1266 5368 potissimum
1292 5321 1410 5375 quae
1443 5315 1548 5361 tam
1573 5309 1674 5378 pia:
1695 5312 1796 5365 sol-

185 5379 509 5440 licitudinis
547 5385 798 5458 princeps
840 5395 981 5456 erat,
1032 5389 1189 5458 hujus
1237 5396 1444 5451 consilii
1482 5397 1660 5455 lumen
1713 5401 1794 5454 in-

187 5467 351 5540 fudit,
415 5483 486 5530 ut
516 5475 752 5546 aliquem
775 5494 967 5534 recens
996 5492 1264 5536 mortuum
1309 5488 1474 5555 quaeri
1516 5498 1569 5544 et
1601 5490 1790 5546 inferri

1902 1986 2162 2039 orandam
2196 1983 2391 2055 populo
2424 1986 2678 2057 princeps
2707 1987 2820 2057 ipse
2849 1988 3225 2042 venerantium
3248 1989 3482 2059 promit;

1902 2092 2078 2146 neque
2127 2086 2326 2148 przeter
2348 2078 2487 2133 hanc
2514 2079 2655 2134 diem
2699 2095 2806 2149 qua
2850 2081 3029 2135 crucis
3060 2079 3229 2150 ipsius
3273 2089 3478 2153 myste-

1902 2169 2045 2222 rium
2105 2169 2434 2238 celebratur,
2483 2173 2618 2242 ipsa,
2663 2188 2781 2242 qua:
2812 2181 3279 2229 sacramentorum
3318 2189 3484 2230 causa

1902 2270 2006 2325 est,
2040 2260 2193 2329 quasi
2222 2263 2489 2331 quoddam
2522 2277 2692 2318 sacra:
2722 2263 3083 2319 solemnitatis
3119 2265 3331 2336 insigne
3357 2279 3485 2333 pro-

1903 2350 2118 2404 fertur:
2153 2352 2263 2406 nisi
2308 2352 2579 2407 interdum
2634 2353 3030 2424 religiosissimi
3078 2354 3352 2425 postulent
3391 2353 3484 2424 qui

1906 2451 2118 2496 tantum
2170 2457 2332 2497 causa
2386 2443 2478 2497 illo
2524 2444 2980 2514 peregrinationis
3035 2444 3374 2509 advenerint,
3423 2450 3483 2497 ut

1905 2533 2009 2588 sibi
2039 2533 2155 2604 ejus
2185 2533 2443 2588 revelatio
2492 2535 2645 2604 quasi
2692 2535 2746 2589 in
2777 2536 3007 2606 pretium
3038 2537 3344 2607 longinquae
3391 2550 3484 2606 pe-

1905 2625 2288 2694 regrinationis
2315 2623 2608 2692 deferatur,
2640 2628 2784 2696 quod
2819 2628 2935 2682 solo
2959 2627 3194 2697 episcopi
3220 2627 3484 2682 beneﬁcio

1903 2717 2138 2772 obtineri
2174 2716 2373 2781 ferunt,
2426 2719 2581 2788 cujus
2610 2726 2666 2773 et
2691 2727 2900 2776 tantum
2924 2735 3144 2774 munere
3198 2720 3264 2774 de
3294 2721 3478 2774 eadem

1905 2825 2066 2865 cruce
2081 2809 2194 2866 haec
2210 2809 2416 2884 minuta
2439 2813 2579 2866 sacri
2602 2809 2733 2883 ligni
2758 2813 2826 2868 ad
2848 2829 3101 2884 magnam
3115 2811 3239 2868 fidei
3252 2821 3308 2868 et
3328 2813 3483 2868 benev

1905 2906 2159 2962 dictionis
2181 2908 2409 2978 gratiam
2433 2907 2622 2961 haberi
2648 2907 2824 2962 datur.

1975 2999 2104 3067 Quae
2133 2997 2349 3068 quidem
2383 3014 2516 3054 crux
2546 2999 2600 3053 in
2643 2999 2871 3054 materia
2908 2999 3180 3055 insensata
3227 3000 3339 3056 vim
3399 2999 3484 3054 vi-

1903 3109 2028 3148 vam
2068 3100 2278 3159 tenens,
2328 3093 2405 3147 ita
2463 3109 2528 3147 ex
2566 3092 2657 3148 illo
2711 3101 2953 3162 tempore
3013 3093 3310 3150 innumeris
3344 3107 3486 3164 pene

1907 3187 2148 3256 quotidie
2196 3185 2475 3241 hominum
2527 3185 2668 3241 votis
2722 3185 2924 3258 lignum
2975 3202 3130 3242 suum
3173 3189 3484 3244 commodat

1906 3288 1965 3333 ut
1989 3278 2310 3335 detrimenta
2362 3294 2470 3334 non
2499 3279 2719 3346 sentiat,
2760 3283 2813 3334 et
2862 3280 3017 3350 quasi
3049 3280 3249 3336 intacta
3272 3296 3486 3351 perma-

1907 3377 2054 3436 neat,
2102 3369 2344 3439 quotidie
2386 3370 2605 3426 dividna
2653 3371 3014 3438 sumentibus,
3076 3382 3133 3428 et
3169 3386 3383 3443 semper
3409 3382 3488 3430 to-

1909 3467 2019 3514 tam
2086 3465 2506 3528 venerantibus;
2558 3466 2653 3521 sed
2705 3467 2810 3522 ista
2858 3466 3248 3537 imputribilem
3315 3468 3486 3522 virtu-

1911 3560 2019 3608 tem
2057 3563 2112 3608 et
2163 3556 2529 3613 indetribilem
2557 3559 2908 3625 soliditatem,
2939 3560 3006 3615 de
3055 3560 3197 3616 illius
3240 3560 3486 3632 profecto

1904 3645 2086 3700 carnis
2124 3647 2385 3715 sanguine
2411 3647 2571 3717 bibit,
2622 3663 2746 3722 quae
2775 3665 2938 3722 passa
2960 3661 3193 3709 mortem
3214 3667 3324 3712 non
3348 3654 3484 3711 vidit

1906 3736 2330 3805 corruptionem.

1911 3903 1915 3908 ι
1975 3826 2119 3882 Idem
2150 3827 2425 3886 Paulinus.

1908 3938 2047 3997 Hinc
2068 3942 2252 3999 titulus
2292 3945 2495 4002 indicat
2548 3948 2785 4021 deposita
2819 3951 2914 4008 sub
2939 3953 3098 4010 altari
3132 3965 3317 4012 sancta
3355 3975 3480 4015 san-

2616 4031 2836 4079 clarum.

1904 4123 2003 4180 Hic
2030 4127 2224 4196 pietas,
2266 4129 2356 4186 hic
2378 4131 2520 4188 alma
2546 4135 2698 4205 fides,
2729 4139 2818 4194 hic
2847 4140 3013 4212 gloria
3036 4139 3237 4197 Christi
3273 4162 3285 4196 :

1977 4217 2078 4273 Hic
2124 4229 2208 4274 est
2236 4226 2567 4295 martyribus
2595 4244 2729 4284 crux
2779 4232 2983 4284 soeiata
3020 4233 3150 4286 suis.

1904 4307 2040 4362 Nam
2071 4313 2249 4366 crucis
2294 4313 2490 4385 eiigno
2535 4332 2790 4387 magnum
2834 4319 3018 4374 brevis
3064 4323 3234 4378 astula
3262 4324 3478 4398 pignus,

1976 4399 2220 4470 Totaque
2247 4404 2300 4458 in
2327 4406 2524 4479 exiguo
2551 4410 2792 4480 segmine
2815 4411 2897 4467 vis
2932 4415 3109 4470 crucis
3140 4425 3239 4472 est.

1903 4490 2018 4547 Hoc
2045 4491 2242 4549 Melani
2273 4505 2463 4552 sancto
2493 4499 2729 4556 delatum
2760 4520 2984 4560 munere
3010 4505 3198 4562 Nolam

1977 4586 2259 4644 Summum
2288 4590 2674 4666 Hierosolyma:
2719 4599 2863 4654 venit
2911 4599 2978 4673 ab
3001 4599 3134 4656 urbe
3163 4603 3381 4660 bonum.

1904 4680 2104 4736 Sancta
2134 4682 2242 4738 Deo
2296 4687 2572 4756 geminum
2621 4689 2802 4746 velant
2823 4689 3013 4746 altaria
3052 4692 3312 4752 honorem

1969 4772 2102 4826 Cum
2127 4789 2290 4829 cruce
2349 4778 2674 4848 apostolicos
2701 4797 2821 4850 quae.
2846 4784 3057 4838 sociant
3095 4786 3328 4852 cineres,

1899 4862 2071 4927 Quam
2117 4864 2571 4940 benejunguntur
2601 4871 2746 4940 ligno
2781 4875 2961 4928 crucis
2987 4892 3109 4930 ossa
3139 4879 3370 4948 piorum,

1962 4954 2068 5009 Pro
2093 4971 2252 5011 cruce
2296 4967 2354 5012 ut
2387 4961 2582 5014 occisis
2612 4962 2666 5015 in
2691 4979 2852 5020 cruce
2903 4967 2973 5022 sit
3020 4971 3258 5041 requies.

1904 5088 2056 5144 Idem
2084 5092 2148 5145 de
2167 5094 2317 5163 signa
2343 5095 2554 5175 Domini
2584 5116 2738 5168 super
2755 5105 3046 5178 ingressum
3067 5108 3204 5178 picto
3241 5109 3339 5160 hac
3365 5124 3478 5176 ape-

2322 5182 2397 5220 cze
2435 5183 2538 5238 qua
2579 5187 2752 5228 versus
2793 5177 3047 5232 indicant.

1904 5271 2082 5328 Cerne
2109 5284 2422 5333 coronatam
2447 5280 2658 5338 Domini
2689 5303 2851 5356 super
2875 5290 3014 5344 atria
3048 5289 3248 5346 Christi

1903 5365 2065 5461 §ture
2093 5382 2306 5461 crucem
2359 5371 2494 5431 duro
2523 5377 2873 5446 spondentem
2920 5380 3062 5461 celsa
3088 5382 3262 5438 labori

1901 5455 2132 5513 Praemia
2162 5477 2174 5513 :
2204 5460 2328 5516 tolle
2357 5479 2570 5519 crucem
2617 5467 2710 5536 qui
2741 5469 2822 5522 vis
2853 5455 3066 5525 auferre
3097 5488 3371 5532 coronam.

179 5562 432 5632 inberet
513 5566 628 5625 Nec
672 5587 866 5676 1110111,.
892 5573 1116 5628 verbum
1143 5575 1364 5632 factum.
1400 5580 1644 5638 Cadaver
1679 5584 1793 5642 illa-
1901 5593 2039 5650 Item
2062 5596 2243 5652 dextra
2273 5599 2502 5681 laevaque
2541 5601 2778 5654 crucibus
2823 5603 2986 5658 mim‘o
3024 5611 3330 5681 superpictis
3359 5615 3470 5671 [nec

187 5663 305 5714 tum
339 5669 456 5728 est,
519 5663 825 5733 deponitur,
846 5664 1050 5734 iacenti
1082 5686 1187 5724 una
1217 5672 1282 5726 de
1318 5675 1569 5730 crucibus
1608 5681 1792 5735 admo-

2413 5663 2786 5739 epigrammata
2803 5683 2944 5729 sunt.

183 5758 384 5819 vetur;
421 5750 531 5808 sed
559 5769 749 5810 eorum
776 5756 918 5830 ligna
951 5775 1097 5814 mors
1125 5763 1348 5831 sprevit.
1382 5765 1662 5825 Postremo
1687 5770 1788 5828 Do-
1895 5773 2078 5830 Ardua
2104 5775 2352 5831 ﬂorifero:
2380 5792 2511 5832 crux
2551 5778 2782 5850 cingitur
2804 5785 2935 5842 orbe
2954 5804 3188 5860 coronae,

161 5843 468 5901 "minicam
498 5860 716 5904 crucem
744 5851 944 5921 prodiit
979 5857 1321 5920 resurrectio,
1349 5867 1396 5910 et
1433 5861 1495 5914 ad
1539 5862 1786 5920 salutaris
1973 5871 2037 5925 Et
2079 5871 2292 5928 Domini
2333 5871 2454 5930 fuso
2505 5876 2670 5935 tincta
2694 5895 2885 5942 cruore
2913 5886 3087 5945 rubet.
