4006 6442
524 377 632 474 495

1810 407 2112 465 DUNGALI
2149 404 2442 464 RECLUSl
2502 404 2508 410 ’

3687 407 3812 466 ιθσ

523 529 752 599 Quaque
779 540 947 597 super
973 525 1187 596 signum
1217 523 1460 580 resident
1482 523 1702 578 caeleste
1730 521 1993 579 columbae
2129 525 2185 587 Α
2207 520 2288 577 eis
2312 517 2513 576 Christi
2537 516 2680 574 hanc
2704 516 2942 574 arbitror
2963 528 3119 574 acum
3153 530 3262 588 qua
3295 516 3424 572 vitae
3461 524 3666 574 nostra:
3687 517 3808 576 ha-

596 616 948 689 Simplicibus
987 615 1226 690 produnt
1255 633 1422 689 regna
1445 622 1633 687 patere
1679 612 1794 670 Dei.

1236 708 1393 764 Item.

524 805 640 866 Hac
663 822 823 864 cruce
858 821 958 863 nos
975 801 1177 862 mundo
1199 811 1254 859 et
1275 801 1432 858 nobis
1461 799 1707 858 interﬁce
1751 799 2011 857 mundum

595 902 824 959 lnteritu
837 901 1006 972 culpae
1028 899 1309 955 viviﬁcans
1331 897 1601 962 animam;

525 991 635 1050 Nos
648 1007 862 1062 quoque
873 989 1121 1063 perficies
1141 988 1372 1060 placitas
1396 987 1515 1053 tibi,
1533 985 1771 1053 Christe,
1803 984 2103 1048 columbas,

596 1083 656 1140 Si
691 1083 870 1155 vigeat
894 1081 1043 1154 puris
1084 1095 1210 1152 pars
1241 1086 1331 1134 tua
1358 1078 1688 1150 pectoribus.

737 1173 910 1245 Super
933 1172 1232 1228 medianum
1258 1187 1442 1225 arcum
1473 1170 1528 1223 hi
1556 1186 1735 1224 versus
1761 1177 1901 1224 sunt.

524 1267 598 1326 Ut
645 1267 882 1324 medium
917 1264 1042 1320 valli
1067 1279 1172 1335 pax
1198 1272 1383 1318 nostra
1407 1261 1632 1318 resolvit
1655 1259 1813 1316 Jesus

523 1363 593 1418 Et
625 1376 786 1417 cruce
836 1358 1116 1415 dissidium
1156 1356 1429 1427 perimens
1492 1354 1600 1409 duo
1649 1351 1780 1408 fecit
1818 1352 1872 1406 in
1915 1363 2106 1414 unum,

521 1455 616 1512 Sic
642 1470 782 1512 nova
827 1452 1090 1508 distructo
1118 1450 1322 1505 veteris
1362 1447 1674 1504 discrimine
1696 1446 1829 1501 tecti

522 1551 768 1610 Culmina
807 1547 1171 1620 conSpicimus
1201 1553 1486 1616 portarum
1531 1541 1737 1597 foedere
1757 1539 1934 1612 jungi.

522 1642 722 1698 Sancta
746 1640 930 1696 nitens
957 1637 1172 1692 famulis
1202 1635 1449 1690 interluit
1478 1633 1622 1687 atria
1650 1631 1890 1703 lymphis

521 1735 851 1801 Cantharus,
907 1731 1320 1799 intrantumque
1373 1741 1567 1781 manus
1586 1725 1740 1780 lavat
1761 1738 1920 1778 amne
1947 1719 2107 1777 mini-

1941 1812 2103 1886 [stro.

518 1916 680 1974 Plebs
707 1915 919 1989 gemina
948 1914 1226 1971 Christum
1270 1912 1468 1969 Felicis
1489 1911 1680 1966 adorat
1713 1908 1769 1962 in
1795 1907 1917 1962 aula

519 2011 720 2068 Paulus
771 2009 1070 2080 apostolico
1107 2023 1270 2078 quam
1308 2012 1576 2077 temperat
1603 2017 1699 2058 ore
1720 2003 1997 2058 sacerdos.

705 2101 854 2156 Idem
875 2101 932 2155 in
960 2100 1053 2154 lib.
1077 2115 1172 2154 vm
1202 2099 1266 2152 de
1307 2098 1494 2152 virtute
1522 2103 1719 2150 sancta:
1740 2094 1933 2148 crucis.

518 2195 628 2252 Nos
671 2193 850 2249 crucis
875 2192 1092 2248 invictae
1136 2190 1350 2262 signum
1381 2197 1437 2244 et
1467 2187 1742 2244 confessio
1765 2185 1966 2251 munit,

518 2285 838 2354 Armatique
858 2283 970 2338 Deo
998 2272 1234 2337 mentem
1264 2296 1372 2336 non
1404 2279 1700 2352 quaerimus
1724 2293 1876 2334 arma

517 2374 810 2446 Corporis;
842 2383 897 2429 et
918 2387 1230 2444 quanquam
1253 2372 1517 2427 membris
1538 2371 1822 2426 videamur
1849 2369 2105 2434 inermes,

516 2471 683 2527 Arma
706 2477 886 2525 tamen
921 2467 1160 2540 gerimus
1189 2465 1388 2538 quibus
1417 2472 1475 2519 et
1503 2462 1608 2520 sub
1632 2477 1768 2532 pace
1798 2475 1991 2517 serena

517 2562 723 2621 Contra
751 2561 1104 2633 iucorporeos
1140 2558 1336 2613 animis
1359 2555 1708 2614 decernimus
1731 2555 1938 2610 hostes.

1153 2653 1288 2709 Item
1308 2655 1363 2707 in
1389 2652 1474 2707 l0.

516 2750 800 2808 Currimus
829 2762 961 2821 ergo
988 2747 1094 2803 ﬁde
1121 2754 1329 2800 tantum
1357 2752 1414 2798 et
1439 2757 1603 2813 prece
1636 2739 1881 2812 supplice
1909 2735 2044 2805 nixi,

513 2840 600 2898 Ad
636 2841 816 2898 vicina
841 2839 950 2895 mei
977 2838 1173 2893 Felicis
1225 2836 1437 2902 limina,
1461 2845 1516 2890 et
1541 2835 1668 2890 inde
1713 2831 1728 2846 '

518 2937 838 3007 Contiguam
871 2933 1093 3006 paribus
1131 2931 1274 2986 votis
1306 2929 1643 2986 accurrimus
1684 2927 1889 2996 aulam,

520 3033 696 3102 Atque
719 3029 788 3085 ab
813 3026 1099 3100 apostolici
1122 3025 1325 3082 cineris
1368 3023 1571 3079 virtute
1594 3022 1863 3078 medelam

518 3122 818 3188 Posuimus,
862 3118 1132 3192 impositis
1157 3115 1386 3186 subjecti
1407 3116 1670 3172 altaribus
1689 3130 1808 3171 ora.

518 3217 640 3286 Ipse
685 3215 904 3272 domum
948 3226 1200 3268 remeans
1249 3209 1524 3267 modicum
1567 3209 1660 3264 sed
1683 3207 1892 3281 grande
1942 3203 2105 3263 saluti

2208 611 2355 668 bitus
2375 612 2685 677 innovatur,
2712 625 2860 667 mors
2891 617 3081 666 nostra
3113 609 3514 681 compnngitur.
3575 608 3812 682 Nosque

2208 705 2312 776 ipsi
2335 705 2446 760 Deo
2460 719 2557 775 per
2576 705 2941 760 interventum
2968 703 3138 776 ipsius
3158 702 3475 760 mediatoris
3495 703 3806 760 assuimur.

2209 816 2360 874 Idem
2403 820 2458 874 in
2485 819 2716 875 carmine
2741 819 2828 887 ll,
2867 817 3024 874 laude
3043 827 3240 875 sanctte
3265 817 3436 874 crucis
3469 820 3647 886 ipsum
3665 836 3806 876 cort-

2889 890 2935 943 cl
2943 890 3128 945 udens.

2209 977 2364 1037 Nunc
2390 982 2459 1037 ad
2487 992 2563 1049 te,
2593 981 2902 1040 veneranda
2926 981 3022 1037 Dei
3051 998 3209 1050 crux,
3239 991 3394 1039 verto
3420 982 3672 1054 loquelas

2208 1072 2606 1146 Gratantesque
2648 1084 2739 1131 tua
2789 1075 3108 1131 concludam
3133 1075 3292 1131 laude
3320 1075 3584 1147 profatus.

2209 1165 2254 1222 Ο
2279 1182 2411 1222 crux
2437 1182 2630 1238 magna
2649 1165 2747 1223 Dei
2777 1168 2969 1238 pietas,
3002 1183 3136 1223 crux
3183 1166 3354 1239 gloria
3393 1166 3536 1232 caeli,

2209 1257 2354 1315 Crux
2395 1268 2599 1316 aeterna
2625 1260 2773 1316 salus
2796 1260 3096 1326 hominum,
3127 1275 3262 1316 crux
3291 1268 3470 1315 terror
3507 1259 3718 1330 iniquis

2208 1353 2278 1408 Et
2297 1354 2470 1409 virtus
2495 1352 2683 1424 justis,
2705 1354 2888 1409 lumen
2916 1352 3165 1410 fidelibus
3186 1395 3201 1421 ,
3237 1369 3271 1409 o
3294 1369 3451 1420 crux,

2209 1444 2340 1513 Quae
2366 1447 2527 1502 terris
2548 1448 2603 1502 in
2626 1462 2790 1502 carne
2817 1446 2990 1502 Deum
3018 1446 3226 1502 servire
3249 1445 3435 1512 saluti,

2206 1535 2375 1607 Inque
2405 1536 2517 1592 Deo
2537 1537 2691 1592 coelis
2713 1536 2990 1592 hominem
3020 1549 3252 1606 regnare
3279 1533 3500 1590 dedisti.

2210 1626 2317 1681 Per
2345 1635 2396 1681 te
2427 1625 2516 1682 lux
2552 1627 2730 1698 patuit
2775 1626 2913 1692 veri,
2947 1640 3055 1680 nox
3084 1625 3251 1698 impia
3282 1623 3438 1697 fugit.

2210 1717 2292 1772 Tu
2321 1717 2640 1774 destruxisti
2669 1716 3016 1775 credentibus
3042 1725 3200 1772 emta
3229 1714 3354 1770 fana
3372 1755 3390 1780 ,

2213 1808 2477 1867 Gentibus
2495 1812 2747 1866 humanae
2776 1823 3005 1866 concors
3034 1819 3090 1863 tu
3117 1807 3282 1863 fibula
3319 1805 3504 1877 pacis;

2136 1898 2186 1961 B
2213 1901 2524 1959 Concilians
2551 1902 2828 1959 hominem
2869 1900 3108 1956 medium
3133 1915 3233 1970 per
3257 1897 3464 1953 fmdera
3494 1895 3734 1953 Christi.

2209 1996 2378 2053 Facta
2406 1996 2646 2053 hominis
2667 1995 2866 2066 gradus
2888 2010 2967 2060 es,
2992 2007 3102 2065 quo
3130 1991 3305 2062 possit
3327 1991 3380 2047 in
3405 1990 3613 2047 aethera
3652 1990 3808 2048 ferri.

2209 2090 2343 2147 Esto
2366 2091 2614 2147 columna
2641 2090 2747 2161 piis
2772 2097 2831 2144 tu
2861 2102 3098 2159 semper,
3129 2095 3185 2141 et
3214 2087 3453 2142 anchora
3479 2085 3663 2142 nobis.

2214 2183 2284 2240 Ut
2310 2184 2448 2240 bene
2479 2191 2667 2239 nostra
2691 2183 2887 2239 domus
2937 2187 3173 2244 maneat,
3206 2179 3345 2236 bene
3358 2177 3546 2235 classis
3579 2185 3805 2252 agatur,

2211 2282 2270 2337 In
2301 2298 2464 2339 cruce
2487 2282 2595 2338 ﬁxa
2618 2281 2804 2349 fidem,
2851 2280 2937 2336 vel
2967 2280 3034 2335 de
3054 2293 3216 2336 cruce
3237 2286 3395 2334 nacta
3426 2290 3713 2334 coronam.

2211 2376 2280 2432 Et
2331 2385 2526 2432 caetera
2551 2391 2714 2447 quam
2741 2373 2978 2446 plurima
3007 2388 3128 2444 quae
3151 2373 3217 2428 de
3243 2371 3494 2428 laudibus
3516 2380 3572 2426 et
3598 2386 3812 2442 praeco-

2211 2469 2318 2526 niis
2356 2470 2621 2525 virtutum
2649 2467 2812 2540 hujus
2859 2468 3028 2524 divini
3060 2467 3200 2540 signi
3223 2468 3278 2522 in
3305 2467 3588 2539 scripturis
3622 2468 3812 2540 copio-

2212 2562 2427 2619 sissime
2463 2562 2844 2627 continentur;
2903 2577 3023 2631 quae
3071 2561 3194 2631 quia
3225 2574 3547 2631 percurrere
3568 2559 3801 2632 longum

2211 2664 2266 2712 et
2294 2664 2487 2712 cuncta
2515 2655 2977 2727 comprehendere
3004 2653 3337 2726 impossibile
3360 2663 3464 2721 est,
3514 2655 3568 2709 in
3594 2655 3709 2710 hoc
3732 2654 3809 2710 in-

2212 2747 2373 2802 terim
2419 2747 2662 2802 sinamus
2685 2745 2958 2812 articulo;
3011 2755 3073 2800 ut
3133 2745 3319 2802 statim
3362 2761 3488 2802 cum
3536 2745 3804 2819 sull‘ragio

2210 2849 2266 2897 et
2308 2825 2704 2896 interventione
2733 2838 2952 2912 gloriosi
2993 2838 3257 2910 principis
3279 2837 3685 2910 apostolorum,
3707 2855 3805 2912 pro

2209 2951 2318 3006 quo
2337 2950 2483 2991 nunc
2509 2934 2804 2990 decernere
2831 2933 3147 3000 statuimus,
3175 2933 3244 2989 ad
3271 2933 3490 2989 tertiam
3513 2933 3806 2990 veniamus

2211 3031 2584 3102 quaestionem.
2643 3029 2721 3086 De
2749 3029 2924 3086 tribus
2965 3028 3112 3084 enim
3162 3028 3433 3100 praecipue
3474 3027 3660 3083 causis
3712 3028 3802 3085 ille

2211 3123 2494 3194 impudens
2544 3121 2902 3178 calumniator
2954 3120 3010 3176 in
3039 3128 3150 3189 ;sua
3194 3120 3492 3192 disputavit
3536 3121 3801 3193 epistola,

2212 3217 2318 3271 hoc
2351 3223 2436 3272 est
2477 3214 2656 3286 primo
2686 3214 2753 3270 de
2776 3213 3106 3285 imaginibus
3138 3211 3550 3285 confringendis
3577 3228 3648 3269 ac
3670 3228 3803 3284 pro-

519 3309 599 3365 De
627 3308 808 3365 crucis
826 3315 1044 3364 aeternae
1073 3314 1350 3378 sumptum
1376 3304 1512 3361 mihi
1533 3303 1798 3375 fragmine
1828 3304 2065 3376 lignum;
2135 3270 2180 3336 Ο
2204 3270 2499 3378 jiciendis.‘
2524 3306 2777 3364 Secundo
2804 3307 2872 3363 de
2888 3270 3056 3362 cruce
3077 3322 3190 3363 non
3216 3270 3534 3364 honoranda
3569 3270 3808 3378 amplius

519 3400 718 3460 Promo
773 3408 1076 3472 teneasque
1132 3414 1298 3454 manu
1370 3397 1615 3462 adversis
1669 3396 1861 3468 procul
1916 3395 2107 3465 iugero

1807 3485 2106 3560 .[llammis,

520 3584 594 3646 Ut
637 3586 888 3658 clypeum
911 3585 1154 3642 retinens
1190 3599 1292 3656 pro
1318 3591 1542 3655 pectore
1574 3595 1682 3654 quo
1712 3589 1954 3654 tegerem
1993 3597 2103 3648 me,

519 3676 891 3748 Arceremque
916 3677 1149 3742 hostem,
1173 3675 1377 3732 collato
1399 3673 1634 3729 umbone
1666 3671 1908 3727 relisum.

519 3767 756 3836 Credite,
796 3783 900 3824 nec
922 3768 1118 3824 donate
1159 3766 1318 3832 mihi,
1343 3764 1440 3820 sed
1485 3762 1696 3818 reddite
1717 3763 1940 3820 Christo

521 3859 739 3926 Grates,
772 3868 828 3916 et
846 3859 1023 3929 justas
1051 3859 1176 3914 date
1210 3857 1398 3912 laudes
1427 3853 1817 3924 Omnipotenti.

519 3948 719 4006 Nostra
743 3936 890 4006 salus
914 3950 1118 4006 etenim
1144 3963 1307 4005 cruce
1327 3945 1600 4002 Christi‘et
1619 3945 1839 4003 nomine
1855 3952 2104 4004 constat:

519 4043 649 4101 Inde
671 4044 804 4100 lldes
828 4044 984 4100 nobis
1005 4052 1062 4100 et
1083 4045 1139 4100 in
1161 4043 1267 4100 hoc
1289 4057 1451 4100 cruce
1473 4043 1598 4098 nixa
1620 4041 1825 4114 periclo

518 4135 731 4193 Profuit
751 4144 806 4192 et
828 4143 1072 4193 nostram
1101 4136 1356 4208 cognovit
1380 4135 1598 4191 ﬂamma
1641 4135 1890 4192 salutem.

517 4229 633 4286 Nec
658 4244 780 4286 mea
809 4244 914 4285 vox
943 4237 1037 4285 aut
1058 4230 1250 4286 dextra
1292 4228 1462 4294 illum,
1503 4230 1599 4287 sed
1619 4230 1701 4285 vis
1725 4231 1902 4287 crucis
1926 4230 2106 4305 ignem

517 4327 777 4393 Terruit,
805 4327 970 4398 inque
994 4326 1114 4382 loco
1154 4327 1220 4383 de
1241 4341 1349 4398 quo
1370 4332 1687 4382 surrexerat
1710 4325 1825 4396 ipso

519 4415 593 4473 Ut
635 4415 1100 4486 circumscriptam
1122 4417 1442 4487 praescripto
1485 4416 1657 4472 limite
1687 4417 1959 4470 ﬂammam

523 4508 736 4574 Sidere,
764 4517 819 4564 et
847 4509 1123 4580 exstingui
1157 4508 1379 4565 fremitu
1420 4511 1689 4566 moriente
1708 4509 1906 4580 coegit,

516 4599 588 4657 Et
614 4599 796 4656 cinere
821 4608 1067 4656 exortam
1109 4601 1280 4658 cineri
1320 4616 1564 4658 remeare
1588 4601 1903 4672 procellam.

520 4691 736 4762 Quanta
765 4692 942 4749 crucis
962 4691 1132 4748 virtus
1157 4702 1216 4748 ut
1243 4709 1302 4750 se
1323 4703 1516 4749 natura
1545 4693 1847 4764 relinquat!

519 4785 716 4844 Omnia
743 4783 890 4856 ligna
919 4800 1116 4841 vorans
1138 4785 1283 4857 ligno
1308 4785 1489 4840 crucis
1513 4785 1689 4839 uritur
1716 4785 1876 4856 ignis,

522 4879 688 4935 Multa
725 4894 918 4934 manus
947 4877 1154 4934 crebris
1181 4886 1310 4933 tunc
1338 4877 1427 4932 illa
1452 4877 1704 4933 incendia
1729 4876 1889 4941 vasis,

520 4971 826 5042 Aspergens
863 4970 1028 5041 largis
1070 4970 1320 5039 cupiebat
1370 4967 1592 5024 vincere
1615 4967 1870 5038 lymphis.

520 5063 630 5120 Sed
672 5064 796 5120 licet
843 5063 1124 5119 exhaustis
1143 5070 1430 5132 pensarent
1460 5059 1700 5116 fontibus
1735 5061 1960 5126 imbres,

473 5209 488 5217 -
521 5156 588 5214 Vi
615 5156 818 5226 majore
866 5164 1045 5211 tamen
1074 5155 1230 5210 lassis
1270 5153 1648 5225 spargentibus
1673 5167 1886 5207 omnem

407 5298 432 5315 ,
521 5248 741 5306 Vicerat
769 5250 908 5320 ignis
929 5263 1147 5320 aquam,
1177 5263 1278 5303 nos
1314 5247 1462 5318 ligno
1488 5247 1850 5303 exstinximus
1880 5245 2096 5316 ignem:

523 5338 804 5412 Quamque
825 5355 964 5416 aqua
985 5354 1093 5395 non
1116 5346 1344 5410 poterat,
1368 5338 1500 5392 vicit
1537 5337 1718 5392 brevis
1749 5335 1923 5392 astula
1952 5334 2102 5389 ﬂam-

1909 5431 2098 5504 [mam.

686 5523 835 5580 Idem
859 5526 916 5580 in
945 5524 1179 5596 epistolis
1209 5526 1277 5580 ad
1296 5525 1546 5581 Severum
1581 5522 1647 5576 de
1674 5522 1907 5594 palliolis
1936 5539 1955 5578 :

597 5613 950 5671 Interveniunt
978 5618 1237 5673 orationes
1263 5627 1390 5683 tuae,
1414 5625 1470 5670 ut
1491 5615 1723 5670 animam
1745 5631 1911 5670 meam
1933 5613 2100 5673 multa

525 5709 854 5779 corruptione
880 5709 1185 5777 descissam,
1213 5720 1262 5764 et
1287 5711 1451 5782 spinis
1476 5727 1711 5765 meorum
1733 5726 1989 5766 sensuum
2023 5719 2102 5768 te-

526 5814 674 5855 mere
695 5805 1022 5864 consertam,
1077 5799 1370 5858 Dominicae
1394 5801 1573 5857 crucis
1601 5817 1731 5858 acus
1751 5801 1953 5858 inserto
1976 5817 2099 5868 ver-

525 5889 580 5945 bi
611 5889 860 5946 salutaris
882 5888 973 5948 ﬁlo
1013 5892 1245 5960 sarciat;
1298 5894 1456 5951 ﬁdem
1483 5893 1626 5951 enim
1651 5903 1705 5951 et
1731 5891 1952 5953 verbum
1983 5905 2100 5954 eru~

2208 3417 2374 3473 quam
2397 3401 2582 3457 asinus
2607 3399 2857 3471 quilibet,
2889 3406 2984 3454 aut
3003 3399 3221 3471 spinosa
3243 3399 3432 3455 rubus.
3464 3398 3800 3466 Novissime,

2210 3495 2265 3551 id
2290 3504 2374 3550 est
2401 3495 2564 3550 tertio
2610 3493 2757 3560 loco,
2805 3491 3101 3550 memorias
3127 3501 3438 3549 sanctorum
3463 3501 3521 3548 et
3555 3493 3809 3564 speciali-

2211 3597 2294 3644 ter
2341 3588 2626 3644 ecclesiam
2675 3588 2850 3642 sancti
2896 3586 3044 3642 Petri
3095 3587 3285 3642 orandi
3336 3601 3503 3642 causa
3547 3587 3806 3659 prohibet

2209 3681 2367 3746 adiri,
2417 3681 2604 3736 dicens
2634 3681 2781 3734 hunc
2807 3677 3050 3734 laborem
3069 3693 3272 3732 vanum
3300 3693 3422 3734 esse
3455 3686 3512 3734 et
3547 3677 3798 3734 inutilem

2209 3775 2326 3829 sine
2352 3773 2532 3842 aliquo
2578 3770 2846 3843 profectu,
2888 3784 3196 3840 vocansque
3224 3783 3317 3825 eos
3354 3769 3445 3840 qui
3497 3769 3650 3824 illum
3704 3785 3800 3826 ar-

2210 3866 2414 3936 ripiunt
2438 3879 2632 3930 caecos,
2684 3863 3026 3934 insipientes,
3067 3871 3123 3917 et
3145 3861 3358 3918 stultos.
3383 3860 3800 3918 Affirmatenim

2213 3957 2496 4027 reliquias,
2523 3956 2578 4010 id
2603 3964 2687 4010 est
2709 3970 2831 4011 ossa
2855 3954 3134 4010 hominum
3165 3952 3464 4025 quamlibet
3485 3962 3803 4008 sanctorum

2210 4051 2425 4108 ossibus
2462 4063 2749 4121 pecorum,
2807 4047 2893 4102 vel
2948 4047 3129 4102 verius
3179 4045 3361 4117 lignis,
3418 4055 3473 4100 et
3530 4043 3803 4116 lapidibus

2211 4143 2386 4199 aliave
2410 4141 2664 4213 quapiam
2705 4148 2852 4196 terra
2881 4155 2990 4196 non
3019 4154 3142 4195 esse
3185 4137 3577 4194 reverentiam.
3632 4137 3800 4208 Cujus

2209 4239 2478 4293 haereseos
2513 4233 2810 4290 Eunomius
2858 4233 3069 4303 primus
3105 4231 3319 4286 exstitit
3367 4239 3579 4285 auctor.
3636 4227 3801 4285 Dein-

2209 4332 2278 4387 de
2318 4329 2643 4400 Vigilantius
2670 4326 2830 4382 istius
2857 4324 3067 4379 vicinus
3112 4332 3167 4378 et
3194 4321 3374 4378 affinis
3396 4321 3462 4378 de
3487 4331 3651 4394 gente
3694 4337 3798 4377 na-

2208 4431 2297 4476 tus
2342 4419 2742 4484 Convenarum,
2775 4429 3053 4488 'quosper
3105 4413 3348 4485 Pyrenaei
3385 4413 3517 4486 juga
3559 4413 3786 4469 latroci-

2209 4521 2404 4568 nantes
2425 4512 2615 4567 consul
2647 4510 2955 4582 Pompeius,
2979 4508 3215 4565 edomita
3241 4508 3522 4580 Hispania,
3553 4507 3680 4564 inde
3706 4507 3800 4563 de-

2131 4633 2186 4696 D
2209 4603 2412 4675 posuit,
2443 4612 2499 4660 et
2517 4605 2570 4659 in
2597 4619 2762 4658 unum
2776 4601 3315 4675 congregavit;unde
3342 4609 3399 4655 et
3418 4599 3797 4655 Convenarum

2209 4697 2340 4752 urbs
2377 4711 2576 4752 nomen
2610 4696 2841 4766 accepit.
2871 4694 3071 4750 Contra
3099 4709 3262 4765 quam
3290 4691 3538 4748 haeresim
3573 4701 3797 4747 sanctus

2209 4787 2426 4858 scripsit
2493 4785 2876 4857 Hieronymus,
2902 4794 2957 4840 et.
2983 4784 3286 4840 orthodoxa
3327 4798 3448 4838 eam
3475 4791 3678 4838 sanctae
3701 4797 3798 4837 au—

2207 4880 2462 4938 ctoritate
2497 4879 2789 4950 Scriptum
2843 4877 3077 4949 pleniter
3122 4877 3401 4949 superavit
3441 4885 3500 4931 et
3525 4874 3793 4931 confudit.

2209 4972 2363 5042 Quod
2394 4981 2574 5027 autem
2611 4971 2700 5027 illo
2723 4979 3036 5026 sanctorum
3069 4970 3310 5026 omnium
3343 4967 3599 5023 basilicas
3623 4965 3799 5022 maxi-

2209 5081 2404 5136 meque
2440 5067 2611 5122 sancti
2639 5065 2785 5120 Petri
2817 5066 3008 5121 orandi
3040 5080 3204 5121 causa
3248 5064 3455 5120 visitati
3510 5063 3795 5128 abhorret,

2211 5156 2339 5212 dum
2381 5173 2499 5212 eam
2530 5157 2874 5212 numerosior
2920 5155 3150 5228 populus
3189 5171 3352 5227 quam
3397 5153 3534 5211 alias
3589 5152 3801 5224 appetit

2210 5248 2492 5315 ecclesias,
2523 5259 2746 5321 propter
2779 5248 3157 5305 excellentiam
3189 5250 3396 5305 scilicet
3419 5247 3796 5321 apostolon

2209 5351 2265 5399 et
2307 5343 2782 5398 innumerabilium
2833 5351 3130 5414 martyrum
3180 5343 3380 5399 ibidem
3448 5342 3799 5414 requiescen-

2210 5437 2368 5502 tium,
2429 5436 2645 5490 invidia:
2699 5444 2760 5492 ut
2811 5436 3049 5491 arbitror
3088 5443 3144 5490 et
3189 5435 3502 5506 cupiditatis
3554 5432 3798 5490 stimulis

2209 5529 2440 5600 agitatus
2470 5529 2576 5583 hoc
2617 5529 2768 5594 facit,
2815 5529 2958 5599 quod
3001 5531 3182 5586 votiva
3213 5529 3340 5584 illuc
3367 5528 3602 5600 plurima
3658 5541 3799 5582 con-

2207 5620 2378 5678 ﬂuunt
2406 5621 2648 5678 donaria.
2707 5621 2844 5678 Nam
2874 5623 2920 5678 si
2945 5624 3012 5680 ad
3055 5623 3446 5680 Taurinensem
3502 5621 3797 5678 ecclesiam

2208 5712 2282 5768 ita
2310 5713 2673 5780 deferrentur,
2718 5723 2868 5771 certe
2893 5715 3217 5772 crediderim
3272 5713 3419 5786 quod
3445 5727 3555 5770 non
3608 5711 3800 5768 minus

2209 5805 2300 5860 isti
2336 5806 2710 5863 consuetudini
2733 5807 2962 5865 favendo
2991 5817 3047 5864 et
3074 5823 3195 5865 eam
3221 5806 3496 5864 laudando
3524 5803 3794 5863 desuda-

2209 5903 2314 5967 set,
2350 5914 2513 5969 quam
2570 5914 2712 5957 nunc
2738 5898 3160 5971 blasphemando
3188 5906 3241 5958 et
3269 5895 3609 5958 dehortando
3639 5895 3800 5954 labo-
