4006 6446
310 411 413 470 ιοτ

1309 400 1436 458 LIB.
1479 399 1852 460 ADVERSUS
1889 401 2245 462 CLAUDIUM
2283 398 2561 473 TAURIN.

3453 411 3562 468 198

307 533 395 584 rat
421 564 436 592 ,
475 532 532 581 et
577 536 687 580 non
735 520 1037 579 remissiori
1080 521 1256 578 studio
1297 519 1468 578 libros
1511 528 1882 594 componeret,
1910 525 1967 587 Α
1990 521 2153 578 etiam
2180 522 2234 577 in
2261 535 2357 577 sua
2385 518 2662 590 subjungit
2693 517 2922 590 epistola
2945 519 3174 578 dicens:
3241 541 3262 577 ‹
3297 525 3494 584 Audite
3517 536 3575 582 et

305 617 378 677 ad
405 615 842 690 persuadendum
894 617 1164 684 omnibus,
1203 631 1310 687 quo
1339 623 1655 672 sanctorum
1691 615 1886 670 Tauri-

305 711 560 766 nensium
605 708 864 780 reliquias
893 709 1154 775 colerent,
1217 723 1514 779 eorumque
1535 723 1595 764 se
1623 707 1885 763 interces-

301 801 550 860 sionibus
574 801 1034 867 commendarent,
1059 817 1223 872 quam
1261 801 1423 858 modo
1447 809 1642 858 contra
1670 809 1888 872 aposto-

302 896 388 953 los
434 894 742 950 rebellando
795 896 1064 968 congerit,
1130 904 1186 951 et
1239 911 1496 967 perverse
1547 895 1888 965 obloquendo

303 989 596 1062 depromit.
661 991 870 1048 Idcirco
937 994 1040 1048 hoc
1093 994 1377 1049 teterrimo
1435 991 1668 1048 infectus
1720 991 1887 1046 livore

302 1083 611 1157 prorumpit
666 1083 852 1139 dicens
892 1103 904 1138 :
955 1103 973 1135 ι
1018 1084 1174 1139 Hunc
1219 1085 1346 1140 inde
1393 1083 1680 1140 inolevisse
1736 1097 1889 1138 erro-

309 1190 329 1226 ι
372 1188 514 1239 rem,
544 1174 686 1245 quod
712 1175 1020 1245 imperitum
1046 1177 1328 1231 hominum
1351 1191 1521 1247 genus
1551 1191 1657 1230 non
1686 1173 1888 1229 intelli-

308 1285 329 1321 ι
374 1282 508 1338 gens
540 1269 749 1324 Domini
777 1271 941 1324 verba
971 1271 1170 1341 quibus
1221 1271 1296 1325 ait
1337 1269 1500 1325 Petro
1532 1289 1545 1323 :
1585 1269 1664 1323 Tu
1687 1286 1738 1323 es
1785 1267 1888 1322 Pe-

310 1374 330 1410 t
375 1368 488 1413 trus
537 1370 583 1415 et
636 1377 792 1430 super
840 1362 975 1417 hanc
1019 1371 1221 1433 petram
1268 1362 1541 1432 aediﬁcabo
1591 1361 1883 1416 Ecclesium

308 1464 329 1499 ι
358 1463 566 1512 meam;
593 1459 639 1502 et
667 1450 909 1504 tibidabo
933 1451 1103 1505 claves
1127 1451 1273 1522 regni
1309 1451 1578 1516 caelorum,
1599 1461 1652 1506 et
1677 1451 1886 1522 reliqua

309 1555 328 1588 ι
378 1536 594 1608 (Matth.
641 1539 865 1610 xv118),
911 1542 1360 1597 consuetudinem
1403 1543 1699 1613 assumpsit
1735 1542 1886 1597 adire

307 1645 328 1679 ι
375 1627 672 1684 Romanam
705 1631 861 1700 quasi
911 1631 984 1686 ibi
1009 1633 1130 1702 plus
1164 1647 1326 1703 quam
1362 1632 1489 1687 alibi
1519 1634 1692 1704 possit
1722 1632 1886 1702 proli-

305 1736 326 1768 ι
373 1733 500 1773 cere
533 1737 544 1773 :
575 1734 699 1774 cum
730 1720 926 1776 Petrus
950 1722 1084 1776 nihil
1112 1723 1237 1778 inde
1259 1724 1399 1779 sciat
1421 1739 1523 1779 nec
1560 1723 1737 1778 valeat
1765 1738 1888 1778 suc-

305 1828 326 1861 s
375 1824 622 1877 currere,
648 1827 823 1883 neque
857 1811 1132 1882 adjuvare.
1177 1814 1244 1869 Et
1267 1816 1391 1886 quia
1419 1831 1526 1870 non
1553 1814 1752 1870 dixerit
1782 1813 1886 1868 Do-

1995 633 2014 666 ι
2049 615 2152 670 hoc
2174 615 2486 685 insipientes
2515 613 2571 668 in
2597 612 2793 686 populo
2815 623 2870 669 et
2893 613 3042 670 stulti
3065 615 3354 688 aliquando
3377 622 3573 692 sapite,

1994 725 2012 759 ι
2050 708 2143 778 qui
2170 708 2609 763 intercessionem
2626 705 2854 777 apostoli
2882 706 3111 763 Romam
3134 714 3408 782 pergendo
3426 730 3577 786 quae-

1994 817 2013 849 ι
2045 799 2186 854 ritis.
2208 799 2288 855 Ac
2307 801 2355 856 si
2375 799 2530 868 juxta
2553 800 2635 856 sui
2657 801 2899 870 magistri
2915 816 2978 856 ac
2996 803 3284 874 propinqui
3299 805 3578 878 Vigilantii

1987 907 2228 958 sensum,
2273 895 2401 950 dum
2437 894 2686 958 vivimus,
2739 901 2797 948 ut
2823 894 2900 948 ait
2951 895 3333 968 Hieronymus,
3387 910 3578 958 mutuo

1985 999 2086 1056 pro
2113 984 2270 1041 nobis
2304 1001 2462 1041 orare
2500 1001 2799 1056 possemus.
2846 986 3136 1058 Postquam
3162 998 3342 1046 autem
3375 994 3583 1050 mortui

1987 1075 2270 1143 fuerimus,
2324 1079 2521 1133 nullius
2575 1079 2646 1134 sit
2686 1095 2784 1150 pro
2815 1080 2920 1136 alio
2969 1082 3306 1138 exaudienda
3355 1085 3575 1141 oratio:

1985 1169 2290 1237 praesertim
2329 1185 2452 1224 cum
2481 1179 2750 1243 martyres
2775 1172 3035 1228 ultionem
3066 1174 3146 1228 sui
3176 1176 3457 1246 sanguinis
3479 1178 3580 1234 ob-

1989 1268 2284 1324 secrantes,
2339 1259 2633 1330 impetrare
2660 1277 2764 1317 non
2794 1264 3084 1332 quiverint.
3143 1265 3200 1320 Si
3257 1267 3486 1338 apostoli
3523 1275 3584 1327 et

1988 1361 2256 1425 martyres
2286 1354 2463 1409 adhuc
2486 1355 2540 1409 in
2574 1371 2799 1426 corpore
2838 1359 3116 1415 constituti
3150 1370 3376 1430 possunt
3418 1377 3580 1420 orare

1987 1460 2086 1515 pro
2109 1447 2342 1512 caeteris,
2395 1449 2612 1516 quando
2641 1448 2708 1503 de
2737 1465 2796 1504 se
2822 1451 3000 1506 adhuc
3037 1453 3233 1508 debent
3277 1470 3398 1511 esse
3435 1456 3582 1512 solli-

1989 1541 2107 1606 citi,
2138 1550 2340 1611 quanto
2375 1543 2548 1614 magis
2576 1551 2699 1612 post
2726 1559 2974 1612 coronas,
3019 1548 3278 1605 victorias
3298 1558 3352 1606 et
3383 1551 3578 1606 trium-

1987 1633 2160 1703 phos!
2215 1633 2366 1690 Unus
2389 1635 2550 1690 homo
2605 1634 2814 1708 Moyses
2843 1640 3113 1694 sexcentis
3144 1640 3380 1698 millibus
3401 1657 3583 1699 arma-

1989 1733 2167 1779 torum
2202 1724 2460 1794 impetrat
2487 1741 2516 1779 a
2534 1724 2646 1780 Deo
2659 1727 2895 1794 veniam,
2921 1715 3306 1799 et'Stephanus
3335 1733 3584 1790 imitator

1989 1811 2205 1870 Domini
2234 1817 2316 1871 sui
2343 1826 2398 1872 et
2429 1818 2640 1888 primus
2665 1827 2874 1891 martyr
2918 1821 2974 1875 in
3001 1821 3218 1879 Christo
3261 1840 3360 1895 pro
3398 1841 3584 1897 perse-

303 1919 326 1954 ι
374 1903 558 1959 minus
593 1903 754 1959 Petro
785 1924 797 1958 :
828 1905 1185 1979 Quodcunque
1199 1908 1413 1963 solveris
1438 1910 1493 1962 in
1533 1907 1658 1962 caelo
1687 1908 1783 1962 erit
1804 1925 1891 1962 so-
1917 1905 1965 1965 B
1994 1909 2272 1966 cutoribus
2293 1911 2510 1966 veniam
2532 1912 2888 1981 deprecatur:
2915 1924 3196 1984 postquam
3219 1933 3342 1972 cum
3368 1917 3586 1975 Christo

303 2011 326 2046 ς
374 1994 547 2050 lutum
591 2007 638 2050 et
665 1999 720 2052 in
743 2008 906 2064 terra,
936 2009 986 2053 et
1026 2001 1369 2073 quodcunque
1394 2001 1636 2072 ligaveris
1666 2003 1722 2056 in
1759 2000 1887 2056 caelo

302 2103 328 2140 ι
369 2087 470 2141 erit
511 2087 729 2157 ligatum
766 2106 926 2160 super
968 2099 1184 2157 terram,
1209 2092 1283 2148 ob
1329 2093 1427 2148 hoc
1452 2093 1647 2148 Petrus
1671 2093 1740 2148 de
1780 2101 1890 2148 ter-

302 2195 328 2232 e
371 2195 433 2235 ra
461 2181 700 2251 migrans
729 2183 794 2237 ad
825 2183 1022 2239 coelum
1061 2186 1282 2258 reliquit
1329 2187 1460 2243 illud
1495 2187 1886 2255 ministerium,

307 2289 331 2323 ς
375 2272 520 2343 quod
543 2273 594 2328 ei
625 2274 865 2343 quandiu
897 2275 953 2330 in
993 2285 1139 2332 terra
1176 2278 1517 2334 habitaverat
1566 2293 1891 2336 concessum

309 2382 332 2418 α
379 2372 486 2429 est,
525 2373 581 2420 et
616 2364 737 2421 aliis
797 2367 1218 2426 succedentibus
1279 2379 1363 2426 est
1412 2371 1690 2427 traditum.
1725 2391 1744 2424 ι
1781 2370 1894 2428 Sed

302 2457 416 2512 ista
464 2459 770 2528 excogitata
827 2461 1099 2531 oppositio
1158 2470 1271 2517 tota
1323 2477 1605 2534 perversa,
1659 2471 1770 2519 tota
1810 2471 1894 2520 est

301 2563 467 2604 vana.
520 2549 715 2606 Omnia
773 2553 921 2607 enim
966 2553 1023 2609 in
1080 2570 1145 2609 ea
1201 2556 1476 2612 contraria
1525 2557 1892 2625 insinuantur,

306 2642 517 2698 scilicet
567 2653 628 2698 ut
672 2644 970 2701 scabellum
1032 2647 1231 2716 pedum
1269 2647 1367 2703 Dei
1409 2647 1654 2716 judicum
1701 2640 1896 2718 iudicis

305 2750 407 2792 sua
445 2751 565 2792 esse
608 2738 766 2794 sedes
799 2739 1103 2805 decuisset;
1161 2747 1216 2794 et
1269 2740 1552 2796 hominum
1595 2740 1897 2812 terrigena-

304 2846 431 2889 rum
459 2834 678 2905 propria
709 2835 973 2890 habitatio
1003 2835 1200 2891 cmlum
1229 2835 1441 2892 haberi.
1465 2835 1536 2892 Ut
1566 2835 1640 2891 ibi
1655 2835 1898 2904 judicia-

307 2922 395 2978 rio
419 2933 634 2982 utentes
665 2925 789 2996 jure
820 2927 988 2998 ligent
1017 2942 1160 2994 reos,
1219 2936 1274 2984 et
1303 2927 1514 2983 solvant
1543 2930 1892 2996 emendatos;

303 3016 487 3072 ethoc
512 3017 776 3072 Dominus
809 3019 966 3089 quasi
999 3019 1054 3074 in
1081 3027 1227 3075 terra
1249 3018 1477 3076 inferius
1499 3020 1787 3077 subsidens
1810 3035 1898 3077 as-

305 3109 592 3164 sentiendo
618 3117 673 3164 et
690 3111 1038 3181 perdonando
1064 3112 1366 3168 conﬁrmet.

259 3203 264 3208 '
382 3198 489 3256 Sed
517 3202 631 3256 haec
656 3202 730 3258 ita
763 3219 883 3259 esse
913 3219 1019 3260 non
1057 3205 1242 3261 deberi
1268 3220 1443 3276 neque
1465 3205 1757 3263 convenire
1783 3221 1899 3263 om-

1991 2013 2114 2056 esse
2157 2000 2442 2071 coeperint,
2503 2003 2680 2058 minus
2735 2003 3034 2059 valebunt?
3081 2007 3278 2063 Paulus
3309 2009 3586 2079 apostolus

1992 2091 2255 2148 ducentas
2309 2092 2650 2164 septuaginta
2680 2109 2777 2150 sex
2815 2094 2917 2150 sibi
2953 2095 3082 2151 dicit
3108 2097 3162 2152 in
3198 2099 3323 2154 navi
3377 2101 3588 2159 animas

1991 2185 2346 2252 condonatas,
2377 2195 2432 2242 et
2456 2195 2741 2256 postquam
2768 2187 3038 2244 resolutus
3057 2191 3284 2262 cmperit
3312 2205 3432 2284 esg
3460 2208 3585 2248 eum

1993 2271 2231 2343 Christo,
2261 2283 2389 2332 tunc
2420 2291 2517 2332 ora
2564 2277 2846 2334 clausurus
2890 2287 2995 2346 est,
3045 2287 3100 2336 et
3127 2296 3227 2351 pro
3255 2281 3341 2338 his
3389 2271 3486 2353 qui
3531 2283 3588 2340 in

1994 2373 2110 2421 toto
2130 2367 2262 2422 orbe
2291 2369 2359 2423 ad
2386 2383 2542 2424 suum
2568 2369 2921 2441 Evangelium
2967 2370 3332 2438 crediderunt,
3385 2374 3588 2430 mutire

1995 2476 2103 2516 non
2127 2463 2369 2531 poterit?
2397 2483 2418 2516 ι
2455 2461 2657 2518 Sancto
2677 2472 2857 2520 autem
2875 2464 3183 2535 Augustino
3203 2466 3405 2523 lascive
3431 2469 3587 2525 blan-

1996 2551 2158 2615 ditur,
2206 2561 2264 2607 et
2295 2551 2546 2608 adulatur
2579 2554 2838 2624 singulari
2887 2571 3012 2612 eum
3055 2557 3352 2626 prmfemns
3404 2560 3586 2626 laude,

1997 2643 2152 2712 quasi
2199 2658 2309 2698 suae
2337 2642 2607 2700 fautorem
2652 2644 2939 2713 vecordiae,
2993 2654 3196 2703 etcum
3247 2649 3320 2705 sit
3345 2651 3589 2708 omnium

1997 2733 2194 2788 artium
2216 2733 2421 2790 inscius
2457 2733 2759 2790 liberalium
2780 2736 2974 2793 nititur
3004 2740 3388 2810 procacissime
3412 2742 3583 2814 ipsius

1997 2823 2278 2881 dialectica
2306 2841 2405 2897 per
2447 2841 2507 2882 se
2544 2827 2722 2898 ipsum
2749 2843 2868 2885 sme
2894 2828 3004 2886 ullo
3044 2831 3121 2887 uti
3148 2833 3480 2902 magisterio,
3529 2843 3588 2892 et

2000 2916 2069 2971 ad
2090 2930 2153 2970 ea
2179 2932 2299 2987 qua:
2323 2915 2595 2974 alﬁrmare
2622 2917 2877 2974 maluerit
2901 2919 3074 2991 ipsam
3093 2921 3587 2992 imprudentissime

2000 3009 2341 3079 detorquere.
2382 3009 2535 3065 Sicut
2579 3023 2678 3080 per
2701 3009 2804 3067 hoc
2831 3010 3072 3082 ejusdem
3102 3013 3407 3084 exemplum
3438 3019 3584 3088 quod

1999 3117 2169 3174 pravo
2205 3115 2364 3157 sensu
2404 3119 2471 3158 ex
2500 3102 2639 3160 libro
2663 3104 2731 3159 de
2776 3103 3044 3162 Trinitute
3066 3123 3164 3162 vm
3190 3108 3436 3178 arripuit,
3472 3124 3589 3164 me-

2001 3196 2204 3251 morias
2225 3207 2537 3254 sanctorum
2560 3214 2667 3254 non
2688 3214 2809 3256 esse
2836 3201 3100 3258 orationis
3127 3203 3307 3258 studio
3332 3213 3593 3276 appeten-

303 3288 467 3345 nibus
527 3299 673 3347 recte
741 3294 1078 3365 sapientibus
1139 3302 1194 3350 et
1252 3261 1676 3367 intelligentibus
1728 3305 1894 3366 patet.
1925 3261 1970 3326 Ο
2002 3288 2121 3382 das,
2151 3304 2447 3382 eorumque
2487 3283 2745 3362 reliquias
2767 3294 3044 3365 despectui
3095 3301 3257 3382 atque
3300 3295 3427 3351 odio
3472 3310 3592 3353 esse

299 3380 480 3451 Ipsius
507 3395 636 3452 ergo
668 3384 848 3452 potius
901 3400 964 3439 ac
990 3398 1210 3439 suorum
1256 3385 1467 3455 parium
1498 3387 1638 3441 hanc
1663 3401 1783 3441 esse
1803 3401 1899 3455 po—

300 3478 563 3526 testatem
619 3471 859 3528 solvendi
914 3489 978 3528 ac
1010 3474 1214 3545 ligandi
1269 3476 1746 3545 intercedendique
1799 3491 1900 3546 pro

298 3560 432 3617 aliis
461 3563 695 3632 quandiu
722 3565 1140 3634 peregrinantur
1171 3567 1227 3621 in
1253 3567 1358 3622 hoc
1383 3567 1596 3621 mortali
1649 3581 1896 3636 corpore,

293 3654 666 3724 pronuntiat,
724 3663 781 3710 et
831 3655 1117 3712 conﬁrmat
1163 3658 1250 3712 his
1284 3659 1502 3724 verbis;
1553 3675 1616 3715 ac
1663 3676 1763 3730 per
1797 3661 1900 3716 hoc

297 3742 594 3800 sciendum
616 3754 700 3800 est
736 3748 882 3818 quod
915 3749 1099 3803 tandiu
1127 3749 1459 3805 antistitibus
1481 3750 1736 3804 Ecclesia:
1757 3751 1899 3807 istud

296 3836 676 3893 ministerium
726 3853 1048 3895 concessum
1079 3847 1179 3904 est,
1233 3854 1405 3910 usque
1446 3840 1574 3895 dum
1614 3841 1712 3912 ipsi
1742 3855 1900 3910 pere-

300 3927 596 4000 grinantur
623 3928 676 3983 in
706 3929 810 3985 hoc
860 3931 1078 3986 mortali
1126 3945 1372 4003 corpore.
1430 3931 1564 3987 Cum
1594 3949 1724 3988 vero
1749 3933 1898 3989 debi-

299 4027 423 4074 tum
448 4019 640 4074 mortis
664 4020 1031 4088 reddiderunt,
1057 4023 1150 4078 alii
1170 4025 1464 4081 succedunt
1492 4025 1610 4082 loco
1630 4027 1890 4097 ipsorum,

301 4109 402 4181 qui
434 4110 679 4166 eamdem
727 4112 972 4168 obtinent
1012 4112 1356 4185 judiciariam
1402 4126 1725 4189 potestatem
1755 4120 1895 4176 sicut

302 4201 570 4272 scriptum
601 4210 682 4258 est
714 4221 728 4256 :
771 4203 880 4259 Pro
925 4206 1162 4276 patribus
1206 4209 1308 4263 tuis
1357 4211 1468 4264 nati
1495 4221 1615 4265 sunt
1646 4213 1740 4266 tibi
1773 4213 1893 4280 filii,

303 4294 588 4350 constitues
618 4311 705 4350 eos
730 4295 990 4366 principes
1037 4315 1194 4370 super
1235 4316 1438 4355 omnem
1483 4311 1678 4356 terram
1723 4301 1894 4374 (Psal.

302 4400 459 4450 ιιιν,
492 4385 602 4458 l7).
634 4385 801 4454 Quasi
845 4390 1118 4461 peregrini
1147 4391 1348 4462 quique
1370 4433 1384 4460 ,
1431 4393 1618 4449 miseri
1645 4395 1899 4464 abjectis-

303 4479 542 4550 simique
588 4481 901 4553 pauperculi
950 4483 1069 4555 plus
1119 4486 1365 4544 obtinere
1417 4498 1578 4560 atque
1607 4490 1899 4561 impetrare

303 4571 624 4630 debuissent
669 4578 737 4632 ab
768 4578 1117 4648 imperatore,
1168 4596 1332 4651 quam
1381 4583 1465 4640 sui
1517 4584 1896 4656 gloriosissimi

2000 3379 2279 3436 habendas
2319 3382 2488 3436 voluit
2526 3392 2773 3440 astruere
2793 3426 2807 3451 ,
2849 3386 3036 3441 dicens
3068 3405 3080 3439 :
3127 3404 3144 3437 ί
3176 3379 3373 3442 Audite
3400 3395 3456 3444 et
3487 3389 3591 3444 hoc

2002 3475 2318 3546 insipientes
2357 3477 2411 3531 in
2442 3477 2640 3547 poliulo
2691 3487 2744 3533 et
2774 3477 2923 3533 stulti
2960 3479 3248 3550 aliquando
3274 3481 3470 3552 sapite,
3499 3483 3594 3553 qui

2003 3566 2448 3622 intercessionem
2477 3568 2704 3638 apostoli
2751 3568 2977 3625 Romam
3017 3573 3292 3644 pergendo
3329 3573 3590 3642 quaeritis,

2005 3656 2134 3725 quid
2163 3665 2350 3711 contra
2374 3673 2472 3713 vos
2513 3659 2658 3713 dicat
2700 3658 2840 3715 idem
2868 3676 3010 3731 saepe
3036 3661 3210 3717 dictus
3244 3663 3594 3718 beatissimus

2003 3748 2354 3819 Augustinus.
2393 3749 2450 3804 lu
2479 3749 2618 3806 libro
2636 3752 2780 3806 enim
2809 3751 2875 3808 de
2903 3753 3165 3809 Trinitate
3195 3769 3292 3809 vui
3318 3755 3460 3810 inter
3489 3771 3594 3810 ca?-

2003 3850 2119 3898 tera
2148 3841 2227 3897 sic
2261 3841 2434 3898 dixit:
2485 3841 2621 3897 Redi
2661 3859 2790 3916 ergo
2833 3860 3045 3901 mecum
3085 3853 3140 3900 et
3185 3846 3590 3902 consideremus

2002 3948 2100 3990 cur
2128 3933 2415 4004 diligamus
2440 3935 2790 4006 apostolum?
2816 3936 3216 4008 Numquidnam
3237 3947 3459 4009 propter
3486 3937 3590 3993 hu-

2000 4039 2216 4079 manam
2255 4026 2489 4095 speciem
2517 4041 2681 4096 quam
2707 4028 3044 4083 notissimam
3072 4029 3336 4084 habemus
3357 4028 3591 4100 eolquod

2001 4118 2271 4174 credimus
2298 4134 2421 4174 eum
2452 4119 2729 4176 hominem
2755 4120 2965 4177 fuisse?
2995 4121 3113 4176 Non
3139 4121 3325 4192 utique
3353 4121 3595 4192 alioquin

2001 4223 2145 4263 nunc
2169 4224 2276 4264 non
2301 4218 2384 4264 est
2403 4226 2565 4280 quem
2613 4211 2922 4282 diligamus,
2962 4211 3397 4281 quandoquidem
3424 4211 3590 4267 homo

2002 4299 2092 4355 ille
2114 4298 2228 4368 jam
2267 4317 2372 4357 non
2400 4310 2482 4356 est
2532 4301 2735 4373 (anima
2782 4303 2928 4358 enim
2956 4301 3072 4370 ejus
3098 4319 3128 4357 a
3159 4317 3388 4373 corpore
3438 4317 3596 4372 sepa-

2001 4402 2120 4447 rata
2147 4392 2290 4465 est);
2339 4393 2435 4448 sed
2465 4393 2520 4448 id
2564 4395 2708 4465 quod
2738 4393 2794 4449 in
2823 4393 2914 4448 illo
2964 4409 3208 4450 amamus
3258 4395 3422 4450 etiam
3450 4410 3594 4451 nunc

2001 4483 2183 4538 vivere
2226 4483 2518 4539 credimus.
2559 4503 2578 4537 ι
2646 4483 2779 4540 Cum
2828 4485 2916 4541 ille
2963 4501 3072 4541 non
3114 4486 3440 4543 intellexerit
3485 4502 3593 4558 quo

2002 4590 2164 4632 sensu
2216 4577 2548 4648 Augustinus
2601 4577 2801 4633 dixerit
2847 4579 3152 4649 apostolum
3207 4596 3315 4638 non
3370 4590 3595 4652 propter

303 4664 585 4735 principes
619 4675 675 4722 et
711 4669 1112 4727 honoratissimi
1139 4675 1397 4742 seniores,
1436 4677 1562 4748 quia
1599 4681 1895 4736 secundum

2002 4669 2297 4724 humanam
2338 4671 2594 4740 speciem,
2659 4685 2834 4741 neque
2871 4673 2940 4727 ob
2969 4671 3071 4728 hoc
3113 4674 3258 4742 quod
3307 4674 3468 4731 homo
3495 4673 3596 4730 ali-

301 4755 476 4810 istum
538 4757 984 4814 calumniatorem
1029 4763 1258 4832 apostoli
1310 4766 1465 4836 quasi
1506 4766 1784 4840 longinqui
1833 4783 1899 4824 ac

304 4845 518 4904 detenti
562 4859 622 4905 ut
670 4859 796 4922 pote
845 4854 1046 4908 mortui
1083 4855 1352 4925 supplices
1407 4873 1535 4914 suas
1583 4868 1898 4930 appetentes

302 4941 628 5008 memorias,
674 4943 837 5010 scire,
870 4943 950 4998 vel
979 4945 1187 5012 audire,
1220 4947 1304 5001 vel
1339 4963 1438 5018 pro
1463 4950 1542 5004 eis
1573 4951 1899 5007 intervenire

305 5042 623 5104 nequeunt,
671 5050 793 5090 cum
831 5050 862 5090 e
912 5039 1184 5094 contrario
1232 5039 1429 5110 legitur
1462 5040 1518 5095 in
1571 5041 1894 5114 Evangelio:

303 5125 458 5181 Deus
497 5128 784 5192 Abraham,
829 5127 970 5183 Deus
1001 5127 1158 5184 Isaac
1192 5140 1240 5185 et
1280 5131 1421 5187 Deus
1453 5132 1641 5199 Iacob,
1672 5150 1778 5188 non
1826 5145 1901 5189 est

304 5217 458 5273 Deus
481 5227 827 5286 mortuorum,
849 5220 940 5274 sed
967 5221 1194 5275 rivorum
1210 5221 1405 5295 (Marc.
1423 5240 1521 5289 xu,
1542 5225 1654 5298 2'7).
1685 5226 1762 5282 De
1782 5227 1902 5296 qui-

306 5312 418 5368 bus
449 5311 647 5368 dicitur
669 5311 974 5384 Sequuntur
997 5329 1191 5384 agnum
1216 5332 1523 5388 quocunque
1548 5319 1689 5373 radit
1714 5318 1899 5389 (Apoc.

307 5420 432 5472 xrv,
458 5404 535 5478 4).
567 5405 720 5464 Unde
763 5406 1160 5478 Hieronymus:
1191 5426 1210 5460 ι
1245 5407 1304 5463 Si
1328 5424 1498 5481 agnus
1526 5411 1748 5481 ubique,
1775 5427 1904 5484 ergo
1932 5486 1936 5491 _

307 5509 372 5557 et
395 5500 453 5556 hi
475 5499 568 5572 qui
596 5517 720 5557 cum
751 5515 890 5572 agno
918 5509 1064 5568 sunt,
1102 5501 1301 5570 ubique
1329 5516 1449 5557 esse
1473 5502 1729 5559 credendi
1757 5515 1900 5562 sunt.

309 5593 386 5650 Et
419 5608 545 5650 cum
568 5593 814 5650 diabolus
835 5603 891 5651 et
938 5593 1210 5649 daemones
1238 5600 1348 5649 toto
1383 5602 1649 5665 vagentur
1673 5596 1822 5664 orbe,
1853 5607 1908 5654 et

310 5685 596 5744 celeritate
650 5687 817 5744 nimia
862 5687 1061 5758 ubique
1107 5696 1404 5759 praesentes
1452 5687 1592 5754 sint,
1641 5698 1907 5762 martyres

311 5787 447 5852 post
468 5778 784 5839 eﬂusionem
817 5781 1097 5856 sanguinis
1127 5781 1228 5847 sui,
1254 5780 1489 5852 quadam
1514 5780 1759 5839 custodia
1781 5799 1908 5855 ope-

311 5871 560 5940 duntur.
597 5870 812 5941 ιωιιιιι.
857 5883 914 5930 et
939 5873 1066 5933 inde
1089 5871 1239 5931 exire
1264 5883 1374 5929 non
1411 5874 1708 5942 poterunt?
1741 5894 1760 5928 ι
1792 5873 1909 5933 Hoc

2001 4761 2217 4831 quando
2242 4759 2410 4816 fuerit
2442 4778 2562 4818 esse
2591 4761 2936 4834 diligendum.
2969 4762 3141 4820 Nemo
3168 4767 3313 4821 enim
3355 4776 3446 4821 aut
3468 4783 3592 4838 pro-

2001 4861 2123 4924 pter
2148 4854 2632 4926 pulchritudinem,
2665 4863 2760 4909 aut
2788 4863 3010 4925 propter
3054 4857 3291 4912 carnalis
3337 4855 3593 4912 ali‘ectum

2002 4945 2358 5016 cognationis,
2377 4943 2738 4998 voluntatisve
2765 4945 3082 5015 appetitum,
3106 4946 3193 5002 vel
3218 4946 3380 5001 aliam
3409 4960 3594 5015 quam-

2003 5035 2134 5090 libet
2163 5050 2382 5090 causam
2405 5035 2679 5090 hominem
2709 5035 2867 5092 debet
2917 5038 3157 5110 diligere,
3209 5038 3314 5093 nisi
3350 5043 3592 5091 tantum-

2006 5125 2167 5181 modo
2190 5133 2414 5196 propter
2437 5125 2629 5194 Deum,
2651 5127 2706 5182 in
2736 5143 2844 5199 quo
2872 5136 2926 5184 et
2955 5130 3025 5186 ob
3051 5145 3210 5201 quem
3235 5136 3378 5184 totus
3405 5127 3594 5198 homo,

2009 5220 2100 5290 qui
2146 5235 2213 5276 ex
2235 5220 2442 5276 duabus
2477 5220 2793 5279 substantiis
2823 5225 3003 5278 anima
3031 5230 3086 5278 et
3109 5233 3336 5291 corpore
3357 5229 3591 5291 constat,

2009 5319 2093 5366 est
2133 5311 2433 5384 diligendus
2469 5329 2535 5370 eo
2569 5316 2730 5372 modo
2753 5323 2809 5370 et
2853 5327 3124 5377 mensura,
3174 5327 3279 5381 qua
3303 5320 3592 5384 utramque

2010 5406 2264 5464 convenit
2283 5407 2523 5480 diligere.
2565 5410 2720 5467 Unde
2747 5409 2888 5464 idem
2925 5407 3256 5477 Augustinus
3278 5407 3332 5462 in
3358 5406 3497 5465 libro
3525 5409 3594 5468 de

2012 5501 2264 5558 Doctrina
2313 5501 2622 5558 Christiana
2675 5501 2868 5570 primo.
2920 5517 2938 5551 ι
2973 5497 3081 5554 Sed
3117 5499 3380 5571 quaeritur
3404 5511 3590 5560 utrum

2004 5603 2227 5666 propter
2247 5609 2306 5650 se
2331 5594 2494 5648 homo
2515 5593 2584 5648 ab
2607 5590 2823 5646 homine
2844 5589 3145 5663 diligendus
3163 5591 3254 5659 sit,
3279 5609 3349 5649 an
3369 5602 3595 5665 propter

2006 5687 2170 5744 aliud.
2223 5686 2281 5743 Si
2309 5687 2452 5741 enim
2482 5692 2703 5757 prepter
2752 5699 2830 5753 se,
2864 5683 3220 5757 fruimureo;
3269 5689 3318 5745 si
3368 5697 3594 5761 propter

2008 5782 2171 5848 aliud,
2205 5781 2409 5836 utimur
2433 5795 2516 5835 eo.
2564 5778 2789 5836 Videtur
2818 5789 2999 5837 autem
3036 5783 3168 5841 mihi
3196 5790 3419 5854 propter
3446 5777 3594 5838 aliud

2010 5875 2330 5946 diligendus.
2378 5872 2530 5939 Quod
2570 5871 2715 5930 enim
2759 5881 2981 5947 prOpter
3004 5887 3064 5932 se
3109 5874 3437 5945 diligendum
3479 5878 3592 5936 est.
