4006 6442
476 410 585 471 ιεθ

1804 405 2033 466 DUNGA
2041 405 2105 464 LI
2142 402 2438 465 RECLUSI

3648 412 3781 472 500

478 536 536 591 in
586 545 651 588 eo
679 528 1022 585 constituitur
1040 528 1197 583 beata
1225 526 1332 583 vita
1359 546 1371 582 :
1404 525 1556 599 cujus
1582 523 1791 582 etiamsi
1821 523 2058 579 nondum
2085 526 2141 590 Α
2163 536 2254 580 sus
2281 535 2443 594 quam
2470 520 2692 593 spiritus
2717 522 3067 594 concupiscit,
3104 537 3211 579 non
3241 524 3301 580 ut
3322 522 3603 586 interimat
3633 547 3783 588 cor—

478 640 590 691 res,
636 630 817 678 tamen
853 632 977 691 spes
1004 618 1122 689 ejus
1170 632 1270 674 nos
1303 620 1405 674 hoc
1457 626 1695 688 tempore
1732 613 2057 671 consolatur.

476 715 795 774 Maiedictus
819 721 998 769 autem
1037 712 1128 783 qui
1163 728 1311 784 spem
1342 728 1493 777 suam
1545 711 1699 782 ponit
1728 710 1783 765 in
1821 707 2057 765 homine.

480 808 589 864 Sed
610 822 713 862 nec
750 806 931 875 seipso
965 802 1193 873 quisque
1223 801 1328 859 frui
1352 803 1528 868 debet,
1572 800 1619 855 si
1642 799 1844 870 liquide
1874 799 2066 854 adver-

480 911 564 957 tas
593 917 609 967 ;
655 899 781 970 quia
811 911 913 953 nec
940 896 1182 965 seipsum
1217 895 1374 950 debet
1408 901 1631 964 propter
1679 892 1915 963 seipsum
1942 892 2066 948 dili-

480 1008 627 1065 gere,
663 990 758 1047 sed
789 995 1013 1061 propter
1034 986 1180 1041 illum
1211 1002 1319 1057 quo
1367 986 1651 1041 fruendum
1681 993 1781 1040 est.
1809 984 1960 1040 Tunc
1982 991 2066 1040 est

481 1083 677 1154 quippe
712 1080 951 1152 optimus
995 1080 1179 1143 homo,
1207 1093 1329 1132 cum
1358 1084 1471 1133 tota
1503 1079 1613 1131 vita
1641 1093 1736 1132 sua
1779 1077 1957 1147 pergit
2006 1075 2061 1130 in

481 1174 977 1232 incommutabilem
1008 1172 1197 1238 vitam,
1249 1178 1303 1226 et
1338 1178 1449 1227 toto
1482 1170 1678 1226 aii‘ectu
1712 1170 1937 1224 inhazret
1964 1167 2059 1223 illi.

486 1269 544 1326 Si
569 1284 699 1340 ergo
744 1274 796 1323 te
821 1267 995 1337 ipsum
1029 1281 1133 1320 non
1160 1273 1379 1335 propter
1425 1274 1476 1319 te
1520 1263 1682 1319 debes
1707 1263 1948 1335 diligere,
1972 1261 2066 1317 sed

479 1369 704 1435 propter
732 1359 881 1415 illum
930 1357 1022 1411 ubi
1062 1356 1368 1412 dilectionis
1419 1364 1525 1410 tua:
1574 1354 1911 1411 rectissimus
1942 1353 2065 1407 finis

479 1462 586 1519 est,
616 1466 722 1508 non
763 1457 1080 1505 succenseat
1104 1449 1286 1514 homo,
1338 1448 1383 1503 si
1423 1448 1587 1503 etiam
1639 1447 1814 1517 ipsum
1846 1450 2065 1514 propter

481 1536 653 1597 Deum
696 1538 893 1610 diligis,
927 1539 1043 1593 baic
1074 1537 1219 1592 enim
1241 1537 1427 1607 regula
1475 1536 1776 1591 dilectionis
1807 1536 2065 1614 divinitus

478 1630 770 1687 constituta
799 1636 916 1684 est:
963 1624 1181 1700 Diliges,
1214 1628 1410 1698 inquit,
1442 1629 1738 1699 proximum
1761 1637 1907 1682 tuum
1946 1634 2063 1681 tan-

476 1731 709 1795 quam-te
730 1723 903 1794 ipsum
925 1737 943 1786 ;
983 1719 1150 1775 Deum
1193 1735 1321 1776 vero
1349 1735 1412 1774 ex
1452 1728 1559 1774 toto
1602 1720 1755 1775 corde
1795 1728 1843 1773 et
1870 1727 2064 1803 extoto

477 1816 656 1870 animo
680 1822 729 1869 et
755 1828 820 1869 ea:
846 1821 957 1867 tota
987 1821 1175 1877 mente,
1211 1820 1271 1867 ut
1313 1822 1503 1867 omnes
1531 1812 1887 1882 cogitationes
1940 1818 2090 1866 tuast

2160 628 2284 687 pus,
2329 615 2424 670 sed
2466 621 2527 670 ut
2554 615 2993 685 concupiscentia
3029 615 3150 686 ejus
3175 656 3190 682 ,
3245 616 3302 672 id
3339 627 3423 673 est
3463 634 3783 678 consuetu-

2162 710 2290 765 dine
2317 708 2456 764 mala
2487 709 2744 776 edomita,
2784 707 2946 765 faciat
2980 710 3193 781 spiritui
3218 713 3582 785 subiugatum,
3610 716 3781 793 quod

2163 803 2424 859 naturalis
2475 804 2611 859 ordo
2657 804 2965 871 desiderat;
3018 804 3146 877 quia
3175 808 3319 861 enim
3361 806 3463 864 hec
3487 806 3594 865 erit
3635 816 3782 883 post

2164 896 2619 952 resurrectionem
2645 938 2660 963 ,
2699 902 2761 952 ut
2803 911 3000 969 corpus
3047 897 3359 955 omnimodo
3409 916 3532 956 cum
3572 904 3775 973 quiete

2163 1004 2372 1044 summa
2418 990 2634 1060 spiritui
2665 990 2937 1045 subditum
2984 991 3362 1049 immortaliter
3387 994 3599 1066 vigeat,
3655 996 3774 1053 hoc

2164 1082 2325 1136 etiam
2370 1082 2424 1136 in
2452 1081 2556 1136 hac
2606 1082 2715 1137 vita
2744 1070 3115 1138 meditandum
3160 1093 3283 1149 est,
3337 1090 3390 1139 ul
3423 1088 3771 1146 consuetudo

2164 1176 2399 1231 carnalis
2438 1184 2678 1233 mutetur
2716 1178 2771 1233 in
2802 1178 3015 1242 melius,
3047 1193 3148 1234 nec
3176 1179 3499 1237 inordinatis
3519 1182 3767 1238 motibus

2162 1268 2380 1323 resistat
2419 1270 2654 1339 spiritui.
2705 1269 2857 1338 Quod
2897 1271 3067 1328 donec
3093 1274 3207 1339 iiat,
3250 1290 3379 1330 caro
3422 1276 3769 1347 concupiscit

2163 1362 2422 1418 adversus
2479 1363 2732 1434 Spiritum
2760 1406 2773 1431 ,
2825 1372 2877 1421 et
2924 1365 3149 1437 spiritus
3199 1370 3459 1427 adversus
3490 1387 3759 1427 carnem:

2162 1461 2391 1524 non‘per
2418 1455 2601 1510 odium
2634 1457 2919 1514 resistente
2949 1459 3141 1529 spiritu
3164 1502 3176 1525 ,
3231 1462 3324 1517 sed
3355 1450 3455 1533 per
3486 1466 3764 1535 principa—

2164 1553 2308 1611 tum,
2359 1546 2483 1616 quia
2526 1547 2700 1619 magis
2747 1548 2891 1621 quod
2929 1550 3106 1620 diligit
3152 1552 3266 1607 vult
3314 1553 3589 1609 subditum‘
3632 1571 3760 1613 esse

2163 1637 2412 1705 meliori;
2468 1655 2567 1696 nec
2597 1656 2697 1710 per
2739 1641 2919 1697 odium
2950 1646 3258 1721 resistente
3285 1663 3470 1713 carne,
3519 1650 3613 1705 sed
3658 1666 3762 1721 per

2164 1729 2568 1785 consuetudinis
2621 1730 2894 1787 vinculum
2922 1718 2957 1799 ,’
2990 1737 3133 1803 quod
3184 1751 3213 1790 a
3261 1747 3547 1808 parentum
3587 1741 3757 1796 etiam

2162 1819 2460 1891 propagine
2490 1820 2852 1878 inveteratum
2876 1836 3085 1882 natura:
3117 1827 3234 1899 lege
3265 1828 3505 1886 inolevit.
3548 1830 3603 1886 Id
3624 1848 3758 1906 ergo

478 1916 536 1964 et
563 1921 779 1963 omnem
810 1902 978 1960 vitam
1007 1911 1064 1960 et
1089 1916 1304 1960 omnem
1334 1904 1662 1959 intellectum
1686 1905 1743 1957 in
1766 1904 1913 1956 illum
1943 1914 2069 1957 COH-
2095 1895 2143 1955 Β
2171 1912 2281 1985 agit
2300 1913 2521 1983 spiritus
2550 1914 2603 1969 in
2641 1915 2905 1971 domanda
2934 1933 3116 1984 came,
3165 1895 3225 1974 ἧι
3255 1920 3431 1976 solvat
3453 1921 3607 1977 malm
3630 1895 3758 1979 οοῖ).

479 1998 630 2054 feras
674 2013 705 2052 a
743 2013 851 2067 quo
876 1996 1044 2051 habes
1086 2011 1151 2051 ea
1184 1996 1297 2065 ipsa
1343 2012 1463 2065 qua)
1511 1995 1746 2050 confers.
1810 1994 2065 2065 Quisquis

477 2107 606 2163 ergo
635 2098 781 2147 recte
804 2090 975 2160 diligit
1002 2090 1308 2160 proximum
1338 2091 1442 2143 hoc
1471 2102 1594 2143 cum
1618 2103 1683 2144 eo
1699 2090 1859 2144 debet
1882 2102 2061 2159 agere,

478 2192 537 2237 ut
561 2182 725 2267 ειίυη
762 2181 876 2251 ipse
906 2188 1019 2235 toto
1040 2180 1222 2243 corde,
1254 2186 1365 2233 tota
1394 2181 1595 2244 anima,
1629 2187 1741 2234 tota
1778 2186 1959 2235 mente
1984 2179 2067 2234 di-

476 2274 610 2344 ligat
665 2270 854 2328 Deum.
914 2269 1007 2326 Sic
1043 2271 1185 2325 enim
1234 2284 1359 2325 eum
1412 2270 1643 2342 diligens
1701 2278 1957 2342 tanquam
2006 2287 2067 2327 se

478 2365 678 2435 ipsum,
708 2371 877 2419 totam
904 2362 1250 2419 dilectionem
1283 2363 1367 2418 sui
1390 2370 1445 2418 et
1473 2363 1616 2418 illius
1644 2360 1811 2420 reiert
1839 2364 1891 2419 in
1919 2366 2065 2422 illam

477 2457 824 2513 dilectionem
848 2452 942 2511 Dei
973 2470 1092 2526 qua:
1113 2455 1319 2510 nullum
1344 2470 1374 2510 a
1402 2471 1460 2511 se
1487 2455 1718 2511 rivulum
1762 2456 1885 2512 duci
1911 2465 2065 2529 extra

473 2548 869 2624 patitur,cujus
893 2550 1225 2605 derivatione
1237 2551 1531 2605 minuatur.
1556 2549 1673 2606 Non
1694 2559 1873 2605 autem
1887 2552 2066 2606 omnia

476 2644 674 2714 quibus
694 2645 954 2699 utendum
982 2648 1087 2709 est,
1128 2641 1398 2714 diligenda
1429 2650 1574 2709 sunt,
1598 2644 1693 2698 sed
1719 2659 1783 2698 ea
1814 2644 1923 2699 sola
1949 2658 2068 2713 quae

476 2748 569 2790 aut
597 2736 879 2791 nobiscum
905 2736 1167 2789 societate
1196 2734 1429 2803 quadam
1455 2735 1771 2789 referuntur
1794 2736 1847 2789 in
1875 2736 2062 2801 Deum,

480 2828 640 2883 sicuti
659 2833 743 2880 est
769 2827 931 2880 homo
945 2826 1027 2880 vel
1057 2826 1311 2896 angelus;
1337 2833 1431 2880 aut
1455 2826 1521 2880 ad
1544 2840 1643 2882 nos
1656 2826 1842 2893 relata,
1867 2826 2067 2881 benefi—

479 2915 566 2969 cio
591 2913 689 2968 Dei
708 2927 807 2983 per
827 2928 928 2967 nos
951 2913 1217 2984 indigent,
1243 2914 1403 2968 sicuti
1432 2922 1517 2969 est
1545 2928 1757 2985 corpus.
1805 2915 1940 2970 Nam
1964 2918 2064 2970 uti-

477 3023 583 3078 que
594 3014 865 3077 martyres
888 3021 994 3061 non
1007 3006 1314 3062 dilexerunt
1327 3000 1502 3063 scelus
1518 3010 1958 3079 persequentium
1972 3025 2061 3077 se;

475 3113 586 3168 quo
613 3105 791 3153 tamen
815 3098 900 3152 nsi
925 3106 1049 3152 sunt
1077 3098 1143 3152 ad
1172 3099 1587 3169 promerendum
1616 3099 1805 3155 Deum.
1853 3121 1870 3153 ι
1917 3101 2064 3157 Idem

476 3186 531 3246 in
557 3190 749 3247 eodem
769 3189 865 3245 lib.
892 3205 907 3244 ι
943 3209 956 3245 :
990 3208 1009 3242 ε
1045 3190 1179 3245 Cum
1205 3206 1336 3263 ergo
1368 3200 1601 3263 quatuor
1630 3193 1739 3248 sint
1768 3194 2058 3266 diligenda,

474 3297 642 3337 unum
667 3281 812 3352 quod
834 3296 996 3352 supra
1026 3297 1126 3338 nos
1149 3290 1251 3348 est,
1272 3259 1516 3337 alterum
1547 3284 1692 3354 quod
1729 3301 1827 3340 nos
1851 3277 2057 3351 sanius,
2090 3259 2136 3323 Ο

474 3374 696 3428 tertium
722 3372 863 3443 quod
879 3374 1031 3445 juxta
1065 3389 1165 3430 nos
1192 3383 1305 3441 est,
1338 3384 1593 3446 quartum
1627 3379 1769 3447 quod
1800 3377 1941 3433 infra
1964 3396 2063 3435 nos

473 3472 596 3529 est;
655 3464 721 3519 de
751 3468 991 3519 secundo
1043 3471 1098 3520 et
1141 3472 1338 3536 quarto
1390 3465 1534 3521 nulla
1571 3472 1839 3538 prm‘cepta
1886 3468 2062 3524 danda

475 3563 656 3610 erant.
703 3554 1110 3623 Quantumlibet
1137 3557 1280 3612 enim
1321 3558 1484 3613 homo
1515 3558 1730 3614 excidat
1756 3573 1787 3612 a
1812 3560 2057 3626 veritate,

474 3654 723 3703 remanet
748 3646 824 3702 illi
853 3647 1074 3705 dilectio
1098 3649 1180 3705 sui
1204 3656 1259 3704 et
1284 3649 1501 3706 dilectio
1525 3651 1769 3720 corporis
1798 3652 1900 3706 sui.
1939 3671 1957 3703 ι
1999 3653 2063 3707 Ει

472 3746 597 3807 post
638 3752 831 3807 pauca.
888 3757 907 3789 ι
943 3737 1112 3794 Nemo
1149 3756 1277 3812 ergo
1327 3756 1386 3796 se
1412 3742 1545 3797 odit.
1591 3742 1657 3795 Et
1688 3744 1816 3797 hinc
1844 3744 2061 3814 quidem

474 3826 620 3880 nulla
666 3842 789 3882 cum
838 3829 1019 3898 aliqua
1069 3840 1219 3886 secta
1264 3834 1493 3903 quaestio
1549 3832 1673 3889 fuit.
1739 3834 1845 3890 Sed
1887 3850 2063 3907 neque

476 3933 674 3987 corpus
708 3934 866 3975 suum
894 3922 1179 3989 quisquam
1210 3923 1361 3989 odit;
1402 3939 1591 3979 verum
1622 3933 1707 3981 est
1728 3927 1874 3981 enim
1918 3929 2062 3997 quod

474 4008 554 4063 ait
572 4007 863 4079 Apostolus
892 4023 908 4064 :
936 4007 1106 4063 Nemo
1126 4027 1356 4083 unquam
1395 4028 1603 4068 carnem
1627 4030 1779 4069 suam
1825 4016 1945 4071 odio
1965 4018 2062 4071 Ita-

474 4098 605 4153 imit.
651 4099 720 4154 Et
769 4090 917 4170 quod
948 4098 1191 4154 nonnulli
1229 4102 1435 4169 dicunt,
1476 4104 1637 4161 malle
1685 4121 1744 4161 se
1775 4121 1896 4162 esse
1944 4107 2062 4163 sine

472 4202 721 4257 corpore,
770 4189 992 4246 omnino
1011 4188 1288 4246 falluntur.
1338 4191 1454 4250 Non
1481 4196 1627 4250 enim
1657 4213 1854 4267 corpus
1881 4215 2058 4268 suum,

472 4280 568 4335 sed
587 4282 960 4351 oorruptiones
985 4279 1102 4349 ejus
1124 4291 1178 4337 et
1205 4284 1415 4353 pondus
1443 4286 1691 4342 oderunt.
1741 4288 1858 4345 Non
1879 4292 2060 4362 itaque

474 4370 683 4425 nullum
724 4385 939 4441 corpus,
966 4373 1062 4429 sed
1089 4374 1464 4446 incorruptum
1495 4385 1551 4432 et
1575 4379 1918 4437 celerrimum
1941 4398 2061 4439 cor-

470 4473 574 4526 pus
599 4459 785 4514 volunt
823 4461 1042 4517 habere.
1091 4462 1198 4518 Sed
1247 4474 1440 4533 putant
1473 4469 1680 4526 nullum
1712 4488 1910 4543 corpus
1939 4489 2058 4531 esse

472 4547 519 4602 si
551 4548 657 4603 tale
709 4549 887 4614 fuerit,
920 4552 1048 4620 quia
1083 4553 1191 4609 tale
1215 4555 1417 4625 aliquid
1438 4573 1559 4613 esse
1584 4561 1821 4616 animam
1844 4573 2053 4633 putant.

474 4638 629 4706 Quod
655 4649 838 4696 autem
864 4615 1197 4699 continentia
1223 4615 1452 4714 quadam
1486 4657 1542 4703 et
1576 4615 2057 4724 laboribusrperse;
2080 4615 2135 4676 Β

473 4731 569 4802 qui
599 4733 851 4789 videntur
878 4749 1106 4806 corpora
1134 4753 1251 4804 sua,
1280 4741 1374 4808 qui
1401 4742 1505 4797 hoc
1528 4751 1676 4799 recte
1695 4743 1921 4812 faciunt,
1947 4764 2055 4805 non

472 4824 527 4882 id
549 4831 737 4896 agunt,
760 4832 821 4880 ut
844 4842 952 4882 non
978 4827 1211 4885 habeant
1236 4846 1450 4902 corpus,
1476 4834 1572 4888 sed
1596 4842 1656 4889 ut
1675 4836 1911 4892 habeant
1936 4840 2060 4894 sub-

467 4914 718 4987 iugatum
747 4922 803 4971 et
837 4925 1087 4987 paratum
1134 4920 1202 4976 ad
1232 4937 1401 4992 opera
1426 4926 1754 4981 necessaria.
1779 4926 2058 4987 Libidines

470 5006 618 5062 enim
652 5006 794 5063 male
815 5013 1030 5065 utentes
1051 5025 1298 5082 corpore,
1325 5014 1380 5070 id
1408 5024 1493 5072 est
1529 5021 1950 5079 consuetudines
1972 5025 2056 5079 in-

470 5096 779 5153 clinationis
792 5099 987 5155 animae
1006 5102 1075 5154 ad
1095 5100 1381 5159 fruendum
1403 5107 1750 5166 interioribus
1767 5126 1864 5182 per
1884 5114 2052 5184 ipsius

472 5188 713 5258 corporis
740 5188 1070 5247 laboriosam
1097 5195 1387 5261 quamdam
1412 5199 1672 5256 malitiam
1706 5205 2053 5273 exstinguere

469 5276 744 5334 aﬂ'ectant.
776 5278 912 5336 Nam
945 5298 1051 5337 non
1077 5298 1136 5339 se
1170 5285 1510 5354 interimunt,
1537 5301 1591 5346 et
1616 5307 1803 5348 curam
1826 5310 1935 5350 sua:
1960 5313 2053 5353 va-

469 5370 727 5429 letudinis
747 5385 963 5444 gerunt.
988 5377 1089 5447 Qui
1117 5388 1297 5434 autem
1323 5395 1578 5450 perverse
1601 5386 1656 5440 id
1685 5397 1873 5457 agunt,
1896 5393 2051 5460 quasi

469 5461 792 5518 naturaliter
816 5465 1036 5523 inimico
1073 5485 1172 5525 suo
1207 5473 1420 5542 corpori
1460 5472 1660 5529 bellum
1688 5476 1958 5548 ingerunt.
1991 5482 2049 5537 In

470 5568 580 5623 quo
604 5552 744 5611 fallit
769 5571 865 5615 eos
888 5563 1030 5630 quod
1056 5563 1244 5635 legunt
1266 5581 1280 5620 :
1306 5563 1444 5619 Caro
1467 5569 1781 5639 concupiscit
1807 5572 2054 5631 adversus

468 5646 733 5716 spiritum,
767 5660 814 5706 et
850 5656 1067 5725 spiritus
1105 5659 1355 5713 adversus
1380 5676 1589 5715 carnem
1611 5679 1631 5729 ;
1657 5664 1767 5719 hinc
1795 5666 1934 5720 enim
1971 5669 2052 5723 in-

470 5839 693 5905 propter
718 5834 1037 5907 indomitam
1061 5841 1333 5898 carnalem
1359 5849 1821 5920 consuetudinem,
1857 5853 2048 5913 adver-

2167 2005 2467 2061 suetudinis
2495 2007 2649 2075 quasi
2680 2010 2839 2077 pacta
2885 2022 3161 2078 perversa,
3190 2017 3247 2066 et
3283 2011 3377 2066 fiat
3401 2028 3508 2083 pax
3532 2028 3758 2070 consue-

2165 2094 2369 2149 tudinis
2410 2096 2583 2151 bonae.
2617 2118 2636 2149 ι
2698 2094 2764 2153 Et
2794 2099 2953 2155 infra.
3011 2120 3029 2154 ι
3064 2102 3277 2174 Diliges,
3314 2106 3514 2175 inquit,
3569 2107 3753 2161 Domi-

2168 2200 2289 2239 num
2320 2185 2486 2240 Deum
2515 2197 2659 2241 tuum
2699 2206 2764 2243 ea:
2782 2199 2889 2245 toto
2911 2194 3066 2246 corde
3092 2203 3203 2261 tuo,
3248 2205 3296 2250 et
3321 2212 3386 2250 ea:
3424 2204 3536 2251 tota
3577 2199 3753 2251 animo

2167 2285 2280 2341 tua,
2308 2286 2354 2331 et
2382 2294 2446 2331 ea:
2474 2287 2583 2333 toto
2614 2290 2783 2335 mente
2812 2291 2921 2347 tua,
2978 2294 3026 2338 et
3052 2284 3236 2356 diliges
3261 2288 3561 2358 prox-imum
3586 2296 3753 2355 tuum,

2166 2379 2415 2447 tanquam
2442 2380 2490 2427 te
2509 2372 2702 2443 ipsum.
2757 2371 2825 2428 In
2858 2376 2941 2432 his
2983 2376 3187 2434 duobus
3225 2380 3495 2452 praeceptis
3521 2388 3632 2436 tota
3676 2380 3757 2437 lea:

2164 2465 2349 2534 pendet
2377 2474 2425 2519 et
2459 2482 2636 2521 omnes
2679 2467 2961 2539 prophetia.
2998 2468 3152 2527 Finis
3193 2471 3373 2542 itaque
3396 2476 3756 2546 prrecepticst

2167 2555 2403 2623 dilectio,
2436 2563 2491 2612 et
2515 2573 2579 2613 ea
2615 2559 2826 2629 gemina
2847 2601 2861 2625 ,
2901 2560 2953 2614 id
2982 2569 3066 2617 est
3093 2560 3188 2617 Dei
3219 2570 3273 2617 et
3297 2563 3552 2635 proximi.
3605 2564 3755 2630 Quod

2167 2645 2212 2700 si
2241 2653 2292 2700 te
2322 2654 2491 2702 totum
2525 2650 2814 2723 intelligas,
2865 2652 2919 2707 id
2950 2660 3035 2709 est
3080 2655 3317 2711 animum
3365 2665 3420 2713 et
3443 2672 3671 2729 corpus,
3706 2667 3758 2715 ει

2165 2741 2493 2810 proximum,
2551 2742 2603 2796 id
2650 2750 2734 2798 est
2764 2745 2999 2800 animam
3041 2754 3097 2802 et
3143 2751 3339 2819 corpus
3381 2747 3518 2817 ejus,
3576 2748 3754 2822 (homo

2166 2829 2310 2884 enim
2341 2846 2408 2886 ex
2437 2832 2617 2888 anima
2638 2842 2852 2890 constat
2873 2842 2928 2891 ει
2948 2837 3198 2912 corpore)
3230 2837 3436 2894 nullum
3462 2854 3647 2896 rerum
3678 2839 3754 2896 di—

2166 2920 2501 2992 ligendarum
2539 2939 2710 2995 genus
2761 2927 2816 2981 in
2856 2928 2942 2985 his
2970 2930 3179 2986 duobus
3208 2933 3501 3002 praeceptis
3526 2942 3750 3004 practer-

2164 3016 2388 3071 missum
2415 3025 2517 3072 εει.
2563 3017 2699 3074 Cum
2724 3020 2868 3075 enim
2898 3031 3199 3092 praecurrat
3226 3025 3440 3081 dilectio
3470 3025 3591 3092 Dei,
3619 3027 3752 3096 ejus-

2166 3123 2271 3177 que
2297 3109 2602 3166 dilectionis
2644 3112 2837 3167 modus
2880 3116 3229 3186 przescriptus
3275 3126 3555 3189 appareat,
3599 3120 3671 3173 ita
3698 3126 3751 3175 ut

2166 3208 2360 3257 caetera
2399 3203 2454 3257 in
2484 3203 2634 3258 illum
2676 3204 2946 3261 conﬂuant
2971 3207 3038 3263 de
3072 3207 3359 3267 dilectione
3393 3218 3486 3266 tua
3515 3213 3650 3267 nihil
3676 3214 3750 3267 di-

2166 3296 2311 3347 ctum
2333 3294 2565 3349 videtur.
2600 3294 2706 3351 Sed
2732 3311 2857 3352 cum
2885 3298 3085 3354 dictum
3118 3308 3221 3367 est,
3250 3301 3436 3374 diliges
3456 3306 3745 3374 proximum

2165 3392 2589 3456 tuum-tanquam
2620 3394 2669 3442 te
2692 3387 2862 3460 ipsum
2884 3430 2899 3455 ,
2933 3390 3089 3447 simul
3118 3398 3172 3448 et
3215 3394 3291 3448 tui
3321 3395 3418 3450 abs
3456 3404 3510 3451 te
3538 3394 3749 3451 dilectio

2164 3486 2271 3527 non
2298 3476 2659 3543 prmtermissa
2706 3486 2807 3534 est.
2846 3479 2941 3535 Ille
2986 3491 3165 3538 autem
3201 3482 3345 3555 juste
3373 3492 3428 3540 et
3462 3494 3649 3542 sancte
3673 3486 3747 3542 ri-

2164 3565 2241 3620 vit
2267 3568 2357 3635 qui
2388 3582 2567 3626 rarum
2598 3569 2809 3642 integer
2830 3571 3128 3631 aestimator
3151 3586 3273 3634 est:
3302 3579 3417 3649 ipse
3454 3589 3539 3636 est
3572 3586 3743 3638 autem

2164 3660 2253 3728 qui
2282 3660 2585 3716 ordinatam
2609 3663 2775 3720 habet
2796 3664 3166 3737 dilectionem,
3195 3685 3264 3726 ne
3291 3678 3386 3726 aut
3404 3672 3596 3745 diligat
3615 3668 3747 3745 quod

2162 3766 2271 3806 non
2292 3760 2378 3807 est
2405 3753 2758 3826 diligendum,
2790 3766 2882 3812 aut
2910 3774 3018 3815 non
3043 3759 3228 3833 diligat
3251 3763 3394 3833 quod
3423 3765 3744 3837 diligendum

2162 3852 2268 3910 est,
2298 3853 2392 3900 aut
2432 3848 2662 3919 amplius
2686 3848 2875 3922 diligat
2901 3852 3044 3923 quod
3088 3848 3268 3912 minus
3293 3852 3622 3927 diligendum
3644 3869 3742 3925 est,

2162 3945 2256 3991 aut
2299 3952 2450 4008 reque
2498 3938 2685 4011 diligat
2716 3942 2860 4012 quod
2890 3946 2975 3999 vel
3006 3946 3184 4003 minus
3221 3947 3305 4003 vel
3354 3940 3588 4021 amplius
3629 3952 3743 4007 dili-

2162 4031 2394 4103 gendum
2425 4042 2529 4100 est,
2560 4044 2655 4090 aut
2678 4034 2858 4091 minus
2894 4037 2978 4093 vel
3014 4038 3246 4111 amplius
3272 4043 3415 4113 quod
3445 4058 3599 4114 teque
3633 4042 3744 4099 dili-

2162 4124 2391 4195 gendum
2428 4132 2529 4181 est.
2583 4125 2772 4183 Omnis
2806 4138 3061 4205 peccator
3103 4134 3155 4188 in
3203 4144 3462 4204 quantum
3499 4144 3745 4206 peccator

2160 4223 2243 4270 est
2281 4228 2387 4269 non
2423 4226 2505 4272 est
2540 4218 2881 4291 diligendus;
2915 4226 2969 4277 et
2996 4222 3174 4280 omnis
3209 4224 3371 4283 ltomo
3404 4229 3459 4283 in
3488 4239 3743 4298 quantum

2161 4306 2322 4362 homo
2351 4317 2456 4374 est,
2488 4310 2788 4380 diligendus
2823 4320 2925 4379 est,
2964 4323 3187 4387 propter
3211 4312 3405 4387 Deum,
3452 4320 3598 4377 Deus
3626 4337 3745 4377 vero

2158 4405 2381 4469 propter
2405 4401 2661 4471 seipsum.
2707 4403 2775 4459 Et
2798 4406 2842 4460 si
2889 4400 3035 4464 Deus
3064 4410 3213 4466 omni
3245 4413 3466 4470 homine
3521 4416 3745 4487 amplius

2160 4488 2464 4560 diligendus
2493 4499 2613 4558 εει,
2676 4495 2906 4565 amplius
2937 4499 3166 4570 quisque
3190 4498 3193 4505 “
3214 4498 3385 4558 Deum
3439 4494 3601 4561 debet
3632 4506 3745 4562 dili-

2158 4578 2287 4649 gere
2328 4594 2489 4649 quam
2520 4584 2775 4653 seipsum.
2832 4586 2966 4643 Item
3016 4590 3244 4662 amplius
3272 4592 3413 4650 alius
3438 4595 3606 4651 homo
3633 4596 3745 4653 dili-

2159 4670 2364 4741 gendus
2390 4679 2475 4725 est
2501 4687 2663 4741 quam
2687 4688 2885 4746 corpus
2908 4687 3173 4749 nostrum,
3199 4684 3323 4752 quia
3344 4686 3746 4761 propterDeum

2157 4764 2337 4818 omnia
2366 4764 2470 4819 ista
2503 4764 2776 4838 diligenda
2803 4780 2964 4840 sunt,
3010 4783 3063 4830 et
3090 4782 3270 4846 potest
3298 4778 3583 4836 nobiseum
3614 4783 3746 4839 alius

2156 4855 2319 4911 homo
2336 4856 2662 4927 Deoperfrui
2679 4862 2823 4929 quod
2848 4878 2955 4917 non
2978 4872 3157 4935 potest
3177 4881 3394 4938 corpus,
3413 4871 3539 4940 quia
3554 4887 3746 4944 corpus

2154 4958 2253 5014 per
2294 4946 2532 5000 animam
2560 4948 2695 5002 vivit
2742 4960 2869 5020 qua;
2890 4951 3126 5008 fruimur
3151 4954 3278 5012 Deo.
3334 4957 3537 5015 Omnes
3565 4970 3745 5018 autem

2156 5052 2310 5107 atque
2329 5039 2583 5110 diligendi
2615 5050 2762 5102 sunt.
2811 5040 2916 5098 Sed
2937 5058 3060 5099 cum
3083 5048 3337 5104 omnibus
3359 5046 3621 5120 prodesse
3641 5067 3746 5107 non

2156 5130 2350 5198 possis,
2369 5130 2454 5184 his
2467 5132 2807 5200 potissimum
2832 5136 3220 5192 consulendum
3246 5148 3349 5207 εει,
3368 5142 3458 5211 qui
3484 5158 3586 5213 pro
3608 5143 3746 5199 loco-

2157 5233 2277 5272 rum
2291 5226 2345 5274 et
2359 5228 2685 5291 temporum,
2700 5222 2786 5278 vel
2800 5227 3161 5294 quarumlibet
3174 5243 3357 5285 rerum
3370 5234 3747 5303 opportunita-

2158 5310 2303 5366 tibus
2314 5315 2665 5370 constrictius
2684 5316 2780 5371 tibi
2802 5320 2957 5387 quasi
2973 5321 3205 5389 quadam
3220 5330 3368 5379 sorte
3382 5325 3704 5397 junguntur.
3719 5345 3738 5380 ι

2230 5402 2295 5456 Et
2318 5412 2441 5472 post
2476 5405 2621 5459 alia:
2675 5422 2695 5459 α
2726 5406 2980 5464 Omnium
3006 5418 3188 5467 autem
3215 5416 3304 5484 qui
3329 5416 3615 5474 nobiscum
3637 5416 3743 5473 frui

2153 5504 2381 5563 possunt
2406 5497 2533 5564 Deo,
2563 5497 2772 5568 aliquos
2797 5501 3072 5571 diligimus
3093 5514 3233 5573 quos
3254 5506 3361 5576 "ipsi
3402 5508 3742 5579 adjuvamus,

2152 5588 2353 5656 partim
2380 5603 2473 5643 eos
2501 5606 2531 5644 a
2576 5592 2774 5661 quibus
2803 5591 3121 5661 adiuvamur
3139 5637 3154 5661 ,
3201 5600 3401 5667 partim
3427 5610 3658 5671 quorum
3686 5605 3743 5656 et

2149 5676 2454 5749 indigemus
2479 5682 2770 5752 adiutorio,
2798 5692 2857 5740 et
2882 5686 3193 5759 indigentiae
3218 5692 3585 5759 subveniinus,
3616 5704 3743 5765 pars

394 5808 412 5820 ἦ
470 5737 631 5791 uicem
661 5742 1003 5799 adversantur
1029 5745 1170 5818 (Gal.
1202 5765 1255 5815 v,
1288 5749 1396 5824 I7).
1424 5750 1637 5809 Dictum
1660 5765 1744 5812 est
1777 5759 1921 5814 enim
1948 5759 2050 5816 hoc
2148 5767 2248 5822 tim

2290 5771 2487 5840 quibus
2523 5790 2625 5829 nec
2669 5775 2770 5845 ipsi
2806 5776 3140 5837 conferimus
3187 5783 3395 5853 aliquid
3444 5781 3737 5862 comitiali,

2148 5872 2255 5917 nec
2277 5862 2346 5918 ab
2373 5864 2454 5921 eis
2481 5874 2546 5921 ut
2576 5868 2735 5925 nobis
2754 5868 3071 5927 conferatur
3093 5872 3440 5932 attendimus.
3477 5876 3627 5933 Velle
3648 5882 3735 5932 ts-
