4006 6442
1207 386 1334 443 LIB.
1376 384 1750 449 ADVERSUS
1789 384 2149 451 οιΑυιιιωι
2182 393 2465 454 TAURIN.

3374 401 3479 460 502

227 523 343 571 men
367 503 616 560 debemus
669 514 729 560 ut
773 516 963 563 omnes
990 506 1288 564 ~nobiseum
1334 507 1562 577 diligant
1589 509 1778 573 Deum,
1810 513 1862 573 Α
1885 512 2216 579 Augustinus
2241 509 2295 568 in
2319 511 2460 570 libro
2488 527 2626 580 xxn,
2653 512 2720 570 de
2748 511 2982 573 Clvitate
3002 511 3097 574 Dei
3125 518 3313 584 refert,
3342 519 3478 581 satis

225 605 277 656 et
302 605 463 654 totum
488 595 630 665 quod
657 609 751 652 eos
780 599 864 652 vel
889 598 1230 669 adjWamus,
1261 599 1344 652 vel
1373 599 1694 669 adjuvamut‘
1718 601 1785 656 ab

223 693 314 758 eis,
339 691 403 745 ad
430 701 593 744 unum
622 688 772 743 illum
799 690 960 744 tinem
985 689 1330 744 referendum
1353 699 1456 744 est.
1481 709 1498 742 ο
1530 689 1586 744 Si
1603 699 1782 745 autem

222 781 534 852 Augustinus
579 788 890 834 sanctorum
935 780 1230 834 memorias
1255 817 1269 845 ,
1309 781 1574 836 orationis
1621 793 1783 836 causa

220 888 320 930 non
363 885 479 926 esse
523 871 820 926 censuisset
869 872 1228 942 appetendos,
1285 873 1354 927 ob
1401 873 1504 927 hoc
1537 872 1786 940 videlicet

159 985 162 989 ι
219 962 348 1033 quod
377 961 517 1016 nulla
553 962 752 1016 ibidem
787 963 1058 1032 copiosius
1105 961 1191 1017 vel
1235 964 1557 1032 praesentius
1593 955 1781 1019 eorum

217 1055 411 1109 meritis
439 1069 472 1107 a
495 1054 604 1110 Deo
629 1053 883 1125 suffragia
910 1055 1340 1125 snpplicantibus
1365 1066 1779 1126 praeStarentur,

215 1145 395 1201 mirum
420 1145 634 1199 videtur
661 1160 760 1200 cur
787 1153 968 1200 tantus
999 1155 1053 1202 et
1087 1148 1210 1201 talis
1241 1155 1432 1203 auctor
1459 1157 1567 1203 tam
1592 1151 1782 1205 doctus

213 1245 266 1290 et
284 1251 437 1290 verax
468 1237 524 1290 in
546 1238 758 1292 caeteris
793 1239 906 1292 suis
933 1239 1088 1294 libris
1116 1235 1296 1294 omnia
1330 1242 1547 1296 sibimet
1569 1249 1782 1298 contra-

213 1327 287 1382 ria
311 1327 502 1382 docere
535 1337 591 1383 et
621 1329 949 1384 continuare
980 1343 1087 1386 non
1126 1333 1444 1400 erubuerit,
1475 1335 1607 1390 dicit
1636 1336 1780 1391 enim

211 1417 262 1472 in
287 1416 416 1472 libro
441 1419 510 1474 de
534 1419 672 1475 Cura
707 1433 804 1491 pro
828 1423 1058 1478 mortuis
1092 1425 1350 1490 gerenda,
1399 1428 1466 1481 ad
1496 1428 1779 1484 Paulinum

209 1508 543 1578 cpiscOpum:
592 1529 612 1562 ι
644 1512 749 1567 Alii
781 1519 908 1568 sunt
930 1515 1288 1571 humanarum
1326 1518 1525 1574 limites
1575 1535 1778 1587 rerum,

207 1595 300 1651 alia
325 1598 625 1656 divinarum
656 1603 809 1674 signa
838 1605 1120 1661 virtutum.
1171 1607 1290 1661 Alia
1323 1607 1450 1663 sunt
1474 1625 1595 1680 quae
1623 1621 1780 1667 natu-

205 1688 399 1756 raliter,
447 1693 552 1748 alia
589 1707 712 1765 quae
740 1697 1068 1753 mirabiliter
1094 1698 1266 1755 tiunt:
1319 1703 1567 1772 quamvis
1593 1713 1650 1759 et
1685 1719 1778 1760 na-

204 1788 328 1840 tura)
353 1784 494 1840 Deus
521 1787 687 1854 adsit,
741 1798 800 1845 et
821 1792 1098 1846 miraculis
1123 1790 1315 1848 natura
1345 1811 1450 1850 non
1473 1797 1629 1852 desit.
1659 1797 1776 1854 Non

1887 611 2130 670 apparet,
2168 604 2292 658 dum
2319 603 2435 672 ejus
2455 601 2711 662 Claudius
2739 621 2892 663 suam
2917 609 3242 668 anetoritate
3269 619 3475 672 sectam

1862 690 2118 750 'mstimet
2145 709 2303 765 posse
2332 710 2450 752 esse
2473 695 2768 764 suffultam,
2801 695 2953 767 cujus
2979 699 3144 756 verba
3170 709 3299 758 sunt
3324 701 3472 761 haec:

1893 797 1912 834 ι
1932 786 2350 844 Virtribunitins
2365 789 2655 860 Hesperius
2670 789 2811 862 apud
2831 803 2932 846 nos
2953 790 3057 846 est.
3087 786 3261 849 liabet
3287 793 3341 849 in
3370 801 3476 851 ter-

1883 875 2078 932 ritorio
2092 879 2402 935 Fussalensi
2431 879 2653 936 fundum
2678 880 2769 952 qui
2800 880 2986 938 Zubeli
3015 882 3331 953 appellatur.
3366 881 3469 942 Ubi

1883 979 2007 1020 cum
2037 967 2322 1026 aillictioue
2369 969 2682 1027 animalium
2705 980 2762 1028 et
2800 971 3079 1030 scrvorum
3110 985 3332 1030 suorum
3367 971 3466 1032 do-

1881 1073 2033 1114 mum
2071 1077 2224 1116 suam
2255 1065 2541 1135 Splrlluum
2567 1063 2924 1141 malignorum
2948 1067 3059 1123 vim
3100 1068 3315 1124 noxiam
3344 1085 3467 1141 per-

1880 1153 1995 1221 peti
2017 1155 2390 1222 comperisset,
2434 1157 2641 1229 acceplt
2670 1157 2738 1214 ab
2767 1160 2940 1214 amico
2978 1175 3076 1217 suo
3109 1161 3309 1216 terram
3339 1173 3466 1216 san-

1882 1251 2028 1298 ctam
2048 1242 2125 1300 'de
2147 1243 2533 1319 Hierosolymis
2556 1248 2769 1305 allatam
2793 1293 2806 1317 ,
2834 1247 2923 1306 ubi
2955 1249 3194 1321 sepultus
3219 1250 3464 1307 Christus

1883 1329 1970 1390 die
1996 1338 2156 1392 tertio
2195 1339 2523 1406 resurrexit,
2563 1355 2791 1411 eamque
2821 1339 3174 1411 suspenderat
3214 1341 3268 1396 in
3309 1339 3463 1397 cubi-

1881 1427 2006 1482 culo
2052 1442 2170 1494 suo,
2229 1444 2298 1484 ne
2337 1431 2466 1501 quid
2509 1431 2636 1486 mali
2683 1433 2847 1487 etiam
2895 1433 3009 1504 ipse
3042 1437 3340 1504 pateretur.
3385 1431 3464 1488 Ex

1881 1528 2010 1574 tunc
2062 1523 2253 1576 domus
2296 1522 2413 1590 ejus
2442 1525 2510 1579 ab
2547 1523 2636 1579 illa
2687 1524 3037 1581 infestatione
3081 1531 3310 1596 purgata
3359 1531 3460 1590 est,

1881 1611 2011 1680 quid
2041 1613 2106 1666 de
2149 1613 2239 1668 illa
2276 1619 2419 1669 terra
2470 1615 2626 1670 ﬁeret
2651 1616 2942 1688 cogitabat,
2971 1623 3151 1685 quam
3180 1616 3382 1671 diutius
3408 1615 3465 1670 in

1881 1702 2128 1758 cubiculo
2152 1717 2251 1760 suo
2282 1708 2596 1762 reverentiae
2615 1719 2779 1764 causa
2809 1707 3008 1764 habere
3035 1708 3269 1764 nolebat.
3300 1708 3466 1764 Forte

1881 1791 2080 1846 accidit
2111 1804 2169 1848 ut
2197 1810 2296 1866 ego
2343 1804 2399 1850 et
2421 1796 2627 1867 collega
2653 1803 2783 1853 tunc
2807 1812 2961 1853 meus
2995 1797 3278 1868 episcopus
3321 1795 3466 1852 Sini-

201 1874 352 1946 igitur
395 1879 523 1935 ideo
547 1884 842 1950 putandum
870 1893 952 1940 est
976 1887 1220 1941 vivorum
1265 1887 1589 1957 quibuslibet
1617 1893 1769 1949 rebus

1881 1885 2061 1939 censis
2088 1884 2344 1940 Ecclesia:
2384 1886 2706 1942 Maximinus
2752 1887 2806 1942 in
2831 1889 3077 1957 proximo
3099 1901 3361 1951 essemus,
3404 1896 3466 1942 ut

199 1965 453 2026 interesse
500 1983 658 2042 posse
678 1975 990 2042 defunctos,
1039 1979 1292 2047 quoniam
1339 1982 1660 2052 quibusdam
1688 1999 1776 2042 sa-

197 2065 378 2121 nandis
411 2068 497 2122 vel
519 2070 839 2141 adiuvandis
859 2081 1124 2146 martyres
1151 2077 1345 2132 adsunt
1371 2091 1386 2132 :
1417 2079 1511 2134 sed
1539 2078 1660 2137 ideo
1683 2093 1775 2153 po-

197 2157 290 2212 tius
316 2159 726 2232 inteiligendum
755 2172 840 2220 est
870 2169 1013 2235 quod
1059 2183 1159 2238 per
1203 2169 1440 2225 divinam
1471 2174 1769 2241 potentiam

193 2255 447 2320 martyres
480 2252 727 2308 vivorum
764 2253 934 2312 rebus
951 2256 1254 2326 intersunt;
1297 2263 1554 2331 quoniam
1585 2265 1773 2321 defun-

191 2338 254 2393 cti
285 2355 378 2410 per
406 2350 665 2399 naturam
691 2339 966 2417 propriam
1015 2351 1258 2406 vivorum
1302 2354 1465 2410 rebus
1505 2353 1772 2413 interesse

190 2444 285 2486 non
310 2444 560 2502 possunt.
611 2437 934 2509 Quanquam
987 2442 1090 2497 ista
1119 2446 1347 2514 quiestio
1382 2448 1529 2502 vires
1574 2449 1771 2503 intelli-

189 2524 368 2594 gentia:
396 2541 542 2584 mea:
567 2529 754 2598 vineit,
783 2535 1235 2604 quemadmodum
1275 2539 1606 2609 opitulentur
1628 2558 1771 2597 mar-

190 2621 323 2685 tyres
355 2617 438 2674 bis
468 2633 616 2689 quos
659 2634 761 2692 per
787 2637 881 2680 eos
906 2636 1112 2681 certum
1142 2634 1228 2682 est
1269 2629 1510 2698 adjuvari
1541 2649 1553 2685 :
1587 2641 1767 2686 utrum

189 2707 280 2777 ipsi
323 2725 416 2782 per
443 2714 667 2783 seipsos
700 2716 907 2784 adsint,
936 2733 1044 2774 uno
1083 2727 1347 2789 tempore,
1397 2727 1504 2776 tam
1537 2724 1767 2782 diversis

187 2794 342 2867 locis,
371 2809 428 2858 et
450 2811 614 2860 tanta
637 2806 781 2863 inter
808 2822 866 2863 se
901 2808 1295 2881 longinquitate
1337 2805 1605 2879 discretis,
1654 2816 1768 2872 sive

189 2889 272 2946 ubi
299 2902 634 2952 sunteorum
655 2901 952 2968 memoriae,
975 2902 1090 2957 sive
1102 2911 1299 2972 prater
1321 2918 1450 2959 suas
1475 2909 1768 2964 memorias

187 2980 484 3056 ubicunque
529 2989 721 3046 adesse
755 2993 1102 3060 sentiuntur;
1154 3007 1222 3048 an
1250 2996 1380 3065 ipsis
1410 2997 1463 3051 in
1508 2997 1626 3054 loco
1653 3001 1765 3056 suis

187 3075 382 3132 meritis
409 3091 676 3151 congruo,
709 3081 778 3135 ab
819 3083 964 3136 omni
995 3084 1306 3139 mortalium
1347 3091 1766 3146 conversatione

187 3169 419 3235 semotis,
468 3179 530 3226 et
556 3179 737 3226 tamen
766 3173 911 3229 Deus
953 3175 1297 3246 omnipotens
1323 3179 1417 3248 qui
1449 3189 1531 3236 est
1557 3182 1762 3253 ubique

187 3267 433 3327 praesens,
472 3275 580 3319 nec
617 3273 904 3321 concretus
930 3267 1086 3322 nobis
1113 3257 1215 3323 nec
1239 3231 1481 3326 remotus
1508 3287 1538 3326 a
1578 3231 1751 3339 nobis,
1789 3231 1836 3303 Ο

186 3352 473 3410 exaudiens
499 3365 800 3429 martyrum
825 3374 1036 3429 preces,
1062 3375 1158 3430 per
1187 3363 1432 3431 angelica
1461 3364 1762 3419 ministeria

184 3455 566 3518 usquequaque
600 3449 791 3514 diliusa
811 3483 828 3516 ,
870 3451 1106 3521 prebeat
1146 3453 1455 3508 hominibus
1489 3454 1593 3508 ista
1618 3455 1761 3508 sola-

182 3536 274 3602 tia,
300 3541 502 3608 quibus
531 3541 586 3596 in
631 3540 791 3610 huius
820 3543 944 3598 vitae
979 3545 1199 3601 miseria
1234 3543 1446 3613 iudicat
1483 3559 1602 3600 esse
1625 3561 1763 3615 prae-

176 3626 386 3692 benda;
412 3639 470 3684 et
493 3645 711 3687 suorum
731 3633 923 3688 merita
943 3645 1245 3705 martyrum
1266 3637 1359 3690 ubi
1380 3635 1515 3699 vult,
1547 3636 1765 3706 quando

173 3716 306 3782 vult,
346 3721 620 3786 quomodo
649 3721 787 3788 vult,
841 3723 1184 3794 maximeque
1211 3739 1306 3793 per
1342 3741 1531 3780 eorum
1561 3716 1766 3780 memo-

177 3807 301 3868 rias,
349 3810 610 3876 quoniam
639 3811 747 3867 hoc
770 3813 920 3867 novit
944 3814 1196 3884 expedire
1224 3815 1376 3869 nobis
1405 3814 1470 3868 ad
1496 3815 1764 3869 aediﬁcan-

180 3893 296 3951 dam
344 3897 510 3954 ﬁdem
541 3899 784 3967 Christi,
829 3917 926 3971 pro
955 3901 1109 3970 cujus
1155 3903 1228 3956 illi
1257 3903 1601 3959 confessione
1639 3914 1765 3959 sunt

181 3986 340 4055 passi,
390 3987 626 4045 mirabili
664 3998 828 4060 atque
850 3991 1106 4046 ineffabili
1135 4001 1403 4062 potestate
1430 4009 1496 4050 ac
1521 3996 1762 4050 bonitate

185 4081 520 4138 commendet
545 4099 559 4136 :
594 4097 682 4138 res
707 4089 793 4139 est
813 4083 930 4140 haec
954 4083 1132 4151 altior,
1159 4101 1320 4156 quam
1353 4095 1411 4140 ut
1436 4101 1465 4140 a
1490 4102 1574 4141 me
1592 4090 1763 4156 possit

186 4171 387 4242 attingi,
411 4181 469 4228 et
503 4175 805 4230 abstrusior
839 4191 1000 4245 quam
1033 4184 1092 4231 ut
1121 4193 1152 4232 a
1175 4193 1260 4232 me
1308 4179 1485 4232 valeat
1511 4195 1763 4248 perscru-

187 4262 302 4316 tari.
334 4261 398 4317 Et
424 4263 551 4320 ideo
575 4265 704 4335 quid
731 4265 926 4322 borum
951 4267 1178 4322 duorum
1206 4269 1295 4332 sit,
1323 4280 1392 4322 an
1417 4284 1549 4324 vero
1569 4268 1764 4324 fortas-

189 4354 258 4410 sis
296 4350 586 4429 utrumque
621 4360 710 4425 sit,
744 4367 806 4414 ut
849 4359 1140 4430 aliquando
1171 4361 1274 4416 ista
1301 4361 1434 4416 fiant
1465 4377 1564 4432 per
1593 4363 1762 4433 ipsam

187 4451 524 4514 praesentiam
553 4459 873 4521 martyrum,
901 4451 1194 4520 aliquando
1222 4467 1319 4522 per
1341 4453 1562 4523 angelos
1591 4453 1764 4508 susci-

187 4539 381 4608 pientes
427 4558 719 4613 personam
766 4553 1088 4614 martyrum,
1138 4544 1362 4602 deiinire
1405 4560 1513 4599 non
1548 4546 1756 4602 audeo:

189 4629 388 4687 mallem
416 4649 446 4688 a
499 4634 796 4689 scientibus
844 4636 948 4690 ista
1000 4637 1335 4706 perquirere.
1390 4636 1575 4707 Neque
1614 4640 1792 4695 enim'

188 4733 331 4779 nemo
357 4735 438 4781 est
475 4727 575 4797 qui
603 4728 719 4783 bmc
745 4729 906 4794 sciat,
934 4731 1038 4786 nec
1061 4731 1154 4800 qui
1179 4732 1282 4786 sibi
1317 4733 1458 4788 scire
1491 4733 1757 4799 videatur,

189 4820 237 4867 et
261 4817 476 4872 nesciat.
513 4817 660 4874 Dona
684 4819 828 4874 enim
852 4820 946 4876 Dei
975 4829 1122 4887 sunt,
1162 4823 1248 4877 his
1271 4823 1395 4888 alia,
1425 4833 1480 4880 et
1517 4825 1624 4880 illis
1651 4826 1757 4880 alia

191 4898 468 4975 largientis,
505 4909 801 4964 secundum
837 4909 1152 4979 Apostolum
1181 4913 1274 4982 qui
1303 4914 1434 4970 dicit
1469 4915 1758 4986 unicuique

193 4995 294 5053 dari
321 5001 812 5060 manifestationem
842 5003 1066 5072 spiritus
1093 5003 1160 5058 ad
1201 5004 1504 5059 utilitatem.
1541 5025 1561 5057 ι
1594 5006 1761 5077 Cujus

191 5093 347 5158 gratia
377 5095 675 5159 revelante,
707 5094 1064 5166 Hieronymus
1100 5097 1302 5151 certius
1347 5097 1412 5152 de
1443 5097 1546 5152 bac
1571 5098 1764 5154 dilliui-

193 5180 262 5234 vit
285 5186 515 5252 ratione,
541 5187 850 5256 etprimens
870 5186 1015 5241 illam
1039 5187 1387 5257 Apocalypsis
1416 5190 1758 5255 sententiam,

196 5265 287 5325 hoc
311 5283 426 5328 est:
477 5275 785 5346 Sequuntur
810 5293 1002 5345 agnum
1027 5293 1350 5346 quocumque
1396 5279 1537 5332 vadit
1573 5280 1757 5351 (Apoc.

196 5373 294 5425 xw,
319 5362 414 5435 4);
453 5368 501 5420 si
540 5381 710 5436 agnus
761 5367 977 5435 ubique,
1008 5381 1140 5436 ergo
1179 5375 1234 5420 et
1253 5367 1309 5421 hi
1350 5369 1443 5437 qui
1479 5384 1601 5424 cum
1623 5385 1762 5438 agno

194 5459 328 5518 sunt,
369 5455 570 5525 ubique
595 5471 715 5511 esse
753 5455 1011 5512 credendi
1039 5462 1184 5510 sunt.
1226 5475 1244 5507 ι
1284 5456 1456 5522 Quam
1488 5473 1615 5528 ergo
1641 5475 1759 5515 ma-

196 5553 290 5609 gna
330 5552 384 5599 et
411 5560 548 5615 pene
597 5546 1010 5601 innumerabilia
1057 5546 1442 5604 miraculorum
1486 5550 1656 5621 signa,
1706 5560 1760 5606 et

197 5627 504 5692 inexhausta
545 5654 832 5709 corporum
860 5638 1270 5708 animarumque
1296 5640 1532 5694 remedia
1555 5641 1620 5695 ad
1650 5657 1760 5696 me-

196 5729 385 5784 morias
412 5741 732 5805 martyrum,
777 5734 956 5790 divina
981 5749 1080 5804 per
1113 5748 1301 5789 eorum
1325 5735 1599 5791 orationes
1626 5752 1754 5806 ope—

196 5825 340 5876 rante
369 5837 552 5893 manu,
601 5826 839 5898 quotidie
864 5825 1033 5893 ﬁunt,
1073 5840 1141 5882 ex
1185 5824 1375 5894 paucis
1401 5840 1521 5896 qua:
1542 5836 1758 5886 sanctus

1879 1975 2186 2031 veniremus
2211 1978 2439 2046 rogavit,
2471 1986 2526 2031 et
2545 1979 2812 2032 venimus.
2841 1977 3084 2048 Cumque
3104 1979 3260 2034 nobis
3281 1979 3464 2034 omnia

1874 2065 2166 2132 retulisset,
2200 2069 2361 2123 etiam
2404 2067 2506 2124 hoc
2530 2067 2744 2138 petivit,
2777 2076 2836 2123 ut
2871 2067 3210 2124 infoderetur
3238 2069 3458 2136 alicubi,

1874 2163 2040 2225 atque
2072 2156 2145 2213 ibi
2190 2159 2498 2214 orationum
2546 2159 2697 2214 locus
2742 2158 2915 2225 ﬂeret,
2969 2159 3062 2214 ubi
3106 2160 3271 2215 etiam
3305 2159 3465 2216 Chri-

1873 2247 2037 2303 stiani
2091 2259 2314 2320 possent
2361 2251 2430 2305 ad
2473 2249 2798 2306 celebranda
2841 2263 2960 2320 quae
3021 2249 3118 2304 Dei
3159 2257 3285 2304 sunt
3311 2248 3465 2305 onn-

1872 2341 2108 2411 gregari.
2171 2341 2288 2398 Non
2347 2341 2700 2398 dissensimus
2726 2379 2742 2407 ,
2799 2341 3004 2397 factum
3052 2348 3157 2396 est.
3211 2341 3344 2396 Erat
3391 2342 3463 2397 ibi

1865 2431 2083 2502 juvenis
2146 2434 2482 2504 paralyticus
2543 2434 2849 2489 rusticanus
2874 2473 2890 2500 ,
2933 2432 3049 2502 qui,
3104 2433 3210 2488 hoc
3254 2434 3457 2500 audito,

1871 2524 2065 2594 petivit
2111 2538 2142 2576 a
2194 2525 2509 2593 parentibus
2562 2524 2675 2578 suis
2718 2531 2781 2577 ut
2823 2523 2976 2578 illum
3021 2522 3087 2578 ad
3132 2539 3256 2580 eum
3285 2523 3461 2578 locum

1871 2627 2122 2672 sanctum
2166 2628 2274 2672 non
2313 2624 2638 2671 cunctanter
2684 2615 2958 2671 ail‘errent.
3007 2615 3126 2684 Quo
3171 2631 3294 2672 cum
3331 2615 3464 2671 fuis-

1870 2718 1957 2765 set
2011 2710 2208 2766 ailatus
2232 2749 2248 2777 ,
2315 2711 2533 2776 oravit,
2591 2717 2756 2780 atque
2804 2709 2932 2784 inde
2984 2711 3242 2766 continuo
3304 2709 3459 2781 pedi—

1868 2799 1973 2856 bus
2030 2801 2145 2855 suis
2201 2800 2483 2856 abscessit.
2560 2799 2869 2855 Victoriana
2935 2799 3136 2856 dicitur
3199 2799 3326 2854 villa
3387 2799 3460 2865 ab

1868 2889 2114 2962 Hippone
2136 2891 2304 2962 Regio
2326 2891 2505 2946 minus
2534 2890 2755 2962 triginta
2784 2889 3024 2945 millibus
3052 2889 3222 2956 abest,
3253 2890 3348 2944 ubi
3371 2897 3458 2945 est

1867 2984 2130 3039 memoria
2160 2991 2461 3056 martyrum
2486 2981 2964 3039 Mediolanensium
2989 2982 3226 3039 Protasli
3243 2994 3298 3039 et
3321 2982 3457 3040 Ger-

1866 3077 2024 3134 vasii.
2081 3076 2334 3132 Portatus
2359 3084 2444 3132 est
2470 3091 2537 3132 eo
2566 3077 2786 3147 quidam
2824 3075 3167 3141 adolescens,
3203 3077 3296 3146 qui
3333 3089 3457 3132 cum

1868 3167 1958 3225 die
1993 3167 2171 3231 medio
2209 3175 2453 3240 tempore
2480 3169 2684 3224 aestatis
2711 3183 2911 3240 equum
2937 3167 3180 3223 ablueret
3205 3167 3260 3222 in
3285 3166 3462 3222 ﬂumi-

1866 3260 1954 3315 nis
1975 3261 2208 3332 gurgite,
2238 3261 2540 3315 daamonem
2569 3259 2817 3314 incurrit.
2865 3257 2944 3312 lbi
2967 3271 3092 3312 cum
3116 3255 3344 3325 iaceret,
3371 3257 3458 3314 vel

1865 3353 2030 3409 morti
2066 3353 2370 3423 proximus,
2407 3351 2492 3406 vel
2523 3350 2828 3406 simillimus
2857 3356 3090 3415 mortuo,
3128 3350 3197 3404 ad
3234 3364 3458 3421 vesper-

1866 3450 2009 3504 tinos
2035 3449 2162 3503 illuc
2186 3450 2418 3519 hymnos
2439 3455 2496 3503 et
2518 3448 2794 3502 orationes
2822 3460 2946 3500 cum
2979 3443 3190 3500 ancillis
3221 3445 3370 3510 suis,
3401 3451 3458 3500 et

1866 3541 2187 3611 quibusdam
2225 3537 2730 3593 sanctimoniaiibus
2761 3551 2829 3592 ex
2863 3550 3046 3602 more,
3083 3535 3298 3590 domina
3331 3547 3460 3605 pos-

1867 3632 2126 3688 sessionis
2157 3628 2400 3694 intravit,
2447 3639 2608 3699 atque
2645 3627 2874 3699 hymnos
2903 3635 3124 3682 cantare
3152 3635 3453 3696 coeperunt.

1867 3726 1984 3794 Qua
2019 3737 2150 3780 voce
2186 3723 2276 3779 ille
2315 3723 2468 3793 quasi
2509 3734 2799 3792 percussus
2845 3727 2902 3774 et
2943 3731 3206 3773 excussus
3250 3725 3354 3783 est,
3401 3724 3459 3773 et

1865 3833 1990 3873 cum
2037 3815 2267 3872 terribili
2311 3813 2526 3868 fremitu
2581 3812 2752 3866 altare
2796 3810 3191 3880 apprehensum
3236 3819 3456 3864 movere

1865 3923 1972 3963 non
2005 3902 2228 3972 audens,
2255 3905 2369 3961 sive
2397 3917 2502 3958 non
2529 3902 2734 3967 valens,
2767 3910 3023 3969 tanquam
3049 3913 3115 3954 eo
3135 3896 3300 3954 fuerit
3332 3895 3452 3952 alli-

1864 4006 2040 4070 gatus,
2089 4006 2184 4053 aut
2225 3997 2417 4052 afﬁxus
2461 3996 2700 4060 tenebat,
2746 4003 2802 4049 et
2845 4007 2969 4049 cum
3015 3990 3208 4060 grandi
3248 3986 3451 4058 eiulatu

1862 4089 2012 4160 parci
2051 4089 2154 4144 sibi
2182 4101 2380 4160 rogans
2409 4085 2769 4142 conﬁtebatur
2796 4086 2888 4141 ubi
2929 4083 3324 4139 adolescentem
3348 4119 3364 4146 ,
3394 4089 3452 4137 et

1863 4179 2081 4250 quando
2125 4189 2180 4234 et
2227 4180 2499 4250 quomodo
2535 4178 2816 4233 invaserit.
2862 4176 3146 4231 Postremo
3179 4187 3238 4229 se
3274 4172 3453 4227 exitu-

1865 4286 1986 4324 rum
2015 4285 2137 4325 esse
2180 4270 2526 4330 denuntians,
2557 4267 2803 4322 membra
2832 4266 2948 4334 ejus
2975 4262 3185 4332 singula
3205 4261 3452 4316 nomina-

1864 4361 1960 4416 bat
1995 4377 2116 4432 quae
2152 4375 2211 4415 se
2243 4367 2646 4429 amputaturum
2686 4357 2875 4412 exiens
2919 4354 3245 4418 minabatur,
3291 4359 3452 4422 atque

1865 4455 2007 4510 inter
2052 4455 2168 4510 hac
2207 4454 2371 4509 verba
2419 4452 2669 4508 discessit
2703 4451 2773 4507 ab
2815 4448 3050 4505 homine.
3107 4446 3214 4503 Sed
3257 4445 3449 4500 oculus

1864 4545 2000 4614 ejus-
2025 4546 2080 4601 in
2125 4545 2402 4600 maxillam
2445 4543 2598 4599 fusus
2638 4542 2789 4598 tenui
2829 4540 3046 4607 venula,
3085 4540 3152 4596 ab
3186 4537 3448 4596 interiore

1865 4639 2022 4709 quasi
2054 4638 2236 4693 radice
2261 4637 2548 4708 pendebat,
2584 4644 2863 4706 totumque
2880 4633 2997 4704 ejus
3019 4632 3280 4698 medium,
3304 4631 3450 4702 quod

1865 4731 2120 4800 nigellum
2148 4731 2345 4795 fuerat,
2385 4731 2734 4787 albicaverat.
2777 4729 2895 4797 Quo
2932 4732 3067 4794 viso,
3102 4727 3194 4798 qui
3225 4726 3450 4782 aderant

1865 4824 2281 4896 (concurrerant
2308 4832 2488 4878 autem
2518 4824 2679 4878 etiam
2719 4822 2810 4876 alii
2847 4820 3071 4876 vocibus
3106 4818 3224 4889 ejus
3259 4817 3444 4882 acciti,

1862 4925 1918 4971 et
1963 4932 2022 4971 se
2062 4931 2251 4971 omnes
2298 4930 2396 4984 pro
2444 4914 2536 4970 illo
2587 4915 2643 4969 in
2693 4914 2938 4969 Oratione
2983 4909 3442 4983 prostraverant),

1863 5007 2110 5076 quamvis
2145 5021 2268 5060 eum
2311 5021 2444 5060 sana
2482 5013 2665 5060 mente
2703 5015 2853 5061 atare
2889 5005 3204 5075 gauderent,
3254 5013 3446 5056 rursus

1864 5105 2042 5151 tamen
2097 5103 2318 5166 propter
2361 5093 2479 5163 ejus
2526 5095 2741 5152 oculum
2785 5096 3130 5160 contristati,
3172 5091 3440 5147 medicum

1861 5187 2210 5258 querentium
2242 5200 2362 5242 esse
2392 5185 2664 5242 dicebant.
2711 5184 2787 5242 lbi
2819 5185 3050 5240 maritus.
3073 5180 3276 5237 sororis
3299 5177 3440 5247 ejus,

1860 5278 1954 5348 qui
1983 5292 2105 5331 eum
2131 5290 2196 5332 eo
2225 5276 2490 5333 detulerat
2513 5294 2527 5331 :
2548 5275 2750 5332 Potens
2773 5283 2878 5340 est,
2907 5272 3100 5341 inquit,
3131 5269 3294 5334 Deus,
3318 5283 3442 5322 san-

1860 5379 2071 5425 ctorum
2106 5370 2472 5436 orationibus,
2515 5369 2610 5440 qui
2645 5366 2851 5436 fugavit
2884 5366 3214 5427 damonem,
3255 5361 3437 5418 lumen

1861 5462 2108 5517 reddere.
2164 5461 2324 5528 Tum,
2365 5463 2507 5518 sicut
2544 5458 2750 5529 potuit,
2791 5453 3007 5510 oculum
3039 5451 3247 5522 lapsum
3278 5460 3440 5524 atque

1858 5555 2206 5625 pendentem,
2247 5555 2368 5611 loco
2417 5567 2515 5608 suo
2564 5554 2877 5606 revocatum
2915 5545 3132 5614 ligavit,
3182 5559 3282 5603 nec
3333 5546 3439 5602 nisi

1858 5656 1983 5717 post
2005 5655 2211 5717 septem
2239 5646 2354 5700 dies
2379 5641 2588 5713 putavit
2605 5651 2726 5694 esse
2753 5637 3086 5694 solvendum.
3141 5636 3292 5705 Quod
3315 5651 3437 5693 cum

1860 5737 2098 5801 fecisset,
2136 5735 2482 5792 sanissimum
2525 5731 2750 5787 invenit.
2815 5731 2947 5788 Erat
2999 5730 3217 5802 quidam
3275 5741 3438 5784 senex
3479 5739 3485 5744 '

1854 5828 2166 5886 Florentius
2224 5825 2585 5898 Hipponensis
2624 5831 2831 5891 noster,
2868 5825 3031 5883 homo
3073 5822 3354 5893 religiosus
3383 5825 3440 5872 et
