4006 6478
508 382 617 445 505

1817 377 2124 440 DUNGALI
2141 376 2454 438 'RECLUSI

501 511 743 580 pauper;
775 495 1002 554 sartoris
1026 510 1084 554 se
1112 504 1230 553 arte
1258 495 1536 569 pascebat,
1567 494 1808 553 casulam
1833 472 2082 568 perdide-
2107 501 2161 562 Α
2185 502 2365 550 tamen
2397 491 2579 550 tunica
2614 499 2942 565 operuerunt
2971 492 3204 550 cadaver
3237 491 3356 566 ejus
3388 501 3646 567 parentes
3669 538 3691 565 ,
3732 508 3794 556 et

508 601 634 657 rat,
667 597 722 646 et
758 590 899 645 unde
935 590 1037 644 sibi
1081 599 1288 647 emeret
1323 607 1431 648 non
1469 590 1718 646 habebat.
1765 588 1848 644 Ad
1882 589 2085 660 Viginti

491 683 772 762 Martyres
791 697 1020 754 quorum
1041 683 1302 739 memoria
1327 691 1410 738 est
1432 683 1572 754 apud
1594 697 1692 738 nos
1713 680 2096 745 celeberrima,‘

509 775 655 832 clara
680 789 811 832 voce
835 783 893 830 ιιι
920 774 1211 831 vcstiretur
1230 776 1423 830 oravit.
1474 773 1772 830 Audierant
1797 789 1918 828 eum
1959 774 2087 828 ado-

505 867 772 941 lescentes
804 865 896 936 qui
929 864 1069 922 forte
1105 865 1330 921 aderant
1357 864 1628 931 irrisores,
1657 879 1888 934 eumque
1914 863 2088 919 disce-

508 957 724 1013 dentem
754 957 1091 1028 exagitantes
1127 956 1608 1026 prosequebantur.
1658 955 1729 1010 At
1767 955 1854 1010 ille
1893 955 2087 1011 tacitus

507 1049 788 1104 ambulans
808 1089 822 1114 ,
847 1046 1077 1118 ejectum
1102 1047 1362 1120 grandem
1389 1047 1590 1117 piscem
1623 1046 1974 1117 palpitantem
2007 1046 2088 1101 vi-

508 1141 588 1196 dit
625 1141 681 1195 in
718 1140 898 1196 littore
922 1181 937 1207 ,
977 1154 1207 1210 euntque
1248 1139 1356 1194 illis
1393 1138 1699 1194 faventibus
1739 1148 1901 1210 atque
1938 1140 2089 1211 adju-

504 1233 759 1288 vantibus
786 1231 1159 1304 apprehendit,
1195 1239 1253 1286 et
1281 1231 1494 1287 cuidam
1523 1245 1696 1302 coquo
1735 1230 1956 1288 Cattuso
1991 1248 2090 1290 no-

503 1325 671 1392 mine,
699 1326 836 1381 bene
864 1325 1193 1392 Christiano,
1215 1325 1283 1380 ad
1303 1325 1589 1396 coquinam
1611 1325 1966 1381 conditariam
1992 1325 2090 1380 tri-

507 1418 662 1485 buit,
711 1418 957 1473 indicans
994 1419 1122 1488 quid
1161 1428 1372 1489 gestum
1410 1402 1500 1473 sit.
1555 1418 1834 1474 Trecentis
1876 1417 2090 1475 follibus

508 1510 768 1577 vendidit,
801 1509 976 1566 lanam
1006 1525 1322 1582 comparare
1355 1511 1479 1566 inde
1510 1510 1824 1581 disponens,
1864 1519 1926 1565 ut
1952 1527 2090 1567 uxor

505 1604 627 1676 ejus
669 1605 937 1674 quomodo
984 1613 1168 1675 posset
1202 1605 1252 1660 ci
1290 1620 1398 1675 quo
1436 1605 1787 1671 indueretur,
1831 1603 2085 1662 ediceret.

504 1700 612 1757 Sed
654 1717 859 1772 coquus
886 1702 1175 1758 concidens
1208 1701 1435 1772 piscem,
1482 1697 1740 1753 annulum
1775 1712 1997 1754 aureum
2032 1697 2088 1751 in

503 1796 806 1852 ventriculo
835 1796 951 1865 ejus
978 1796 1200 1861 invenit,
1239 1808 1471 1864 moxque
1509 1791 1862 1848 miseratione
1894 1789 2084 1856 flexus,

502 1897 557 1942 et
586 1887 842 1958 religione
861 1858 1195 1958 perterritus.
1210 1858 1413 1942 homini
1435 1900 1559 1940 eum
1582 1883 1834 1949 reddidit,
1861 1883 2082 1939 dicens:
2114 1858 2162 1920 Β

501 1978 645 2034 Ecce
673 1981 942 2050 quomodo
981 1989 1032 2034 te
1081 1978 1268 2049 viginti
1306 1985 1574 2048 martyres
1608 1975 1926 2030 vestierunt.
1981 1974 2089 2029 Eu-

505 2070 725 2126 charius
773 2071 1057 2141 presbyter
1100 2085 1166 2124 ex
1215 2067 1488 2138 Hispania,
1541 2065 1774 2122 Calamae
1813 2065 2082 2130 habitans,

503 2161 674 2215 veteri
705 2160 1116 2216 morbo‘calculi
1156 2159 1472 2225 laborabat;
1514 2173 1612 2229 per
1644 2157 1960 2213 memoriam
1997 2173 2088 2213 su-

502 2251 733 2320 pradicti
775 2251 1030 2322 martyris
1067 2266 1231 2322 quam
1262 2249 1540 2307 Possidius
1575 2248 1666 2304 illo
1704 2246 1924 2304 advexit
1975 2247 2090 2319 epi-

503 2363 719 2420 scopus,
753 2345 934 2402 salvus
971 2346 1145 2402 factus
1183 2354 1286 2402 est.
1340 2344 1485 2400 Idem
1524 2344 1638 2417 ipse
1675 2353 1862 2414 postea
1896 2340 2088 2398 morbo

503 2439 612 2496 alio
645 2439 1084 2510 praevalescente,
1116 2445 1362 2493 mortuus
1403 2437 1482 2492 sic
1504 2435 1741 2505 jacebat,
1785 2441 1846 2489 ut
1885 2434 1934 2490 ei
1973 2434 2089 2504 jam

501 2530 726 2607 pollices
747 2532 1043 2603 Iigarentur
1072 2548 1084 2584 :
1108 2528 1464 2600 opitulatione
1491 2526 1778 2584 memorati
1805 2524 2087 2595 martyris,

501 2642 627 2682 cum
656 2626 724 2682 de
748 2625 1010 2682 memoria
1041 2623 1159 2694 ejus
1182 2630 1457 2695 reportata
1491 2629 1654 2687 esset,
1704 2629 1761 2676 et
1806 2631 1965 2688 super
1998 2616 2086 2685 ja-

503 2720 676 2776 centis
704 2735 900 2789 corpus
935 2718 1101 2773 missa
1130 2717 1303 2788 ipsius
1329 2713 1636 2786 presbyteri
1669 2711 1872 2775 tunica,
1911 2710 2088 2764 susci-

500 2820 646 2868 tatus
667 2819 770 2868 est.
818 2810 943 2865 Fuit
977 2810 1050 2864 ibi
1082 2809 1167 2862 vir
1194 2809 1252 2863 in
1281 2807 1472 2863 ordine
1506 2820 1604 2861 suo
1637 2802 1950 2876 primarius,
1985 2815 2086 2855 no-

501 2903 650 2957 mine
686 2900 973 2963 Martialis,
1010 2913 1124 2954 ωγο
1156 2896 1268 2967 jam
1305 2895 1504 2967 gravis,
1543 2903 1599 2950 et
1640 2892 1866 2949 multum
1896 2907 1926 2946 a
1962 2890 2092 2947 reli-

502 2997 660 3069 gione
697 2994 994 3050 abhorrens
1031 2989 1356 3046 Christiana.
1419 2986 1664 3044 Habebat
1698 2999 1829 3040 sane
1873 2982 2090 3039 fidelem

502 3086 704 3152 ﬁliam,
758 3094 814 3140 et
857 3097 1116 3154 generum
1162 3080 1351 3136 eodem
1395 3093 1537 3135 anno
1583 3075 1936 3148 baptizatum.
1984 3072 2088 3140 Qui

503 3195 628 3236 cum
676 3193 799 3232 eum
851 3184 1203 3247 aegrotantem
1245 3173 1431 3228 multis
1481 3179 1538 3227 et
1581 3171 1791 3242 magnis
1834 3167 2086 3240 lacrymis

2186 597 2404 658 recepto
2430 587 2621 658 spiritu
2646 587 2794 644 salva
2819 587 2959 644 facta
2987 596 3087 644 est.
3142 589 3300 660 Apud
3326 588 3623 662 Hipponem
3643 591 3794 651 Bas-

2185 699 2294 763 sus_
2311 683 2529 753 quidam
2568 682 2737 754 Syrus
2778 684 2845 738 ad
2885 682 3206 738 memoriam
3242 683 3482 754 ejusdem
3512 688 3794 758 martyris

2184 776 2376 832 orabat
2417 790 2516 846 pro
2551 783 2844 845 aegrotante
2874 784 2930 830 et
2955 774 3296 844 periclitante
3318 775 3458 842 tilia,
3491 793 3664 848 eoque
3695 792 3793 834 se-

2188 883 2311 924 cum
2339 877 2544 923 vestem
2575 867 2691 936 ejus
2729 865 3013 931 attulerat;
3051 874 3105 921 et
3141 881 3270 921 ecce
3308 867 3460 935 pueri
3500 867 3570 923 de
3610 869 3788 926 domo

2187 966 2600 1023 concurrerunt,
2629 958 2722 1028 qui
2742 959 2793 1014 ei
2824 966 3090 1013 mortuam
3114 957 3444 1013 nuntiarent.
3491 959 3597 1016 Sed
3621 979 3784 1028 cum,

2187 1063 2253 1102 eo
2281 1059 2493 1112 orante,
2533 1046 2608 1101 illi
2644 1048 2712 1102 ab
2745 1047 2934 1102 amicis
2974 1045 3087 1115 ejus
3131 1048 3541 1117 exciperentur,
3588 1053 3788 1121 probl-

2187 1137 2422 1195 buerunt
2444 1153 2537 1194 eos
2565 1139 2745 1194 dicere
2773 1179 2788 1204 ,
2821 1153 2888 1194 ne
2909 1153 3006 1208 per
3027 1138 3301 1209 publicum
3327 1139 3627 1211 plangeret.
3669 1141 3787 1209 Qui

2189 1245 2312 1287 cum
2355 1231 2571 1286 domum
2608 1230 2836 1288 redisset
2861 1231 2972 1302 jam
3004 1246 3226 1287 suorum
3260 1231 3549 1303 ejulatihus
3585 1250 3785 1304 perso-

2188 1331 2430 1387 nantem,
2464 1330 2520 1378 et
2552 1331 2756 1378 vestem
2797 1321 2921 1378 filiae
2954 1337 3119 1393 quam
3151 1322 3425 1379 referebat
3451 1339 3617 1395 super
3652 1341 3784 1382 eam

2188 1419 2527 1491 projecisset,
2565 1435 2753 1476 rursus
2797 1419 3007 1475 reddita
3053 1430 3134 1476 est
3180 1421 3326 1477 vitae.
3382 1422 3585 1480 Ibidem
3631 1424 3782 1495 apud

2190 1526 2290 1566 nos
2311 1511 2495 1567 lrenrei
2520 1512 2799 1583 cujusdam
2817 1512 3112 1568 collectarii
3131 1513 3273 1569 ﬁlius
3297 1515 3625 1586 mgritndine
3643 1531 3780 1574 exs-

2190 1605 2390 1663 tinctus
2422 1616 2525 1662 est.
2553 1603 2807 1676 'Cumque
2843 1623 3041 1678 corpus
3065 1608 3275 1678 jaceret
3305 1609 3573 1673 exanime,
3613 1620 3781 1681 atque

2189 1709 2222 1749 a
2251 1693 2555 1766 lugentibus
2577 1703 2634 1750 et
2659 1695 3080 1751 lamentantibus
3113 1697 3386 1766 exsequiae
3413 1709 3776 1768 pararentur,

2192 1786 2490 1846 amicorum
2530 1788 2647 1858 ejus
2675 1785 2894 1856 quidam
2929 1787 3072 1842 inter
3104 1787 3335 1842 aliorum
3375 1772 3777 1846 consolantium

2188 1881 2351 1935 verba
2390 1880 2679 1950 suggessit,
2722 1887 2785 1934 ut
2825 1877 3066 1946 ejusdem
3110 1881 3366 1951 martyris
3407 1881 3530 1936 oleo
3575 1897 3776 1953 corpus

2186 1980 2600 2042 perungeretur.
2643 1969 2868 2026 Factum
2897 1979 3004 2036 est,
3029 1979 3085 2025 et
3113 1971 3329 2026 revixit.
3367 1970 3613 2044 [temque
3636 1975 3776 2043 apud

2188 2077 2290 2118 nos
2315 2062 2401 2116 vir
2428 2062 2739 2140 tribunitius
2767 2061 3074 2128 Eleusinus,
3103 2077 3266 2133 super
3284 2065 3605 2119 memoriam
3630 2080 3774 2121 mar-

2187 2161 2388 2224 tyrum,
2421 2168 2542 2224 quae
2591 2153 2646 2208 in
2675 2154 2990 2210 suburbano
3025 2151 3142 2222 ejus
3177 2162 3280 2218 est,
3315 2155 3638 2227 aegritudine
3680 2171 3775 2212 ex-

2189 2249 2486 2305 animatum
2524 2249 2704 2318 posuit
2730 2247 3055 2304 infantulum
3103 2248 3270 2304 filium
3317 2265 3497 2313 suum,
3549 2260 3606 2305 et
3659 2260 3776 2320 post

2189 2340 2510 2405 orationem,
2542 2355 2704 2410 quam
2740 2341 2925 2396 multis
2955 2355 3076 2395 cum
3109 2333 3367 2412 lacr’ymis
3392 2339 3660 2407 ibi'fudit,
3693 2343 3772 2395 vi-

2188 2441 2406 2490 ventem
2445 2433 2664 2489 levavit.
2729 2432 2869 2502 Quid
2913 2433 3152 2489 faciam?
3201 2433 3367 2505 Urget
3403 2432 3568 2502 hujus
3598 2434 3776 2503 operis

2188 2525 2458 2596 implenda
2485 2525 2773 2596 promissio
2795 2566 2808 2591 ,
2835 2533 2895 2581 ut
2919 2541 3026 2580 non
3056 2525 3146 2581 hic
3183 2525 3387 2596 possim
3416 2525 3599 2580 omnia
3630 2539 3773 2580 com-

2189 2631 2495 2673 memorare
2531 2631 2656 2687 quze
2699 2617 2813 2672 scio
2838 2635 2850 2670 :
2879 2625 2936 2672 et
2967 2615 3155 2687 procul
3183 2616 3347 2671 dubio
3384 2615 3634 2686 plerique
3679 2632 3773 2673 no-

2189 2719 2448 2775 strorum,
2487 2724 2609 2765 cum
2645 2711 2759 2766 haec
2803 2709 3002 2782 legent,
3049 2710 3308 2767 dolebunt
3347 2727 3436 2768 me
3478 2710 3774 2782 praetermi-

2189 2802 2326 2860 sisse
2353 2811 2463 2858 tam
2499 2802 2668 2858 multa
2711 2818 2832 2874 qua:
2882 2804 3069 2873 utique
3117 2819 3331 2860 mecum
3380 2804 3582 2860 sciunt.
3636 2804 3774 2872 Quos

2182 2894 2295 2966 jam
2325 2909 2470 2950 nunc
2495 2902 2557 2949 ut
2580 2894 2882 2965 ignoscant,
2910 2911 3062 2967 rogo,
3101 2904 3156 2952 et
3184 2895 3423 2968 cogitent
3453 2911 3619 2966 quam
3649 2912 3771 2967 pro-

2191 2993 2284 3048 lixi
2315 2990 2514 3047 laboris
2539 2991 2611 3046 sit
2637 2988 2837 3055 facere,
2862 2992 3005 3060 quod
3027 3007 3113 3047 me
3141 2991 3229 3046 hic
3250 3007 3359 3046 non
3387 2990 3572 3046 facere
3592 3006 3772 3047 susce-

2181 3087 2268 3158 pti
2294 3087 2475 3157 operis
2497 3084 2795 3140 necessitas
2821 3085 2981 3155 cogit.
3029 3083 3085 3139 Si
3117 3085 3258 3139 enim
3289 3083 3550 3140 miracula
3581 3085 3772 3139 sanita-

2192 3189 2326 3246 tum,
2355 3189 2416 3234 ut
2443 3179 2547 3234 alia
2579 3187 2808 3244 taceam,
2835 3192 2899 3232 ea
2934 3179 3305 3232 tantummodo
3339 3175 3502 3232 velim
3539 3177 3784 3232 scribere

503 3275 760 3342 rogarent
795 3275 852 3322 ut
876 3233 1214 3322 (ibristianus
1242 3263 1430 3328 fieret,
1459 3277 1685 3334 prorsus
1713 3261 1924 3324 abnuit,
1959 3274 2083 3314 eos-
2113 3233 2158 3298 δ
2192 3233 2437 3343 (μιαίνει-
2465 3271 2609 3325 hunc
2631 3280 2948 3340 martyrem,
2979 3269 3030 3323 id
3052 3277 3153 3334 est,
3182 3269 3632 3340 gloriosissimum
3661 3267 3772 3328 sie.

503 3377 609 3432 que
633 3377 664 3416 a
693 3376 751 3416 se
783 3358 996 3416 turbida
1038 3357 1403 3430 indignatione
1436 3355 1727 3411 submovit.
1783 3352 1971 3407 Visum
2004 3359 2089 3408 est

503 3469 703 3526 genero
729 3451 846 3522 ejus
875 3458 936 3506 ut
972 3451 1079 3505 iret
1113 3450 1180 3504 ad
1221 3448 1538 3505 memoriam
1576 3445 1750 3502 sancti
1789 3444 2084 3514 Stephani,

501 3553 557 3599 et
578 3543 686 3599 illic
712 3559 810 3614 pro
843 3557 908 3598 eo
940 3550 1200 3612 quantum
1227 3539 1396 3612 possit
1421 3545 1624 3604 oraret,
1651 3546 1713 3592 ut
1734 3537 1876 3592 Deus
1898 3535 1969 3590 illi
1999 3537 2088 3590 da-

503 3645 588 3692 ret
617 3637 674 3691 in
703 3634 980 3702 Christum
1009 3634 1245 3690 credere.
1300 3631 1455 3688 Fecit
1484 3633 1587 3687 hoc
1615 3629 1814 3701 ingenti
1848 3629 2085 3699 gemitu,

502 3736 557 3784 et
577 3726 725 3794 ﬂetu,
748 3737 805 3782 et
825 3726 1108 3783 sinceriter
1133 3726 1356 3781 ardente
1385 3723 1600 3795 pietatis
1625 3721 1842 3778 affectu.
1884 3721 2087 3776 Deinde

503 3820 820 3884 abscedens,
869 3818 1070 3888 aliquid
1116 3818 1182 3874 de
1229 3816 1388 3872 altari
1419 3815 1609 3870 ﬂorum
1649 3813 1793 3884 quod
1825 3812 2083 3878 occurrit,

503 3910 646 3976 tulit,
670 3911 826 3980 eique
851 3925 975 3966 cum
998 3910 1108 3980 jam
1136 3924 1243 3965 nux
1269 3915 1414 3963 esset
1442 3907 1509 3962 ad
1535 3913 1698 3976 caput
1715 3905 1914 3976 posuit.
1950 3904 2087 3959 Tum

502 4002 796 4059 dormitum
821 4011 924 4058 est.
972 4001 1040 4056 Et
1063 4015 1189 4056 ecce
1215 4007 1341 4055 ante
1366 3998 1660 4055 diluculum
1686 3998 1905 4064 clamat,
1933 4006 1993 4053 ut
2019 3997 2087 4053 ad

503 4099 816 4169 episcopum
854 4102 1183 4161 curreretur,
1227 4094 1322 4165 qui
1362 4107 1575 4148 mecum
1613 4091 1754 4148 forte
1793 4099 1923 4147 tunc
1970 4099 2087 4147 erat

503 4190 647 4263 apud
687 4189 1003 4260 Hipponem.
1061 4185 1195 4242 Cum
1241 4199 1372 4257 ergo
1406 4200 1529 4241 eum
1571 4185 1848 4240 audissent
1888 4185 2085 4240 absen-

503 4293 634 4350 tem,
666 4283 852 4337 venire
885 4280 1232 4352 presbyteros
1269 4277 1581 4348 postulavit.
1632 4277 1928 4342 Venerunt,
1967 4290 2088 4331 cre-

504 4382 630 4437 dere
654 4393 713 4434 se
737 4376 894 4442 dixit,
923 4374 1316 4430 admirantibus
1338 4381 1500 4444 atque
1523 4371 1882 4443 gaudentibus
1910 4369 2086 4424 omni-

504 4473 626 4534 bus,
657 4469 962 4537 baptizatus
987 4473 1088 4520 est.
1135 4463 1271 4519 Hinc
1294 4464 1533 4534 quandiu
1563 4463 1701 4519 vixit
1721 4463 1778 4517 in
1798 4476 1895 4518 ore
1922 4462 2087 4516 habe-

505 4559 898 4623 bat:Christe,
937 4557 1110 4628 accipe
1141 4556 1383 4628 spiritum
1423 4573 1597 4630 meum
1639 4555 1778 4627 (Act.
1824 4571 1921 4618 vn,
1971 4555 2079 4626 19).

506 4653 642 4710 Cum
670 4651 786 4706 haec
809 4650 973 4704 verba
1001 4649 1299 4704 beatissimi
1331 4647 1611 4719 Stephani,
1638 4646 1852 4718 quando
1883 4645 2084 4715 lapida-

503 4755 594 4817 tus
630 4752 714 4799 est
745 4759 777 4797 a
811 4741 1032 4808 Judzis,
1070 4741 1258 4798 ultima
1291 4741 1460 4797 fuisse
1493 4742 1748 4806 nesciret,
1798 4755 1918 4810 quae
1958 4739 2085 4795 huic

503 4854 719 4913 quoque
752 4837 940 4893 ultima
975 4836 1224 4902 fuerunt;
1258 4852 1385 4891 nam
1417 4851 1523 4892 non
1560 4835 1726 4890 multo
1762 4843 1884 4906 post
1919 4835 2083 4890 etiam

505 4935 622 5004 ipse
661 4928 947 4985 defunctus
993 4936 1096 4985 est.
1145 4927 1398 4984 Audurus
1443 4942 1640 4982 nomen
1678 4935 1764 4982 est
1803 4925 1953 4982 fundi
1990 4924 2084 4981 ubi

506 5020 748 5080 Ecclesia
787 5021 1049 5077 memoria
1091 5019 1347 5090 martyris
1379 5017 1638 5090 Stephani
1680 5025 1784 5074 est.
1849 5017 2083 5073 Puerum

507 5113 794 5184 quemdam
831 5111 1116 5181 parvulum
1151 5124 1276 5165 cum
1303 5109 1358 5165 in
1385 5125 1510 5165 area
1540 5109 1745 5166 luderet
1771 5111 2084 5166 exorbitan-

509 5212 591 5260 tes
623 5203 807 5270 boves,
853 5203 944 5274 qui
985 5200 1291 5257 vehiculum
1327 5202 1633 5269 trahebant,
1683 5211 1802 5258 rota
1845 5203 2084 5258 obtrive-

508 5303 655 5360 runt,
681 5303 736 5349 et
761 5293 1047 5351 confestim
1079 5292 1362 5365 palpitavit
1389 5295 1692 5364 exspirans.
1725 5295 1880 5350 Hunc
1911 5302 2087 5349 mater

509 5393 784 5454 arreptum
813 5383 881 5439 ad
911 5383 1158 5439 eamdem
1179 5384 1504 5438 memoriam
1537 5385 1744 5453 posuit;
1780 5395 1833 5440 et
1865 5402 1969 5440 non
2001 5399 2087 5441 so-

511 5474 623 5528 lum
651 5475 876 5541 revixit,
901 5489 1089 5530 verum
1119 5475 1285 5530 etiam
1313 5475 1514 5530 illtesus
1545 5476 1812 5545 apparuit.
1872 5477 2086 5532 Sancti-

510 5564 760 5620 monialis
800 5566 1044 5635 quasdam
1080 5567 1135 5621 in
1174 5568 1350 5622 vicina
1384 5566 1724 5636 possessione
1761 5583 1882 5638 quae
1913 5568 2084 5639 Capa-

512 5656 655 5710 liana
677 5655 894 5724 dicitur,
923 5674 1046 5713 cum
1074 5659 1389 5729 :egritudine
1416 5657 1709 5726 laboraret,
1742 5675 1806 5715 ac
1830 5659 2085 5732 despera-

513 5756 691 5815 retur,
718 5749 784 5803 ad
817 5750 1058 5804 eamdem
1090 5752 1404 5807 memoriam
1434 5751 1614 5807 tunica
1645 5750 1763 5820 ejus
1787 5752 1944 5808 allata
1970 5763 2081 5823 est;

515 5853 634 5910 qua:
675 5849 963 5911 antequam
1001 5847 1366 5911 reVocaretur,
1402 5841 1492 5899 illa
1533 5842 1781 5903 defuncta
1816 5853 1917 5902 est.
1975 5844 2087 5902 Hac

2107 4606 2162 4667 D

2191 3365 2454 3438 phanum,
2492 3362 2635 3418 facta
2674 3371 2800 3418 sunt
2831 3363 2884 3416 in
2914 3361 3122 3416 colonia
3161 3360 3484 3428 Calamensi,
3515 3369 3574 3416 et
3599 3361 3655 3415 in
3683 3374 3772 3416 no-

2193 3468 2328 3525 stra,
2359 3457 2578 3529 plurimi
2613 3455 2931 3512 conficiendi
2968 3464 3093 3511 sunt
3121 3455 3263 3510 libri.
3302 3453 3414 3510 Nec
3451 3463 3633 3510 tamen
3661 3469 3770 3509 om-

2192 3554 2281 3608 nia
2309 3551 2484 3624 colligi
2510 3555 2783 3622 pote‘runt,
2812 3549 2907 3605 sed
2928 3556 3137 3603 tantum
3159 3550 3225 3604 de
3253 3548 3450 3618 quibus
3471 3544 3638 3602 libelli
3667 3544 3768 3600 dati

2193 3651 2335 3709 sunt,
2379 3642 2469 3713 qui
2505 3641 2867 3697 recitarentur
2904 3640 2957 3694 in
2993 3639 3223 3711 populis.
3274 3638 3331 3693 ld
3375 3652 3613 3708 namque
3656 3634 3766 3690 ﬁeri

2191 3733 2480 3797 voluimus,
2530 3746 2652 3787 cum
2697 3731 3005 3786 videremus
3047 3728 3286 3798 antiquis
3325 3727 3524 3781 similia
3565 3725 3766 3781 divina-

2191 3840 2310 3879 rum
2355 3823 2506 3894 signa
2540 3823 2824 3887 virtutum,
2867 3820 3030 3876 etiam
3065 3819 3265 3875 nostris
3300 3817 3635 3888 temporibus
3669 3814 3769 3870 fro-

2191 3917 2473 3989 quentari,
2505 3925 2562 3972 et
2588 3930 2653 3970 ea
2681 3930 2789 3971 non
2826 3913 3026 3969 debere
3056 3912 3348 3968 multorum
3384 3911 3589 3967 notitia
3620 3910 3768 3982 depe-

2191 4008 2320 4064 rire.
2354 4006 2604 4062 Nondum
2629 4013 2714 4062 est
2741 4014 2921 4061 autem
2949 4003 3227 4060 biennium
3254 4018 3319 4058 ex
3349 4017 3456 4073 quo
3481 4002 3624 4074 apud
3645 3999 3766 4070 Bip-

2188 4097 2637 4170 ponem—Regium
2682 4097 2848 4167 erepit
2875 4109 2997 4152 esse
3023 4096 3127 4151 ista
3169 4096 3461 4159 memoria,
3491 4105 3544 4151 et
3572 4093 3762 4156 multis,

2190 4192 2334 4262 quod
2368 4190 2528 4245 nobis
2566 4189 2926 4245 certissimum
2969 4197 3082 4253 est,
3124 4203 3232 4244 non
3272 4188 3412 4242 datis
3449 4186 3672 4252 libellis,
3703 4185 3766 4241 de

2190 4285 2276 4340 his
2304 4299 2424 4355 quae
2449 4283 2772 4338 mirabiliter
2796 4281 2938 4336 faeta
2967 4288 3125 4346 sunt,
3154 4280 3229 4336 illi
3251 4280 3350 4350 ipsi
3374 4280 3467 4350 qui
3502 4278 3616 4334 dati
3650 4287 3765 4334 sunt

2189 4378 2256 4432 ad
2279 4377 2619 4448 septuaginta
2646 4377 2815 4432 ferme
2843 4389 3126 4431 numerum
3149 4383 3529 4446 pervenerant,
3556 4373 3778 4445 quando

2186 4467 2292 4523 ista
2319 4467 2637 4536 conscripsi.
2695 4466 2927 4522 Calamte
2966 4481 3098 4522 vero
3135 4466 3226 4521 ubi
3269 4473 3324 4521 ct
3361 4465 3479 4536 ipsa
3509 4465 3762 4521 memoria

2186 4559 2340 4631 prius
2374 4575 2496 4616 esse
2529 4560 2712 4630 coepit,
2755 4568 2809 4614 et
2837 4559 3082 4616 crebrius
3108 4559 3326 4624 dantur,
3360 4559 3764 4630 incomparabili

2187 4652 2531 4709 multitudine
2585 4661 2861 4722 superant.
2924 4650 3074 4708 Uzali
3131 4651 3334 4717 etiam,
3391 4667 3514 4722 quae
3565 4651 3763 4707 colonia

2189 4742 2358 4800 Utica:
2384 4741 2562 4797 vicina
2590 4751 2696 4807 est,
2728 4742 2893 4796 multa
2923 4741 3182 4813 praeclara
3214 4755 3312 4811 per
3344 4741 3600 4797 eumdem
3633 4757 3765 4796 mar-

2187 4844 2357 4907 tyrem
2402 4833 2546 4890 facta
2589 4835 2961 4906 cognovimus,
3003 4834 3156 4904 cujus
3195 4834 3271 4889 ibi
3313 4835 3578 4889 memoria
3615 4833 3764 4904 longe

2185 4929 2340 5000 prius
2365 4939 2526 5000 quam
2561 4928 2701 5000 apud
2737 4943 2836 4984 nos
2861 4930 2930 4984 ab
2957 4929 3212 4998 episcopo
3240 4927 3444 4983 Evodio
3480 4928 3764 4983 constituta

2187 5027 2290 5074 est.
2342 5018 2449 5075 Sed
2485 5019 2787 5074 libellorum
2825 5019 3124 5074 dandorum
3170 5019 3245 5074 ibi
3289 5007 3624 5075 consuetudo
3664 5033 3764 5075 non

2187 5117 2288 5173 est,
2317 5108 2402 5164 vel
2433 5109 2611 5180 potius
2634 5124 2740 5164 non
2764 5105 2896 5175 fuit;
2929 5124 3053 5164 nam
3087 5107 3318 5165 fortasse
3342 5125 3488 5164 nunc
3515 5124 3639 5165 esse
3655 5108 3761 5178 jam

2187 5201 2369 5271 caspit.
2423 5198 2557 5256 Cum
2581 5202 2727 5256 enim
2747 5216 2919 5272 nuper
2948 5200 3059 5257 illic
3077 5216 3339 5269 essemus,
3370 5200 3628 5257 Petronia
3652 5217 3759 5256 ma.-

2186 5292 2525 5360 tcrfamilias,
2554 5309 2676 5364 qua:
2707 5295 2780 5350 ibi
2807 5295 3128 5351 mirabiliter
3144 5311 3214 5351 ex
3239 5310 3435 5367 magno
3459 5305 3625 5366 atque
3653 5297 3763 5352 diu-

2188 5392 2371 5452 turno,
2420 5385 2474 5439 in
2506 5400 2613 5455 quo
2657 5385 2990 5441 medicorum
3027 5385 3292 5456 adjutoria
3335 5396 3529 5443 cuncta
3565 5386 3766 5445 defece-

2189 5485 2333 5544 rant,
2360 5476 2619 5548 languore
2647 5486 2836 5533 sanata
2870 5486 2970 5533 est.
3029 5478 3200 5546 Quam
3231 5479 3430 5534 hortati
3457 5494 3646 5540 sumus
3674 5493 3762 5532 vo-

2187 5568 2330 5624 lente
2360 5570 2668 5640 supradicto
2703 5569 2807 5625 loci
2835 5571 3084 5641 episcopo
3117 5579 3178 5625 ut
3209 5569 3448 5625 libellum
3488 5572 3643 5626 daret
3671 5569 3757 5640 qui

2189 5661 2356 5716 recita
2365 5669 2513 5716 retur
2525 5662 2576 5716 in
2591 5661 2814 5732 populo;
2840 5669 2894 5715 et
2911 5662 3346 5718 obedientissime
3368 5664 3570 5732 paruit.
3587 5662 3643 5718 In
3658 5676 3759 5732 quo

2189 5754 2369 5824 posuit
2394 5755 2557 5809 etiam
2593 5755 2739 5823 quod
2770 5753 2858 5808 hic
2889 5753 3118 5808 reticere
3150 5770 3258 5810 non
3298 5768 3539 5822 possum,
3581 5768 3760 5825 quam-

2189 5847 2274 5903 vis
2299 5847 2365 5902 ad
2393 5863 2455 5903 ea
2483 5857 2602 5917 quae
2622 5846 2724 5905 hoc
2755 5854 2893 5919 Opus
2923 5853 3116 5920 urgent
3155 5842 3412 5905 festinare
3447 5847 3748 5919 compellar.
