4006 6446
243 397 341 458 805

1211 383 1342 443 LIB.
1382 379 1755 442 ADVERSUS
1787 379 2148 443 CLAUDIUM
2186 382 2465 444 TAURIN.
2516 328 2521 333 ‘

3366 395 3472 455 506

239 521 282 575 Α
322 509 542 585 quodam
586 504 770 563 Judao
805 492 942 563 dixit
985 504 1086 562 sibi
1133 502 1302 559 fuisse
1337 516 1691 574 persuasum,
1732 508 1795 555 ut
1818 502 1871 564 Α
1894 515 1994 572 per
2012 502 2279 558 somnium
2309 503 2894 576 solebat,‘stupentibus
2927 509 3020 578 qui
3051 508 3277 568 aderant
3304 522 3471 585 atque

240 604 476 667 annulum
504 601 774 672 capillatio
808 598 1025 657 vinculo
1062 600 1344 661 insereret,
1382 600 1502 669 quo‘
1516 598 1618 652 sub
1646 595 1793 651 omni

239 706 378 754 veste
395 695 459 749 ad
482 694 623 748 nuda
660 694 903 763 corporis
936 693 1247 761 cingeretur
1275 709 1287 745 :
1318 690 1409 760 qui
1440 687 1667 744 annulus
1697 689 1795 743 ba-

238 792 379 847 beret
399 787 494 843 sub
512 801 721 857 gemma
743 785 969 857 lapidem
995 786 1047 840 in
1071 784 1290 839 renibus
1316 783 1590 837 inventum
1618 782 1790 837 bovis.

240 879 343 936 Hoc
363 877 573 948 alligata
593 876 746 946 quasi
770 876 1006 932 remedio
1031 877 1098 930 ad
1121 876 1292 931 sancti
1314 882 1582 944 martyres
1608 873 1793 927 limina

239 971 485 1027 veniebat.
539 968 643 1023 Sed
670 968 908 1039 profecta
949 984 980 1022 a
1021 967 1379 1038 Carthagine,
1418 980 1540 1020 cum
1576 966 1631 1019 in
1660 980 1794 1020 con-

237 1061 355 1116 ﬁnio
374 1058 607 1113 ﬂuminis
632 1058 883 1129 Bagrada
914 1058 967 1113 in
996 1074 1092 1113 sua
1119 1057 1460 1128 possessione
1483 1056 1793 1121 mansisset,

238 1156 532 1222 surgensut
560 1148 663 1204 iter
686 1158 990 1219 perageret,
1018 1158 1143 1204 ante
1178 1148 1341 1218 pedes
1379 1162 1505 1202 suos
1541 1146 1689 1200 illum
1713 1144 1798 1213 ja-

234 1253 431 1301 centem
448 1242 704 1298 annulum
736 1244 955 1308 vidit,et
980 1241 1309 1313 capillatiam
1334 1255 1526 1296 zonam
1552 1254 1657 1310 qua
1682 1237 1798 1293 fue-

234 1345 309 1392 rat
350 1334 633 1407 aliigatus,
676 1335 870 1390 mirata
913 1336 1160 1390 tentavit.
1205 1333 1376 1401 Quam
1414 1348 1536 1388 cum
1574 1332 1798 1389 omnino

233 1428 337 1485 suis
365 1428 517 1483 nodis
545 1427 887 1493 firmissimis,
916 1429 1057 1484 sicut
1082 1437 1221 1494 erat,
1252 1427 1606 1497 comperisset
1643 1426 1799 1481 astri-

233 1529 384 1585 ctam,
421 1521 697 1590 crepuisse
725 1529 889 1591 atque
916 1520 1201 1576 exsiluisse
1242 1518 1497 1575 annulum
1530 1518 1799 1588 suspicata

230 1620 325 1677 est,
360 1613 449 1682 qui
479 1613 643 1668 etiam
672 1613 785 1682 ipse
810 1629 932 1668 cum
973 1613 1354 1683 integerrimus
1391 1609 1584 1666 fuisset
1614 1610 1798 1665 inven-

230 1711 327 1765 tus,
349 1701 543 1758 futura
575 1703 762 1759 salutis
796 1704 1191 1775 quodammodo
1219 1704 1412 1775 pignus
1434 1704 1500 1759 de
1527 1710 1676 1759 tanto
1701 1703 1800 1758 mi-

229 1794 403 1849 raculo
438 1811 498 1849 se
530 1798 804 1866 accepisse
838 1798 1180 1868 prasumpsit
1203 1838 1219 1864 ,
1254 1805 1416 1866 atque
1452 1796 1581 1851 illud
1614 1797 1800 1852 vincu-

1895 593 2018 649 aiiis
2052 595 2391 666 paventibus,
2422 595 2545 651 aliis
2571 597 2893 654 dolentibus.
2933 598 3067 655 Cum
3098 618 3218 658 eum
3253 606 3469 674 quidam

1893 688 2092 745 vellent
2133 691 2343 762 erigere
2369 731 2385 756 ,
2433 690 2671 747 nonnulli
2712 692 3144 763 prohibuerunt,
3194 705 3248 751 et
3293 698 3474 767 potius

1892 781 2096 835 exitum
2120 784 2536 852 exspectandum
2560 800 2683 839 esse
2714 785 2984 841 dixerunt.
3040 786 3106 841 Et
3138 802 3265 844 ecce
3290 806 3473 847 surre-

1892 871 1993 935 xit,
2024 880 2079 926 et
2100 887 2203 927 non
2228 875 2513 939 tremebat,
2540 876 2790 944 quoniam
2813 885 3035 933 sanatus
3055 886 3193 943 erat,
3221 888 3276 933 et
3295 880 3473 937 stabat

1894 963 2206 1028 incolumis,
2241 966 2457 1021 intuens
2484 968 2775 1024 intuentes.
2831 968 2964 1036 Quis
2986 984 3115 1040 ergo
3147 970 3471 1028 intuentium

1895 1073 1953 1112 se
2002 1059 2175 1112 tenuit
2222 1073 2253 1111 a
2308 1058 2555 1115 laudibus
2600 1061 2732 1116 Dei?
2776 1060 3154 1127 Clamantium,
3200 1062 3475 1135 gratulan-

1896 1150 2138 1220 tiumque
2158 1151 2379 1207 vocibus
2409 1152 2639 1209 ecclesia
2666 1170 3048 1227 usquequaque
3074 1156 3337 1227 completa
3368 1166 3471 1215 est.

1896 1240 2023 1296 inde
2053 1242 2121 1296 ad
2149 1257 2235 1296 me
2267 1244 2505 1298 curritur
2536 1246 2626 1300 ubi
2653 1247 2920 1310 sedebam,
2949 1246 3061 1318 jam
3099 1263 3472 1318 processurus.

1896 1331 2061 1387 lrruit
2102 1333 2238 1388 alter
2271 1334 2499 1405 quisque
2540 1346 2663 1406 post
2711 1337 2958 1403 alterum,
3002 1340 3178 1395 omnis
3211 1340 3477 1410 posterior

1899 1425 2055 1495 quasi
2102 1440 2299 1480 novum
2341 1427 2486 1496 quod
2530 1427 2666 1483 alius
2705 1430 2855 1498 prior
2895 1430 3103 1486 dixerat
3144 1434 3474 1488 nuntiantes.

1899 1515 2089 1586 Meque
2118 1518 2404 1589 gaudente,
2435 1526 2491 1573 et
2511 1520 2651 1589 apud
2675 1534 2761 1574 me
2789 1520 2899 1576 Deo
2926 1522 3129 1592 gratias
3158 1532 3368 1593 agente,
3401 1524 3480 1578 in-

1900 1607 2143 1679 greditur
2171 1610 2336 1664 etiam
2365 1610 2479 1679 ipse
2508 1627 2631 1666 cum
2664 1611 2911 1682 plurimis
2929 1652 2944 1677 ,
2974 1614 3263 1670 inclinatur
3294 1616 3360 1670 ad
3388 1630 3479 1687 ge-

1901 1716 2009 1756 nua
2047 1718 2201 1768 mea,
2236 1704 2463 1774 erigitur
2496 1705 2564 1759 ad
2601 1704 2844 1760 osculum
2884 1721 3083 1762 meum.
3133 1708 3483 1765 Procedimus

1901 1794 1969 1848 ad
1997 1795 2463 1866 populumgplena
2486 1806 2605 1852 erat
2632 1796 2883 1865 ecclesia,
2909 1800 3233 1867 personabat
3260 1801 3482 1856 vocibus

226 1883 328 1939 lum
373 1886 611 1953 solvens,
660 1887 819 1942 simul
854 1903 976 1943 cum
1015 1888 1204 1943 eodem
1246 1888 1443 1942 annulo
1484 1890 1711 1958 projecit
1742 1889 1797 1943 in
1824 1874 1873 1934 Β
1900 1886 2240 1955 gaudiorum,
2286 1886 2398 1941 Deo
2446 1888 2682 1959 gratias!
2734 1888 2845 1942 Deo
2884 1888 3097 1944 laudes!
3143 1890 3357 1945 nemine
3399 1899 3480 1944 ta-

223 1973 439 2031 tlumen.
484 1976 601 2034 Non
623 1978 848 2034 credant
875 1979 975 2034 hoc
1002 1979 1093 2048 qui
1116 1979 1278 2033 etiam
1304 1978 1589 2033 Dominum
1612 1976 1797 2039 Jesum

223 2081 314 2135 per
333 2060 551 2136 integra
576 2070 857 2141 virginalia
881 2070 1071 2125 matris
1094 2070 1311 2125 enixum
1332 2077 1388 2125 et
1410 2070 1479 2125 ad
1509 2070 1799 2140 discipulos

224 2159 369 2215 ostiis
395 2159 600 2216 clausis
625 2161 925 2232 ingressum
960 2161 1125 2216 fuisse
1151 2176 1258 2217 non
1282 2161 1543 2227 credunt;
1577 2160 1673 2215 sed
1696 2162 1801 2217 hoc

222 2258 365 2304 certe
394 2259 663 2319 quaerant,
686 2260 759 2317 et,
790 2252 835 2305 si
862 2267 1048 2308 verum
1076 2252 1401 2317 invenerint,
1434 2252 1525 2307 illa
1554 2252 1795 2307 credant.

222 2340 530 2398 Clarissima
566 2344 761 2399 femina
798 2354 898 2409 est,
936 2346 1187 2401 nobiliter
1216 2356 1373 2408 nata,
1410 2344 1667 2400 nobiliter
1702 2360 1803 2399 nu-

220 2444 325 2507 pta,
360 2436 694 2508 Carthagine
733 2440 939 2494 habitat
970 2458 982 2494 :
1017 2439 1193 2509 ampla
1228 2440 1445 2504 civitas,
1478 2438 1655 2509 ampla
1681 2452 1804 2508 per—

221 2540 366 2591 sona,
404 2542 530 2583 rem
566 2540 871 2598 quaerentes
902 2532 1070 2586 latere
1095 2546 1201 2586 non
1237 2532 1385 2586 sinit.
1424 2532 1629 2601 Martyr
1656 2540 1804 2587 certe

221 2614 348 2683 ipse,
375 2631 490 2685 quo
535 2617 856 2687 impetrante
894 2619 982 2673 illa
1010 2629 1199 2674 sanata
1230 2627 1332 2684 est,
1371 2620 1427 2673 in
1454 2619 1651 2675 Filium
1683 2634 1805 2690 per-

222 2708 487 2762 manentia
524 2707 758 2778 Virginis
791 2711 1039 2781 credidit,
1077 2711 1131 2765 in
1153 2726 1276 2771 eum
1306 2711 1581 2783 qui'ostiis
1610 2710 1807 2766 clausis

224 2806 287 2867 ad
308 2798 607 2882 discipulos
634 2798 910 2875 ingressus
936 2812 1041 2868 est,
1072 2802 1300 2857 credidit
1324 2820 1337 2856 :
1360 2809 1655 2871 postremo,
1682 2813 1806 2869 pro-

224 2911 337 2972 pter
363 2903 519 2971 quod
548 2901 730 2953 omnia
766 2896 868 2950 ista
900 2895 1148 2949 dicuntur
1179 2907 1211 2946 a
1239 2892 1425 2957 nobis,
1459 2890 1513 2945 in
1555 2903 1677 2944 eum
1712 2888 1805 2959 qui

225 2992 461 3047 ascendit
494 2991 554 3044 in
582 2987 780 3044 calum
808 3000 931 3041 cum
958 2999 1140 3049 carne,
1182 2983 1236 3037 in
1269 2997 1375 3052 qua
1411 2987 1804 3046 resurrexerat,

225 3085 482 3149 credidit;
519 3090 571 3137 et
596 3081 716 3135 ideo
742 3094 838 3149 per
864 3092 986 3134 eum
1016 3083 1165 3131 tanta
1208 3075 1363 3140 fiunt,
1401 3074 1526 3144 quia
1563 3088 1661 3143 pro
1700 3073 1805 3128 ista

227 3172 328 3229 ﬁde
364 3175 608 3229 animam
649 3170 846 3241 posuit.
904 3167 1066 3222 Fiunt
1096 3180 1224 3237 ergo
1254 3165 1418 3221 etiam
1455 3180 1599 3221 nunc
1636 3164 1805 3219 multa

1902 1987 2079 2042 cente,
2110 1979 2238 2033 hinc
2264 1986 2426 2049 atque
2466 1978 2592 2033 inde
2624 1978 2993 2034 clamantium.
3046 1978 3285 2034 Salutavi
3312 1996 3481 2050 popu-

1901 2068 2011 2124 lum
2028 2111 2043 2135 ,
2073 2078 2129 2125 et
2148 2086 2336 2125 rursus
2356 2070 2544 2125 eadem
2573 2069 2899 2124 ferventiore
2924 2084 3055 2125 voce
3078 2070 3333 2125 clamant.
3358 2070 3479 2126 r-Fa-

1901 2168 1990 2216 cto
2038 2161 2252 2215 tandem
2292 2161 2525 2227 silentio,
2570 2158 2972 2231 Scripturarum
3010 2160 3315 2217 divinarum
3356 2169 3484 2218 sunt

1901 2248 2040 2305 lecta
2078 2251 2355 2306 solemnia.
2403 2251 2503 2307 Ubi
2543 2260 2723 2306 autem
2760 2261 2980 2308 ventum
3013 2260 3097 2308 est
3133 2254 3201 2308 ad
3238 2255 3342 2309 mei
3375 2270 3485 2310 ser-

1902 2341 2081 2396 monis
2117 2342 2315 2407 locum,
2360 2343 2472 2397 dixi
2505 2358 2675 2413 pauca
2713 2358 2813 2413 pro
2847 2350 3089 2414 tempore
3124 2352 3180 2399 et
3212 2360 3313 2415 pro
3340 2345 3485 2401 illius

1896 2428 2234 2499 iucunditate
2266 2431 2485 2487 latitia.
2529 2431 2821 2489 Nobiscum
2852 2434 3014 2489 homo
3045 2435 3291 2506 prandit,
3322 2444 3374 2491 et
3405 2436 3486 2490 di-

1904 2521 2137 2593 ligenter
2162 2523 2318 2578 nobis
2340 2536 2555 2578 omnem
2583 2540 2694 2579 sua
2717 2525 2972 2581 fraterna
2994 2526 3317 2582 calamitatis
3349 2525 3487 2582 indi-

1905 2614 2051 2668 cavit
2090 2614 2395 2670 historiam.
2428 2613 2685 2686 Sequenti
2716 2618 2897 2688 itaque
2923 2620 3008 2675 die
3033 2628 3157 2689 post
3181 2632 3485 2675 sermonem

1906 2706 2196 2772 redditum,
2224 2707 2554 2763 narrationis
2581 2708 2698 2776 ejus
2724 2708 2965 2765 libellum
2995 2712 3050 2765 in
3078 2712 3373 2767 crastinum
3393 2727 3489 2784 po-

1905 2797 2033 2869 pulo
2082 2798 2421 2853 recitandum
2460 2800 2705 2870 promisi.
2762 2799 2915 2867 Quod
2952 2816 3076 2857 cum
3113 2812 3169 2858 et
3209 2803 3488 2860 Dominico

1906 2889 2131 2945 Pascha
2158 2889 2246 2945 die
2274 2890 2435 2945 tertio
2466 2890 2625 2947 ﬁeret
2654 2893 2708 2946 in
2739 2892 2997 2962 gradibus
3022 2896 3267 2964 exedra,
3298 2896 3353 2950 in
3382 2911 3489 2966 qua

1907 2982 1973 3037 de
1999 2982 2279 3052 superiore
2306 2982 2565 3054 loquebar
2594 2985 2712 3042 loco
2730 3026 2745 3051 ,
2776 2985 2879 3041 feci
2909 2995 3053 3044 stare
3080 2989 3268 3044 ambos
3294 2988 3489 3049 fratres

1906 3089 2031 3130 cum
2082 3089 2271 3131 eorum
2324 3076 2592 3148 legeretur
2633 3079 2865 3135 libellus.
2909 3080 3223 3137 lntucbatur
3264 3084 3491 3154 populus

1906 3166 2193 3222 universus
2222 3164 2384 3222 sexus
2418 3168 2732 3240 utriusque,
2770 3187 2935 3226 unum
2970 3181 3203 3228 stantem
3239 3174 3356 3229 sine
3394 3176 3489 3230 dc-

228 3265 713 3331 miracula,eodem
742 3261 851 3327 Deo
878 3261 1109 3317 faciente
1124 3276 1222 3330 per
1241 3274 1378 3330 quos
1406 3258 1520 3313 vult
1542 3266 1595 3313 et
1618 3273 1808 3328 quem-
1835 3266 1879 3330 ρ
1910 3257 2073 3313 formi
2110 3265 2282 3323 motu,
2315 3258 2541 3314 alteram
2578 3262 2837 3317 membris
2863 3264 3114 3319 omnibus
3147 3274 3491 3321 contremen-

227 3356 519 3411 admodum
542 3354 671 3409 vult.
698 3354 872 3410 Unum
895 3354 1059 3408 etiam
1080 3361 1165 3407 est
1186 3353 1326 3421 apud
1347 3367 1447 3407 nos
1474 3349 1673 3405 factum
1699 3366 1807 3405 non

224 3447 402 3517 majus
423 3461 591 3515 quam
616 3445 705 3500 illa
727 3460 846 3515 qua
868 3444 997 3506 dixi,
1027 3444 1121 3498 sed
1144 3452 1254 3496 tam
1276 3441 1481 3495 clarum
1505 3449 1666 3509 atque
1692 3441 1811 3494 illu-

221 3546 334 3591 stre
354 3535 700 3601 miraculum,
716 3544 775 3588 ut
790 3534 992 3589 nullum
1008 3533 1241 3588 arbitrer
1255 3547 1374 3586 esse
1388 3530 1813 3600 Hipponensium

216 3630 312 3701 qui
345 3630 456 3683 hoc
480 3642 593 3682 non
622 3626 707 3681 vel
731 3626 926 3682 viderit
948 3626 1027 3680 vel
1048 3624 1311 3688 didicerit,
1338 3623 1544 3677 nullum
1564 3622 1657 3692 qui
1676 3620 1815 3675 obli-

216 3721 357 3777 visci
400 3719 517 3774 ulla
562 3720 772 3774 ratione
799 3718 1051 3788 potuerit.
1099 3718 1296 3772 Decem
1338 3715 1554 3785 quidam
1593 3714 1812 3781 fratres,

217 3826 464 3883 quorum
488 3818 697 3881 septem
720 3818 845 3866 sunt
862 3823 1062 3875 mares,
1086 3816 1197 3865 tres
1214 3807 1449 3874 femina,
1475 3806 1542 3863 de
1567 3806 1813 3863 Casarea

222 3902 589 3975 Cappadocia
608 3916 826 3958 suorum
853 3900 1052 3956 civium
1078 3915 1183 3956 non
1213 3900 1494 3972 ignobiles,
1527 3900 1814 3957 maledicto

224 3996 419 4051 matris
468 3995 694 4059 recenti,
736 3994 905 4064 patris
942 4008 1127 4048 eorum
1170 3994 1318 4048 obitu
1361 3993 1644 4057 destituta,
1695 4008 1815 4063 qua

229 4085 490 4156 iniuriam
529 4086 630 4142 sibi
671 4085 740 4141 ab
777 4086 857 4141 eis
897 4085 1095 4141 factam
1137 4086 1485 4142 acerbissime
1527 4086 1666 4151 tulit,
1718 4086 1814 4142 tali

230 4192 389 4249 pana
420 4185 552 4232 sunt
589 4177 848 4233 divinitus
887 4178 1129 4241 coerciti,
1172 4187 1231 4232 ut
1266 4178 1598 4232 horribiliter
1628 4186 1816 4247 quate-

233 4278 423 4323 rentur
464 4283 657 4324 omnes
693 4276 931 4323 tremore
968 4269 1334 4323 membrorum
1357 4284 1372 4322 :
1395 4270 1450 4323 in
1485 4284 1593 4338 qua
1631 4269 1818 4325 fariis-

233 4366 364 4420 sima
392 4365 583 4436 specie
604 4364 791 4419 oculos
811 4378 1033 4419 suorum
1061 4364 1257 4418 civium
1279 4378 1385 4419 non
1406 4363 1661 4430 ferentes,
1684 4378 1818 4433 qua-

233 4470 564 4525 quaversum
591 4454 784 4525 cuique
815 4455 892 4509 ire
919 4455 1093 4509 visum
1120 4462 1222 4519 est,
1254 4462 1364 4510 toto
1390 4470 1529 4526 pene
1549 4454 1818 4525 vagaban-

233 4554 319 4602 tur
344 4547 479 4603 orbe
532 4544 791 4601 Romano.
845 4544 925 4600 Ex
969 4546 1055 4602 bis
1100 4545 1266 4602 etiam
1307 4546 1377 4601 ad
1413 4561 1514 4601 nos
1553 4551 1817 4617 venerunt

234 4638 357 4706 duo,
385 4638 570 4694 frater
592 4647 647 4693 et
672 4653 846 4704 soror,
877 4637 1074 4695 Paulus
1109 4648 1163 4696 et
1196 4638 1458 4706 Palladia,
1486 4639 1668 4695 multis
1696 4639 1818 4700 aliis

234 4728 361 4787 locis
394 4730 625 4786 miseria
656 4728 1100 4801 diil‘amantejam
1132 4731 1351 4802 cogniti.
1412 4732 1690 4792 Venerunt
1717 4753 1818 4793 au~

237 4832 337 4876 tem
371 4830 505 4877 ante
548 4818 755 4875 Pascha
788 4818 956 4874 ferme
998 4820 1111 4875 dies
1155 4822 1494 4890 quindecim,
1536 4825 1819 4883 ecclesiam

236 4911 476 4981 quotidie
530 4920 586 4966 et
620 4911 675 4965 in
715 4925 779 4966 ea
822 4913 1135 4967 memoriam
1164 4913 1533 4983 gloriosissimi
1561 4916 1820 4988 Stephani

238 5003 681 5076 frequentabant,
713 5014 931 5061 orantes
956 5015 1014 5060 ut
1035 5006 1148 5077 jam
1187 5005 1288 5061 sibi
1319 5006 1625 5078 placaretur
1657 5010 1818 5076 Deus,

234 5105 289 5153 et
316 5098 559 5155 salutem
590 5097 871 5169 pristinam
900 5097 1168 5154 redderet.
1204 5098 1272 5153 Et
1296 5098 1404 5155 illic
1425 5108 1479 5154 et
1501 5116 1822 5172 quocunque

240 5186 430 5257 ibant,
477 5190 868 5246 convertebant
912 5190 970 5244 in
1013 5205 1071 5245 se
1114 5190 1349 5245 civitatis
1401 5202 1695 5263 aspectum.
1756 5194 1823 5249 Et

239 5279 485 5336 nonnulli
518 5279 612 5351 qui
644 5294 737 5336 eos
761 5280 891 5335 alibi
923 5280 1185 5345 viderant,
1216 5296 1541 5352 causamque
1569 5285 1822 5342 tremoris

240 5383 429 5426 eorum
476 5379 765 5436 noverant,
803 5370 948 5436 aliis,
986 5378 1047 5426 ut
1082 5372 1275 5441 cuique
1311 5381 1580 5441 poterant,
1622 5376 1824 5433 indica-

238 5463 391 5523 bant.
444 5462 611 5521 Venit
651 5475 707 5521 et
747 5464 971 5530 Pascha,
1032 5474 1193 5534 atque
1244 5463 1360 5534 ipso
1410 5464 1498 5519 die
1543 5465 1823 5525 Dominico

241 5571 421 5623 mane,
453 5573 580 5615 cum
602 5556 712 5627 jam
732 5556 986 5628 frequens
1010 5555 1235 5627 populus
1263 5570 1500 5625 prasens
1522 5565 1683 5621 esset,
1717 5557 1823 5615 loci

244 5650 420 5704 sancti
464 5648 735 5705 cancellos
775 5648 865 5703 ubi
907 5648 1225 5719 martyrium
1264 5655 1403 5714 erat,
1442 5648 1581 5702 idem
1610 5648 1824 5719 juvenis

243 5755 412 5797 orans
448 5750 677 5807 teneret,
721 5749 938 5810 repente
977 5747 1279 5810 prostratus
1309 5746 1413 5803 est,
1450 5740 1827 5796 etdormienti

247 5832 563 5893 simillimus
588 5832 781 5909 iacuit,
817 5846 926 5895 non
963 5841 1144 5901 tamen
1184 5841 1445 5901 tremens.
1483 5830 1622 5890 sicut
1659 5833 1824 5891 etiam

1910 3360 2042 3407 tem.
2094 3352 2163 3407 Et
2189 3353 2279 3422 qui
2312 3353 2486 3421 ipsum
2512 3370 2617 3410 non
2644 3356 2913 3421 viderant,
2946 3356 3073 3426 quid
3108 3357 3163 3410 in
3198 3371 3264 3412 eo
3298 3358 3494 3413 divina

1911 3442 2299 3498 misericordia
2323 3442 2525 3499 factum
2546 3453 2711 3509 esset,
2742 3446 2794 3500 in
2822 3444 2938 3513 ejus
2965 3462 3151 3502 sorore
3178 3451 3490 3504 cernebant.

1914 3533 2183 3587 Videbam
2224 3534 2370 3588 enim
2410 3536 2538 3605 quid
2586 3536 2641 3589 in
2683 3535 2773 3590 illo
2810 3535 3206 3607 gratulandum,
3236 3540 3362 3607 quid
3397 3552 3495 3608 pro
3550 3534 3559 3549 '

1913 3624 2003 3679 illa
2028 3635 2173 3682 esset
2200 3628 2483 3683 orandum.
2532 3630 2679 3685 Inter
2699 3630 2815 3686 hac
2845 3631 3073 3686 recitato
3100 3648 3287 3689 eorum
3316 3634 3495 3690 libello

1916 3718 1982 3773 de
2019 3729 2308 3790 conspectu
2342 3721 2523 3791 populi
2561 3737 2655 3777 eos
2692 3723 2843 3779 abire
2876 3725 3140 3796 pracepi;
3188 3735 3242 3780 et
3274 3726 3341 3782 de
3383 3734 3494 3783 tota

1914 3810 2029 3879 ipsa
2057 3826 2221 3866 causa
2252 3812 2525 3882 aliquanto
2564 3814 2871 3885 diligentius
2899 3830 3169 3885 caperam
3198 3817 3495 3889 disputare,

1914 3917 2036 3957 cum
2057 3918 2184 3957 ecce
2207 3918 2294 3958 me
2313 3904 2619 3975 disputante
2647 3921 2807 3961 voces
2831 3906 2949 3961 alia
2974 3908 3040 3961 de
3059 3908 3319 3964 memoria
3345 3924 3492 3966 mar-

1912 3997 2052 4068 tyris
2094 4011 2249 4052 nova
2289 3997 2667 4069 gratulationis
2704 3999 3017 4053 audiuntur.
3080 3997 3337 4055 Conversi
3373 4010 3499 4056 sunt

1914 4102 1980 4144 eo
2008 4089 2097 4157 qui
2130 4104 2217 4143 me
2248 4090 2569 4156 audiebant,
2601 4100 2989 4162 coeperuntque
3015 4106 3357 4147 concurrere.
3404 4091 3499 4147 illa

1915 4180 2061 4234 enim
2100 4179 2191 4234 ubi
2230 4181 2295 4237 de
2330 4181 2585 4251 gradibus
2614 4182 2895 4237 descendit
2926 4183 2982 4235 in
3020 4183 3214 4250 quibus
3252 4188 3496 4249 steterat,

1920 4272 1987 4326 ad
2022 4280 2267 4326 sanctum
2303 4281 2593 4343 martyrem
2633 4288 2787 4326 orare
2824 4280 3162 4342 perrexerat.
3207 4270 3336 4338 Qua:
3373 4285 3498 4326 mox

1920 4373 1982 4418 ut
2014 4363 2283 4419 cancellos
2320 4365 2495 4433 attigit
2534 4363 2767 4433 collapsa
2811 4362 3062 4417 similiter
3098 4361 3242 4417 velut
3274 4362 3327 4417 in
3357 4377 3497 4417 som-

1920 4471 2050 4511 num
2103 4470 2234 4511 sana
2274 4455 2528 4511 surrexit.
2583 4456 2720 4510 Dum
2758 4468 2887 4527 ergo
2926 4452 3324 4523 requireremus
3367 4451 3496 4522 quid

1921 4546 2123 4603 factum
2145 4545 2327 4611 fuerit,
2354 4546 2494 4601 unde
2517 4546 2775 4616 strepitus
2795 4545 2947 4600 latus
2966 4543 3251 4609 exstiterit,
3270 4542 3499 4616 ingressi

1841 4612 1897 4673 D
1922 4646 2048 4693 sunt
2078 4653 2201 4692 cum
2236 4636 2324 4691 illa
2352 4638 2407 4691 in
2433 4612 2730 4701 basilicam,
2764 4638 2856 4693 ubi
2892 4651 3141 4701 eramus,
3174 4612 3499 4691 adducentes

1922 4745 2041 4785 eam
2081 4746 2267 4785 sanam
2296 4730 2362 4785 de
2390 4731 2647 4801 martyris
2686 4730 2823 4785 loco.
2882 4728 3018 4783 Tum
3055 4743 3184 4784 vero
3219 4735 3400 4782 tantus
3428 4724 3497 4781 ab

1921 4832 2151 4892 utroque
2192 4838 2323 4877 sexu
2369 4820 2745 4878 admirationis
2782 4820 2989 4875 clamor
3024 4830 3243 4874 exortus
3289 4827 3393 4882 est,
3438 4824 3500 4871 ut

1921 4929 2028 4969 vox
2070 4913 2382 4969 continuata
2418 4927 2539 4966 cum
2574 4911 2856 4981 lacrymis,
2890 4926 2996 4965 non
3030 4910 3304 4966 videretur
3342 4919 3500 4977 posse

1923 5002 2090 5058 finiri.
2142 5002 2407 5057 Perducta
2440 5008 2525 5056 est
2562 5000 2630 5055 ad
2662 5015 2787 5055 eum
2820 4998 3021 5065 locum,
3062 4997 3151 5053 ubi
3185 4995 3344 5067 paulo
3373 5002 3501 5051 ante

1925 5102 2150 5150 steterat
2194 5101 2451 5148 tremens.
2502 5088 2857 5147 Exsultabant
2887 5105 3007 5147 eam
3044 5086 3272 5145 similem
3311 5084 3497 5152 fratri,

1927 5189 2015 5244 cui
2039 5187 2339 5252 doluerant,
2357 5188 2681 5243 remansisse
2707 5184 3046 5247 dissimilem,
3071 5188 3127 5235 et
3152 5178 3389 5233 nondum
3410 5176 3497 5233 fu-

1927 5294 2017 5335 sas
2038 5293 2227 5349 preces
2255 5293 2382 5333 suas
2408 5293 2507 5349 pro
2537 5278 2647 5343 illa,
2674 5276 2786 5346 jam
2815 5285 2995 5329 tamen
3024 5269 3278 5340 praviam
3304 5268 3496 5323 volun-

1928 5380 2094 5426 tatem
2128 5379 2237 5425 tam
2266 5371 2376 5426 cito
2403 5371 2708 5426 exauditam
2744 5381 2863 5422 esse
2893 5364 3187 5420 cernebant
3208 5401 3222 5422 .
3262 5361 3498 5418 exsulta-

1927 5464 2060 5519 bant
2086 5463 2139 5518 in
2170 5463 2266 5520 Dei
2292 5462 2505 5518 laudem
2532 5474 2712 5525 voces,
2744 5458 2861 5512 sine
2886 5454 3087 5521 verbis,
3120 5462 3268 5511 tanto
3294 5456 3496 5524 sonitu,

1927 5565 2188 5628 quantum
2218 5572 2378 5611 aures
2406 5563 2605 5609 nostra
2638 5550 2780 5607 ferre
2811 5550 2901 5604 vix
2936 5558 3176 5622 possent.
3221 5548 3358 5617 Quid
3381 5558 3499 5606 erat

1928 5649 1983 5706 in
2027 5650 2278 5705 cordibus
2317 5644 2722 5707 exsultantium,
2753 5642 2855 5697 nisi
2887 5640 3021 5697 fides
3046 5638 3246 5697 Christi
3273 5655 3372 5714 pro
3392 5653 3499 5711 quo

1932 5740 2191 5811 Stephani
2216 5737 2435 5808 sanguis
2460 5734 2662 5793 eil‘usus
2689 5744 2772 5791 est
2794 5736 2817 5791 τ
2846 5756 2865 5788 ι

1929 5867 1953 5878 -
1999 5830 2154 5899 Quod
2204 5837 2383 5888 autem
2422 5827 2555 5887 dicit
2594 5836 2841 5889 sanctum
2896 5825 3113 5888 Petrum
3164 5830 3500 5896 catacqu
