  <div class='ocr_page' id='page_1' title='image "/cluster/home/n/w/nwhite01/storage/ocr_20150623/105/hvd.32044021109350/257.png"; bbox 0 0 4006 6440; ppageno 0'>
   <div class='ocr_carea' id='block_1_1' title="bbox 506 385 619 446">
    <p class='ocr_par' dir='ltr' id='par_1_1' title="bbox 506 385 619 446">
     <span class='ocr_line' id='line_1_1' title="bbox 506 385 619 446; baseline -0.053 0"><span class='ocrx_word' id='word_1_1' title='bbox 506 385 619 446; x_wconf 73' lang='lat'><strong>507</strong></span> 
     </span>
    </p>
   </div>
   <div class='ocr_carea' id='block_1_2' title="bbox 1829 363 2459 428">
    <p class='ocr_par' dir='ltr' id='par_1_2' title="bbox 1829 363 2459 428">
     <span class='ocr_line' id='line_1_2' title="bbox 1829 363 2459 428; baseline -0.005 -2"><span class='ocrx_word' id='word_1_2' title='bbox 1829 365 2129 428; x_wconf 79' lang='lat' dir='ltr'><strong>DUNGALI</strong></span> <span class='ocrx_word' id='word_1_3' title='bbox 2163 363 2459 426; x_wconf 78' lang='lat' dir='ltr'><strong>BECLUSI</strong></span> 
     </span>
    </p>
   </div>
   <div class='ocr_carea' id='block_1_3' title="bbox 510 483 3790 577">
    <p class='ocr_par' dir='ltr' id='par_1_3' title="bbox 510 483 3790 577">
     <span class='ocr_line' id='line_1_3' title="bbox 510 483 3790 577; baseline -0.005 -16"><span class='ocrx_word' id='word_1_4' title='bbox 510 499 788 577; x_wconf 73' lang='lat' dir='ltr'><strong>apostolos</strong></span> <span class='ocrx_word' id='word_1_5' title='bbox 823 513 856 555; x_wconf 84' lang='lat' dir='ltr'><strong>a</strong></span> <span class='ocrx_word' id='word_1_6' title='bbox 891 495 1195 554; x_wconf 86' lang='lat' dir='ltr'><strong>ministerio</strong></span> <span class='ocrx_word' id='word_1_7' title='bbox 1233 492 1475 550; x_wconf 78' lang='lat' dir='ltr'><strong>solvendi</strong></span> <span class='ocrx_word' id='word_1_8' title='bbox 1503 503 1567 548; x_wconf 86' lang='lat' dir='ltr'><strong>ac</strong></span> <span class='ocrx_word' id='word_1_9' title='bbox 1603 489 1821 562; x_wconf 78' lang='lat' dir='ltr'><strong>ligandi,</strong></span> <span class='ocrx_word' id='word_1_10' title='bbox 1852 490 1955 544; x_wconf 90' lang='lat' dir='ltr'><strong>hoc</strong></span> <span class='ocrx_word' id='word_1_11' title='bbox 1980 495 2085 554; x_wconf 89' lang='lat' dir='ltr'><strong>est,</strong></span> <span class='ocrx_word' id='word_1_12' title='bbox 2115 485 2169 549; x_wconf 76' lang='grc' dir='ltr'><strong>Α</strong></span> <span class='ocrx_word' id='word_1_13' title='bbox 2190 499 2251 541; x_wconf 85' lang='lat' dir='ltr'><strong>re</strong></span> <span class='ocrx_word' id='word_1_14' title='bbox 2305 485 2535 542; x_wconf 74' lang='lat' dir='ltr'><strong>actionis</strong></span> <span class='ocrx_word' id='word_1_15' title='bbox 2561 523 2576 552; x_wconf 98' lang='lat'><strong>,</strong></span> <span class='ocrx_word' id='word_1_16' title='bbox 2631 483 2802 542; x_wconf 83' lang='lat' dir='ltr'><strong>altera</strong></span> <span class='ocrx_word' id='word_1_17' title='bbox 2857 483 2915 541; x_wconf 90' lang='lat' dir='ltr'><strong>in‘</strong></span> <span class='ocrx_word' id='word_1_18' title='bbox 2965 484 3217 542; x_wconf 76' lang='lat' dir='ltr'><strong>mercede</strong></span> <span class='ocrx_word' id='word_1_19' title='bbox 3273 483 3790 555; x_wconf 84' lang='lat' dir='ltr'><strong>contemplationis.</strong></span> 
     </span>
    </p>
   </div>
   <div class='ocr_carea' id='block_1_4' title="bbox 508 581 2090 670">
    <p class='ocr_par' dir='ltr' id='par_1_4' title="bbox 508 581 2090 670">
     <span class='ocr_line' id='line_1_4' title="bbox 508 581 2090 670; baseline -0.01 -17"><span class='ocrx_word' id='word_1_20' title='bbox 508 595 788 670; x_wconf 78' lang='lat' dir='ltr'><strong>iudicandi</strong></span> <span class='ocrx_word' id='word_1_21' title='bbox 814 593 868 648; x_wconf 89' lang='lat' dir='ltr'><strong>in</strong></span> <span class='ocrx_word' id='word_1_22' title='bbox 896 589 1136 645; x_wconf 83' lang='lat' dir='ltr'><strong>Ecclesia</strong></span> <span class='ocrx_word' id='word_1_23' title='bbox 1165 603 1284 643; x_wconf 90' lang='lat' dir='ltr'><strong>esse</strong></span> <span class='ocrx_word' id='word_1_24' title='bbox 1315 593 1570 651; x_wconf 87' lang='lat' dir='ltr'><strong>remotos,</strong></span> <span class='ocrx_word' id='word_1_25' title='bbox 1599 593 1655 640; x_wconf 88' lang='lat' dir='ltr'><strong>et</strong></span> <span class='ocrx_word' id='word_1_26' title='bbox 1675 583 1825 638; x_wconf 91' lang='lat' dir='ltr'><strong>illum</strong></span> <span class='ocrx_word' id='word_1_27' title='bbox 1845 581 2090 650; x_wconf 88' lang='lat' dir='ltr'><strong>aliosque</strong></span> 
     </span>
    </p>
   </div>
   <div class='ocr_carea' id='block_1_5' title="bbox 515 672 2090 760">
    <p class='ocr_par' dir='ltr' id='par_1_5' title="bbox 515 672 2090 760">
     <span class='ocr_line' id='line_1_5' title="bbox 515 672 2090 760; baseline -0.014 -13"><span class='ocrx_word' id='word_1_28' title='bbox 515 691 597 748; x_wconf 90' lang='lat' dir='ltr'><strong>sui</strong></span> <span class='ocrx_word' id='word_1_29' title='bbox 620 703 778 760; x_wconf 88' lang='lat' dir='ltr'><strong>pares</strong></span> <span class='ocrx_word' id='word_1_30' title='bbox 802 687 856 740; x_wconf 88' lang='lat' dir='ltr'><strong>in</strong></span> <span class='ocrx_word' id='word_1_31' title='bbox 882 679 1450 738; x_wconf 88' lang='lat' dir='ltr'><strong>illorum-successisse</strong></span> <span class='ocrx_word' id='word_1_32' title='bbox 1477 677 1673 742; x_wconf 90' lang='lat' dir='ltr'><strong>locum,</strong></span> <span class='ocrx_word' id='word_1_33' title='bbox 1705 673 1858 744; x_wconf 90' lang='lat' dir='ltr'><strong>quasi</strong></span> <span class='ocrx_word' id='word_1_34' title='bbox 1884 672 2090 743; x_wconf 87' lang='lat' dir='ltr'><strong>dignio-</strong></span> 
     </span>
    </p>
   </div>
   <div class='ocr_carea' id='block_1_6' title="bbox 516 766 2092 849">
    <p class='ocr_par' dir='ltr' id='par_1_6' title="bbox 516 766 2092 849">
     <span class='ocr_line' id='line_1_6' title="bbox 516 766 2092 849; baseline -0.014 -10"><span class='ocrx_word' id='word_1_35' title='bbox 516 799 605 839; x_wconf 85' lang='lat' dir='ltr'><strong>res</strong></span> <span class='ocrx_word' id='word_1_36' title='bbox 638 790 799 849; x_wconf 86' lang='lat' dir='ltr'><strong>atque</strong></span> <span class='ocrx_word' id='word_1_37' title='bbox 826 775 1154 832; x_wconf 82' lang='lat' dir='ltr'><strong>eiﬁcaciores</strong></span> <span class='ocrx_word' id='word_1_38' title='bbox 1176 788 1274 842; x_wconf 90' lang='lat' dir='ltr'><strong>pro</strong></span> <span class='ocrx_word' id='word_1_39' title='bbox 1299 770 1513 825; x_wconf 78' lang='lat' dir='ltr'><strong>lassatis</strong></span> <span class='ocrx_word' id='word_1_40' title='bbox 1541 777 1631 823; x_wconf 87' lang='lat' dir='ltr'><strong>aut</strong></span> <span class='ocrx_word' id='word_1_41' title='bbox 1659 767 1726 822; x_wconf 90' lang='lat' dir='ltr'><strong>de</strong></span> <span class='ocrx_word' id='word_1_42' title='bbox 1756 766 1936 836; x_wconf 88' lang='lat' dir='ltr'><strong>aliqua</strong></span> <span class='ocrx_word' id='word_1_43' title='bbox 1962 779 2092 819; x_wconf 80' lang='lat' dir='ltr'><strong>con-</strong></span> 
     </span>
    </p>
   </div>
   <div class='ocr_carea' id='block_1_7' title="bbox 515 858 2092 930">
    <p class='ocr_par' dir='ltr' id='par_1_7' title="bbox 515 858 2092 930">
     <span class='ocr_line' id='line_1_7' title="bbox 515 858 2092 930; baseline -0.012 0"><span class='ocrx_word' id='word_1_44' title='bbox 515 875 674 930; x_wconf 88' lang='lat' dir='ltr'><strong>victis</strong></span> <span class='ocrx_word' id='word_1_45' title='bbox 699 871 929 926; x_wconf 81' lang='lat' dir='ltr'><strong>falsitate</strong></span> <span class='ocrx_word' id='word_1_46' title='bbox 953 867 1290 930; x_wconf 87' lang='lat' dir='ltr'><strong>substitutos,</strong></span> <span class='ocrx_word' id='word_1_47' title='bbox 1321 877 1443 917; x_wconf 89' lang='lat' dir='ltr'><strong>cum</strong></span> <span class='ocrx_word' id='word_1_48' title='bbox 1466 861 1542 915; x_wconf 84' lang='lat' dir='ltr'><strong>illi</strong></span> <span class='ocrx_word' id='word_1_49' title='bbox 1572 861 1711 930; x_wconf 90' lang='lat' dir='ltr'><strong>quod</strong></span> <span class='ocrx_word' id='word_1_50' title='bbox 1739 858 1907 914; x_wconf 86' lang='lat' dir='ltr'><strong>semel</strong></span> <span class='ocrx_word' id='word_1_51' title='bbox 1931 875 1960 912; x_wconf 91' lang='lat' dir='ltr'><strong>a</strong></span> <span class='ocrx_word' id='word_1_52' title='bbox 1989 859 2092 912; x_wconf 83' lang='lat' dir='ltr'><strong>Do-</strong></span> 
     </span>
    </p>
   </div>
   <div class='ocr_carea' id='block_1_8' title="bbox 516 951 2094 1033">
    <p class='ocr_par' dir='ltr' id='par_1_8' title="bbox 516 951 2094 1033">
     <span class='ocr_line' id='line_1_8' title="bbox 516 951 2094 1033; baseline -0.01 -14"><span class='ocrx_word' id='word_1_53' title='bbox 516 966 664 1020; x_wconf 90' lang='lat' dir='ltr'><strong>mino</strong></span> <span class='ocrx_word' id='word_1_54' title='bbox 693 959 1055 1033; x_wconf 74' lang='lat' dir='ltr'><strong>principaliter</strong></span> <span class='ocrx_word' id='word_1_55' title='bbox 1081 973 1203 1012; x_wconf 89' lang='lat' dir='ltr'><strong>cum</strong></span> <span class='ocrx_word' id='word_1_56' title='bbox 1229 954 1577 1010; x_wconf 77' lang='lat' dir='ltr'><strong>universitate</strong></span> <span class='ocrx_word' id='word_1_57' title='bbox 1597 952 1851 1006; x_wconf 66' lang='lat' dir='ltr'><strong>Ecclesia:</strong></span> <span class='ocrx_word' id='word_1_58' title='bbox 1871 951 2094 1006; x_wconf 84' lang='lat' dir='ltr'><strong>attribu-</strong></span> 
     </span>
    </p>
   </div>
   <div class='ocr_carea' id='block_1_9' title="bbox 517 1044 2093 1118">
    <p class='ocr_par' dir='ltr' id='par_1_9' title="bbox 517 1044 2093 1118">
     <span class='ocr_line' id='line_1_9' title="bbox 517 1044 2093 1118; baseline -0.009 -8"><span class='ocrx_word' id='word_1_59' title='bbox 517 1065 631 1110; x_wconf 87' lang='lat' dir='ltr'><strong>tum</strong></span> <span class='ocrx_word' id='word_1_60' title='bbox 661 1055 751 1118; x_wconf 86' lang='lat' dir='ltr'><strong>sit,</strong></span> <span class='ocrx_word' id='word_1_61' title='bbox 781 1055 884 1108; x_wconf 90' lang='lat' dir='ltr'><strong>hoc</strong></span> <span class='ocrx_word' id='word_1_62' title='bbox 912 1059 994 1106; x_wconf 89' lang='lat' dir='ltr'><strong>est</strong></span> <span class='ocrx_word' id='word_1_63' title='bbox 1026 1049 1236 1118; x_wconf 91' lang='lat' dir='ltr'><strong>judices</strong></span> <span class='ocrx_word' id='word_1_64' title='bbox 1271 1055 1472 1101; x_wconf 69' lang='lat' dir='ltr'><strong>sanctm</strong></span> <span class='ocrx_word' id='word_1_65' title='bbox 1509 1045 1627 1100; x_wconf 89' lang='lat' dir='ltr'><strong>ﬁeri</strong></span> <span class='ocrx_word' id='word_1_66' title='bbox 1663 1044 1920 1099; x_wconf 76' lang='lat' dir='ltr'><strong>Ecclesiae</strong></span> <span class='ocrx_word' id='word_1_67' title='bbox 1955 1059 2093 1097; x_wconf 85' lang='lat' dir='ltr'><strong>nun-</strong></span> 
     </span>
    </p>
   </div>
   <div class='ocr_carea' id='block_1_10' title="bbox 517 1136 2094 1218">
    <p class='ocr_par' dir='ltr' id='par_1_10' title="bbox 517 1136 2094 1218">
     <span class='ocr_line' id='line_1_10' title="bbox 517 1136 2094 1218; baseline -0.008 -16"><span class='ocrx_word' id='word_1_68' title='bbox 517 1161 680 1218; x_wconf 85' lang='lat' dir='ltr'><strong>quam</strong></span> <span class='ocrx_word' id='word_1_69' title='bbox 708 1159 826 1200; x_wconf 88' lang='lat' dir='ltr'><strong>esse</strong></span> <span class='ocrx_word' id='word_1_70' title='bbox 854 1142 1128 1204; x_wconf 84' lang='lat' dir='ltr'><strong>desierint,</strong></span> <span class='ocrx_word' id='word_1_71' title='bbox 1161 1147 1255 1194; x_wconf 91' lang='lat' dir='ltr'><strong>aut</strong></span> <span class='ocrx_word' id='word_1_72' title='bbox 1288 1154 1384 1208; x_wconf 89' lang='lat' dir='ltr'><strong>per</strong></span> <span class='ocrx_word' id='word_1_73' title='bbox 1407 1152 1560 1192; x_wconf 88' lang='lat' dir='ltr'><strong>suam</strong></span> <span class='ocrx_word' id='word_1_74' title='bbox 1590 1136 1923 1205; x_wconf 80' lang='lat' dir='ltr'><strong>corporalem</strong></span> <span class='ocrx_word' id='word_1_75' title='bbox 1959 1151 2094 1204; x_wconf 60' lang='lat' dir='ltr'><strong>prato</strong></span> 
     </span>
    </p>
   </div>
   <div class='ocr_carea' id='block_1_11' title="bbox 517 1229 2092 1304">
    <p class='ocr_par' dir='ltr' id='par_1_11' title="bbox 517 1229 2092 1304">
     <span class='ocr_line' id='line_1_11' title="bbox 517 1229 2092 1304; baseline -0.01 -9"><span class='ocrx_word' id='word_1_76' title='bbox 517 1239 746 1296; x_wconf 86' lang='lat' dir='ltr'><strong>sentiam</strong></span> <span class='ocrx_word' id='word_1_77' title='bbox 782 1235 1092 1304; x_wconf 73' lang='lat' dir='ltr'><strong>iudicando,</strong></span> <span class='ocrx_word' id='word_1_78' title='bbox 1135 1240 1230 1287; x_wconf 88' lang='lat' dir='ltr'><strong>aut</strong></span> <span class='ocrx_word' id='word_1_79' title='bbox 1268 1246 1366 1302; x_wconf 91' lang='lat' dir='ltr'><strong>per</strong></span> <span class='ocrx_word' id='word_1_80' title='bbox 1401 1245 1553 1285; x_wconf 87' lang='lat' dir='ltr'><strong>suam</strong></span> <span class='ocrx_word' id='word_1_81' title='bbox 1587 1229 1888 1283; x_wconf 87' lang='lat' dir='ltr'><strong>doctrinam</strong></span> <span class='ocrx_word' id='word_1_82' title='bbox 1929 1241 2092 1298; x_wconf 89' lang='lat' dir='ltr'><strong>quam</strong></span> 
     </span>
    </p>
   </div>
   <div class='ocr_carea' id='block_1_12' title="bbox 514 1321 2092 1398">
    <p class='ocr_par' dir='ltr' id='par_1_12' title="bbox 514 1321 2092 1398">
     <span class='ocr_line' id='line_1_12' title="bbox 514 1321 2092 1398; baseline -0.009 -11"><span class='ocrx_word' id='word_1_83' title='bbox 514 1332 635 1386; x_wconf 84' lang='lat' dir='ltr'><strong>vice</strong></span> <span class='ocrx_word' id='word_1_84' title='bbox 671 1346 768 1386; x_wconf 85' lang='lat' dir='ltr'><strong>sua</strong></span> <span class='ocrx_word' id='word_1_85' title='bbox 807 1327 1038 1398; x_wconf 84' lang='lat' dir='ltr'><strong>posteris</strong></span> <span class='ocrx_word' id='word_1_86' title='bbox 1074 1325 1431 1393; x_wconf 86' lang='lat' dir='ltr'><strong>reliquerunt,</strong></span> <span class='ocrx_word' id='word_1_87' title='bbox 1473 1322 1603 1391; x_wconf 88' lang='lat' dir='ltr'><strong>quid</strong></span> <span class='ocrx_word' id='word_1_88' title='bbox 1641 1322 1784 1376; x_wconf 90' lang='lat' dir='ltr'><strong>enim</strong></span> <span class='ocrx_word' id='word_1_89' title='bbox 1829 1321 2092 1390; x_wconf 87' lang='lat' dir='ltr'><strong>quispiam</strong></span> 
     </span>
    </p>
   </div>
   <div class='ocr_carea' id='block_1_13' title="bbox 517 1413 2093 1485">
    <p class='ocr_par' dir='ltr' id='par_1_13' title="bbox 517 1413 2093 1485">
     <span class='ocr_line' id='line_1_13' title="bbox 517 1413 2093 1485; baseline -0.007 -7"><span class='ocrx_word' id='word_1_90' title='bbox 517 1431 698 1478; x_wconf 84' lang='lat' dir='ltr'><strong>rector</strong></span> <span class='ocrx_word' id='word_1_91' title='bbox 727 1419 980 1475; x_wconf 66' lang='lat' dir='ltr'><strong>Ecclesia:</strong></span> <span class='ocrx_word' id='word_1_92' title='bbox 1003 1433 1035 1471; x_wconf 90' lang='lat' dir='ltr'><strong>a</strong></span> <span class='ocrx_word' id='word_1_93' title='bbox 1064 1416 1384 1485; x_wconf 86' lang='lat' dir='ltr'><strong>semetipso,</strong></span> <span class='ocrx_word' id='word_1_94' title='bbox 1426 1421 1519 1468; x_wconf 87' lang='lat' dir='ltr'><strong>aut</strong></span> <span class='ocrx_word' id='word_1_95' title='bbox 1552 1429 1649 1483; x_wconf 89' lang='lat' dir='ltr'><strong>per</strong></span> <span class='ocrx_word' id='word_1_96' title='bbox 1677 1427 1735 1468; x_wconf 87' lang='lat' dir='ltr'><strong>se</strong></span> <span class='ocrx_word' id='word_1_97' title='bbox 1767 1415 1942 1483; x_wconf 87' lang='lat' dir='ltr'><strong>ipsum</strong></span> <span class='ocrx_word' id='word_1_98' title='bbox 1975 1413 2093 1467; x_wconf 88' lang='lat' dir='ltr'><strong>sine</strong></span> 
     </span>
    </p>
   </div>
   <div class='ocr_carea' id='block_1_14' title="bbox 514 1503 2094 1582">
    <p class='ocr_par' dir='ltr' id='par_1_14' title="bbox 514 1503 2094 1582">
     <span class='ocr_line' id='line_1_14' title="bbox 514 1503 2094 1582; baseline -0.006 -15"><span class='ocrx_word' id='word_1_99' title='bbox 514 1512 842 1582; x_wconf 87' lang='lat' dir='ltr'><strong>evangelica,</strong></span> <span class='ocrx_word' id='word_1_100' title='bbox 893 1508 979 1564; x_wconf 85' lang='lat' dir='ltr'><strong>vel</strong></span> <span class='ocrx_word' id='word_1_101' title='bbox 1031 1508 1359 1578; x_wconf 87' lang='lat' dir='ltr'><strong>apostolica,</strong></span> <span class='ocrx_word' id='word_1_102' title='bbox 1404 1505 1762 1569; x_wconf 86' lang='lat' dir='ltr'><strong>canonicave,</strong></span> <span class='ocrx_word' id='word_1_103' title='bbox 1811 1519 1916 1574; x_wconf 93' lang='lat' dir='ltr'><strong>qua</strong></span> <span class='ocrx_word' id='word_1_104' title='bbox 1967 1503 2094 1558; x_wconf 86' lang='lat' dir='ltr'><strong>inde</strong></span> 
     </span>
    </p>
   </div>
   <div class='ocr_carea' id='block_1_15' title="bbox 514 1595 2095 1670">
    <p class='ocr_par' dir='ltr' id='par_1_15' title="bbox 514 1595 2095 1670">
     <span class='ocr_line' id='line_1_15' title="bbox 514 1595 2095 1670; baseline -0.005 -12"><span class='ocrx_word' id='word_1_105' title='bbox 514 1605 738 1658; x_wconf 86' lang='lat' dir='ltr'><strong>emersit</strong></span> <span class='ocrx_word' id='word_1_106' title='bbox 771 1603 1094 1658; x_wconf 83' lang='lat' dir='ltr'><strong>auctoritate</strong></span> <span class='ocrx_word' id='word_1_107' title='bbox 1112 1599 1360 1670; x_wconf 75' lang='lat' dir='ltr'><strong>judicare</strong></span> <span class='ocrx_word' id='word_1_108' title='bbox 1395 1608 1542 1654; x_wconf 88' lang='lat' dir='ltr'><strong>recte</strong></span> <span class='ocrx_word' id='word_1_109' title='bbox 1573 1597 1793 1667; x_wconf 89' lang='lat' dir='ltr'><strong>poterit,</strong></span> <span class='ocrx_word' id='word_1_110' title='bbox 1833 1605 1927 1651; x_wconf 90' lang='lat' dir='ltr'><strong>aut</strong></span> <span class='ocrx_word' id='word_1_111' title='bbox 1961 1595 2095 1652; x_wconf 76' lang='lat' dir='ltr'><strong>ditii-</strong></span> 
     </span>
    </p>
   </div>
   <div class='ocr_carea' id='block_1_16' title="bbox 512 1688 2094 1758">
    <p class='ocr_par' dir='ltr' id='par_1_16' title="bbox 512 1688 2094 1758">
     <span class='ocr_line' id='line_1_16' title="bbox 512 1688 2094 1758; baseline -0.004 -8"><span class='ocrx_word' id='word_1_112' title='bbox 512 1696 688 1751; x_wconf 82' lang='lat' dir='ltr'><strong>nire?</strong></span> <span class='ocrx_word' id='word_1_113' title='bbox 754 1695 869 1750; x_wconf 83' lang='lat' dir='ltr'><strong>Hoc</strong></span> <span class='ocrx_word' id='word_1_114' title='bbox 913 1702 1094 1749; x_wconf 89' lang='lat' dir='ltr'><strong>autem</strong></span> <span class='ocrx_word' id='word_1_115' title='bbox 1141 1693 1461 1748; x_wconf 85' lang='lat' dir='ltr'><strong>subnectere</strong></span> <span class='ocrx_word' id='word_1_116' title='bbox 1503 1691 1694 1746; x_wconf 87' lang='lat' dir='ltr'><strong>nititur</strong></span> <span class='ocrx_word' id='word_1_117' title='bbox 1736 1688 1983 1758; x_wconf 77' lang='lat' dir='ltr'><strong>exemplo</strong></span> <span class='ocrx_word' id='word_1_118' title='bbox 2029 1689 2094 1744; x_wconf 88' lang='lat' dir='ltr'><strong>de</strong></span> 
     </span>
    </p>
   </div>
   <div class='ocr_carea' id='block_1_17' title="bbox 515 1779 2094 1855">
    <p class='ocr_par' dir='ltr' id='par_1_17' title="bbox 515 1779 2094 1855">
     <span class='ocr_line' id='line_1_17' title="bbox 515 1779 2094 1855; baseline -0.008 -11"><span class='ocrx_word' id='word_1_119' title='bbox 515 1787 743 1844; x_wconf 83' lang='lat' dir='ltr'><strong>Psalmis</strong></span> <span class='ocrx_word' id='word_1_120' title='bbox 769 1793 1064 1855; x_wconf 88' lang='lat' dir='ltr'><strong>assumpto.</strong></span> <span class='ocrx_word' id='word_1_121' title='bbox 1095 1784 1204 1839; x_wconf 89' lang='lat' dir='ltr'><strong>Pro</strong></span> <span class='ocrx_word' id='word_1_122' title='bbox 1257 1783 1494 1854; x_wconf 86' lang='lat' dir='ltr'><strong>patribus</strong></span> <span class='ocrx_word' id='word_1_123' title='bbox 1539 1783 1644 1836; x_wconf 86' lang='lat' dir='ltr'><strong>tuis</strong></span> <span class='ocrx_word' id='word_1_124' title='bbox 1692 1782 1802 1834; x_wconf 86' lang='lat' dir='ltr'><strong>nati</strong></span> <span class='ocrx_word' id='word_1_125' title='bbox 1839 1789 1961 1834; x_wconf 85' lang='lat' dir='ltr'><strong>sunt</strong></span> <span class='ocrx_word' id='word_1_126' title='bbox 1999 1779 2094 1832; x_wconf 91' lang='lat' dir='ltr'><strong>tibi</strong></span> 
     </span>
    </p>
   </div>
   <div class='ocr_carea' id='block_1_18' title="bbox 514 1875 2097 1948">
    <p class='ocr_par' dir='ltr' id='par_1_18' title="bbox 514 1875 2097 1948">
     <span class='ocr_line' id='line_1_18' title="bbox 514 1875 2097 1948; baseline -0.004 -18"><span class='ocrx_word' id='word_1_127' title='bbox 514 1878 647 1948; x_wconf 85' lang='lat' dir='ltr'><strong>ﬁlii,</strong></span> <span class='ocrx_word' id='word_1_128' title='bbox 698 1880 977 1932; x_wconf 72' lang='lat' dir='ltr'><strong>constitues</strong></span> <span class='ocrx_word' id='word_1_129' title='bbox 1023 1889 1109 1931; x_wconf 86' lang='lat' dir='ltr'><strong>eos</strong></span> <span class='ocrx_word' id='word_1_130' title='bbox 1150 1875 1409 1946; x_wconf 74' lang='lat' dir='ltr'><strong>principes</strong></span> <span class='ocrx_word' id='word_1_131' title='bbox 1453 1890 1608 1943; x_wconf 86' lang='lat' dir='ltr'><strong>super</strong></span> <span class='ocrx_word' id='word_1_132' title='bbox 1659 1887 1861 1926; x_wconf 88' lang='lat' dir='ltr'><strong>omnem</strong></span> <span class='ocrx_word' id='word_1_133' title='bbox 1903 1880 2097 1924; x_wconf 86' lang='lat' dir='ltr'><strong>terram</strong></span> 
     </span>
    </p>
   </div>
   <div class='ocr_carea' id='block_1_19' title="bbox 515 1963 2097 2041">
    <p class='ocr_par' dir='ltr' id='par_1_19' title="bbox 515 1963 2097 2041">
     <span class='ocr_line' id='line_1_19' title="bbox 515 1963 2097 2041; baseline -0.004 -18"><span class='ocrx_word' id='word_1_134' title='bbox 515 1970 687 2041; x_wconf 88' lang='lat' dir='ltr'><strong>(Psal.</strong></span> <span class='ocrx_word' id='word_1_135' title='bbox 734 1985 878 2035; x_wconf 72' lang='lat' dir='ltr'><strong>xciv,</strong></span> <span class='ocrx_word' id='word_1_136' title='bbox 923 1969 1030 2038; x_wconf 85' lang='lat' dir='ltr'><strong>i7).</strong></span> <span class='ocrx_word' id='word_1_137' title='bbox 1079 1967 1212 2022; x_wconf 87' lang='lat' dir='ltr'><strong>Cum</strong></span> <span class='ocrx_word' id='word_1_138' title='bbox 1253 1966 1381 2019; x_wconf 85' lang='lat' dir='ltr'><strong>illud</strong></span> <span class='ocrx_word' id='word_1_139' title='bbox 1422 1974 1478 2019; x_wconf 90' lang='lat' dir='ltr'><strong>et</strong></span> <span class='ocrx_word' id='word_1_140' title='bbox 1515 1964 1581 2019; x_wconf 90' lang='lat' dir='ltr'><strong>de</strong></span> <span class='ocrx_word' id='word_1_141' title='bbox 1629 1963 1886 2034; x_wconf 77' lang='lat' dir='ltr'><strong>apostolis</strong></span> <span class='ocrx_word' id='word_1_142' title='bbox 1933 1971 1987 2018; x_wconf 90' lang='lat' dir='ltr'><strong>et</strong></span> <span class='ocrx_word' id='word_1_143' title='bbox 2031 1963 2097 2017; x_wconf 87' lang='lat' dir='ltr'><strong>de</strong></span> 
     </span>
    </p>
   </div>
   <div class='ocr_carea' id='block_1_20' title="bbox 514 2055 2098 2130">
    <p class='ocr_par' dir='ltr' id='par_1_20' title="bbox 514 2055 2098 2130">
     <span class='ocr_line' id='line_1_20' title="bbox 514 2055 2098 2130; baseline -0.006 -13"><span class='ocrx_word' id='word_1_144' title='bbox 514 2063 720 2118; x_wconf 86' lang='lat' dir='ltr'><strong>sanctis</strong></span> <span class='ocrx_word' id='word_1_145' title='bbox 745 2062 1048 2130; x_wconf 83' lang='lat' dir='ltr'><strong>quibusque</strong></span> <span class='ocrx_word' id='word_1_146' title='bbox 1075 2059 1343 2128; x_wconf 89' lang='lat' dir='ltr'><strong>episcopis</strong></span> <span class='ocrx_word' id='word_1_147' title='bbox 1369 2071 1558 2112; x_wconf 90' lang='lat' dir='ltr'><strong>eorum</strong></span> <span class='ocrx_word' id='word_1_148' title='bbox 1584 2055 1795 2110; x_wconf 88' lang='lat' dir='ltr'><strong>scilicet</strong></span> <span class='ocrx_word' id='word_1_149' title='bbox 1821 2069 2098 2109; x_wconf 87' lang='lat' dir='ltr'><strong>successo-</strong></span> 
     </span>
    </p>
   </div>
   <div class='ocr_carea' id='block_1_21' title="bbox 513 2144 2096 2220">
    <p class='ocr_par' dir='ltr' id='par_1_21' title="bbox 513 2144 2096 2220">
     <span class='ocr_line' id='line_1_21' title="bbox 513 2144 2096 2220; baseline -0.004 -12"><span class='ocrx_word' id='word_1_150' title='bbox 513 2152 664 2208; x_wconf 85' lang='lat' dir='ltr'><strong>ribus</strong></span> <span class='ocrx_word' id='word_1_151' title='bbox 702 2159 850 2207; x_wconf 89' lang='lat' dir='ltr'><strong>recte</strong></span> <span class='ocrx_word' id='word_1_152' title='bbox 887 2149 1224 2220; x_wconf 89' lang='lat' dir='ltr'><strong>intelligitur,</strong></span> <span class='ocrx_word' id='word_1_153' title='bbox 1258 2149 1398 2204; x_wconf 87' lang='lat' dir='ltr'><strong>sicut</strong></span> <span class='ocrx_word' id='word_1_154' title='bbox 1433 2146 1724 2217; x_wconf 87' lang='lat' dir='ltr'><strong>Apostolus</strong></span> <span class='ocrx_word' id='word_1_155' title='bbox 1759 2147 1836 2200; x_wconf 89' lang='lat' dir='ltr'><strong>ait</strong></span> <span class='ocrx_word' id='word_1_156' title='bbox 1865 2164 1877 2200; x_wconf 92' lang='lat'><strong>:</strong></span> <span class='ocrx_word' id='word_1_157' title='bbox 1907 2144 2096 2201; x_wconf 84' lang='lat' dir='ltr'><strong>Patres</strong></span> 
     </span>
    </p>
   </div>
   <div class='ocr_carea' id='block_1_22' title="bbox 512 2238 2092 2313">
    <p class='ocr_par' dir='ltr' id='par_1_22' title="bbox 512 2238 2092 2313">
     <span class='ocr_line' id='line_1_22' title="bbox 512 2238 2092 2313; baseline -0.004 -14"><span class='ocrx_word' id='word_1_158' title='bbox 512 2245 677 2299; x_wconf 81' lang='lat' dir='ltr'><strong>nostri</strong></span> <span class='ocrx_word' id='word_1_159' title='bbox 697 2244 791 2299; x_wconf 89' lang='lat' dir='ltr'><strong>sub</strong></span> <span class='ocrx_word' id='word_1_160' title='bbox 815 2243 948 2298; x_wconf 88' lang='lat' dir='ltr'><strong>nube</strong></span> <span class='ocrx_word' id='word_1_161' title='bbox 973 2243 1184 2312; x_wconf 79' lang='lat' dir='ltr'><strong>[uerunt</strong></span> <span class='ocrx_word' id='word_1_162' title='bbox 1209 2241 1260 2313; x_wconf 91' lang='lat' dir='ltr'><strong>(I</strong></span> <span class='ocrx_word' id='word_1_163' title='bbox 1283 2241 1407 2295; x_wconf 88' lang='lat' dir='ltr'><strong>Cor.</strong></span> <span class='ocrx_word' id='word_1_164' title='bbox 1434 2256 1508 2306; x_wconf 78' lang='lat' dir='ltr'><strong>vr,</strong></span> <span class='ocrx_word' id='word_1_165' title='bbox 1539 2239 1648 2312; x_wconf 87' lang='grc'>10).</span> <span class='ocrx_word' id='word_1_166' title='bbox 1682 2240 1750 2294; x_wconf 91' lang='lat' dir='ltr'><strong>Et</strong></span> <span class='ocrx_word' id='word_1_167' title='bbox 1772 2240 1828 2294; x_wconf 91' lang='lat' dir='ltr'><strong>in</strong></span> <span class='ocrx_word' id='word_1_168' title='bbox 1850 2238 2092 2294; x_wconf 87' lang='lat' dir='ltr'><strong>Psalmo:</strong></span> 
     </span>
    </p>
   </div>
   <div class='ocr_carea' id='block_1_23' title="bbox 516 2329 2096 2400">
    <p class='ocr_par' dir='ltr' id='par_1_23' title="bbox 516 2329 2096 2400">
     <span class='ocr_line' id='line_1_23' title="bbox 516 2329 2096 2400; baseline -0.005 -8"><span class='ocrx_word' id='word_1_169' title='bbox 516 2337 693 2392; x_wconf 85' lang='lat' dir='ltr'><strong>Nimis</strong></span> <span class='ocrx_word' id='word_1_170' title='bbox 719 2337 962 2391; x_wconf 76' lang='lat' dir='ltr'><strong>honorati</strong></span> <span class='ocrx_word' id='word_1_171' title='bbox 982 2343 1102 2390; x_wconf 85' lang='lat' dir='ltr'><strong>sunt</strong></span> <span class='ocrx_word' id='word_1_172' title='bbox 1129 2334 1284 2388; x_wconf 84' lang='lat' dir='ltr'><strong>amici</strong></span> <span class='ocrx_word' id='word_1_173' title='bbox 1308 2335 1405 2399; x_wconf 86' lang='lat' dir='ltr'><strong>tui,</strong></span> <span class='ocrx_word' id='word_1_174' title='bbox 1439 2332 1604 2398; x_wconf 85' lang='lat' dir='ltr'><strong>Deus,</strong></span> <span class='ocrx_word' id='word_1_175' title='bbox 1638 2332 1794 2386; x_wconf 85' lang='lat' dir='ltr'><strong>nimis</strong></span> <span class='ocrx_word' id='word_1_176' title='bbox 1829 2329 2096 2400; x_wconf 78' lang='lat' dir='ltr'><strong>conforta-</strong></span> 
     </span>
    </p>
   </div>
   <div class='ocr_carea' id='block_1_24' title="bbox 513 2419 2096 2497">
    <p class='ocr_par' dir='ltr' id='par_1_24' title="bbox 513 2419 2096 2497">
     <span class='ocr_line' id='line_1_24' title="bbox 513 2419 2096 2497; baseline -0.004 -16"><span class='ocrx_word' id='word_1_177' title='bbox 513 2435 597 2481; x_wconf 81' lang='lat' dir='ltr'><strong>tus</strong></span> <span class='ocrx_word' id='word_1_178' title='bbox 622 2437 696 2480; x_wconf 88' lang='lat' dir='ltr'><strong>est</strong></span> <span class='ocrx_word' id='word_1_179' title='bbox 724 2426 1043 2497; x_wconf 82' lang='lat' dir='ltr'><strong>principatus</strong></span> <span class='ocrx_word' id='word_1_180' title='bbox 1070 2439 1248 2478; x_wconf 81' lang='lat' dir='ltr'><strong>eorum</strong></span> <span class='ocrx_word' id='word_1_181' title='bbox 1273 2420 1444 2494; x_wconf 81' lang='lat' dir='ltr'><strong>(Psal.</strong></span> <span class='ocrx_word' id='word_1_182' title='bbox 1477 2437 1738 2487; x_wconf 81' lang='lat' dir='ltr'><strong>cxxxvm,</strong></span> <span class='ocrx_word' id='word_1_183' title='bbox 1764 2421 1872 2492; x_wconf 80' lang='lat' dir='ltr'><strong>l7).</strong></span> <span class='ocrx_word' id='word_1_184' title='bbox 1914 2419 2096 2474; x_wconf 83' lang='lat' dir='ltr'><strong>Fallor</strong></span> 
     </span>
    </p>
   </div>
   <div class='ocr_carea' id='block_1_25' title="bbox 511 2510 2096 2594">
    <p class='ocr_par' dir='ltr' id='par_1_25' title="bbox 511 2510 2096 2594">
     <span class='ocr_line' id='line_1_25' title="bbox 511 2510 2096 2594; baseline -0.005 -20"><span class='ocrx_word' id='word_1_185' title='bbox 511 2519 557 2574; x_wconf 88' lang='lat' dir='ltr'><strong>si</strong></span> <span class='ocrx_word' id='word_1_186' title='bbox 598 2520 714 2574; x_wconf 74' lang='lat' dir='ltr'><strong>haec</strong></span> <span class='ocrx_word' id='word_1_187' title='bbox 747 2519 820 2572; x_wconf 88' lang='lat' dir='ltr'><strong>ita</strong></span> <span class='ocrx_word' id='word_1_188' title='bbox 849 2532 969 2594; x_wconf 82' lang='lat' dir='ltr'><strong>esse</strong></span> <span class='ocrx_word' id='word_1_189' title='bbox 996 2517 1326 2588; x_wconf 75' lang='lat' dir='ltr'><strong>Augustinus</strong></span> <span class='ocrx_word' id='word_1_190' title='bbox 1364 2531 1470 2570; x_wconf 91' lang='lat' dir='ltr'><strong>non</strong></span> <span class='ocrx_word' id='word_1_191' title='bbox 1512 2515 1750 2569; x_wconf 88' lang='lat' dir='ltr'><strong>afﬁrmat</strong></span> <span class='ocrx_word' id='word_1_192' title='bbox 1785 2515 1842 2568; x_wconf 90' lang='lat' dir='ltr'><strong>in</strong></span> <span class='ocrx_word' id='word_1_193' title='bbox 1883 2510 2096 2581; x_wconf 81' lang='lat' dir='ltr'><strong>exposi-</strong></span> 
     </span>
    </p>
   </div>
   <div class='ocr_carea' id='block_1_26' title="bbox 512 2603 2095 2680">
    <p class='ocr_par' dir='ltr' id='par_1_26' title="bbox 512 2603 2095 2680">
     <span class='ocr_line' id='line_1_26' title="bbox 512 2603 2095 2680; baseline -0.004 -15"><span class='ocrx_word' id='word_1_194' title='bbox 512 2611 659 2665; x_wconf 88' lang='lat' dir='ltr'><strong>tione</strong></span> <span class='ocrx_word' id='word_1_195' title='bbox 685 2609 957 2680; x_wconf 72' lang='lat' dir='ltr'><strong>Evangelii</strong></span> <span class='ocrx_word' id='word_1_196' title='bbox 979 2609 1274 2663; x_wconf 89' lang='lat' dir='ltr'><strong>secundum</strong></span> <span class='ocrx_word' id='word_1_197' title='bbox 1298 2606 1561 2662; x_wconf 79' lang='lat' dir='ltr'><strong>Joannem</strong></span> <span class='ocrx_word' id='word_1_198' title='bbox 1586 2608 1820 2660; x_wconf 60' lang='lat' dir='ltr'><strong>dicensa</strong></span> <span class='ocrx_word' id='word_1_199' title='bbox 1842 2603 1957 2660; x_wconf 79' lang='lat' dir='ltr'><strong>Hoc</strong></span> <span class='ocrx_word' id='word_1_200' title='bbox 1984 2605 2095 2674; x_wconf 88' lang='lat' dir='ltr'><strong>agit</strong></span> 
     </span>
    </p>
   </div>
   <div class='ocr_carea' id='block_1_27' title="bbox 511 2695 2095 2771">
    <p class='ocr_par' dir='ltr' id='par_1_27' title="bbox 511 2695 2095 2771">
     <span class='ocr_line' id='line_1_27' title="bbox 511 2695 2095 2771; baseline -0.004 -14"><span class='ocrx_word' id='word_1_201' title='bbox 511 2701 752 2757; x_wconf 85' lang='lat' dir='ltr'><strong>Ecclesia</strong></span> <span class='ocrx_word' id='word_1_202' title='bbox 793 2717 888 2771; x_wconf 86' lang='lat' dir='ltr'><strong>spe</strong></span> <span class='ocrx_word' id='word_1_203' title='bbox 916 2702 1072 2754; x_wconf 89' lang='lat' dir='ltr'><strong>beata</strong></span> <span class='ocrx_word' id='word_1_204' title='bbox 1100 2699 1154 2754; x_wconf 90' lang='lat' dir='ltr'><strong>in</strong></span> <span class='ocrx_word' id='word_1_205' title='bbox 1182 2699 1286 2754; x_wconf 89' lang='lat' dir='ltr'><strong>hac</strong></span> <span class='ocrx_word' id='word_1_206' title='bbox 1312 2700 1423 2754; x_wconf 87' lang='lat' dir='ltr'><strong>vita</strong></span> <span class='ocrx_word' id='word_1_207' title='bbox 1449 2712 1784 2764; x_wconf 62' lang='lat' dir='ltr'><strong>aerumnosa;</strong></span> <span class='ocrx_word' id='word_1_208' title='bbox 1813 2698 1967 2766; x_wconf 83' lang='lat' dir='ltr'><strong>cujus</strong></span> <span class='ocrx_word' id='word_1_209' title='bbox 1993 2695 2095 2751; x_wconf 84' lang='lat' dir='ltr'><strong>Ec-</strong></span> 
     </span>
    </p>
   </div>
   <div class='ocr_carea' id='block_1_28' title="bbox 509 2789 2092 2861">
    <p class='ocr_par' dir='ltr' id='par_1_28' title="bbox 509 2789 2092 2861">
     <span class='ocr_line' id='line_1_28' title="bbox 509 2789 2092 2861; baseline -0.004 -13"><span class='ocrx_word' id='word_1_210' title='bbox 509 2793 692 2848; x_wconf 65' lang='lat' dir='ltr'><strong>clesiae</strong></span> <span class='ocrx_word' id='word_1_211' title='bbox 725 2792 920 2847; x_wconf 87' lang='lat' dir='ltr'><strong>Petrus</strong></span> <span class='ocrx_word' id='word_1_212' title='bbox 952 2791 1228 2861; x_wconf 84' lang='lat' dir='ltr'><strong>apostolus</strong></span> <span class='ocrx_word' id='word_1_213' title='bbox 1256 2798 1476 2860; x_wconf 82' lang='lat' dir='ltr'><strong>propter</strong></span> <span class='ocrx_word' id='word_1_214' title='bbox 1503 2790 1836 2860; x_wconf 82' lang='lat' dir='ltr'><strong>apostolatus</strong></span> <span class='ocrx_word' id='word_1_215' title='bbox 1867 2789 1948 2843; x_wconf 88' lang='lat' dir='ltr'><strong>sui</strong></span> <span class='ocrx_word' id='word_1_216' title='bbox 1977 2789 2092 2858; x_wconf 85' lang='lat' dir='ltr'><strong>pri-</strong></span> 
     </span>
    </p>
   </div>
   <div class='ocr_carea' id='block_1_29' title="bbox 510 2877 2095 2952">
    <p class='ocr_par' dir='ltr' id='par_1_29' title="bbox 510 2877 2095 2952">
     <span class='ocr_line' id='line_1_29' title="bbox 510 2877 2095 2952; baseline -0.003 -16"><span class='ocrx_word' id='word_1_217' title='bbox 510 2890 716 2936; x_wconf 86' lang='lat' dir='ltr'><strong>matum</strong></span> <span class='ocrx_word' id='word_1_218' title='bbox 744 2883 970 2952; x_wconf 77' lang='lat' dir='ltr'><strong>gerebat</strong></span> <span class='ocrx_word' id='word_1_219' title='bbox 995 2882 1222 2952; x_wconf 87' lang='lat' dir='ltr'><strong>ﬁgurata</strong></span> <span class='ocrx_word' id='word_1_220' title='bbox 1245 2879 1595 2950; x_wconf 87' lang='lat' dir='ltr'><strong>generalitate</strong></span> <span class='ocrx_word' id='word_1_221' title='bbox 1619 2891 1930 2948; x_wconf 85' lang='lat' dir='ltr'><strong>personam,</strong></span> <span class='ocrx_word' id='word_1_222' title='bbox 1952 2877 2095 2946; x_wconf 88' lang='lat' dir='ltr'><strong>quod</strong></span> 
     </span>
    </p>
   </div>
   <div class='ocr_carea' id='block_1_30' title="bbox 510 2968 2094 3041">
    <p class='ocr_par' dir='ltr' id='par_1_30' title="bbox 510 2968 2094 3041">
     <span class='ocr_line' id='line_1_30' title="bbox 510 2968 2094 3041; baseline -0.004 -13"><span class='ocrx_word' id='word_1_223' title='bbox 510 2972 657 3028; x_wconf 88' lang='lat' dir='ltr'><strong>enim</strong></span> <span class='ocrx_word' id='word_1_224' title='bbox 689 2972 756 3025; x_wconf 90' lang='lat' dir='ltr'><strong>ad</strong></span> <span class='ocrx_word' id='word_1_225' title='bbox 787 2972 960 3040; x_wconf 88' lang='lat' dir='ltr'><strong>ipsum</strong></span> <span class='ocrx_word' id='word_1_226' title='bbox 986 2971 1202 3041; x_wconf 87' lang='lat' dir='ltr'><strong>proprie</strong></span> <span class='ocrx_word' id='word_1_227' title='bbox 1229 2969 1482 3038; x_wconf 89' lang='lat' dir='ltr'><strong>pertinet,</strong></span> <span class='ocrx_word' id='word_1_228' title='bbox 1525 2977 1718 3022; x_wconf 89' lang='lat' dir='ltr'><strong>natura</strong></span> <span class='ocrx_word' id='word_1_229' title='bbox 1758 2983 1898 3022; x_wconf 91' lang='lat' dir='ltr'><strong>unus</strong></span> <span class='ocrx_word' id='word_1_230' title='bbox 1933 2968 2094 3022; x_wconf 88' lang='lat' dir='ltr'><strong>homo</strong></span> 
     </span>
    </p>
   </div>
   <div class='ocr_carea' id='block_1_31' title="bbox 510 3061 2094 3136">
    <p class='ocr_par' dir='ltr' id='par_1_31' title="bbox 510 3061 2094 3136">
     <span class='ocr_line' id='line_1_31' title="bbox 510 3061 2094 3136; baseline -0.003 -16"><span class='ocrx_word' id='word_1_231' title='bbox 510 3073 651 3130; x_wconf 87' lang='lat' dir='ltr'><strong>erat,</strong></span> <span class='ocrx_word' id='word_1_232' title='bbox 694 3064 870 3136; x_wconf 84' lang='lat' dir='ltr'><strong>gratia</strong></span> <span class='ocrx_word' id='word_1_233' title='bbox 908 3079 1048 3119; x_wconf 91' lang='lat' dir='ltr'><strong>unus</strong></span> <span class='ocrx_word' id='word_1_234' title='bbox 1087 3061 1449 3126; x_wconf 87' lang='lat' dir='ltr'><strong>Christianus,</strong></span> <span class='ocrx_word' id='word_1_235' title='bbox 1495 3061 1886 3116; x_wconf 88' lang='lat' dir='ltr'><strong>abundantiore</strong></span> <span class='ocrx_word' id='word_1_236' title='bbox 1920 3061 2094 3132; x_wconf 82' lang='lat' dir='ltr'><strong>gratia</strong></span> 
     </span>
    </p>
   </div>
   <div class='ocr_carea' id='block_1_32' title="bbox 509 3150 2093 3225">
    <p class='ocr_par' dir='ltr' id='par_1_32' title="bbox 509 3150 2093 3225">
     <span class='ocr_line' id='line_1_32' title="bbox 509 3150 2093 3225; baseline -0.003 -14"><span class='ocrx_word' id='word_1_237' title='bbox 509 3169 653 3210; x_wconf 89' lang='lat' dir='ltr'><strong>unus</strong></span> <span class='ocrx_word' id='word_1_238' title='bbox 680 3155 929 3225; x_wconf 88' lang='lat' dir='ltr'><strong>idemque</strong></span> <span class='ocrx_word' id='word_1_239' title='bbox 961 3155 1167 3224; x_wconf 89' lang='lat' dir='ltr'><strong>primus</strong></span> <span class='ocrx_word' id='word_1_240' title='bbox 1206 3152 1497 3222; x_wconf 88' lang='lat' dir='ltr'><strong>apostolus.</strong></span> <span class='ocrx_word' id='word_1_241' title='bbox 1539 3152 1645 3209; x_wconf 87' lang='lat' dir='ltr'><strong>Sed</strong></span> <span class='ocrx_word' id='word_1_242' title='bbox 1675 3150 1892 3223; x_wconf 79' lang='lat' dir='ltr'><strong>quando</strong></span> <span class='ocrx_word' id='word_1_243' title='bbox 1934 3153 1983 3207; x_wconf 89' lang='lat' dir='ltr'><strong>ei</strong></span> <span class='ocrx_word' id='word_1_244' title='bbox 2013 3153 2093 3207; x_wconf 76' lang='lat' dir='ltr'><strong>di-</strong></span> 
     </span>
    </p>
   </div>
   <div class='ocr_carea' id='block_1_33' title="bbox 512 3221 2162 3313">
    <p class='ocr_par' dir='ltr' id='par_1_33' title="bbox 512 3221 2162 3313">
     <span class='ocr_line' id='line_1_33' title="bbox 512 3221 2162 3313; baseline -0.003 -14"><span class='ocrx_word' id='word_1_245' title='bbox 512 3253 657 3300; x_wconf 81' lang='lat' dir='ltr'><strong>etum</strong></span> <span class='ocrx_word' id='word_1_246' title='bbox 678 3252 762 3300; x_wconf 88' lang='lat' dir='ltr'><strong>est</strong></span> <span class='ocrx_word' id='word_1_247' title='bbox 791 3262 803 3296; x_wconf 90' lang='lat'><strong>:</strong></span> <span class='ocrx_word' id='word_1_248' title='bbox 833 3221 1110 3298; x_wconf 45' lang='lat' dir='ltr'><strong>Tibi—dabo</strong></span> <span class='ocrx_word' id='word_1_249' title='bbox 1141 3242 1310 3298; x_wconf 82' lang='lat' dir='ltr'><strong>claves</strong></span> <span class='ocrx_word' id='word_1_250' title='bbox 1351 3243 1495 3312; x_wconf 82' lang='lat' dir='ltr'><strong>regni</strong></span> <span class='ocrx_word' id='word_1_251' title='bbox 1529 3221 1798 3308; x_wconf 68' lang='lat' dir='ltr'><strong>calorum,</strong></span> <span class='ocrx_word' id='word_1_252' title='bbox 1833 3251 1882 3296; x_wconf 91' lang='lat' dir='ltr'><strong>et</strong></span> <span class='ocrx_word' id='word_1_253' title='bbox 1917 3241 2086 3313; x_wconf 73' lang='lat' dir='ltr'><strong>quod-</strong></span> <span class='ocrx_word' id='word_1_254' title='bbox 2116 3221 2162 3287; x_wconf 63' lang='grc' dir='ltr'><strong>(ἶ</strong></span> 
     </span>
    </p>
   </div>
   <div class='ocr_carea' id='block_1_34' title="bbox 511 3331 2091 3406">
    <p class='ocr_par' dir='ltr' id='par_1_34' title="bbox 511 3331 2091 3406">
     <span class='ocr_line' id='line_1_34' title="bbox 511 3331 2091 3406; baseline -0.003 -16"><span class='ocrx_word' id='word_1_255' title='bbox 511 3351 710 3405; x_wconf 83' lang='lat' dir='ltr'><strong>cunque</strong></span> <span class='ocrx_word' id='word_1_256' title='bbox 735 3335 972 3405; x_wconf 77' lang='lat' dir='ltr'><strong>ligaveris</strong></span> <span class='ocrx_word' id='word_1_257' title='bbox 993 3350 1148 3404; x_wconf 80' lang='lat' dir='ltr'><strong>super</strong></span> <span class='ocrx_word' id='word_1_258' title='bbox 1168 3345 1385 3402; x_wconf 86' lang='lat' dir='ltr'><strong>terram,</strong></span> <span class='ocrx_word' id='word_1_259' title='bbox 1406 3336 1502 3390; x_wconf 88' lang='lat' dir='ltr'><strong>erit</strong></span> <span class='ocrx_word' id='word_1_260' title='bbox 1525 3334 1743 3406; x_wconf 77' lang='lat' dir='ltr'><strong>ligatum</strong></span> <span class='ocrx_word' id='word_1_261' title='bbox 1767 3343 1814 3388; x_wconf 88' lang='lat' dir='ltr'><strong>et</strong></span> <span class='ocrx_word' id='word_1_262' title='bbox 1838 3334 1894 3388; x_wconf 86' lang='lat' dir='ltr'><strong>in</strong></span> <span class='ocrx_word' id='word_1_263' title='bbox 1914 3331 2091 3398; x_wconf 67' lang='lat' dir='ltr'><strong>caelis;</strong></span> 
     </span>
    </p>
   </div>
   <div class='ocr_carea' id='block_1_35' title="bbox 509 3424 2092 3498">
    <p class='ocr_par' dir='ltr' id='par_1_35' title="bbox 509 3424 2092 3498">
     <span class='ocr_line' id='line_1_35' title="bbox 509 3424 2092 3498; baseline 0 -19"><span class='ocrx_word' id='word_1_264' title='bbox 509 3433 558 3479; x_wconf 85' lang='lat' dir='ltr'><strong>et</strong></span> <span class='ocrx_word' id='word_1_265' title='bbox 579 3425 920 3497; x_wconf 83' lang='lat' dir='ltr'><strong>quodcunque</strong></span> <span class='ocrx_word' id='word_1_266' title='bbox 946 3424 1160 3480; x_wconf 82' lang='lat' dir='ltr'><strong>solveris</strong></span> <span class='ocrx_word' id='word_1_267' title='bbox 1180 3443 1335 3498; x_wconf 84' lang='lat' dir='ltr'><strong>super</strong></span> <span class='ocrx_word' id='word_1_268' title='bbox 1356 3437 1570 3491; x_wconf 88' lang='lat' dir='ltr'><strong>terram,</strong></span> <span class='ocrx_word' id='word_1_269' title='bbox 1586 3426 1683 3480; x_wconf 85' lang='lat' dir='ltr'><strong>erit</strong></span> <span class='ocrx_word' id='word_1_270' title='bbox 1701 3424 1932 3478; x_wconf 84' lang='lat' dir='ltr'><strong>solutum</strong></span> <span class='ocrx_word' id='word_1_271' title='bbox 1961 3432 2009 3478; x_wconf 85' lang='lat' dir='ltr'><strong>et</strong></span> <span class='ocrx_word' id='word_1_272' title='bbox 2037 3424 2092 3480; x_wconf 82' lang='lat' dir='ltr'><strong>in</strong></span> 
     </span>
    </p>
   </div>
   <div class='ocr_carea' id='block_1_36' title="bbox 437 3514 2091 3589">
    <p class='ocr_par' dir='ltr' id='par_1_36' title="bbox 437 3514 2091 3589">
     <span class='ocr_line' id='line_1_36' title="bbox 437 3514 2091 3589; baseline 0.001 -21"><span class='ocrx_word' id='word_1_273' title='bbox 437 3529 442 3536; x_wconf 71' lang='lat'>‘</span> <span class='ocrx_word' id='word_1_274' title='bbox 507 3514 647 3570; x_wconf 71' lang='lat' dir='ltr'><strong>caelis</strong></span> <span class='ocrx_word' id='word_1_275' title='bbox 683 3514 895 3586; x_wconf 78' lang='lat' dir='ltr'><strong>(Matth.</strong></span> <span class='ocrx_word' id='word_1_276' title='bbox 937 3529 1046 3582; x_wconf 78' lang='lat' dir='ltr'><strong>xvt,</strong></span> <span class='ocrx_word' id='word_1_277' title='bbox 1092 3516 1215 3589; x_wconf 80' lang='grc'>19),</span> <span class='ocrx_word' id='word_1_278' title='bbox 1253 3519 1561 3574; x_wconf 88' lang='lat' dir='ltr'><strong>universam</strong></span> <span class='ocrx_word' id='word_1_279' title='bbox 1602 3516 1871 3585; x_wconf 87' lang='lat' dir='ltr'><strong>signiﬁcat</strong></span> <span class='ocrx_word' id='word_1_280' title='bbox 1908 3514 2091 3570; x_wconf 87' lang='lat' dir='ltr'><strong>Eccle-</strong></span> 
     </span>
    </p>
   </div>
   <div class='ocr_carea' id='block_1_37' title="bbox 507 3607 2090 3678">
    <p class='ocr_par' dir='ltr' id='par_1_37' title="bbox 507 3607 2090 3678">
     <span class='ocr_line' id='line_1_37' title="bbox 507 3607 2090 3678; baseline 0.001 -16"><span class='ocrx_word' id='word_1_281' title='bbox 507 3607 668 3672; x_wconf 85' lang='lat' dir='ltr'><strong>siam,</strong></span> <span class='ocrx_word' id='word_1_282' title='bbox 697 3623 816 3678; x_wconf 64' lang='lat' dir='ltr'><strong>quin</strong></span> <span class='ocrx_word' id='word_1_283' title='bbox 843 3609 895 3663; x_wconf 88' lang='lat' dir='ltr'><strong>in</strong></span> <span class='ocrx_word' id='word_1_284' title='bbox 929 3610 1030 3664; x_wconf 92' lang='lat' dir='ltr'><strong>hoc</strong></span> <span class='ocrx_word' id='word_1_285' title='bbox 1053 3611 1248 3667; x_wconf 62' lang='lat' dir='ltr'><strong>saeculo</strong></span> <span class='ocrx_word' id='word_1_286' title='bbox 1270 3612 1500 3668; x_wconf 84' lang='lat' dir='ltr'><strong>diversis</strong></span> <span class='ocrx_word' id='word_1_287' title='bbox 1531 3609 1920 3666; x_wconf 89' lang='lat' dir='ltr'><strong>tentationibus</strong></span> <span class='ocrx_word' id='word_1_288' title='bbox 1944 3609 2090 3664; x_wconf 91' lang='lat' dir='ltr'><strong>velut</strong></span> 
     </span>
    </p>
   </div>
   <div class='ocr_carea' id='block_1_38' title="bbox 508 3698 2089 3774">
    <p class='ocr_par' dir='ltr' id='par_1_38' title="bbox 508 3698 2089 3774">
     <span class='ocr_line' id='line_1_38' title="bbox 508 3698 2089 3774; baseline 0.001 -22"><span class='ocrx_word' id='word_1_289' title='bbox 508 3698 788 3764; x_wconf 86' lang='lat' dir='ltr'><strong>imbribus,</strong></span> <span class='ocrx_word' id='word_1_290' title='bbox 813 3699 1144 3768; x_wconf 83' lang='lat' dir='ltr'><strong>fluminibus,</strong></span> <span class='ocrx_word' id='word_1_291' title='bbox 1173 3704 1598 3774; x_wconf 86' lang='lat' dir='ltr'><strong>tempestatibus,</strong></span> <span class='ocrx_word' id='word_1_292' title='bbox 1627 3703 1868 3774; x_wconf 87' lang='lat' dir='ltr'><strong>quatitur</strong></span> <span class='ocrx_word' id='word_1_293' title='bbox 1895 3709 1951 3756; x_wconf 89' lang='lat' dir='ltr'><strong>et</strong></span> <span class='ocrx_word' id='word_1_294' title='bbox 1981 3715 2089 3756; x_wconf 91' lang='lat' dir='ltr'><strong>non</strong></span> 
     </span>
    </p>
   </div>
   <div class='ocr_carea' id='block_1_39' title="bbox 508 3789 2089 3864">
    <p class='ocr_par' dir='ltr' id='par_1_39' title="bbox 508 3789 2089 3864">
     <span class='ocr_line' id='line_1_39' title="bbox 508 3789 2089 3864; baseline 0.001 -20"><span class='ocrx_word' id='word_1_295' title='bbox 508 3789 674 3854; x_wconf 87' lang='lat' dir='ltr'><strong>cadit,</strong></span> <span class='ocrx_word' id='word_1_296' title='bbox 704 3791 958 3859; x_wconf 88' lang='lat' dir='ltr'><strong>quoniam</strong></span> <span class='ocrx_word' id='word_1_297' title='bbox 995 3792 1212 3848; x_wconf 88' lang='lat' dir='ltr'><strong>fundata</strong></span> <span class='ocrx_word' id='word_1_298' title='bbox 1242 3803 1326 3850; x_wconf 90' lang='lat' dir='ltr'><strong>est</strong></span> <span class='ocrx_word' id='word_1_299' title='bbox 1353 3811 1514 3864; x_wconf 89' lang='lat' dir='ltr'><strong>super</strong></span> <span class='ocrx_word' id='word_1_300' title='bbox 1547 3804 1754 3864; x_wconf 88' lang='lat' dir='ltr'><strong>petram</strong></span> <span class='ocrx_word' id='word_1_301' title='bbox 1773 3833 1787 3859; x_wconf 97' lang='lat'><strong>,</strong></span> <span class='ocrx_word' id='word_1_302' title='bbox 1820 3791 1960 3847; x_wconf 87' lang='lat' dir='ltr'><strong>unde</strong></span> <span class='ocrx_word' id='word_1_303' title='bbox 1990 3791 2089 3846; x_wconf 82' lang='lat' dir='ltr'><strong>Pe-</strong></span> 
     </span>
    </p>
   </div>
   <div class='ocr_carea' id='block_1_40' title="bbox 507 3882 2086 3953">
    <p class='ocr_par' dir='ltr' id='par_1_40' title="bbox 507 3882 2086 3953">
     <span class='ocr_line' id='line_1_40' title="bbox 507 3882 2086 3953; baseline 0.003 -21"><span class='ocrx_word' id='word_1_304' title='bbox 507 3886 627 3933; x_wconf 88' lang='lat' dir='ltr'><strong>trus</strong></span> <span class='ocrx_word' id='word_1_305' title='bbox 665 3894 859 3934; x_wconf 88' lang='lat' dir='ltr'><strong>nomen</strong></span> <span class='ocrx_word' id='word_1_306' title='bbox 897 3885 1122 3951; x_wconf 88' lang='lat' dir='ltr'><strong>accepit.</strong></span> <span class='ocrx_word' id='word_1_307' title='bbox 1176 3883 1294 3939; x_wconf 89' lang='lat' dir='ltr'><strong>Non</strong></span> <span class='ocrx_word' id='word_1_308' title='bbox 1333 3886 1472 3939; x_wconf 88' lang='lat' dir='ltr'><strong>enim</strong></span> <span class='ocrx_word' id='word_1_309' title='bbox 1504 3901 1534 3940; x_wconf 90' lang='lat' dir='ltr'><strong>a</strong></span> <span class='ocrx_word' id='word_1_310' title='bbox 1566 3886 1726 3940; x_wconf 92' lang='lat' dir='ltr'><strong>Petro</strong></span> <span class='ocrx_word' id='word_1_311' title='bbox 1766 3891 1944 3953; x_wconf 89' lang='lat' dir='ltr'><strong>petra,</strong></span> <span class='ocrx_word' id='word_1_312' title='bbox 1993 3882 2086 3938; x_wconf 88' lang='lat' dir='ltr'><strong>sed</strong></span> 
     </span>
    </p>
   </div>
   <div class='ocr_carea' id='block_1_41' title="bbox 506 3971 2084 4044">
    <p class='ocr_par' dir='ltr' id='par_1_41' title="bbox 506 3971 2084 4044">
     <span class='ocr_line' id='line_1_41' title="bbox 506 3971 2084 4044; baseline 0.003 -16"><span class='ocrx_word' id='word_1_313' title='bbox 506 3971 701 4028; x_wconf 88' lang='lat' dir='ltr'><strong>Petrus</strong></span> <span class='ocrx_word' id='word_1_314' title='bbox 723 3990 753 4027; x_wconf 92' lang='lat' dir='ltr'><strong>a</strong></span> <span class='ocrx_word' id='word_1_315' title='bbox 782 3983 962 4044; x_wconf 89' lang='lat' dir='ltr'><strong>petra;</strong></span> <span class='ocrx_word' id='word_1_316' title='bbox 993 3977 1131 4031; x_wconf 88' lang='lat' dir='ltr'><strong>sicut</strong></span> <span class='ocrx_word' id='word_1_317' title='bbox 1158 3993 1263 4033; x_wconf 90' lang='lat' dir='ltr'><strong>non</strong></span> <span class='ocrx_word' id='word_1_318' title='bbox 1285 3977 1532 4034; x_wconf 84' lang='lat' dir='ltr'><strong>Christus</strong></span> <span class='ocrx_word' id='word_1_319' title='bbox 1559 3995 1590 4033; x_wconf 88' lang='lat' dir='ltr'><strong>a</strong></span> <span class='ocrx_word' id='word_1_320' title='bbox 1618 3979 1926 4034; x_wconf 87' lang='lat' dir='ltr'><strong>Christiano</strong></span> <span class='ocrx_word' id='word_1_321' title='bbox 1948 4017 1963 4043; x_wconf 96' lang='lat'><strong>,</strong></span> <span class='ocrx_word' id='word_1_322' title='bbox 1989 3979 2084 4033; x_wconf 90' lang='lat' dir='ltr'><strong>sed</strong></span> 
     </span>
    </p>
   </div>
   <div class='ocr_carea' id='block_1_42' title="bbox 506 4061 2081 4139">
    <p class='ocr_par' dir='ltr' id='par_1_42' title="bbox 506 4061 2081 4139">
     <span class='ocr_line' id='line_1_42' title="bbox 506 4061 2081 4139; baseline 0.005 -23"><span class='ocrx_word' id='word_1_323' title='bbox 506 4061 848 4124; x_wconf 87' lang='lat' dir='ltr'><strong>Christianus</strong></span> <span class='ocrx_word' id='word_1_324' title='bbox 881 4081 911 4120; x_wconf 86' lang='lat' dir='ltr'><strong>a</strong></span> <span class='ocrx_word' id='word_1_325' title='bbox 949 4065 1164 4123; x_wconf 85' lang='lat' dir='ltr'><strong>Christo</strong></span> <span class='ocrx_word' id='word_1_326' title='bbox 1198 4077 1439 4124; x_wconf 83' lang='lat' dir='ltr'><strong>vocatur.</strong></span> <span class='ocrx_word' id='word_1_327' title='bbox 1474 4069 1597 4125; x_wconf 79' lang='lat' dir='ltr'><strong>ideo</strong></span> <span class='ocrx_word' id='word_1_328' title='bbox 1629 4071 1826 4139; x_wconf 89' lang='lat' dir='ltr'><strong>quippe</strong></span> <span class='ocrx_word' id='word_1_329' title='bbox 1856 4069 1933 4122; x_wconf 91' lang='lat' dir='ltr'><strong>ait</strong></span> <span class='ocrx_word' id='word_1_330' title='bbox 1973 4069 2081 4124; x_wconf 89' lang='lat' dir='ltr'><strong>Do-</strong></span> 
     </span>
    </p>
   </div>
   <div class='ocr_carea' id='block_1_43' title="bbox 506 4156 2081 4230">
    <p class='ocr_par' dir='ltr' id='par_1_43' title="bbox 506 4156 2081 4230">
     <span class='ocr_line' id='line_1_43' title="bbox 506 4156 2081 4230; baseline 0.003 -20"><span class='ocrx_word' id='word_1_331' title='bbox 506 4157 686 4211; x_wconf 85' lang='lat' dir='ltr'><strong>minus</strong></span> <span class='ocrx_word' id='word_1_332' title='bbox 734 4175 746 4210; x_wconf 89' lang='lat'><strong>:</strong></span> <span class='ocrx_word' id='word_1_333' title='bbox 793 4156 962 4228; x_wconf 83' lang='lat' dir='ltr'><strong>Super</strong></span> <span class='ocrx_word' id='word_1_334' title='bbox 1008 4160 1143 4213; x_wconf 82' lang='lat' dir='ltr'><strong>hanc</strong></span> <span class='ocrx_word' id='word_1_335' title='bbox 1205 4169 1404 4230; x_wconf 86' lang='lat' dir='ltr'><strong>petram</strong></span> <span class='ocrx_word' id='word_1_336' title='bbox 1465 4162 1735 4230; x_wconf 68' lang='lat' dir='ltr'><strong>mdiﬁcabo</strong></span> <span class='ocrx_word' id='word_1_337' title='bbox 1795 4162 2081 4219; x_wconf 85' lang='lat' dir='ltr'><strong>Ecclesiam</strong></span> 
     </span>
    </p>
   </div>
   <div class='ocr_carea' id='block_1_44' title="bbox 503 4250 2079 4326">
    <p class='ocr_par' dir='ltr' id='par_1_44' title="bbox 503 4250 2079 4326">
     <span class='ocr_line' id='line_1_44' title="bbox 503 4250 2079 4326; baseline 0.006 -21"><span class='ocrx_word' id='word_1_338' title='bbox 503 4267 670 4306; x_wconf 81' lang='lat' dir='ltr'><strong>mecm</strong></span> <span class='ocrx_word' id='word_1_339' title='bbox 698 4250 860 4324; x_wconf 82' lang='lat' dir='ltr'><strong>(Ibid.</strong></span> <span class='ocrx_word' id='word_1_340' title='bbox 886 4252 973 4326; x_wconf 89' lang='grc'><strong>18)</strong></span> <span class='ocrx_word' id='word_1_341' title='bbox 993 4271 1008 4320; x_wconf 88' lang='lat'><strong>;</strong></span> <span class='ocrx_word' id='word_1_342' title='bbox 1031 4257 1158 4325; x_wconf 88' lang='lat' dir='ltr'><strong>quia</strong></span> <span class='ocrx_word' id='word_1_343' title='bbox 1179 4256 1389 4312; x_wconf 86' lang='lat' dir='ltr'><strong>dixerat</strong></span> <span class='ocrx_word' id='word_1_344' title='bbox 1406 4257 1598 4313; x_wconf 85' lang='lat' dir='ltr'><strong>Petrus</strong></span> <span class='ocrx_word' id='word_1_345' title='bbox 1621 4275 1634 4310; x_wconf 90' lang='lat'><strong>:</strong></span> <span class='ocrx_word' id='word_1_346' title='bbox 1664 4257 1739 4310; x_wconf 84' lang='lat' dir='ltr'><strong>Tu</strong></span> <span class='ocrx_word' id='word_1_347' title='bbox 1764 4275 1816 4313; x_wconf 87' lang='lat' dir='ltr'><strong>es</strong></span> <span class='ocrx_word' id='word_1_348' title='bbox 1840 4259 2079 4315; x_wconf 80' lang='lat' dir='ltr'><strong>Christus</strong></span> 
     </span>
    </p>
   </div>
   <div class='ocr_carea' id='block_1_45' title="bbox 501 4339 2075 4421">
    <p class='ocr_par' dir='ltr' id='par_1_45' title="bbox 501 4339 2075 4421">
     <span class='ocr_line' id='line_1_45' title="bbox 501 4339 2075 4421; baseline 0.008 -27"><span class='ocrx_word' id='word_1_349' title='bbox 501 4339 678 4395; x_wconf 86' lang='lat' dir='ltr'><strong>Filius</strong></span> <span class='ocrx_word' id='word_1_350' title='bbox 706 4343 802 4398; x_wconf 89' lang='lat' dir='ltr'><strong>Dei</strong></span> <span class='ocrx_word' id='word_1_351' title='bbox 832 4345 930 4398; x_wconf 81' lang='lat' dir='ltr'><strong>vivi</strong></span> <span class='ocrx_word' id='word_1_352' title='bbox 959 4345 1121 4417; x_wconf 80' lang='lat' dir='ltr'><strong>(Ibid.</strong></span> <span class='ocrx_word' id='word_1_353' title='bbox 1154 4347 1260 4418; x_wconf 82' lang='grc'>16).</span> <span class='ocrx_word' id='word_1_354' title='bbox 1289 4367 1308 4400; x_wconf 73' lang='grc' dir='ltr'><strong><em>ι</em></strong></span> <span class='ocrx_word' id='word_1_355' title='bbox 1343 4347 1516 4417; x_wconf 84' lang='lat' dir='ltr'><strong>Super</strong></span> <span class='ocrx_word' id='word_1_356' title='bbox 1544 4351 1682 4405; x_wconf 89' lang='lat' dir='ltr'><strong>hanc</strong></span> <span class='ocrx_word' id='word_1_357' title='bbox 1707 4366 1855 4420; x_wconf 87' lang='lat' dir='ltr'><strong>ergo,</strong></span> <span class='ocrx_word' id='word_1_358' title='bbox 1882 4351 2075 4421; x_wconf 87' lang='lat' dir='ltr'><strong>inquit,</strong></span> 
     </span>
    </p>
   </div>
   <div class='ocr_carea' id='block_1_46' title="bbox 501 4429 2075 4504">
    <p class='ocr_par' dir='ltr' id='par_1_46' title="bbox 501 4429 2075 4504">
     <span class='ocr_line' id='line_1_46' title="bbox 501 4429 2075 4504; baseline 0.008 -18"><span class='ocrx_word' id='word_1_359' title='bbox 501 4429 717 4488; x_wconf 88' lang='lat' dir='ltr'><strong>Petram</strong></span> <span class='ocrx_word' id='word_1_360' title='bbox 767 4450 930 4503; x_wconf 86' lang='lat' dir='ltr'><strong>quam</strong></span> <span class='ocrx_word' id='word_1_361' title='bbox 979 4436 1260 4494; x_wconf 86' lang='lat' dir='ltr'><strong>confessus</strong></span> <span class='ocrx_word' id='word_1_362' title='bbox 1313 4455 1410 4504; x_wconf 87' lang='lat' dir='ltr'><strong>es,</strong></span> <span class='ocrx_word' id='word_1_363' title='bbox 1459 4440 1734 4496; x_wconf 65' lang='lat' dir='ltr'><strong>aediﬁcabo</strong></span> <span class='ocrx_word' id='word_1_364' title='bbox 1781 4442 2075 4498; x_wconf 88' lang='lat' dir='ltr'><strong>Ecclesiam</strong></span> 
     </span>
    </p>
   </div>
   <div class='ocr_carea' id='block_1_47' title="bbox 500 4527 2072 4602">
    <p class='ocr_par' dir='ltr' id='par_1_47' title="bbox 500 4527 2072 4602">
     <span class='ocr_line' id='line_1_47' title="bbox 500 4527 2072 4602; baseline 0.008 -24"><span class='ocrx_word' id='word_1_365' title='bbox 500 4537 711 4587; x_wconf 85' lang='lat' dir='ltr'><strong>meam;</strong></span> <span class='ocrx_word' id='word_1_366' title='bbox 742 4533 893 4595; x_wconf 86' lang='lat' dir='ltr'><strong>petra</strong></span> <span class='ocrx_word' id='word_1_367' title='bbox 918 4527 1061 4581; x_wconf 88' lang='lat' dir='ltr'><strong>enim</strong></span> <span class='ocrx_word' id='word_1_368' title='bbox 1083 4537 1201 4582; x_wconf 87' lang='lat' dir='ltr'><strong>erat</strong></span> <span class='ocrx_word' id='word_1_369' title='bbox 1229 4529 1492 4596; x_wconf 88' lang='lat' dir='ltr'><strong>Christus,</strong></span> <span class='ocrx_word' id='word_1_370' title='bbox 1522 4548 1682 4602; x_wconf 87' lang='lat' dir='ltr'><strong>super</strong></span> <span class='ocrx_word' id='word_1_371' title='bbox 1703 4535 1846 4601; x_wconf 90' lang='lat' dir='ltr'><strong>quod</strong></span> <span class='ocrx_word' id='word_1_372' title='bbox 1883 4534 2072 4590; x_wconf 87' lang='lat' dir='ltr'><strong>funda-</strong></span> 
     </span>
    </p>
   </div>
   <div class='ocr_carea' id='block_1_48' title="bbox 499 4617 2073 4688">
    <p class='ocr_par' dir='ltr' id='par_1_48' title="bbox 499 4617 2073 4688">
     <span class='ocr_line' id='line_1_48' title="bbox 499 4617 2073 4688; baseline 0.007 -19"><span class='ocrx_word' id='word_1_373' title='bbox 499 4623 742 4669; x_wconf 87' lang='lat' dir='ltr'><strong>mentum</strong></span> <span class='ocrx_word' id='word_1_374' title='bbox 789 4617 954 4672; x_wconf 89' lang='lat' dir='ltr'><strong>etiam</strong></span> <span class='ocrx_word' id='word_1_375' title='bbox 1005 4619 1121 4688; x_wconf 83' lang='lat' dir='ltr'><strong>ipse</strong></span> <span class='ocrx_word' id='word_1_376' title='bbox 1147 4619 1446 4676; x_wconf 65' lang='lat' dir='ltr'><strong>aediﬁcatus</strong></span> <span class='ocrx_word' id='word_1_377' title='bbox 1474 4631 1556 4678; x_wconf 89' lang='lat' dir='ltr'><strong>est</strong></span> <span class='ocrx_word' id='word_1_378' title='bbox 1585 4622 1798 4677; x_wconf 87' lang='lat' dir='ltr'><strong>Petrus.</strong></span> <span class='ocrx_word' id='word_1_379' title='bbox 1854 4623 2073 4680; x_wconf 80' lang='lat' dir='ltr'><strong>Funda-</strong></span> 
     </span>
    </p>
   </div>
   <div class='ocr_carea' id='block_1_49' title="bbox 499 4709 2081 4784">
    <p class='ocr_par' dir='ltr' id='par_1_49' title="bbox 499 4709 2081 4784">
     <span class='ocr_line' id='line_1_49' title="bbox 499 4709 2081 4784; baseline 0.006 -25"><span class='ocrx_word' id='word_1_380' title='bbox 499 4715 731 4760; x_wconf 79' lang='lat' dir='ltr'><strong>mentum</strong></span> <span class='ocrx_word' id='word_1_381' title='bbox 759 4709 943 4778; x_wconf 79' lang='lat' dir='ltr'><strong>quippe</strong></span> <span class='ocrx_word' id='word_1_382' title='bbox 985 4709 1133 4764; x_wconf 85' lang='lat' dir='ltr'><strong>aliud</strong></span> <span class='ocrx_word' id='word_1_383' title='bbox 1167 4727 1315 4767; x_wconf 87' lang='lat' dir='ltr'><strong>nemo</strong></span> <span class='ocrx_word' id='word_1_384' title='bbox 1353 4722 1531 4784; x_wconf 77' lang='lat' dir='ltr'><strong>potest-</strong></span> <span class='ocrx_word' id='word_1_385' title='bbox 1556 4730 1768 4782; x_wconf 83' lang='lat' dir='ltr'><strong>ponere,</strong></span> <span class='ocrx_word' id='word_1_386' title='bbox 1807 4724 1998 4784; x_wconf 68' lang='lat' dir='ltr'><strong>praeter</strong></span> <span class='ocrx_word' id='word_1_387' title='bbox 2026 4716 2081 4769; x_wconf 87' lang='lat' dir='ltr'><strong>id</strong></span> 
     </span>
    </p>
   </div>
   <div class='ocr_carea' id='block_1_50' title="bbox 497 4796 2079 4870">
    <p class='ocr_par' dir='ltr' id='par_1_50' title="bbox 497 4796 2079 4870">
     <span class='ocr_line' id='line_1_50' title="bbox 497 4796 2079 4870; baseline 0.006 -21"><span class='ocrx_word' id='word_1_388' title='bbox 497 4796 636 4867; x_wconf 82' lang='lat' dir='ltr'><strong>quod</strong></span> <span class='ocrx_word' id='word_1_389' title='bbox 675 4799 903 4866; x_wconf 82' lang='lat' dir='ltr'><strong>positum</strong></span> <span class='ocrx_word' id='word_1_390' title='bbox 928 4809 1026 4865; x_wconf 85' lang='lat' dir='ltr'><strong>est,</strong></span> <span class='ocrx_word' id='word_1_391' title='bbox 1053 4801 1191 4870; x_wconf 85' lang='lat' dir='ltr'><strong>quod</strong></span> <span class='ocrx_word' id='word_1_392' title='bbox 1230 4811 1306 4856; x_wconf 87' lang='lat' dir='ltr'><strong>est</strong></span> <span class='ocrx_word' id='word_1_393' title='bbox 1335 4801 1574 4857; x_wconf 85' lang='lat' dir='ltr'><strong>Christus</strong></span> <span class='ocrx_word' id='word_1_394' title='bbox 1602 4803 1777 4857; x_wconf 84' lang='lat' dir='ltr'><strong>Jesus.</strong></span> <span class='ocrx_word' id='word_1_395' title='bbox 1838 4804 2079 4859; x_wconf 78' lang='lat' dir='ltr'><strong>Ecclesia</strong></span> 
     </span>
    </p>
   </div>
   <div class='ocr_carea' id='block_1_51' title="bbox 498 4888 2075 4966">
    <p class='ocr_par' dir='ltr' id='par_1_51' title="bbox 498 4888 2075 4966">
     <span class='ocr_line' id='line_1_51' title="bbox 498 4888 2075 4966; baseline 0.004 -23"><span class='ocrx_word' id='word_1_396' title='bbox 498 4903 628 4959; x_wconf 84' lang='lat' dir='ltr'><strong>ergo</strong></span> <span class='ocrx_word' id='word_1_397' title='bbox 673 4905 793 4958; x_wconf 71' lang='lat' dir='ltr'><strong>quae</strong></span> <span class='ocrx_word' id='word_1_398' title='bbox 842 4888 1098 4948; x_wconf 87' lang='lat' dir='ltr'><strong>fundatur</strong></span> <span class='ocrx_word' id='word_1_399' title='bbox 1144 4893 1196 4947; x_wconf 91' lang='lat' dir='ltr'><strong>in</strong></span> <span class='ocrx_word' id='word_1_400' title='bbox 1237 4892 1475 4958; x_wconf 87' lang='lat' dir='ltr'><strong>Christo,</strong></span> <span class='ocrx_word' id='word_1_401' title='bbox 1520 4894 1702 4951; x_wconf 81' lang='lat' dir='ltr'><strong>claves</strong></span> <span class='ocrx_word' id='word_1_402' title='bbox 1725 4896 1793 4950; x_wconf 86' lang='lat' dir='ltr'><strong>ab</strong></span> <span class='ocrx_word' id='word_1_403' title='bbox 1831 4910 1896 4950; x_wconf 92' lang='lat' dir='ltr'><strong>eo</strong></span> <span class='ocrx_word' id='word_1_404' title='bbox 1923 4898 2075 4966; x_wconf 80' lang='lat' dir='ltr'><strong>regni</strong></span> 
     </span>
    </p>
   </div>
   <div class='ocr_carea' id='block_1_52' title="bbox 495 4979 2073 5057">
    <p class='ocr_par' dir='ltr' id='par_1_52' title="bbox 495 4979 2073 5057">
     <span class='ocr_line' id='line_1_52' title="bbox 495 4979 2073 5057; baseline 0.005 -23"><span class='ocrx_word' id='word_1_405' title='bbox 495 4979 760 5034; x_wconf 58' lang='lat' dir='ltr'><strong>calorum</strong></span> <span class='ocrx_word' id='word_1_406' title='bbox 789 4981 998 5050; x_wconf 88' lang='lat' dir='ltr'><strong>accepit</strong></span> <span class='ocrx_word' id='word_1_407' title='bbox 1018 4982 1073 5035; x_wconf 91' lang='lat' dir='ltr'><strong>in</strong></span> <span class='ocrx_word' id='word_1_408' title='bbox 1096 4981 1288 5049; x_wconf 90' lang='lat' dir='ltr'><strong>Petro,</strong></span> <span class='ocrx_word' id='word_1_409' title='bbox 1319 4983 1376 5038; x_wconf 90' lang='lat' dir='ltr'><strong>id</strong></span> <span class='ocrx_word' id='word_1_410' title='bbox 1402 4992 1486 5038; x_wconf 89' lang='lat' dir='ltr'><strong>est</strong></span> <span class='ocrx_word' id='word_1_411' title='bbox 1514 4993 1838 5054; x_wconf 87' lang='lat' dir='ltr'><strong>potestatem</strong></span> <span class='ocrx_word' id='word_1_412' title='bbox 1870 4985 2073 5057; x_wconf 82' lang='lat' dir='ltr'><strong>ligandi</strong></span> 
     </span>
    </p>
   </div>
   <div class='ocr_carea' id='block_1_53' title="bbox 493 5071 2074 5150">
    <p class='ocr_par' dir='ltr' id='par_1_53' title="bbox 493 5071 2074 5150">
     <span class='ocr_line' id='line_1_53' title="bbox 493 5071 2074 5150; baseline 0.006 -24"><span class='ocrx_word' id='word_1_413' title='bbox 493 5071 843 5144; x_wconf 86' lang='lat' dir='ltr'><strong>solvendique</strong></span> <span class='ocrx_word' id='word_1_414' title='bbox 888 5082 1130 5144; x_wconf 86' lang='lat' dir='ltr'><strong>peccata.</strong></span> <span class='ocrx_word' id='word_1_415' title='bbox 1179 5075 1336 5141; x_wconf 79' lang='lat' dir='ltr'><strong>Quod</strong></span> <span class='ocrx_word' id='word_1_416' title='bbox 1357 5085 1441 5132; x_wconf 87' lang='lat' dir='ltr'><strong>est</strong></span> <span class='ocrx_word' id='word_1_417' title='bbox 1472 5080 1616 5133; x_wconf 71' lang='lat' dir='ltr'><strong>cnim</strong></span> <span class='ocrx_word' id='word_1_418' title='bbox 1647 5095 1744 5148; x_wconf 90' lang='lat' dir='ltr'><strong>per</strong></span> <span class='ocrx_word' id='word_1_419' title='bbox 1775 5081 2074 5150; x_wconf 72' lang='lat' dir='ltr'><strong>proprieta-</strong></span> 
     </span>
    </p>
   </div>
   <div class='ocr_carea' id='block_1_54' title="bbox 496 5166 2070 5243">
    <p class='ocr_par' dir='ltr' id='par_1_54' title="bbox 496 5166 2070 5243">
     <span class='ocr_line' id='line_1_54' title="bbox 496 5166 2070 5243; baseline 0.008 -24"><span class='ocrx_word' id='word_1_420' title='bbox 496 5172 604 5219; x_wconf 87' lang='lat' dir='ltr'><strong>tem</strong></span> <span class='ocrx_word' id='word_1_421' title='bbox 634 5168 689 5220; x_wconf 91' lang='lat' dir='ltr'><strong>in</strong></span> <span class='ocrx_word' id='word_1_422' title='bbox 719 5166 937 5223; x_wconf 90' lang='lat' dir='ltr'><strong>Christo</strong></span> <span class='ocrx_word' id='word_1_423' title='bbox 973 5167 1234 5234; x_wconf 87' lang='lat' dir='ltr'><strong>Ecclesia,</strong></span> <span class='ocrx_word' id='word_1_424' title='bbox 1260 5170 1363 5226; x_wconf 90' lang='lat' dir='ltr'><strong>hoc</strong></span> <span class='ocrx_word' id='word_1_425' title='bbox 1391 5181 1474 5227; x_wconf 88' lang='lat' dir='ltr'><strong>est</strong></span> <span class='ocrx_word' id='word_1_426' title='bbox 1501 5188 1597 5242; x_wconf 88' lang='lat' dir='ltr'><strong>per</strong></span> <span class='ocrx_word' id='word_1_427' title='bbox 1616 5175 2070 5243; x_wconf 88' lang='lat' dir='ltr'><strong>signiﬁcationem</strong></span> 
     </span>
    </p>
   </div>
   <div class='ocr_carea' id='block_1_55' title="bbox 492 5255 2070 5337">
    <p class='ocr_par' dir='ltr' id='par_1_55' title="bbox 492 5255 2070 5337">
     <span class='ocr_line' id='line_1_55' title="bbox 492 5255 2070 5337; baseline 0.009 -27"><span class='ocrx_word' id='word_1_428' title='bbox 492 5255 686 5314; x_wconf 85' lang='lat' dir='ltr'><strong>Petrus</strong></span> <span class='ocrx_word' id='word_1_429' title='bbox 721 5260 775 5314; x_wconf 89' lang='lat' dir='ltr'><strong>in</strong></span> <span class='ocrx_word' id='word_1_430' title='bbox 803 5270 979 5330; x_wconf 89' lang='lat' dir='ltr'><strong>petra,</strong></span> <span class='ocrx_word' id='word_1_431' title='bbox 1005 5277 1110 5331; x_wconf 80' lang='lat' dir='ltr'><strong>qua</strong></span> <span class='ocrx_word' id='word_1_432' title='bbox 1141 5263 1540 5333; x_wconf 87' lang='lat' dir='ltr'><strong>signiﬁcatione</strong></span> <span class='ocrx_word' id='word_1_433' title='bbox 1570 5265 1887 5337; x_wconf 85' lang='lat' dir='ltr'><strong>intelligitur</strong></span> <span class='ocrx_word' id='word_1_434' title='bbox 1909 5269 2070 5324; x_wconf 66' lang='grc' dir='ltr'><strong>(ιιινὶ-</strong></span> 
     </span>
    </p>
   </div>
   <div class='ocr_carea' id='block_1_56' title="bbox 493 5351 2070 5426">
    <p class='ocr_par' dir='ltr' id='par_1_56' title="bbox 493 5351 2070 5426">
     <span class='ocr_line' id='line_1_56' title="bbox 493 5351 2070 5426; baseline 0.008 -24"><span class='ocrx_word' id='word_1_435' title='bbox 493 5356 612 5404; x_wconf 85' lang='lat' dir='ltr'><strong>stus</strong></span> <span class='ocrx_word' id='word_1_436' title='bbox 662 5361 836 5420; x_wconf 89' lang='lat' dir='ltr'><strong>petra,</strong></span> <span class='ocrx_word' id='word_1_437' title='bbox 890 5351 1086 5408; x_wconf 90' lang='lat' dir='ltr'><strong>Petrus</strong></span> <span class='ocrx_word' id='word_1_438' title='bbox 1130 5354 1392 5409; x_wconf 87' lang='lat' dir='ltr'><strong>Ecclesia.</strong></span> <span class='ocrx_word' id='word_1_439' title='bbox 1447 5355 1571 5409; x_wconf 71' lang='lat' dir='ltr'><strong>llaec</strong></span> <span class='ocrx_word' id='word_1_440' title='bbox 1616 5357 1782 5426; x_wconf 90' lang='lat' dir='ltr'><strong>igitur</strong></span> <span class='ocrx_word' id='word_1_441' title='bbox 1827 5359 2070 5414; x_wconf 86' lang='lat' dir='ltr'><strong>Ecclesia</strong></span> 
     </span>
    </p>
   </div>
   <div class='ocr_carea' id='block_1_57' title="bbox 489 5440 2068 5519">
    <p class='ocr_par' dir='ltr' id='par_1_57' title="bbox 489 5440 2068 5519">
     <span class='ocr_line' id='line_1_57' title="bbox 489 5440 2068 5519; baseline 0.007 -21"><span class='ocrx_word' id='word_1_442' title='bbox 489 5440 626 5498; x_wconf 87' lang='lat' dir='ltr'><strong>duas</strong></span> <span class='ocrx_word' id='word_1_443' title='bbox 664 5443 804 5497; x_wconf 84' lang='lat' dir='ltr'><strong>vitas</strong></span> <span class='ocrx_word' id='word_1_444' title='bbox 843 5445 945 5500; x_wconf 90' lang='lat' dir='ltr'><strong>sibi</strong></span> <span class='ocrx_word' id='word_1_445' title='bbox 988 5448 1247 5504; x_wconf 86' lang='lat' dir='ltr'><strong>divinitus</strong></span> <span class='ocrx_word' id='word_1_446' title='bbox 1280 5451 1598 5519; x_wconf 65' lang='lat' dir='ltr'><strong>praedicatas</strong></span> <span class='ocrx_word' id='word_1_447' title='bbox 1633 5460 1688 5506; x_wconf 89' lang='lat' dir='ltr'><strong>et</strong></span> <span class='ocrx_word' id='word_1_448' title='bbox 1725 5458 2068 5510; x_wconf 79' lang='lat' dir='ltr'><strong>commenda-</strong></span> 
     </span>
    </p>
   </div>
   <div class='ocr_carea' id='block_1_58' title="bbox 487 5535 2073 5618">
    <p class='ocr_par' dir='ltr' id='par_1_58' title="bbox 487 5535 2073 5618">
     <span class='ocr_line' id='line_1_58' title="bbox 487 5535 2073 5618; baseline 0.009 -31"><span class='ocrx_word' id='word_1_449' title='bbox 487 5539 576 5588; x_wconf 84' lang='lat' dir='ltr'><strong>tas</strong></span> <span class='ocrx_word' id='word_1_450' title='bbox 609 5535 796 5600; x_wconf 89' lang='lat' dir='ltr'><strong>novit,</strong></span> <span class='ocrx_word' id='word_1_451' title='bbox 845 5552 1073 5606; x_wconf 88' lang='lat' dir='ltr'><strong>quarum</strong></span> <span class='ocrx_word' id='word_1_452' title='bbox 1118 5549 1201 5596; x_wconf 91' lang='lat' dir='ltr'><strong>est</strong></span> <span class='ocrx_word' id='word_1_453' title='bbox 1226 5557 1329 5596; x_wconf 90' lang='lat' dir='ltr'><strong>una</strong></span> <span class='ocrx_word' id='word_1_454' title='bbox 1369 5544 1422 5597; x_wconf 92' lang='lat' dir='ltr'><strong>in</strong></span> <span class='ocrx_word' id='word_1_455' title='bbox 1464 5544 1602 5610; x_wconf 90' lang='lat' dir='ltr'><strong>ﬁde,</strong></span> <span class='ocrx_word' id='word_1_456' title='bbox 1646 5545 1816 5600; x_wconf 88' lang='lat' dir='ltr'><strong>altera</strong></span> <span class='ocrx_word' id='word_1_457' title='bbox 1843 5547 1896 5600; x_wconf 92' lang='lat' dir='ltr'><strong>in</strong></span> <span class='ocrx_word' id='word_1_458' title='bbox 1950 5562 2073 5618; x_wconf 78' lang='lat' dir='ltr'><strong>spe-</strong></span> 
     </span>
    </p>
   </div>
   <div class='ocr_carea' id='block_1_59' title="bbox 488 5623 2068 5706">
    <p class='ocr_par' dir='ltr' id='par_1_59' title="bbox 488 5623 2068 5706">
     <span class='ocr_line' id='line_1_59' title="bbox 488 5623 2068 5706; baseline 0.01 -29"><span class='ocrx_word' id='word_1_459' title='bbox 488 5623 601 5689; x_wconf 86' lang='lat' dir='ltr'><strong>cie;</strong></span> <span class='ocrx_word' id='word_1_460' title='bbox 654 5639 759 5680; x_wconf 91' lang='lat' dir='ltr'><strong>una</strong></span> <span class='ocrx_word' id='word_1_461' title='bbox 809 5627 863 5682; x_wconf 91' lang='lat' dir='ltr'><strong>in</strong></span> <span class='ocrx_word' id='word_1_462' title='bbox 923 5636 1164 5699; x_wconf 85' lang='lat' dir='ltr'><strong>tempore</strong></span> <span class='ocrx_word' id='word_1_463' title='bbox 1229 5637 1718 5706; x_wconf 87' lang='lat' dir='ltr'><strong>peregrinationis,</strong></span> <span class='ocrx_word' id='word_1_464' title='bbox 1781 5639 1956 5693; x_wconf 89' lang='lat' dir='ltr'><strong>altera</strong></span> <span class='ocrx_word' id='word_1_465' title='bbox 2013 5641 2068 5693; x_wconf 90' lang='lat' dir='ltr'><strong>in</strong></span> 
     </span>
    </p>
   </div>
   <div class='ocr_carea' id='block_1_60' title="bbox 486 5716 2064 5793">
    <p class='ocr_par' dir='ltr' id='par_1_60' title="bbox 486 5716 2064 5793">
     <span class='ocr_line' id='line_1_60' title="bbox 486 5716 2064 5793; baseline 0.013 -29"><span class='ocrx_word' id='word_1_466' title='bbox 486 5716 788 5771; x_wconf 70' lang='lat' dir='ltr'><strong>mternitate</strong></span> <span class='ocrx_word' id='word_1_467' title='bbox 835 5721 1164 5786; x_wconf 88' lang='lat' dir='ltr'><strong>mansionis;</strong></span> <span class='ocrx_word' id='word_1_468' title='bbox 1245 5740 1348 5780; x_wconf 83' lang='lat' dir='ltr'><strong>una</strong></span> <span class='ocrx_word' id='word_1_469' title='bbox 1411 5727 1462 5780; x_wconf 91' lang='lat' dir='ltr'><strong>in</strong></span> <span class='ocrx_word' id='word_1_470' title='bbox 1506 5728 1690 5782; x_wconf 87' lang='lat' dir='ltr'><strong>labore</strong></span> <span class='ocrx_word' id='word_1_471' title='bbox 1718 5765 1733 5793; x_wconf 96' lang='lat'><strong>,</strong></span> <span class='ocrx_word' id='word_1_472' title='bbox 1796 5728 1965 5784; x_wconf 84' lang='lat' dir='ltr'><strong>altera</strong></span> <span class='ocrx_word' id='word_1_473' title='bbox 2011 5730 2064 5784; x_wconf 92' lang='lat' dir='ltr'><strong>in</strong></span> 
     </span>
    </p>
   </div>
   <div class='ocr_carea' id='block_1_61' title="bbox 485 5809 2069 5892">
    <p class='ocr_par' dir='ltr' id='par_1_61' title="bbox 485 5809 2069 5892">
     <span class='ocr_line' id='line_1_61' title="bbox 485 5809 2069 5892; baseline 0.013 -33"><span class='ocrx_word' id='word_1_474' title='bbox 485 5809 704 5878; x_wconf 85' lang='lat' dir='ltr'><strong>requie;</strong></span> <span class='ocrx_word' id='word_1_475' title='bbox 729 5813 915 5869; x_wconf 84' lang='lat' dir='ltr'><strong>unain</strong></span> <span class='ocrx_word' id='word_1_476' title='bbox 939 5815 1026 5869; x_wconf 85' lang='lat' dir='ltr'><strong>via</strong></span> <span class='ocrx_word' id='word_1_477' title='bbox 1049 5851 1066 5879; x_wconf 92' lang='lat'><strong>,</strong></span> <span class='ocrx_word' id='word_1_478' title='bbox 1113 5815 1284 5872; x_wconf 87' lang='lat' dir='ltr'><strong>altera</strong></span> <span class='ocrx_word' id='word_1_479' title='bbox 1313 5818 1370 5874; x_wconf 86' lang='lat' dir='ltr'><strong>in</strong></span> <span class='ocrx_word' id='word_1_480' title='bbox 1398 5820 1616 5892; x_wconf 85' lang='lat' dir='ltr'><strong>patria;</strong></span> <span class='ocrx_word' id='word_1_481' title='bbox 1684 5836 1794 5878; x_wconf 89' lang='lat' dir='ltr'><strong>una</strong></span> <span class='ocrx_word' id='word_1_482' title='bbox 1834 5822 1887 5876; x_wconf 89' lang='lat' dir='ltr'><strong>in</strong></span> <span class='ocrx_word' id='word_1_483' title='bbox 1938 5835 2069 5892; x_wconf 81' lang='lat' dir='ltr'><strong>ope-</strong></span> 
     </span>
    </p>
   </div>
   <div class='ocr_carea' id='block_1_62' title="bbox 2189 577 3793 651">
    <p class='ocr_par' dir='ltr' id='par_1_62' title="bbox 2189 577 3793 651">
     <span class='ocr_line' id='line_1_62' title="bbox 2189 577 3793 651; baseline 0.002 -17"><span class='ocrx_word' id='word_1_484' title='bbox 2189 577 2296 634; x_wconf 84' lang='lat' dir='ltr'><strong>lsta</strong></span> <span class='ocrx_word' id='word_1_485' title='bbox 2354 578 2654 651; x_wconf 86' lang='lat' dir='ltr'><strong>signiﬁcata</strong></span> <span class='ocrx_word' id='word_1_486' title='bbox 2715 587 2800 634; x_wconf 88' lang='lat' dir='ltr'><strong>est</strong></span> <span class='ocrx_word' id='word_1_487' title='bbox 2852 588 2953 650; x_wconf 85' lang='lat' dir='ltr'><strong>per</strong></span> <span class='ocrx_word' id='word_1_488' title='bbox 3007 579 3312 650; x_wconf 83' lang='lat' dir='ltr'><strong>apostolum</strong></span> <span class='ocrx_word' id='word_1_489' title='bbox 3361 578 3581 635; x_wconf 88' lang='lat' dir='ltr'><strong>Petrum</strong></span> <span class='ocrx_word' id='word_1_490' title='bbox 3609 615 3626 645; x_wconf 96' lang='lat'><strong>,</strong></span> <span class='ocrx_word' id='word_1_491' title='bbox 3675 581 3793 638; x_wconf 77' lang='lat' dir='ltr'><strong>illa</strong></span> 
     </span>
    </p>
   </div>
   <div class='ocr_carea' id='block_1_63' title="bbox 2188 669 3792 742">
    <p class='ocr_par' dir='ltr' id='par_1_63' title="bbox 2188 669 3792 742">
     <span class='ocr_line' id='line_1_63' title="bbox 2188 669 3792 742; baseline 0.002 -15"><span class='ocrx_word' id='word_1_492' title='bbox 2188 683 2288 742; x_wconf 82' lang='lat' dir='ltr'><strong>per</strong></span> <span class='ocrx_word' id='word_1_493' title='bbox 2333 671 2614 728; x_wconf 81' lang='lat' dir='ltr'><strong>Joannem.</strong></span> <span class='ocrx_word' id='word_1_494' title='bbox 2716 671 2851 726; x_wconf 88' lang='lat' dir='ltr'><strong>Tota</strong></span> <span class='ocrx_word' id='word_1_495' title='bbox 2911 670 3002 727; x_wconf 90' lang='lat' dir='ltr'><strong>hic</strong></span> <span class='ocrx_word' id='word_1_496' title='bbox 3057 670 3236 740; x_wconf 88' lang='lat' dir='ltr'><strong>agitur</strong></span> <span class='ocrx_word' id='word_1_497' title='bbox 3306 669 3412 726; x_wconf 90' lang='lat' dir='ltr'><strong>ista</strong></span> <span class='ocrx_word' id='word_1_498' title='bbox 3483 685 3662 742; x_wconf 85' lang='lat' dir='ltr'><strong>usque</strong></span> <span class='ocrx_word' id='word_1_499' title='bbox 3723 673 3792 730; x_wconf 84' lang='lat' dir='ltr'><strong>in</strong></span> 
     </span>
    </p>
   </div>
   <div class='ocr_carea' id='block_1_64' title="bbox 2191 762 3794 834">
    <p class='ocr_par' dir='ltr' id='par_1_64' title="bbox 2191 762 3794 834">
     <span class='ocr_line' id='line_1_64' title="bbox 2191 762 3794 834; baseline 0 -14"><span class='ocrx_word' id='word_1_500' title='bbox 2191 764 2350 834; x_wconf 82' lang='lat' dir='ltr'><strong>hujus</strong></span> <span class='ocrx_word' id='word_1_501' title='bbox 2393 764 2573 821; x_wconf 59' lang='lat' dir='ltr'><strong>saeculi</strong></span> <span class='ocrx_word' id='word_1_502' title='bbox 2610 764 2772 819; x_wconf 91' lang='lat' dir='ltr'><strong>ﬁnem</strong></span> <span class='ocrx_word' id='word_1_503' title='bbox 2801 773 2856 818; x_wconf 91' lang='lat' dir='ltr'><strong>et</strong></span> <span class='ocrx_word' id='word_1_504' title='bbox 2884 763 2995 818; x_wconf 90' lang='lat' dir='ltr'><strong>illic</strong></span> <span class='ocrx_word' id='word_1_505' title='bbox 3031 763 3238 818; x_wconf 87' lang='lat' dir='ltr'><strong>invenit</strong></span> <span class='ocrx_word' id='word_1_506' title='bbox 3289 762 3452 818; x_wconf 86' lang='lat' dir='ltr'><strong>ﬁnem</strong></span> <span class='ocrx_word' id='word_1_507' title='bbox 3485 765 3794 820; x_wconf 81' lang='lat' dir='ltr'><strong>:diﬁ‘ertur</strong></span> 
     </span>
    </p>
   </div>
   <div class='ocr_carea' id='block_1_65' title="bbox 2191 852 3791 925">
    <p class='ocr_par' dir='ltr' id='par_1_65' title="bbox 2191 852 3791 925">
     <span class='ocr_line' id='line_1_65' title="bbox 2191 852 3791 925; baseline -0.001 -14"><span class='ocrx_word' id='word_1_508' title='bbox 2191 855 2281 912; x_wconf 89' lang='lat' dir='ltr'><strong>illa</strong></span> <span class='ocrx_word' id='word_1_509' title='bbox 2310 857 2626 924; x_wconf 83' lang='lat' dir='ltr'><strong>complenda</strong></span> <span class='ocrx_word' id='word_1_510' title='bbox 2668 862 2791 925; x_wconf 91' lang='lat' dir='ltr'><strong>post</strong></span> <span class='ocrx_word' id='word_1_511' title='bbox 2834 853 2994 922; x_wconf 84' lang='lat' dir='ltr'><strong>hujus</strong></span> <span class='ocrx_word' id='word_1_512' title='bbox 3023 853 3208 909; x_wconf 63' lang='lat' dir='ltr'><strong>sicculi</strong></span> <span class='ocrx_word' id='word_1_513' title='bbox 3237 852 3422 917; x_wconf 87' lang='lat' dir='ltr'><strong>ﬁnem,</strong></span> <span class='ocrx_word' id='word_1_514' title='bbox 3465 855 3560 908; x_wconf 91' lang='lat' dir='ltr'><strong>sed</strong></span> <span class='ocrx_word' id='word_1_515' title='bbox 3589 855 3645 909; x_wconf 88' lang='lat' dir='ltr'><strong>in</strong></span> <span class='ocrx_word' id='word_1_516' title='bbox 3687 856 3791 909; x_wconf 74' lang='lat' dir='ltr'><strong>fu—</strong></span> 
     </span>
    </p>
   </div>
   <div class='ocr_carea' id='block_1_66' title="bbox 2192 927 3790 1013">
    <p class='ocr_par' dir='ltr' id='par_1_66' title="bbox 2192 927 3790 1013">
     <span class='ocr_line' id='line_1_66' title="bbox 2192 927 3790 1013; baseline 0.001 -13"><span class='ocrx_word' id='word_1_517' title='bbox 2192 955 2314 1001; x_wconf 89' lang='lat' dir='ltr'><strong>turo</strong></span> <span class='ocrx_word' id='word_1_518' title='bbox 2337 946 2532 1001; x_wconf 83' lang='lat' dir='ltr'><strong>saeculo</strong></span> <span class='ocrx_word' id='word_1_519' title='bbox 2575 962 2681 1001; x_wconf 92' lang='lat' dir='ltr'><strong>non</strong></span> <span class='ocrx_word' id='word_1_520' title='bbox 2719 945 2883 1013; x_wconf 87' lang='lat' dir='ltr'><strong>habet</strong></span> <span class='ocrx_word' id='word_1_521' title='bbox 2908 944 3090 999; x_wconf 89' lang='lat' dir='ltr'><strong>ﬁnem.</strong></span> <span class='ocrx_word' id='word_1_522' title='bbox 3132 927 3257 999; x_wconf 85' lang='lat' dir='ltr'><strong>ideo</strong></span> <span class='ocrx_word' id='word_1_523' title='bbox 3278 945 3476 999; x_wconf 89' lang='lat' dir='ltr'><strong>dicitur</strong></span> <span class='ocrx_word' id='word_1_524' title='bbox 3503 945 3652 1011; x_wconf 90' lang='lat' dir='ltr'><strong>huic,</strong></span> <span class='ocrx_word' id='word_1_525' title='bbox 3678 945 3790 1002; x_wconf 82' lang='lat' dir='ltr'><strong>Se-</strong></span> 
     </span>
    </p>
   </div>
   <div class='ocr_carea' id='block_1_67' title="bbox 2191 1035 3787 1110">
    <p class='ocr_par' dir='ltr' id='par_1_67' title="bbox 2191 1035 3787 1110">
     <span class='ocr_line' id='line_1_67' title="bbox 2191 1035 3787 1110; baseline 0.001 -19"><span class='ocrx_word' id='word_1_526' title='bbox 2191 1053 2346 1110; x_wconf 84' lang='lat' dir='ltr'><strong>quere</strong></span> <span class='ocrx_word' id='word_1_527' title='bbox 2371 1054 2451 1092; x_wconf 86' lang='lat' dir='ltr'><strong>me</strong></span> <span class='ocrx_word' id='word_1_528' title='bbox 2468 1055 2488 1102; x_wconf 86' lang='lat'><strong>;</strong></span> <span class='ocrx_word' id='word_1_529' title='bbox 2529 1038 2594 1092; x_wconf 90' lang='lat' dir='ltr'><strong>de</strong></span> <span class='ocrx_word' id='word_1_530' title='bbox 2624 1037 2716 1092; x_wconf 88' lang='lat' dir='ltr'><strong>illo</strong></span> <span class='ocrx_word' id='word_1_531' title='bbox 2739 1043 2941 1102; x_wconf 90' lang='lat' dir='ltr'><strong>autem,</strong></span> <span class='ocrx_word' id='word_1_532' title='bbox 2977 1035 3198 1092; x_wconf 77' lang='lat' dir='ltr'><strong>Siccam</strong></span> <span class='ocrx_word' id='word_1_533' title='bbox 3230 1036 3344 1091; x_wconf 83' lang='lat' dir='ltr'><strong>volo</strong></span> <span class='ocrx_word' id='word_1_534' title='bbox 3374 1053 3585 1090; x_wconf 84' lang='lat' dir='ltr'><strong>manere</strong></span> <span class='ocrx_word' id='word_1_535' title='bbox 3610 1038 3787 1092; x_wconf 77' lang='lat' dir='ltr'><strong>donec</strong></span> 
     </span>
    </p>
   </div>
   <div class='ocr_carea' id='block_1_68' title="bbox 2189 1128 3787 1202">
    <p class='ocr_par' dir='ltr' id='par_1_68' title="bbox 2189 1128 3787 1202">
     <span class='ocr_line' id='line_1_68' title="bbox 2189 1128 3787 1202; baseline 0 -17"><span class='ocrx_word' id='word_1_536' title='bbox 2189 1131 2414 1186; x_wconf 73' lang='lat' dir='ltr'><strong>ueriiam.</strong></span> <span class='ocrx_word' id='word_1_537' title='bbox 2461 1129 2601 1195; x_wconf 84' lang='lat' dir='ltr'><strong>Quid</strong></span> <span class='ocrx_word' id='word_1_538' title='bbox 2630 1131 2698 1184; x_wconf 87' lang='lat' dir='ltr'><strong>ad</strong></span> <span class='ocrx_word' id='word_1_539' title='bbox 2737 1131 2902 1184; x_wconf 85' lang='lat' dir='ltr'><strong>te?tu</strong></span> <span class='ocrx_word' id='word_1_540' title='bbox 2942 1148 3021 1185; x_wconf 86' lang='lat' dir='ltr'><strong>me</strong></span> <span class='ocrx_word' id='word_1_541' title='bbox 3061 1147 3274 1202; x_wconf 83' lang='lat' dir='ltr'><strong>sequere</strong></span> <span class='ocrx_word' id='word_1_542' title='bbox 3294 1128 3478 1202; x_wconf 79' lang='lat' dir='ltr'><strong>(Joan.</strong></span> <span class='ocrx_word' id='word_1_543' title='bbox 3517 1136 3644 1196; x_wconf 67' lang='lat' dir='ltr'><strong>ur,</strong></span> <span class='ocrx_word' id='word_1_544' title='bbox 3683 1131 3787 1196; x_wconf 74' lang='lat' dir='ltr'><strong>i9,</strong></span> 
     </span>
    </p>
   </div>
   <div class='ocr_carea' id='block_1_69' title="bbox 2191 1222 3789 1294">
    <p class='ocr_par' dir='ltr' id='par_1_69' title="bbox 2191 1222 3789 1294">
     <span class='ocr_line' id='line_1_69' title="bbox 2191 1222 3789 1294; baseline 0 -16"><span class='ocrx_word' id='word_1_545' title='bbox 2191 1224 2304 1294; x_wconf 56' lang='grc' dir='ltr'><strong>ἦ).</strong></span> <span class='ocrx_word' id='word_1_546' title='bbox 2331 1223 2470 1290; x_wconf 84' lang='lat' dir='ltr'><strong>Quid</strong></span> <span class='ocrx_word' id='word_1_547' title='bbox 2490 1223 2632 1278; x_wconf 89' lang='lat' dir='ltr'><strong>enim</strong></span> <span class='ocrx_word' id='word_1_548' title='bbox 2654 1239 2738 1277; x_wconf 69' lang='grc' dir='ltr'><strong>εει</strong></span> <span class='ocrx_word' id='word_1_549' title='bbox 2767 1224 2872 1278; x_wconf 90' lang='lat' dir='ltr'><strong>hoc</strong></span> <span class='ocrx_word' id='word_1_550' title='bbox 2887 1231 3149 1292; x_wconf 88' lang='lat' dir='ltr'><strong>quantum</strong></span> <span class='ocrx_word' id='word_1_551' title='bbox 3170 1223 3343 1294; x_wconf 87' lang='lat' dir='ltr'><strong>sapio,</strong></span> <span class='ocrx_word' id='word_1_552' title='bbox 3369 1222 3498 1292; x_wconf 88' lang='lat' dir='ltr'><strong>quid</strong></span> <span class='ocrx_word' id='word_1_553' title='bbox 3520 1223 3648 1277; x_wconf 82' lang='lat' dir='ltr'><strong>est?</strong></span> <span class='ocrx_word' id='word_1_554' title='bbox 3672 1223 3789 1278; x_wconf 72' lang='lat' dir='ltr'><strong>nisi</strong></span> 
     </span>
    </p>
   </div>
   <div class='ocr_carea' id='block_1_70' title="bbox 2195 1315 3788 1387">
    <p class='ocr_par' dir='ltr' id='par_1_70' title="bbox 2195 1315 3788 1387">
     <span class='ocr_line' id='line_1_70' title="bbox 2195 1315 3788 1387; baseline 0 -17"><span class='ocrx_word' id='word_1_555' title='bbox 2195 1316 2274 1370; x_wconf 86' lang='lat' dir='ltr'><strong>Tu</strong></span> <span class='ocrx_word' id='word_1_556' title='bbox 2298 1333 2378 1370; x_wconf 87' lang='lat' dir='ltr'><strong>me</strong></span> <span class='ocrx_word' id='word_1_557' title='bbox 2399 1333 2628 1387; x_wconf 85' lang='lat' dir='ltr'><strong>sequere,</strong></span> <span class='ocrx_word' id='word_1_558' title='bbox 2653 1331 2752 1385; x_wconf 90' lang='lat' dir='ltr'><strong>per</strong></span> <span class='ocrx_word' id='word_1_559' title='bbox 2777 1316 3130 1374; x_wconf 86' lang='lat' dir='ltr'><strong>imitationem</strong></span> <span class='ocrx_word' id='word_1_560' title='bbox 3167 1315 3475 1386; x_wconf 83' lang='lat' dir='ltr'><strong>perferendi</strong></span> <span class='ocrx_word' id='word_1_561' title='bbox 3507 1323 3788 1386; x_wconf 83' lang='lat' dir='ltr'><strong>tempora-</strong></span> 
     </span>
    </p>
   </div>
   <div class='ocr_carea' id='block_1_71' title="bbox 2192 1407 3789 1476">
    <p class='ocr_par' dir='ltr' id='par_1_71' title="bbox 2192 1407 3789 1476">
     <span class='ocr_line' id='line_1_71' title="bbox 2192 1407 3789 1476; baseline 0.001 -16"><span class='ocrx_word' id='word_1_562' title='bbox 2192 1407 2262 1462; x_wconf 88' lang='lat' dir='ltr'><strong>lia</strong></span> <span class='ocrx_word' id='word_1_563' title='bbox 2293 1407 2469 1472; x_wconf 87' lang='lat' dir='ltr'><strong>mala;</strong></span> <span class='ocrx_word' id='word_1_564' title='bbox 2512 1407 2601 1462; x_wconf 85' lang='lat' dir='ltr'><strong>ille</strong></span> <span class='ocrx_word' id='word_1_565' title='bbox 2624 1416 2842 1462; x_wconf 88' lang='lat' dir='ltr'><strong>maneat</strong></span> <span class='ocrx_word' id='word_1_566' title='bbox 2861 1408 3034 1462; x_wconf 83' lang='lat' dir='ltr'><strong>donec</strong></span> <span class='ocrx_word' id='word_1_567' title='bbox 3061 1407 3394 1476; x_wconf 84' lang='lat' dir='ltr'><strong>sempiterna</strong></span> <span class='ocrx_word' id='word_1_568' title='bbox 3423 1407 3583 1462; x_wconf 86' lang='lat' dir='ltr'><strong>venio</strong></span> <span class='ocrx_word' id='word_1_569' title='bbox 3608 1408 3789 1462; x_wconf 52' lang='lat' dir='ltr'><strong>reddi</strong></span> 
     </span>
    </p>
   </div>
   <div class='ocr_carea' id='block_1_72' title="bbox 2193 1497 3784 1568">
    <p class='ocr_par' dir='ltr' id='par_1_72' title="bbox 2193 1497 3784 1568">
     <span class='ocr_line' id='line_1_72' title="bbox 2193 1497 3784 1568; baseline 0.001 -16"><span class='ocrx_word' id='word_1_570' title='bbox 2193 1506 2348 1554; x_wconf 89' lang='lat' dir='ltr'><strong>turus</strong></span> <span class='ocrx_word' id='word_1_571' title='bbox 2372 1499 2512 1553; x_wconf 90' lang='lat' dir='ltr'><strong>bona</strong></span> <span class='ocrx_word' id='word_1_572' title='bbox 2538 1517 2551 1552; x_wconf 89' lang='lat'><strong>:</strong></span> <span class='ocrx_word' id='word_1_573' title='bbox 2579 1497 2723 1568; x_wconf 90' lang='lat' dir='ltr'><strong>quod</strong></span> <span class='ocrx_word' id='word_1_574' title='bbox 2753 1499 3013 1567; x_wconf 88' lang='lat' dir='ltr'><strong>apertius,</strong></span> <span class='ocrx_word' id='word_1_575' title='bbox 3051 1499 3126 1552; x_wconf 86' lang='lat' dir='ltr'><strong>ita</strong></span> <span class='ocrx_word' id='word_1_576' title='bbox 3153 1499 3262 1553; x_wconf 89' lang='lat' dir='ltr'><strong>dici</strong></span> <span class='ocrx_word' id='word_1_577' title='bbox 3289 1507 3468 1567; x_wconf 87' lang='lat' dir='ltr'><strong>potest</strong></span> <span class='ocrx_word' id='word_1_578' title='bbox 3493 1517 3507 1552; x_wconf 92' lang='lat'><strong>:</strong></span> <span class='ocrx_word' id='word_1_579' title='bbox 3531 1497 3784 1554; x_wconf 86' lang='lat' dir='ltr'><strong>Perfecta</strong></span> 
     </span>
    </p>
   </div>
   <div class='ocr_carea' id='block_1_73' title="bbox 2194 1594 3787 1664">
    <p class='ocr_par' dir='ltr' id='par_1_73' title="bbox 2194 1594 3787 1664">
     <span class='ocr_line' id='line_1_73' title="bbox 2194 1594 3787 1664; baseline 0.001 -16"><span class='ocrx_word' id='word_1_580' title='bbox 2194 1611 2281 1650; x_wconf 90' lang='lat' dir='ltr'><strong>me</strong></span> <span class='ocrx_word' id='word_1_581' title='bbox 2323 1602 2580 1664; x_wconf 88' lang='lat' dir='ltr'><strong>sequatur</strong></span> <span class='ocrx_word' id='word_1_582' title='bbox 2622 1595 2766 1649; x_wconf 91' lang='lat' dir='ltr'><strong>actio</strong></span> <span class='ocrx_word' id='word_1_583' title='bbox 2793 1594 3082 1650; x_wconf 81' lang='lat' dir='ltr'><strong>informata</strong></span> <span class='ocrx_word' id='word_1_584' title='bbox 3124 1610 3260 1650; x_wconf 72' lang='lat' dir='ltr'><strong>mea:</strong></span> <span class='ocrx_word' id='word_1_585' title='bbox 3298 1595 3572 1664; x_wconf 88' lang='lat' dir='ltr'><strong>passionis</strong></span> <span class='ocrx_word' id='word_1_586' title='bbox 3598 1610 3787 1649; x_wconf 81' lang='lat' dir='ltr'><strong>exem-</strong></span> 
     </span>
    </p>
   </div>
   <div class='ocr_carea' id='block_1_74' title="bbox 2191 1685 3783 1758">
    <p class='ocr_par' dir='ltr' id='par_1_74' title="bbox 2191 1685 3783 1758">
     <span class='ocr_line' id='line_1_74' title="bbox 2191 1685 3783 1758; baseline -0.001 -17"><span class='ocrx_word' id='word_1_587' title='bbox 2191 1688 2299 1758; x_wconf 88' lang='lat' dir='ltr'><strong>plo,</strong></span> <span class='ocrx_word' id='word_1_588' title='bbox 2329 1688 2582 1743; x_wconf 90' lang='lat' dir='ltr'><strong>inchoata</strong></span> <span class='ocrx_word' id='word_1_589' title='bbox 2611 1701 2740 1741; x_wconf 84' lang='lat' dir='ltr'><strong>vero</strong></span> <span class='ocrx_word' id='word_1_590' title='bbox 2761 1686 3146 1756; x_wconf 88' lang='lat' dir='ltr'><strong>contemplatio</strong></span> <span class='ocrx_word' id='word_1_591' title='bbox 3168 1693 3386 1740; x_wconf 86' lang='lat' dir='ltr'><strong>maneat</strong></span> <span class='ocrx_word' id='word_1_592' title='bbox 3406 1685 3580 1740; x_wconf 87' lang='lat' dir='ltr'><strong>donec</strong></span> <span class='ocrx_word' id='word_1_593' title='bbox 3600 1687 3783 1750; x_wconf 86' lang='lat' dir='ltr'><strong>venio,</strong></span> 
     </span>
    </p>
   </div>
   <div class='ocr_carea' id='block_1_75' title="bbox 2193 1775 3785 1848">
    <p class='ocr_par' dir='ltr' id='par_1_75' title="bbox 2193 1775 3785 1848">
     <span class='ocr_line' id='line_1_75' title="bbox 2193 1775 3785 1848; baseline 0 -16"><span class='ocrx_word' id='word_1_594' title='bbox 2193 1777 2516 1848; x_wconf 86' lang='lat' dir='ltr'><strong>perﬁcienda</strong></span> <span class='ocrx_word' id='word_1_595' title='bbox 2562 1793 2688 1833; x_wconf 91' lang='lat' dir='ltr'><strong>cum</strong></span> <span class='ocrx_word' id='word_1_596' title='bbox 2719 1793 2940 1833; x_wconf 89' lang='lat' dir='ltr'><strong>venero.</strong></span> <span class='ocrx_word' id='word_1_597' title='bbox 2972 1775 3139 1832; x_wconf 83' lang='lat' dir='ltr'><strong>Nemo</strong></span> <span class='ocrx_word' id='word_1_598' title='bbox 3168 1787 3350 1832; x_wconf 90' lang='lat' dir='ltr'><strong>tamen</strong></span> <span class='ocrx_word' id='word_1_599' title='bbox 3377 1779 3512 1832; x_wconf 85' lang='lat' dir='ltr'><strong>istos</strong></span> <span class='ocrx_word' id='word_1_600' title='bbox 3543 1777 3785 1848; x_wconf 82' lang='lat' dir='ltr'><strong>insignes</strong></span> 
     </span>
    </p>
   </div>
   <div class='ocr_carea' id='block_1_76' title="bbox 2123 1852 3781 1940">
    <p class='ocr_par' dir='ltr' id='par_1_76' title="bbox 2123 1852 3781 1940">
     <span class='ocr_line' id='line_1_76' title="bbox 2123 1852 3781 1940; baseline -0.002 -16"><span class='ocrx_word' id='word_1_601' title='bbox 2123 1852 2172 1914; x_wconf 82' lang='grc' dir='ltr'><strong>Β</strong></span> <span class='ocrx_word' id='word_1_602' title='bbox 2199 1870 2470 1940; x_wconf 84' lang='lat' dir='ltr'><strong>apostolos</strong></span> <span class='ocrx_word' id='word_1_603' title='bbox 2495 1878 2726 1940; x_wconf 86' lang='lat' dir='ltr'><strong>separet,</strong></span> <span class='ocrx_word' id='word_1_604' title='bbox 2758 1877 2814 1924; x_wconf 91' lang='lat' dir='ltr'><strong>et</strong></span> <span class='ocrx_word' id='word_1_605' title='bbox 2839 1869 2894 1922; x_wconf 90' lang='lat' dir='ltr'><strong>in</strong></span> <span class='ocrx_word' id='word_1_606' title='bbox 2922 1884 2988 1923; x_wconf 91' lang='lat' dir='ltr'><strong>eo</strong></span> <span class='ocrx_word' id='word_1_607' title='bbox 3020 1870 3162 1938; x_wconf 89' lang='lat' dir='ltr'><strong>quod</strong></span> <span class='ocrx_word' id='word_1_608' title='bbox 3198 1868 3543 1939; x_wconf 82' lang='lat' dir='ltr'><strong>signiﬁcabat</strong></span> <span class='ocrx_word' id='word_1_609' title='bbox 3568 1866 3781 1930; x_wconf 83' lang='lat' dir='ltr'><strong>Petrus,</strong></span> 
     </span>
    </p>
   </div>
   <div class='ocr_carea' id='block_1_77' title="bbox 2197 1960 3784 2053">
    <p class='ocr_par' dir='ltr' id='par_1_77' title="bbox 2197 1960 3784 2053">
     <span class='ocr_line' id='line_1_77' title="bbox 2197 1960 3784 2053; baseline -0.003 -34"><span class='ocrx_word' id='word_1_610' title='bbox 2197 1964 2367 2053; x_wconf 36' lang='lat' dir='ltr'><strong>ambo,</strong></span> <span class='ocrx_word' id='word_1_611' title='bbox 2385 1972 2572 2028; x_wconf 88' lang='lat' dir='ltr'><strong>erant;</strong></span> <span class='ocrx_word' id='word_1_612' title='bbox 2609 1969 2664 2018; x_wconf 91' lang='lat' dir='ltr'><strong>et</strong></span> <span class='ocrx_word' id='word_1_613' title='bbox 2690 1963 2744 2017; x_wconf 92' lang='lat' dir='ltr'><strong>in</strong></span> <span class='ocrx_word' id='word_1_614' title='bbox 2774 1975 2839 2018; x_wconf 90' lang='lat' dir='ltr'><strong>eo</strong></span> <span class='ocrx_word' id='word_1_615' title='bbox 2879 1961 3021 2032; x_wconf 91' lang='lat' dir='ltr'><strong>quod</strong></span> <span class='ocrx_word' id='word_1_616' title='bbox 3045 1960 3315 2033; x_wconf 87' lang='lat' dir='ltr'><strong>signiﬁcat</strong></span> <span class='ocrx_word' id='word_1_617' title='bbox 3339 1960 3602 2044; x_wconf 84' lang='lat' dir='ltr'><strong>Joannes,</strong></span> <span class='ocrx_word' id='word_1_618' title='bbox 3626 1961 3784 2015; x_wconf 86' lang='lat' dir='ltr'><strong>ambo</strong></span> 
     </span>
    </p>
   </div>
   <div class='ocr_carea' id='block_1_78' title="bbox 2195 2039 3785 2127">
    <p class='ocr_par' dir='ltr' id='par_1_78' title="bbox 2195 2039 3785 2127">
     <span class='ocr_line' id='line_1_78' title="bbox 2195 2039 3785 2127; baseline -0.004 -15"><span class='ocrx_word' id='word_1_619' title='bbox 2195 2039 2364 2112; x_wconf 54' lang='lat' dir='ltr'><strong>f&#39;uturi</strong></span> <span class='ocrx_word' id='word_1_620' title='bbox 2404 2065 2600 2112; x_wconf 88' lang='lat' dir='ltr'><strong>erant:</strong></span> <span class='ocrx_word' id='word_1_621' title='bbox 2634 2055 2986 2127; x_wconf 88' lang='lat' dir='ltr'><strong>signiﬁcando</strong></span> <span class='ocrx_word' id='word_1_622' title='bbox 3022 2052 3353 2125; x_wconf 88' lang='lat' dir='ltr'><strong>sequebatur</strong></span> <span class='ocrx_word' id='word_1_623' title='bbox 3375 2039 3498 2116; x_wconf 83' lang='lat' dir='ltr'><strong>iste,</strong></span> <span class='ocrx_word' id='word_1_624' title='bbox 3531 2053 3785 2107; x_wconf 84' lang='lat' dir='ltr'><strong>manebat</strong></span> 
     </span>
    </p>
   </div>
   <div class='ocr_carea' id='block_1_79' title="bbox 2196 2143 3783 2216">
    <p class='ocr_par' dir='ltr' id='par_1_79' title="bbox 2196 2143 3783 2216">
     <span class='ocr_line' id='line_1_79' title="bbox 2196 2143 3783 2216; baseline -0.002 -13"><span class='ocrx_word' id='word_1_625' title='bbox 2196 2149 2322 2215; x_wconf 88' lang='lat' dir='ltr'><strong>ille;</strong></span> <span class='ocrx_word' id='word_1_626' title='bbox 2369 2149 2642 2206; x_wconf 85' lang='lat' dir='ltr'><strong>credendo</strong></span> <span class='ocrx_word' id='word_1_627' title='bbox 2685 2157 2890 2215; x_wconf 81' lang='lat' dir='ltr'><strong>autem,</strong></span> <span class='ocrx_word' id='word_1_628' title='bbox 2915 2144 3076 2202; x_wconf 90' lang='lat' dir='ltr'><strong>ambo</strong></span> <span class='ocrx_word' id='word_1_629' title='bbox 3107 2145 3250 2201; x_wconf 90' lang='lat' dir='ltr'><strong>mala</strong></span> <span class='ocrx_word' id='word_1_630' title='bbox 3292 2145 3584 2216; x_wconf 64' lang='lat' dir='ltr'><strong>praisentia</strong></span> <span class='ocrx_word' id='word_1_631' title='bbox 3626 2143 3783 2212; x_wconf 83' lang='lat' dir='ltr'><strong>hujus</strong></span> 
     </span>
    </p>
   </div>
   <div class='ocr_carea' id='block_1_80' title="bbox 2196 2237 3780 2297">
    <p class='ocr_par' dir='ltr' id='par_1_80' title="bbox 2196 2237 3780 2297">
     <span class='ocr_line' id='line_1_80' title="bbox 2196 2237 3780 2297; baseline -0.005 0"><span class='ocrx_word' id='word_1_632' title='bbox 2196 2242 2430 2297; x_wconf 69' lang='lat' dir='ltr'><strong>miseria.-</strong></span> <span class='ocrx_word' id='word_1_633' title='bbox 2449 2240 2778 2297; x_wconf 84' lang='lat' dir='ltr'><strong>tolerabant.</strong></span> <span class='ocrx_word' id='word_1_634' title='bbox 2799 2239 2973 2295; x_wconf 78' lang='lat' dir='ltr'><strong>Ambo</strong></span> <span class='ocrx_word' id='word_1_635' title='bbox 2998 2238 3180 2293; x_wconf 74' lang='lat' dir='ltr'><strong>futura</strong></span> <span class='ocrx_word' id='word_1_636' title='bbox 3209 2238 3351 2292; x_wconf 87' lang='lat' dir='ltr'><strong>bona</strong></span> <span class='ocrx_word' id='word_1_637' title='bbox 3377 2237 3523 2292; x_wconf 89' lang='lat' dir='ltr'><strong>illius</strong></span> <span class='ocrx_word' id='word_1_638' title='bbox 3549 2237 3780 2292; x_wconf 54' lang='lat' dir='ltr'><strong>beatitn.</strong></span> 
     </span>
    </p>
   </div>
   <div class='ocr_carea' id='block_1_81' title="bbox 2195 2328 3773 2403">
    <p class='ocr_par' dir='ltr' id='par_1_81' title="bbox 2195 2328 3773 2403">
     <span class='ocr_line' id='line_1_81' title="bbox 2195 2328 3773 2403; baseline -0.003 -15"><span class='ocrx_word' id='word_1_639' title='bbox 2195 2335 2342 2389; x_wconf 85' lang='lat' dir='ltr'><strong>diuis</strong></span> <span class='ocrx_word' id='word_1_640' title='bbox 2377 2334 2786 2403; x_wconf 80' lang='lat' dir='ltr'><strong>exspectabant.</strong></span> <span class='ocrx_word' id='word_1_641' title='bbox 2818 2332 2926 2387; x_wconf 78' lang='lat' dir='ltr'><strong>Nec</strong></span> <span class='ocrx_word' id='word_1_642' title='bbox 2964 2331 3065 2401; x_wconf 89' lang='lat' dir='ltr'><strong>ipsi</strong></span> <span class='ocrx_word' id='word_1_643' title='bbox 3098 2330 3221 2394; x_wconf 88' lang='lat' dir='ltr'><strong>soli,</strong></span> <span class='ocrx_word' id='word_1_644' title='bbox 3263 2328 3359 2384; x_wconf 88' lang='lat' dir='ltr'><strong>sed</strong></span> <span class='ocrx_word' id='word_1_645' title='bbox 3387 2329 3645 2383; x_wconf 84' lang='lat' dir='ltr'><strong>universa</strong></span> <span class='ocrx_word' id='word_1_646' title='bbox 3675 2329 3773 2383; x_wconf 88' lang='lat' dir='ltr'><strong>hoc</strong></span> 
     </span>
    </p>
   </div>
   <div class='ocr_carea' id='block_1_82' title="bbox 2194 2421 3773 2495">
    <p class='ocr_par' dir='ltr' id='par_1_82' title="bbox 2194 2421 3773 2495">
     <span class='ocr_line' id='line_1_82' title="bbox 2194 2421 3773 2495; baseline -0.003 -15"><span class='ocrx_word' id='word_1_647' title='bbox 2194 2425 2324 2480; x_wconf 83' lang='lat' dir='ltr'><strong>facit</strong></span> <span class='ocrx_word' id='word_1_648' title='bbox 2357 2434 2544 2480; x_wconf 83' lang='lat' dir='ltr'><strong>sancta</strong></span> <span class='ocrx_word' id='word_1_649' title='bbox 2590 2424 2832 2480; x_wconf 89' lang='lat' dir='ltr'><strong>Ecclesia</strong></span> <span class='ocrx_word' id='word_1_650' title='bbox 2858 2439 3052 2495; x_wconf 88' lang='lat' dir='ltr'><strong>sponsa</strong></span> <span class='ocrx_word' id='word_1_651' title='bbox 3091 2422 3320 2487; x_wconf 84' lang='lat' dir='ltr'><strong>Christi,</strong></span> <span class='ocrx_word' id='word_1_652' title='bbox 3352 2421 3421 2476; x_wconf 89' lang='lat' dir='ltr'><strong>ab</strong></span> <span class='ocrx_word' id='word_1_653' title='bbox 3447 2422 3570 2477; x_wconf 87' lang='lat' dir='ltr'><strong>istis</strong></span> <span class='ocrx_word' id='word_1_654' title='bbox 3605 2427 3773 2476; x_wconf 83' lang='lat' dir='ltr'><strong>tenta-</strong></span> 
     </span>
    </p>
   </div>
   <div class='ocr_carea' id='block_1_83' title="bbox 2195 2512 3777 2581">
    <p class='ocr_par' dir='ltr' id='par_1_83' title="bbox 2195 2512 3777 2581">
     <span class='ocr_line' id='line_1_83' title="bbox 2195 2512 3777 2581; baseline -0.003 -10"><span class='ocrx_word' id='word_1_655' title='bbox 2195 2517 2435 2571; x_wconf 89' lang='lat' dir='ltr'><strong>tionibus</strong></span> <span class='ocrx_word' id='word_1_656' title='bbox 2479 2515 2741 2581; x_wconf 86' lang='lat' dir='ltr'><strong>eruenda,</strong></span> <span class='ocrx_word' id='word_1_657' title='bbox 2780 2515 2837 2569; x_wconf 90' lang='lat' dir='ltr'><strong>in</strong></span> <span class='ocrx_word' id='word_1_658' title='bbox 2886 2514 2977 2569; x_wconf 91' lang='lat' dir='ltr'><strong>illa</strong></span> <span class='ocrx_word' id='word_1_659' title='bbox 3018 2513 3276 2568; x_wconf 80' lang='lat' dir='ltr'><strong>felicitate</strong></span> <span class='ocrx_word' id='word_1_660' title='bbox 3313 2512 3600 2566; x_wconf 86' lang='lat' dir='ltr'><strong>servanda.</strong></span> <span class='ocrx_word' id='word_1_661' title='bbox 3634 2512 3777 2567; x_wconf 84' lang='lat' dir='ltr'><strong>Sient</strong></span> 
     </span>
    </p>
   </div>
   <div class='ocr_carea' id='block_1_84' title="bbox 2193 2603 3777 2680">
    <p class='ocr_par' dir='ltr' id='par_1_84' title="bbox 2193 2603 3777 2680">
     <span class='ocr_line' id='line_1_84' title="bbox 2193 2603 3777 2680; baseline -0.004 -15"><span class='ocrx_word' id='word_1_662' title='bbox 2193 2623 2325 2680; x_wconf 87' lang='lat' dir='ltr'><strong>ergo</strong></span> <span class='ocrx_word' id='word_1_663' title='bbox 2373 2623 2592 2674; x_wconf 90' lang='lat' dir='ltr'><strong>nomen,</strong></span> <span class='ocrx_word' id='word_1_664' title='bbox 2626 2609 2822 2672; x_wconf 87' lang='lat' dir='ltr'><strong>honor,</strong></span> <span class='ocrx_word' id='word_1_665' title='bbox 2869 2607 3120 2675; x_wconf 84' lang='lat' dir='ltr'><strong>dignitas,</strong></span> <span class='ocrx_word' id='word_1_666' title='bbox 3170 2603 3406 2659; x_wconf 81' lang='lat' dir='ltr'><strong>cilicium</strong></span> <span class='ocrx_word' id='word_1_667' title='bbox 3439 2604 3777 2674; x_wconf 75' lang='lat' dir='ltr'><strong>evangelista</strong></span> 
     </span>
    </p>
   </div>
   <div class='ocr_carea' id='block_1_85' title="bbox 2195 2695 3775 2767">
    <p class='ocr_par' dir='ltr' id='par_1_85' title="bbox 2195 2695 3775 2767">
     <span class='ocr_line' id='line_1_85' title="bbox 2195 2695 3775 2767; baseline -0.005 -11"><span class='ocrx_word' id='word_1_668' title='bbox 2195 2701 2264 2757; x_wconf 90' lang='lat' dir='ltr'><strong>ab</strong></span> <span class='ocrx_word' id='word_1_669' title='bbox 2291 2699 2496 2756; x_wconf 85' lang='lat' dir='ltr'><strong>Joanne</strong></span> <span class='ocrx_word' id='word_1_670' title='bbox 2520 2715 2630 2755; x_wconf 91' lang='lat' dir='ltr'><strong>non</strong></span> <span class='ocrx_word' id='word_1_671' title='bbox 2673 2699 2898 2765; x_wconf 91' lang='lat' dir='ltr'><strong>tollitur,</strong></span> <span class='ocrx_word' id='word_1_672' title='bbox 2929 2698 3054 2753; x_wconf 89' lang='lat' dir='ltr'><strong>licet</strong></span> <span class='ocrx_word' id='word_1_673' title='bbox 3083 2697 3188 2752; x_wconf 90' lang='lat' dir='ltr'><strong>hoc</strong></span> <span class='ocrx_word' id='word_1_674' title='bbox 3213 2711 3337 2752; x_wconf 90' lang='lat' dir='ltr'><strong>cum</strong></span> <span class='ocrx_word' id='word_1_675' title='bbox 3364 2709 3430 2750; x_wconf 87' lang='lat' dir='ltr'><strong>eo</strong></span> <span class='ocrx_word' id='word_1_676' title='bbox 3453 2697 3660 2767; x_wconf 88' lang='lat' dir='ltr'><strong>pariter</strong></span> <span class='ocrx_word' id='word_1_677' title='bbox 3680 2695 3775 2749; x_wconf 84' lang='lat' dir='ltr'><strong>Pe-</strong></span> 
     </span>
    </p>
   </div>
   <div class='ocr_carea' id='block_1_86' title="bbox 2194 2790 3775 2854">
    <p class='ocr_par' dir='ltr' id='par_1_86' title="bbox 2194 2790 3775 2854">
     <span class='ocr_line' id='line_1_86' title="bbox 2194 2790 3775 2854; baseline -0.005 -3"><span class='ocrx_word' id='word_1_678' title='bbox 2194 2804 2313 2852; x_wconf 85' lang='lat' dir='ltr'><strong>trus</strong></span> <span class='ocrx_word' id='word_1_679' title='bbox 2355 2802 2412 2849; x_wconf 82' lang='lat' dir='ltr'><strong>et</strong></span> <span class='ocrx_word' id='word_1_680' title='bbox 2459 2793 2786 2848; x_wconf 86' lang='lat' dir='ltr'><strong>universitas</strong></span> <span class='ocrx_word' id='word_1_681' title='bbox 2835 2800 3036 2847; x_wconf 80' lang='lat' dir='ltr'><strong>sanctae</strong></span> <span class='ocrx_word' id='word_1_682' title='bbox 3080 2791 3338 2847; x_wconf 75' lang='lat' dir='ltr'><strong>Ecclesiae</strong></span> <span class='ocrx_word' id='word_1_683' title='bbox 3387 2791 3672 2854; x_wconf 86' lang='lat' dir='ltr'><strong>sortiatur,</strong></span> <span class='ocrx_word' id='word_1_684' title='bbox 3709 2790 3775 2844; x_wconf 83' lang='lat' dir='ltr'><strong>ita</strong></span> 
     </span>
    </p>
   </div>
   <div class='ocr_carea' id='block_1_87' title="bbox 2193 2882 3776 2959">
    <p class='ocr_par' dir='ltr' id='par_1_87' title="bbox 2193 2882 3776 2959">
     <span class='ocr_line' id='line_1_87' title="bbox 2193 2882 3776 2959; baseline -0.003 -16"><span class='ocrx_word' id='word_1_685' title='bbox 2193 2895 2296 2943; x_wconf 88' lang='lat' dir='ltr'><strong>nec</strong></span> <span class='ocrx_word' id='word_1_686' title='bbox 2344 2885 2538 2941; x_wconf 87' lang='lat' dir='ltr'><strong>Petrus</strong></span> <span class='ocrx_word' id='word_1_687' title='bbox 2567 2885 2859 2955; x_wconf 86' lang='lat' dir='ltr'><strong>primatum</strong></span> <span class='ocrx_word' id='word_1_688' title='bbox 2909 2884 3165 2959; x_wconf 69' lang='lat' dir='ltr'><strong>Ecclesiae</strong></span> <span class='ocrx_word' id='word_1_689' title='bbox 3199 2891 3254 2937; x_wconf 93' lang='lat' dir='ltr'><strong>et</strong></span> <span class='ocrx_word' id='word_1_690' title='bbox 3301 2891 3633 2952; x_wconf 86' lang='lat' dir='ltr'><strong>potestatem</strong></span> <span class='ocrx_word' id='word_1_691' title='bbox 3680 2882 3776 2938; x_wconf 78' lang='lat' dir='ltr'><strong>soi-</strong></span> 
     </span>
    </p>
   </div>
   <div class='ocr_carea' id='block_1_88' title="bbox 2193 2974 3773 3047">
    <p class='ocr_par' dir='ltr' id='par_1_88' title="bbox 2193 2974 3773 3047">
     <span class='ocr_line' id='line_1_88' title="bbox 2193 2974 3773 3047; baseline -0.004 -13"><span class='ocrx_word' id='word_1_692' title='bbox 2193 2979 2353 3034; x_wconf 84' lang='lat' dir='ltr'><strong>vendi</strong></span> <span class='ocrx_word' id='word_1_693' title='bbox 2393 2979 2448 3033; x_wconf 88' lang='lat' dir='ltr'><strong>in</strong></span> <span class='ocrx_word' id='word_1_694' title='bbox 2473 2990 2537 3033; x_wconf 87' lang='lat' dir='ltr'><strong>ea</strong></span> <span class='ocrx_word' id='word_1_695' title='bbox 2562 2991 2626 3033; x_wconf 87' lang='lat' dir='ltr'><strong>ac</strong></span> <span class='ocrx_word' id='word_1_696' title='bbox 2651 2977 2852 3047; x_wconf 84' lang='lat' dir='ltr'><strong>ligandi</strong></span> <span class='ocrx_word' id='word_1_697' title='bbox 2895 2977 2998 3031; x_wconf 89' lang='lat' dir='ltr'><strong>sibi</strong></span> <span class='ocrx_word' id='word_1_698' title='bbox 3040 2992 3072 3031; x_wconf 88' lang='lat' dir='ltr'><strong>a</strong></span> <span class='ocrx_word' id='word_1_699' title='bbox 3109 2976 3336 3031; x_wconf 89' lang='lat' dir='ltr'><strong>Domino</strong></span> <span class='ocrx_word' id='word_1_700' title='bbox 3356 2977 3428 3030; x_wconf 89' lang='lat' dir='ltr'><strong>ob</strong></span> <span class='ocrx_word' id='word_1_701' title='bbox 3465 2974 3773 3029; x_wconf 67' lang='lat' dir='ltr'><strong>indubitata</strong></span> 
     </span>
    </p>
   </div>
   <div class='ocr_carea' id='block_1_89' title="bbox 2193 3065 3772 3138">
    <p class='ocr_par' dir='ltr' id='par_1_89' title="bbox 2193 3065 3772 3138">
     <span class='ocr_line' id='line_1_89' title="bbox 2193 3065 3772 3138; baseline -0.004 -13"><span class='ocrx_word' id='word_1_702' title='bbox 2193 3071 2689 3126; x_wconf 86' lang='lat' dir='ltr'><strong>remunerationem</strong></span> <span class='ocrx_word' id='word_1_703' title='bbox 2717 3067 2840 3123; x_wconf 88' lang='lat' dir='ltr'><strong>ﬁdei</strong></span> <span class='ocrx_word' id='word_1_704' title='bbox 2864 3067 3236 3138; x_wconf 83' lang='lat' dir='ltr'><strong>principaliter</strong></span> <span class='ocrx_word' id='word_1_705' title='bbox 3269 3067 3528 3121; x_wconf 84' lang='lat' dir='ltr'><strong>traditam</strong></span> <span class='ocrx_word' id='word_1_706' title='bbox 3557 3065 3772 3127; x_wconf 87' lang='lat' dir='ltr'><strong>amittit,</strong></span> 
     </span>
    </p>
   </div>
   <div class='ocr_carea' id='block_1_90' title="bbox 2194 3156 3773 3232">
    <p class='ocr_par' dir='ltr' id='par_1_90' title="bbox 2194 3156 3773 3232">
     <span class='ocr_line' id='line_1_90' title="bbox 2194 3156 3773 3232; baseline -0.004 -16"><span class='ocrx_word' id='word_1_707' title='bbox 2194 3163 2442 3232; x_wconf 85' lang='lat' dir='ltr'><strong>quamvis</strong></span> <span class='ocrx_word' id='word_1_708' title='bbox 2487 3162 2566 3216; x_wconf 89' lang='lat' dir='ltr'><strong>eis</strong></span> <span class='ocrx_word' id='word_1_709' title='bbox 2613 3160 2851 3216; x_wconf 85' lang='lat' dir='ltr'><strong>Joannes</strong></span> <span class='ocrx_word' id='word_1_710' title='bbox 2897 3172 3019 3215; x_wconf 88' lang='lat' dir='ltr'><strong>cum</strong></span> <span class='ocrx_word' id='word_1_711' title='bbox 3066 3159 3382 3230; x_wconf 89' lang='lat' dir='ltr'><strong>integritate</strong></span> <span class='ocrx_word' id='word_1_712' title='bbox 3414 3157 3672 3212; x_wconf 75' lang='lat' dir='ltr'><strong>Ecclesia:</strong></span> <span class='ocrx_word' id='word_1_713' title='bbox 3727 3156 3773 3208; x_wconf 89' lang='lat' dir='ltr'><strong>ia</strong></span> 
     </span>
    </p>
   </div>
   <div class='ocr_carea' id='block_1_91' title="bbox 2194 3247 3772 3323">
    <p class='ocr_par' dir='ltr' id='par_1_91' title="bbox 2194 3247 3772 3323">
     <span class='ocr_line' id='line_1_91' title="bbox 2194 3247 3772 3323; baseline -0.006 -13"><span class='ocrx_word' id='word_1_714' title='bbox 2194 3257 2297 3310; x_wconf 90' lang='lat' dir='ltr'><strong>hoc</strong></span> <span class='ocrx_word' id='word_1_715' title='bbox 2320 3255 2642 3318; x_wconf 86' lang='lat' dir='ltr'><strong>ministerio,</strong></span> <span class='ocrx_word' id='word_1_716' title='bbox 2683 3254 2822 3310; x_wconf 88' lang='lat' dir='ltr'><strong>sicut</strong></span> <span class='ocrx_word' id='word_1_717' title='bbox 2863 3249 3179 3323; x_wconf 67' lang='lat' dir='ltr'><strong>prtedictum</strong></span> <span class='ocrx_word' id='word_1_718' title='bbox 3218 3259 3319 3315; x_wconf 87' lang='lat' dir='ltr'><strong>est,</strong></span> <span class='ocrx_word' id='word_1_719' title='bbox 3345 3250 3606 3306; x_wconf 82' lang='lat' dir='ltr'><strong>societur.</strong></span> <span class='ocrx_word' id='word_1_720' title='bbox 3647 3247 3772 3302; x_wconf 82' lang='lat' dir='ltr'><strong>Hinc</strong></span> 
     </span>
    </p>
   </div>
   <div class='ocr_carea' id='block_1_92' title="bbox 2191 3341 3775 3418">
    <p class='ocr_par' dir='ltr' id='par_1_92' title="bbox 2191 3341 3775 3418">
     <span class='ocr_line' id='line_1_92' title="bbox 2191 3341 3775 3418; baseline -0.004 -17"><span class='ocrx_word' id='word_1_721' title='bbox 2191 3347 2526 3418; x_wconf 83' lang='lat' dir='ltr'><strong>Augustinus</strong></span> <span class='ocrx_word' id='word_1_722' title='bbox 2557 3363 2569 3400; x_wconf 91' lang='lat'><strong>:</strong></span> <span class='ocrx_word' id='word_1_723' title='bbox 2599 3345 2864 3400; x_wconf 87' lang='lat' dir='ltr'><strong>Omnibus</strong></span> <span class='ocrx_word' id='word_1_724' title='bbox 2897 3345 3059 3415; x_wconf 85' lang='lat' dir='ltr'><strong>igitur</strong></span> <span class='ocrx_word' id='word_1_725' title='bbox 3082 3343 3287 3398; x_wconf 77' lang='lat' dir='ltr'><strong>sanctis</strong></span> <span class='ocrx_word' id='word_1_726' title='bbox 3323 3341 3392 3397; x_wconf 88' lang='lat' dir='ltr'><strong>ad</strong></span> <span class='ocrx_word' id='word_1_727' title='bbox 3430 3341 3634 3397; x_wconf 87' lang='lat' dir='ltr'><strong>Christi</strong></span> <span class='ocrx_word' id='word_1_728' title='bbox 3667 3356 3775 3396; x_wconf 84' lang='lat' dir='ltr'><strong>cor-</strong></span> 
     </span>
    </p>
   </div>
   <div class='ocr_carea' id='block_1_93' title="bbox 2190 3433 3771 3510">
    <p class='ocr_par' dir='ltr' id='par_1_93' title="bbox 2190 3433 3771 3510">
     <span class='ocr_line' id='line_1_93' title="bbox 2190 3433 3771 3510; baseline -0.004 -17"><span class='ocrx_word' id='word_1_729' title='bbox 2190 3451 2292 3510; x_wconf 86' lang='lat' dir='ltr'><strong>pus</strong></span> <span class='ocrx_word' id='word_1_730' title='bbox 2321 3439 2754 3509; x_wconf 87' lang='lat' dir='ltr'><strong>inseparabiliter</strong></span> <span class='ocrx_word' id='word_1_731' title='bbox 2798 3433 3216 3508; x_wconf 83' lang='lat' dir='ltr'><strong>pertinentibus,</strong></span> <span class='ocrx_word' id='word_1_732' title='bbox 3260 3443 3484 3506; x_wconf 83' lang='lat' dir='ltr'><strong>propter</strong></span> <span class='ocrx_word' id='word_1_733' title='bbox 3513 3433 3676 3501; x_wconf 81' lang='lat' dir='ltr'><strong>hujus</strong></span> <span class='ocrx_word' id='word_1_734' title='bbox 3704 3433 3771 3487; x_wconf 84' lang='lat' dir='ltr'><strong>ri-</strong></span> 
     </span>
    </p>
   </div>
   <div class='ocr_carea' id='block_1_94' title="bbox 2191 3522 3766 3601">
    <p class='ocr_par' dir='ltr' id='par_1_94' title="bbox 2191 3522 3766 3601">
     <span class='ocr_line' id='line_1_94' title="bbox 2191 3522 3766 3601; baseline -0.006 -16"><span class='ocrx_word' id='word_1_735' title='bbox 2191 3536 2262 3585; x_wconf 71' lang='lat' dir='ltr'><strong>tas</strong></span> <span class='ocrx_word' id='word_1_736' title='bbox 2289 3530 2757 3601; x_wconf 75' lang='lat' dir='ltr'><strong>procellosissimm</strong></span> <span class='ocrx_word' id='word_1_737' title='bbox 2781 3524 3208 3600; x_wconf 87' lang='lat' dir='ltr'><strong>gubernaculum</strong></span> <span class='ocrx_word' id='word_1_738' title='bbox 3233 3527 3302 3582; x_wconf 86' lang='lat' dir='ltr'><strong>ad</strong></span> <span class='ocrx_word' id='word_1_739' title='bbox 3331 3525 3551 3597; x_wconf 85' lang='lat' dir='ltr'><strong>liganda</strong></span> <span class='ocrx_word' id='word_1_740' title='bbox 3583 3533 3638 3579; x_wconf 89' lang='lat' dir='ltr'><strong>et</strong></span> <span class='ocrx_word' id='word_1_741' title='bbox 3671 3522 3766 3579; x_wconf 89' lang='lat' dir='ltr'><strong>soi-</strong></span> 
     </span>
    </p>
   </div>
   <div class='ocr_carea' id='block_1_95' title="bbox 2188 3618 3771 3692">
    <p class='ocr_par' dir='ltr' id='par_1_95' title="bbox 2188 3618 3771 3692">
     <span class='ocr_line' id='line_1_95' title="bbox 2188 3618 3771 3692; baseline -0.006 -13"><span class='ocrx_word' id='word_1_742' title='bbox 2188 3624 2361 3678; x_wconf 87' lang='lat' dir='ltr'><strong>venda</strong></span> <span class='ocrx_word' id='word_1_743' title='bbox 2390 3627 2614 3692; x_wconf 89' lang='lat' dir='ltr'><strong>peccata</strong></span> <span class='ocrx_word' id='word_1_744' title='bbox 2637 3621 2815 3676; x_wconf 87' lang='lat' dir='ltr'><strong>claves</strong></span> <span class='ocrx_word' id='word_1_745' title='bbox 2846 3619 2998 3689; x_wconf 86' lang='lat' dir='ltr'><strong>regni</strong></span> <span class='ocrx_word' id='word_1_746' title='bbox 3040 3618 3302 3675; x_wconf 61' lang='lat' dir='ltr'><strong>coriorum</strong></span> <span class='ocrx_word' id='word_1_747' title='bbox 3331 3618 3545 3688; x_wconf 86' lang='lat' dir='ltr'><strong>primus</strong></span> <span class='ocrx_word' id='word_1_748' title='bbox 3568 3624 3771 3686; x_wconf 83' lang='lat' dir='ltr'><strong>aposto-</strong></span> 
     </span>
    </p>
   </div>
   <div class='ocr_carea' id='block_1_96' title="bbox 2191 3707 3767 3783">
    <p class='ocr_par' dir='ltr' id='par_1_96' title="bbox 2191 3707 3767 3783">
     <span class='ocr_line' id='line_1_96' title="bbox 2191 3707 3767 3783; baseline -0.006 -13"><span class='ocrx_word' id='word_1_749' title='bbox 2191 3717 2365 3771; x_wconf 86' lang='lat' dir='ltr'><strong>lorum</strong></span> <span class='ocrx_word' id='word_1_750' title='bbox 2412 3715 2607 3770; x_wconf 89' lang='lat' dir='ltr'><strong>Petrus</strong></span> <span class='ocrx_word' id='word_1_751' title='bbox 2650 3715 2878 3783; x_wconf 89' lang='lat' dir='ltr'><strong>accepit,</strong></span> <span class='ocrx_word' id='word_1_752' title='bbox 2930 3713 3242 3780; x_wconf 86' lang='lat' dir='ltr'><strong>eisdemque</strong></span> <span class='ocrx_word' id='word_1_753' title='bbox 3287 3709 3544 3765; x_wconf 85' lang='lat' dir='ltr'><strong>omnibus</strong></span> <span class='ocrx_word' id='word_1_754' title='bbox 3577 3707 3767 3763; x_wconf 86' lang='lat' dir='ltr'><strong>sanctis</strong></span> 
     </span>
    </p>
   </div>
   <div class='ocr_carea' id='block_1_97' title="bbox 2187 3801 3766 3879">
    <p class='ocr_par' dir='ltr' id='par_1_97' title="bbox 2187 3801 3766 3879">
     <span class='ocr_line' id='line_1_97' title="bbox 2187 3801 3766 3879; baseline -0.005 -18"><span class='ocrx_word' id='word_1_755' title='bbox 2187 3815 2412 3879; x_wconf 81' lang='lat' dir='ltr'><strong>propter</strong></span> <span class='ocrx_word' id='word_1_756' title='bbox 2436 3807 2562 3860; x_wconf 71' lang='lat' dir='ltr'><strong>vitm</strong></span> <span class='ocrx_word' id='word_1_757' title='bbox 2593 3805 2736 3860; x_wconf 88' lang='lat' dir='ltr'><strong>illius</strong></span> <span class='ocrx_word' id='word_1_758' title='bbox 2765 3803 3143 3859; x_wconf 73' lang='lat' dir='ltr'><strong>secretissima:</strong></span> <span class='ocrx_word' id='word_1_759' title='bbox 3174 3801 3576 3873; x_wconf 87' lang='lat' dir='ltr'><strong>quietissimum</strong></span> <span class='ocrx_word' id='word_1_760' title='bbox 3599 3801 3766 3854; x_wconf 89' lang='lat' dir='ltr'><strong>sinum</strong></span> 
     </span>
    </p>
   </div>
   <div class='ocr_carea' id='block_1_98' title="bbox 2189 3893 3764 3970">
    <p class='ocr_par' dir='ltr' id='par_1_98' title="bbox 2189 3893 3764 3970">
     <span class='ocr_line' id='line_1_98' title="bbox 2189 3893 3764 3970; baseline -0.008 -14"><span class='ocrx_word' id='word_1_761' title='bbox 2189 3909 2357 3970; x_wconf 85' lang='lat' dir='ltr'><strong>super</strong></span> <span class='ocrx_word' id='word_1_762' title='bbox 2378 3909 2566 3968; x_wconf 90' lang='lat' dir='ltr'><strong>pectus</strong></span> <span class='ocrx_word' id='word_1_763' title='bbox 2611 3897 2812 3953; x_wconf 84' lang='lat' dir='ltr'><strong>Christi</strong></span> <span class='ocrx_word' id='word_1_764' title='bbox 2851 3897 3086 3952; x_wconf 88' lang='lat' dir='ltr'><strong>Joannes</strong></span> <span class='ocrx_word' id='word_1_765' title='bbox 3119 3895 3450 3966; x_wconf 84' lang='lat' dir='ltr'><strong>evangelista</strong></span> <span class='ocrx_word' id='word_1_766' title='bbox 3482 3893 3764 3955; x_wconf 88' lang='lat' dir='ltr'><strong>discubuit,</strong></span> 
     </span>
    </p>
   </div>
   <div class='ocr_carea' id='block_1_99' title="bbox 2190 3985 3763 4064">
    <p class='ocr_par' dir='ltr' id='par_1_99' title="bbox 2190 3985 3763 4064">
     <span class='ocr_line' id='line_1_99' title="bbox 2190 3985 3763 4064; baseline -0.006 -18"><span class='ocrx_word' id='word_1_767' title='bbox 2190 3994 2445 4064; x_wconf 88' lang='lat' dir='ltr'><strong>quoniam</strong></span> <span class='ocrx_word' id='word_1_768' title='bbox 2489 4007 2590 4046; x_wconf 88' lang='lat' dir='ltr'><strong>nec</strong></span> <span class='ocrx_word' id='word_1_769' title='bbox 2619 3991 2720 4046; x_wconf 89' lang='lat' dir='ltr'><strong>iste</strong></span> <span class='ocrx_word' id='word_1_770' title='bbox 2747 3986 2914 4055; x_wconf 75' lang='lat' dir='ltr'><strong>Solus,</strong></span> <span class='ocrx_word' id='word_1_771' title='bbox 2946 3991 3040 4045; x_wconf 86' lang='lat' dir='ltr'><strong>sed</strong></span> <span class='ocrx_word' id='word_1_772' title='bbox 3064 3990 3330 4044; x_wconf 75' lang='lat' dir='ltr'><strong>universze</strong></span> <span class='ocrx_word' id='word_1_773' title='bbox 3357 3987 3618 4042; x_wconf 68' lang='lat' dir='ltr'><strong>Ecclesia:</strong></span> <span class='ocrx_word' id='word_1_774' title='bbox 3646 3985 3763 4055; x_wconf 80' lang='lat' dir='ltr'><strong>ligat</strong></span> 
     </span>
    </p>
   </div>
   <div class='ocr_carea' id='block_1_100' title="bbox 2186 4076 3761 4150">
    <p class='ocr_par' dir='ltr' id='par_1_100' title="bbox 2186 4076 3761 4150">
     <span class='ocr_line' id='line_1_100' title="bbox 2186 4076 3761 4150; baseline -0.006 -14"><span class='ocrx_word' id='word_1_775' title='bbox 2186 4083 2454 4150; x_wconf 91' lang='lat' dir='ltr'><strong>solvitque</strong></span> <span class='ocrx_word' id='word_1_776' title='bbox 2477 4088 2718 4150; x_wconf 86' lang='lat' dir='ltr'><strong>peccata.</strong></span> <span class='ocrx_word' id='word_1_777' title='bbox 2747 4079 2854 4134; x_wconf 83' lang='lat' dir='ltr'><strong>Nec</strong></span> <span class='ocrx_word' id='word_1_778' title='bbox 2871 4079 2960 4134; x_wconf 91' lang='lat' dir='ltr'><strong>ille</strong></span> <span class='ocrx_word' id='word_1_779' title='bbox 2982 4079 3034 4132; x_wconf 89' lang='lat' dir='ltr'><strong>in</strong></span> <span class='ocrx_word' id='word_1_780' title='bbox 3055 4077 3320 4149; x_wconf 82' lang='lat' dir='ltr'><strong>principio</strong></span> <span class='ocrx_word' id='word_1_781' title='bbox 3341 4077 3583 4131; x_wconf 76' lang='lat' dir='ltr'><strong>Verbum</strong></span> <span class='ocrx_word' id='word_1_782' title='bbox 3604 4076 3761 4129; x_wconf 83' lang='lat' dir='ltr'><strong>Deum</strong></span> 
     </span>
    </p>
   </div>
   <div class='ocr_carea' id='block_1_101' title="bbox 2185 4166 3763 4244">
    <p class='ocr_par' dir='ltr' id='par_1_101' title="bbox 2185 4166 3763 4244">
     <span class='ocr_line' id='line_1_101' title="bbox 2185 4166 3763 4244; baseline -0.006 -16"><span class='ocrx_word' id='word_1_783' title='bbox 2185 4174 2328 4244; x_wconf 89' lang='lat' dir='ltr'><strong>apud</strong></span> <span class='ocrx_word' id='word_1_784' title='bbox 2357 4175 2526 4228; x_wconf 91' lang='lat' dir='ltr'><strong>Deum</strong></span> <span class='ocrx_word' id='word_1_785' title='bbox 2551 4179 2608 4227; x_wconf 90' lang='lat' dir='ltr'><strong>et</strong></span> <span class='ocrx_word' id='word_1_786' title='bbox 2636 4179 2833 4227; x_wconf 64' lang='lat' dir='ltr'><strong>caetera</strong></span> <span class='ocrx_word' id='word_1_787' title='bbox 2865 4171 2930 4225; x_wconf 92' lang='lat' dir='ltr'><strong>de</strong></span> <span class='ocrx_word' id='word_1_788' title='bbox 2956 4168 3160 4225; x_wconf 85' lang='lat' dir='ltr'><strong>Christi</strong></span> <span class='ocrx_word' id='word_1_789' title='bbox 3187 4167 3494 4230; x_wconf 87' lang='lat' dir='ltr'><strong>divinitate,</strong></span> <span class='ocrx_word' id='word_1_790' title='bbox 3519 4175 3577 4220; x_wconf 89' lang='lat' dir='ltr'><strong>et</strong></span> <span class='ocrx_word' id='word_1_791' title='bbox 3604 4166 3669 4221; x_wconf 82' lang='lat' dir='ltr'><strong>de</strong></span> <span class='ocrx_word' id='word_1_792' title='bbox 3696 4172 3763 4218; x_wconf 89' lang='lat' dir='ltr'><strong>to-</strong></span> 
     </span>
    </p>
   </div>
   <div class='ocr_carea' id='block_1_102' title="bbox 2183 4255 3762 4329">
    <p class='ocr_par' dir='ltr' id='par_1_102' title="bbox 2183 4255 3762 4329">
     <span class='ocr_line' id='line_1_102' title="bbox 2183 4255 3762 4329; baseline -0.007 -11"><span class='ocrx_word' id='word_1_793' title='bbox 2183 4267 2293 4320; x_wconf 90' lang='lat' dir='ltr'><strong>tius</strong></span> <span class='ocrx_word' id='word_1_794' title='bbox 2312 4263 2611 4319; x_wconf 87' lang='lat' dir='ltr'><strong>divinitatis</strong></span> <span class='ocrx_word' id='word_1_795' title='bbox 2641 4261 2907 4316; x_wconf 87' lang='lat' dir='ltr'><strong>Trinitate</strong></span> <span class='ocrx_word' id='word_1_796' title='bbox 2927 4267 3091 4329; x_wconf 85' lang='lat' dir='ltr'><strong>atque</strong></span> <span class='ocrx_word' id='word_1_797' title='bbox 3118 4259 3325 4313; x_wconf 88' lang='lat' dir='ltr'><strong>unitate</strong></span> <span class='ocrx_word' id='word_1_798' title='bbox 3355 4255 3628 4320; x_wconf 88' lang='lat' dir='ltr'><strong>sublimia,</strong></span> <span class='ocrx_word' id='word_1_799' title='bbox 3653 4268 3762 4324; x_wconf 75' lang='lat' dir='ltr'><strong>qua:</strong></span> 
     </span>
    </p>
   </div>
   <div class='ocr_carea' id='block_1_103' title="bbox 2179 4351 3760 4431">
    <p class='ocr_par' dir='ltr' id='par_1_103' title="bbox 2179 4351 3760 4431">
     <span class='ocr_line' id='line_1_103' title="bbox 2179 4351 3760 4431; baseline -0.006 -17"><span class='ocrx_word' id='word_1_800' title='bbox 2179 4360 2238 4414; x_wconf 91' lang='lat' dir='ltr'><strong>in</strong></span> <span class='ocrx_word' id='word_1_801' title='bbox 2273 4361 2366 4416; x_wconf 91' lang='lat' dir='ltr'><strong>illo</strong></span> <span class='ocrx_word' id='word_1_802' title='bbox 2413 4373 2580 4431; x_wconf 83' lang='lat' dir='ltr'><strong>regno</strong></span> <span class='ocrx_word' id='word_1_803' title='bbox 2618 4357 2755 4412; x_wconf 81' lang='lat' dir='ltr'><strong>facie</strong></span> <span class='ocrx_word' id='word_1_804' title='bbox 2799 4357 2866 4412; x_wconf 90' lang='lat' dir='ltr'><strong>ad</strong></span> <span class='ocrx_word' id='word_1_805' title='bbox 2910 4355 3105 4410; x_wconf 88' lang='lat' dir='ltr'><strong>faciem</strong></span> <span class='ocrx_word' id='word_1_806' title='bbox 3145 4351 3583 4422; x_wconf 86' lang='lat' dir='ltr'><strong>contemplanda,</strong></span> <span class='ocrx_word' id='word_1_807' title='bbox 3631 4364 3760 4405; x_wconf 81' lang='lat' dir='ltr'><strong>nunc</strong></span> 
     </span>
    </p>
   </div>
   <div class='ocr_carea' id='block_1_104' title="bbox 2179 4441 3758 4516">
    <p class='ocr_par' dir='ltr' id='par_1_104' title="bbox 2179 4441 3758 4516">
     <span class='ocr_line' id='line_1_104' title="bbox 2179 4441 3758 4516; baseline -0.008 -8"><span class='ocrx_word' id='word_1_808' title='bbox 2179 4461 2362 4508; x_wconf 87' lang='lat' dir='ltr'><strong>autem</strong></span> <span class='ocrx_word' id='word_1_809' title='bbox 2405 4451 2579 4506; x_wconf 87' lang='lat' dir='ltr'><strong>donec</strong></span> <span class='ocrx_word' id='word_1_810' title='bbox 2610 4450 2794 4504; x_wconf 85' lang='lat' dir='ltr'><strong>veniat</strong></span> <span class='ocrx_word' id='word_1_811' title='bbox 2828 4448 3110 4513; x_wconf 86' lang='lat' dir='ltr'><strong>Dominus,</strong></span> <span class='ocrx_word' id='word_1_812' title='bbox 3137 4447 3192 4500; x_wconf 90' lang='lat' dir='ltr'><strong>in</strong></span> <span class='ocrx_word' id='word_1_813' title='bbox 3240 4443 3461 4516; x_wconf 89' lang='lat' dir='ltr'><strong>spec-uio</strong></span> <span class='ocrx_word' id='word_1_814' title='bbox 3505 4452 3668 4512; x_wconf 85' lang='lat' dir='ltr'><strong>atque</strong></span> <span class='ocrx_word' id='word_1_815' title='bbox 3711 4441 3758 4494; x_wconf 86' lang='lat' dir='ltr'><strong>in</strong></span> 
     </span>
    </p>
   </div>
   <div class='ocr_carea' id='block_1_105' title="bbox 2186 4535 3758 4615">
    <p class='ocr_par' dir='ltr' id='par_1_105' title="bbox 2186 4535 3758 4615">
     <span class='ocr_line' id='line_1_105' title="bbox 2186 4535 3758 4615; baseline -0.009 -15"><span class='ocrx_word' id='word_1_816' title='bbox 2186 4547 2475 4615; x_wconf 72' lang='lat' dir='ltr'><strong>tenigmate</strong></span> <span class='ocrx_word' id='word_1_817' title='bbox 2506 4542 2810 4598; x_wconf 80' lang='lat' dir='ltr'><strong>contuentis</strong></span> <span class='ocrx_word' id='word_1_818' title='bbox 2831 4543 2978 4606; x_wconf 81' lang='lat' dir='ltr'><strong>sunt,</strong></span> <span class='ocrx_word' id='word_1_819' title='bbox 3015 4555 3135 4610; x_wconf 73' lang='lat' dir='ltr'><strong>qua:</strong></span> <span class='ocrx_word' id='word_1_820' title='bbox 3159 4535 3503 4609; x_wconf 55' lang='lat' dir='ltr'><strong>praedicando</strong></span> <span class='ocrx_word' id='word_1_821' title='bbox 3530 4539 3758 4590; x_wconf 70' lang='lat' dir='ltr'><strong>ructant</strong></span> 
     </span>
    </p>
   </div>
   <div class='ocr_carea' id='block_1_106' title="bbox 2182 4624 3758 4703">
    <p class='ocr_par' dir='ltr' id='par_1_106' title="bbox 2182 4624 3758 4703">
     <span class='ocr_line' id='line_1_106' title="bbox 2182 4624 3758 4703; baseline -0.01 -10"><span class='ocrx_word' id='word_1_822' title='bbox 2182 4637 2422 4693; x_wconf 82' lang='lat' dir='ltr'><strong>defonte</strong></span> <span class='ocrx_word' id='word_1_823' title='bbox 2448 4633 2712 4690; x_wconf 90' lang='lat' dir='ltr'><strong>Dominici</strong></span> <span class='ocrx_word' id='word_1_824' title='bbox 2751 4633 2988 4703; x_wconf 86' lang='lat' dir='ltr'><strong>pectoris</strong></span> <span class='ocrx_word' id='word_1_825' title='bbox 3010 4633 3158 4687; x_wconf 87' lang='lat' dir='ltr'><strong>solus</strong></span> <span class='ocrx_word' id='word_1_826' title='bbox 3180 4631 3335 4694; x_wconf 88' lang='lat' dir='ltr'><strong>bibit,</strong></span> <span class='ocrx_word' id='word_1_827' title='bbox 3368 4628 3465 4683; x_wconf 87' lang='lat' dir='ltr'><strong>sed</strong></span> <span class='ocrx_word' id='word_1_828' title='bbox 3508 4628 3625 4696; x_wconf 85' lang='lat' dir='ltr'><strong>ipse</strong></span> <span class='ocrx_word' id='word_1_829' title='bbox 3659 4624 3758 4678; x_wconf 90' lang='lat' dir='ltr'><strong>Do-</strong></span> 
     </span>
    </p>
   </div>
   <div class='ocr_carea' id='block_1_107' title="bbox 2181 4713 3758 4797">
    <p class='ocr_par' dir='ltr' id='par_1_107' title="bbox 2181 4713 3758 4797">
     <span class='ocr_line' id='line_1_107' title="bbox 2181 4713 3758 4797; baseline -0.01 -14"><span class='ocrx_word' id='word_1_830' title='bbox 2181 4730 2361 4783; x_wconf 89' lang='lat' dir='ltr'><strong>minus</strong></span> <span class='ocrx_word' id='word_1_831' title='bbox 2397 4728 2571 4797; x_wconf 88' lang='lat' dir='ltr'><strong>ipsum</strong></span> <span class='ocrx_word' id='word_1_832' title='bbox 2615 4725 2964 4794; x_wconf 82' lang='lat' dir='ltr'><strong>Evangelium</strong></span> <span class='ocrx_word' id='word_1_833' title='bbox 2993 4737 3095 4794; x_wconf 88' lang='lat' dir='ltr'><strong>pro</strong></span> <span class='ocrx_word' id='word_1_834' title='bbox 3119 4737 3217 4777; x_wconf 82' lang='lat' dir='ltr'><strong>sua</strong></span> <span class='ocrx_word' id='word_1_835' title='bbox 3247 4720 3512 4797; x_wconf 83' lang='lat' dir='ltr'><strong>cujusque</strong></span> <span class='ocrx_word' id='word_1_836' title='bbox 3558 4713 3758 4786; x_wconf 86' lang='lat' dir='ltr'><strong>capaci-</strong></span> 
     </span>
    </p>
   </div>
   <div class='ocr_carea' id='block_1_108' title="bbox 2179 4795 3757 4872">
    <p class='ocr_par' dir='ltr' id='par_1_108' title="bbox 2179 4795 3757 4872">
     <span class='ocr_line' id='line_1_108' title="bbox 2179 4795 3757 4872; baseline -0.01 0"><span class='ocrx_word' id='word_1_837' title='bbox 2179 4827 2290 4872; x_wconf 82' lang='lat' dir='ltr'><strong>tate</strong></span> <span class='ocrx_word' id='word_1_838' title='bbox 2316 4795 2568 4871; x_wconf 81' lang='lat' dir='ltr'><strong>omnibus</strong></span> <span class='ocrx_word' id='word_1_839' title='bbox 2594 4815 2707 4870; x_wconf 89' lang='lat' dir='ltr'><strong>suis</strong></span> <span class='ocrx_word' id='word_1_840' title='bbox 2737 4814 3029 4868; x_wconf 88' lang='lat' dir='ltr'><strong>bibendum</strong></span> <span class='ocrx_word' id='word_1_841' title='bbox 3060 4819 3175 4868; x_wconf 77' lang='lat' dir='ltr'><strong>toto</strong></span> <span class='ocrx_word' id='word_1_842' title='bbox 3204 4795 3473 4865; x_wconf 74' lang='lat' dir='ltr'><strong>teriarum</strong></span> <span class='ocrx_word' id='word_1_843' title='bbox 3506 4808 3640 4862; x_wconf 86' lang='lat' dir='ltr'><strong>orbe</strong></span> <span class='ocrx_word' id='word_1_844' title='bbox 3663 4803 3757 4858; x_wconf 88' lang='lat' dir='ltr'><strong>dif-</strong></span> 
     </span>
    </p>
   </div>
   <div class='ocr_carea' id='block_1_109' title="bbox 2177 4892 3756 4961">
    <p class='ocr_par' dir='ltr' id='par_1_109' title="bbox 2177 4892 3756 4961">
     <span class='ocr_line' id='line_1_109' title="bbox 2177 4892 3756 4961; baseline -0.008 0"><span class='ocrx_word' id='word_1_845' title='bbox 2177 4905 2336 4961; x_wconf 87' lang='lat' dir='ltr'><strong>fudit.</strong></span> <span class='ocrx_word' id='word_1_846' title='bbox 2364 4903 2533 4960; x_wconf 86' lang='lat' dir='ltr'><strong>Caute</strong></span> <span class='ocrx_word' id='word_1_847' title='bbox 2571 4913 2749 4958; x_wconf 89' lang='lat' dir='ltr'><strong>autem</strong></span> <span class='ocrx_word' id='word_1_848' title='bbox 2782 4902 3066 4957; x_wconf 89' lang='lat' dir='ltr'><strong>humiliato</strong></span> <span class='ocrx_word' id='word_1_849' title='bbox 3089 4909 3144 4955; x_wconf 89' lang='lat' dir='ltr'><strong>et</strong></span> <span class='ocrx_word' id='word_1_850' title='bbox 3185 4899 3455 4956; x_wconf 87' lang='lat' dir='ltr'><strong>submisso</strong></span> <span class='ocrx_word' id='word_1_851' title='bbox 3499 4896 3666 4952; x_wconf 80' lang='lat' dir='ltr'><strong>corde</strong></span> <span class='ocrx_word' id='word_1_852' title='bbox 3695 4892 3756 4948; x_wconf 87' lang='lat' dir='ltr'><strong>ab</strong></span> 
     </span>
    </p>
   </div>
   <div class='ocr_carea' id='block_1_110' title="bbox 2178 4988 3758 5069">
    <p class='ocr_par' dir='ltr' id='par_1_110' title="bbox 2178 4988 3758 5069">
     <span class='ocr_line' id='line_1_110' title="bbox 2178 4988 3758 5069; baseline -0.009 -14"><span class='ocrx_word' id='word_1_853' title='bbox 2178 4999 2466 5069; x_wconf 85' lang='lat' dir='ltr'><strong>episcopis,</strong></span> <span class='ocrx_word' id='word_1_854' title='bbox 2503 4997 2589 5052; x_wconf 91' lang='lat' dir='ltr'><strong>hic</strong></span> <span class='ocrx_word' id='word_1_855' title='bbox 2624 5011 2832 5058; x_wconf 89' lang='lat' dir='ltr'><strong>versus,</strong></span> <span class='ocrx_word' id='word_1_856' title='bbox 2874 4995 2981 5047; x_wconf 80' lang='lat' dir='ltr'><strong>Pro</strong></span> <span class='ocrx_word' id='word_1_857' title='bbox 3011 4993 3246 5063; x_wconf 83' lang='lat' dir='ltr'><strong>patribus</strong></span> <span class='ocrx_word' id='word_1_858' title='bbox 3273 4991 3397 5055; x_wconf 86' lang='lat' dir='ltr'><strong>tuis,</strong></span> <span class='ocrx_word' id='word_1_859' title='bbox 3423 4998 3556 5054; x_wconf 86' lang='lat' dir='ltr'><strong>etc.,</strong></span> <span class='ocrx_word' id='word_1_860' title='bbox 3589 4988 3758 5060; x_wconf 82' lang='lat' dir='ltr'><strong>legen-</strong></span> 
     </span>
    </p>
   </div>
   <div class='ocr_carea' id='block_1_111' title="bbox 2178 5080 3756 5158">
    <p class='ocr_par' dir='ltr' id='par_1_111' title="bbox 2178 5080 3756 5158">
     <span class='ocr_line' id='line_1_111' title="bbox 2178 5080 3756 5158; baseline -0.011 -13"><span class='ocrx_word' id='word_1_861' title='bbox 2178 5092 2280 5146; x_wconf 88' lang='lat' dir='ltr'><strong>dus</strong></span> <span class='ocrx_word' id='word_1_862' title='bbox 2323 5098 2404 5145; x_wconf 89' lang='lat' dir='ltr'><strong>est</strong></span> <span class='ocrx_word' id='word_1_863' title='bbox 2439 5098 2496 5144; x_wconf 89' lang='lat' dir='ltr'><strong>et</strong></span> <span class='ocrx_word' id='word_1_864' title='bbox 2539 5087 2940 5158; x_wconf 88' lang='lat' dir='ltr'><strong>intelligendus.</strong></span> <span class='ocrx_word' id='word_1_865' title='bbox 2980 5084 3094 5139; x_wconf 89' lang='lat' dir='ltr'><strong>imo</strong></span> <span class='ocrx_word' id='word_1_866' title='bbox 3139 5099 3270 5139; x_wconf 88' lang='lat' dir='ltr'><strong>vero</strong></span> <span class='ocrx_word' id='word_1_867' title='bbox 3311 5081 3457 5138; x_wconf 85' lang='lat' dir='ltr'><strong>velut</strong></span> <span class='ocrx_word' id='word_1_868' title='bbox 3515 5080 3756 5148; x_wconf 76' lang='lat' dir='ltr'><strong>indignos</strong></span> 
     </span>
    </p>
   </div>
   <div class='ocr_carea' id='block_1_112' title="bbox 2176 5174 3752 5246">
    <p class='ocr_par' dir='ltr' id='par_1_112' title="bbox 2176 5174 3752 5246">
     <span class='ocr_line' id='line_1_112' title="bbox 2176 5174 3752 5246; baseline -0.011 -9"><span class='ocrx_word' id='word_1_869' title='bbox 2176 5189 2231 5237; x_wconf 86' lang='lat' dir='ltr'><strong>et</strong></span> <span class='ocrx_word' id='word_1_870' title='bbox 2273 5183 2450 5236; x_wconf 89' lang='lat' dir='ltr'><strong>minus</strong></span> <span class='ocrx_word' id='word_1_871' title='bbox 2496 5181 2717 5234; x_wconf 89' lang='lat' dir='ltr'><strong>idoneos</strong></span> <span class='ocrx_word' id='word_1_872' title='bbox 2757 5178 3079 5246; x_wconf 87' lang='lat' dir='ltr'><strong>semetipsos</strong></span> <span class='ocrx_word' id='word_1_873' title='bbox 3124 5183 3273 5230; x_wconf 88' lang='lat' dir='ltr'><strong>tanto</strong></span> <span class='ocrx_word' id='word_1_874' title='bbox 3303 5174 3503 5229; x_wconf 83' lang='lat' dir='ltr'><strong>debent</strong></span> <span class='ocrx_word' id='word_1_875' title='bbox 3539 5183 3752 5226; x_wconf 86' lang='lat' dir='ltr'><strong>censere</strong></span> 
     </span>
    </p>
   </div>
   <div class='ocr_carea' id='block_1_113' title="bbox 2175 5265 3753 5344">
    <p class='ocr_par' dir='ltr' id='par_1_113' title="bbox 2175 5265 3753 5344">
     <span class='ocr_line' id='line_1_113' title="bbox 2175 5265 3753 5344; baseline -0.009 -14"><span class='ocrx_word' id='word_1_876' title='bbox 2175 5275 2478 5332; x_wconf 87' lang='lat' dir='ltr'><strong>ministerio</strong></span> <span class='ocrx_word' id='word_1_877' title='bbox 2505 5273 2650 5344; x_wconf 89' lang='lat' dir='ltr'><strong>quod</strong></span> <span class='ocrx_word' id='word_1_878' title='bbox 2679 5272 2949 5342; x_wconf 85' lang='lat' dir='ltr'><strong>spiritales</strong></span> <span class='ocrx_word' id='word_1_879' title='bbox 2979 5279 3036 5324; x_wconf 88' lang='lat' dir='ltr'><strong>et</strong></span> <span class='ocrx_word' id='word_1_880' title='bbox 3074 5266 3519 5323; x_wconf 78' lang='lat' dir='ltr'><strong>excellentissimi</strong></span> <span class='ocrx_word' id='word_1_881' title='bbox 3549 5265 3670 5327; x_wconf 86' lang='lat' dir='ltr'><strong>viri,</strong></span> <span class='ocrx_word' id='word_1_882' title='bbox 3696 5277 3753 5315; x_wconf 86' lang='lat' dir='ltr'><strong>ac</strong></span> 
     </span>
    </p>
   </div>
   <div class='ocr_carea' id='block_1_114' title="bbox 2175 5359 3752 5435">
    <p class='ocr_par' dir='ltr' id='par_1_114' title="bbox 2175 5359 3752 5435">
     <span class='ocr_line' id='line_1_114' title="bbox 2175 5359 3752 5435; baseline -0.006 -16"><span class='ocrx_word' id='word_1_883' title='bbox 2175 5365 2223 5420; x_wconf 86' lang='lat' dir='ltr'><strong>si</strong></span> <span class='ocrx_word' id='word_1_884' title='bbox 2259 5366 2514 5435; x_wconf 89' lang='lat' dir='ltr'><strong>impares,</strong></span> <span class='ocrx_word' id='word_1_885' title='bbox 2541 5364 2860 5418; x_wconf 86' lang='lat' dir='ltr'><strong>declinando</strong></span> <span class='ocrx_word' id='word_1_886' title='bbox 2888 5371 2943 5417; x_wconf 90' lang='lat' dir='ltr'><strong>et</strong></span> <span class='ocrx_word' id='word_1_887' title='bbox 2982 5361 3236 5431; x_wconf 77' lang='lat' dir='ltr'><strong>fugiendo</strong></span> <span class='ocrx_word' id='word_1_888' title='bbox 3261 5359 3512 5427; x_wconf 87' lang='lat' dir='ltr'><strong>accipere</strong></span> <span class='ocrx_word' id='word_1_889' title='bbox 3538 5371 3752 5412; x_wconf 52' lang='lat' dir='ltr'><strong>recns»</strong></span> 
     </span>
    </p>
   </div>
   <div class='ocr_carea' id='block_1_115' title="bbox 2175 5451 3750 5526">
    <p class='ocr_par' dir='ltr' id='par_1_115' title="bbox 2175 5451 3750 5526">
     <span class='ocr_line' id='line_1_115' title="bbox 2175 5451 3750 5526; baseline -0.008 -12"><span class='ocrx_word' id='word_1_890' title='bbox 2175 5466 2320 5513; x_wconf 90' lang='lat' dir='ltr'><strong>runt.</strong></span> <span class='ocrx_word' id='word_1_891' title='bbox 2370 5456 2479 5510; x_wconf 84' lang='lat' dir='ltr'><strong>Nec</strong></span> <span class='ocrx_word' id='word_1_892' title='bbox 2508 5457 2640 5511; x_wconf 84' lang='lat' dir='ltr'><strong>inde</strong></span> <span class='ocrx_word' id='word_1_893' title='bbox 2684 5455 3045 5526; x_wconf 87' lang='lat' dir='ltr'><strong>superbiendo</strong></span> <span class='ocrx_word' id='word_1_894' title='bbox 3097 5452 3186 5507; x_wconf 82' lang='lat' dir='ltr'><strong>vel</strong></span> <span class='ocrx_word' id='word_1_895' title='bbox 3224 5451 3536 5507; x_wconf 81' lang='lat' dir='ltr'><strong>insultando</strong></span> <span class='ocrx_word' id='word_1_896' title='bbox 3569 5456 3750 5505; x_wconf 79' lang='lat' dir='ltr'><strong>contra</strong></span> 
     </span>
    </p>
   </div>
   <div class='ocr_carea' id='block_1_116' title="bbox 2177 5539 3747 5616">
    <p class='ocr_par' dir='ltr' id='par_1_116' title="bbox 2177 5539 3747 5616">
     <span class='ocr_line' id='line_1_116' title="bbox 2177 5539 3747 5616; baseline -0.007 -14"><span class='ocrx_word' id='word_1_897' title='bbox 2177 5554 2394 5602; x_wconf 86' lang='lat' dir='ltr'><strong>sanctos</strong></span> <span class='ocrx_word' id='word_1_898' title='bbox 2416 5545 2689 5616; x_wconf 85' lang='lat' dir='ltr'><strong>apostolos</strong></span> <span class='ocrx_word' id='word_1_899' title='bbox 2719 5546 2917 5602; x_wconf 87' lang='lat' dir='ltr'><strong>debent</strong></span> <span class='ocrx_word' id='word_1_900' title='bbox 2943 5545 3320 5607; x_wconf 87' lang='lat' dir='ltr'><strong>intumescere,</strong></span> <span class='ocrx_word' id='word_1_901' title='bbox 3367 5542 3509 5597; x_wconf 89' lang='lat' dir='ltr'><strong>sicut</strong></span> <span class='ocrx_word' id='word_1_902' title='bbox 3539 5539 3747 5594; x_wconf 81' lang='lat' dir='ltr'><strong>illorum</strong></span> 
     </span>
    </p>
   </div>
   <div class='ocr_carea' id='block_1_117' title="bbox 2176 5630 3746 5710">
    <p class='ocr_par' dir='ltr' id='par_1_117' title="bbox 2176 5630 3746 5710">
     <span class='ocr_line' id='line_1_117' title="bbox 2176 5630 3746 5710; baseline -0.007 -15"><span class='ocrx_word' id='word_1_903' title='bbox 2176 5649 2530 5710; x_wconf 82' lang='lat' dir='ltr'><strong>oppugnator,</strong></span> <span class='ocrx_word' id='word_1_904' title='bbox 2565 5639 2934 5702; x_wconf 88' lang='lat' dir='ltr'><strong>adversarius,</strong></span> <span class='ocrx_word' id='word_1_905' title='bbox 2978 5645 3033 5691; x_wconf 88' lang='lat' dir='ltr'><strong>et</strong></span> <span class='ocrx_word' id='word_1_906' title='bbox 3073 5641 3418 5698; x_wconf 85' lang='lat' dir='ltr'><strong>contemptor</strong></span> <span class='ocrx_word' id='word_1_907' title='bbox 3459 5630 3746 5688; x_wconf 78' lang='lat' dir='ltr'><strong>vanissime</strong></span> 
     </span>
    </p>
   </div>
   <div class='ocr_carea' id='block_1_118' title="bbox 2175 5727 3745 5795">
    <p class='ocr_par' dir='ltr' id='par_1_118' title="bbox 2175 5727 3745 5795">
     <span class='ocr_line' id='line_1_118' title="bbox 2175 5727 3745 5795; baseline -0.009 -9"><span class='ocrx_word' id='word_1_908' title='bbox 2175 5731 2390 5786; x_wconf 80' lang='lat' dir='ltr'><strong>inﬂatus</strong></span> <span class='ocrx_word' id='word_1_909' title='bbox 2448 5731 2704 5795; x_wconf 86' lang='lat' dir='ltr'><strong>elatione,</strong></span> <span class='ocrx_word' id='word_1_910' title='bbox 2745 5739 2800 5784; x_wconf 90' lang='lat' dir='ltr'><strong>et</strong></span> <span class='ocrx_word' id='word_1_911' title='bbox 2857 5728 3023 5782; x_wconf 88' lang='lat' dir='ltr'><strong>nimia</strong></span> <span class='ocrx_word' id='word_1_912' title='bbox 3072 5727 3376 5781; x_wconf 85' lang='lat' dir='ltr'><strong>temeritate</strong></span> <span class='ocrx_word' id='word_1_913' title='bbox 3423 5732 3745 5794; x_wconf 75' lang='lat' dir='ltr'><strong>praesumens</strong></span> 
     </span>
    </p>
   </div>
   <div class='ocr_carea' id='block_1_119' title="bbox 2172 5811 3738 5894">
    <p class='ocr_par' dir='ltr' id='par_1_119' title="bbox 2172 5811 3738 5894">
     <span class='ocr_line' id='line_1_119' title="bbox 2172 5811 3738 5894; baseline -0.011 -12"><span class='ocrx_word' id='word_1_914' title='bbox 2172 5823 2407 5882; x_wconf 83' lang='lat' dir='ltr'><strong>inaniter</strong></span> <span class='ocrx_word' id='word_1_915' title='bbox 2428 5823 2712 5894; x_wconf 79' lang='lat' dir='ltr'><strong>gloriatur,</strong></span> <span class='ocrx_word' id='word_1_916' title='bbox 2742 5821 2826 5876; x_wconf 88' lang='lat' dir='ltr'><strong>cui</strong></span> <span class='ocrx_word' id='word_1_917' title='bbox 2847 5827 2903 5894; x_wconf 84' lang='lat' dir='ltr'><strong>et</strong></span> <span class='ocrx_word' id='word_1_918' title='bbox 2927 5820 3039 5876; x_wconf 85' lang='lat' dir='ltr'><strong>suis</strong></span> <span class='ocrx_word' id='word_1_919' title='bbox 3066 5819 3272 5888; x_wconf 84' lang='lat' dir='ltr'><strong>pariter</strong></span> <span class='ocrx_word' id='word_1_920' title='bbox 3297 5816 3566 5874; x_wconf 85' lang='lat' dir='ltr'><strong>similibus</strong></span> <span class='ocrx_word' id='word_1_921' title='bbox 3581 5811 3738 5869; x_wconf 83' lang='lat' dir='ltr'><strong>lsaias</strong></span> 
     </span>
    </p>
   </div>
  </div>
