4006 6452
1186 409 1312 466 LlB.
1355 405 1725 466 ADVERSUS
1756 407 2113 480 αμυῡιωί
2151 407 2430 469 TAURIN.

3351 420 3457 480 δίο

229 533 564 598 comminatur
595 529 780 585 dicens
809 546 821 583 :
857 528 947 584 Va:
986 529 1126 584 vobis
1149 531 1238 600 qui
1266 529 1525 600 sapientes
1567 529 1691 582 estis
1721 530 1778 584 in
1804 532 1856 592 Α
1879 533 2133 602 omnique
2179 531 2453 601 diligentia
2497 532 2855 590 satisfactioni
2899 535 3228 608 insistentes,
3279 545 3457 601 Credi-

226 631 376 688 oculis
413 627 608 690 vestris,
637 633 685 678 et
706 639 882 678 coram
901 623 1275 694 oobismetipsis
1307 623 1584 693 prudentes
1621 622 1778 693 (Isai.

225 740 274 788 v,
298 720 402 792 2i).
430 717 558 772 Item
606 714 892 785 Apostolus
919 732 932 768 :
961 713 1142 768 Nolite
1178 731 1287 768 esse
1331 714 1609 782 prudentes
1639 715 1780 784 apud

220 810 535 879 vosmetipsos
557 801 729 877 (Rom.
759 821 856 868 xu,
891 805 1000 876 16).
1024 806 1152 861 inde
1185 805 1479 876 Gregorius
1501 819 1779 875 exponens

222 908 355 964 illam
378 901 696 958 sententiam
725 915 832 969 qua
862 899 1121 955 Dominus
1157 907 1278 971 post
1318 902 1777 957 resurrectionem

217 1001 320 1057 suis
354 998 428 1051 ait
447 993 724 1064 discipulis
749 1005 763 1045 :
793 1009 812 1042 ι
849 991 1084 1058 Quorum
1111 991 1413 1046 remiseritis
1440 1001 1671 1062 peccata,
1698 1009 1779 1046 re-

216 1091 472 1146 mittuntur
514 1085 624 1150 eis,
663 1094 712 1138 et
758 1098 982 1152 quorum
1037 1081 1352 1136 minueritis
1407 1091 1603 1135 retenta
1653 1090 1776 1135 sunt

213 1181 380 1253 (Joan.
409 1195 496 1241 xx,
533 1176 652 1244 25‘),
705 1175 854 1229 lubet
883 1174 1101 1238 intueri,
1132 1174 1211 1227 illi
1249 1173 1496 1243 discipuli
1529 1173 1596 1227 ad
1627 1181 1775 1227 tanta

212 1290 360 1330 onera
388 1271 706 1328 humilitatis
739 1271 936 1335 vocati,
969 1270 1037 1325 ad
1056 1277 1318 1340 quantum
1347 1270 1556 1325 culmen
1591 1271 1774 1341 gloria:

211 1364 309 1419 sint
348 1363 611 1432 perducti.
647 1363 784 1417 Ecce
813 1376 923 1416 non
969 1361 1142 1416 solum
1166 1361 1233 1415 de
1265 1360 1569 1430 semetipsis
1599 1361 1772 1417 securi

209 1455 352 1518 fiunt,
380 1453 473 1508 sed
506 1453 672 1508 etiam
721 1453 910 1508 alienm
937 1453 1286 1523 obligationis
1319 1460 1645 1521 potestatem
1690 1467 1773 1507 re-

206 1542 585 1612 laxationisque
620 1542 912 1612 accipiunt.
941 1541 1311 1611 Principatum
1341 1542 1560 1612 superni
1583 1540 1772 1611 judicii

205 1632 512 1700 sortiuntur,
545 1633 740 1688 utvice
769 1632 864 1687 Dei
889 1632 1212 1702 quibusdam
1231 1641 1450 1703 peccata
1482 1633 1768 1698 retineant,

203 1725 510 1794 quibusdam
554 1723 820 1780 relaxent.
864 1724 957 1780 Sic
1002 1739 1097 1781 eos
1129 1740 1161 1780 a
1205 1724 1318 1780 Deo
1349 1725 1578 1780 decebat
1613 1723 1767 1795 erigi,

200 1817 316 1884 quia
357 1823 569 1870 tantum
594 1829 695 1884 pro
730 1817 841 1871 Deo
881 1823 1262 1872 concesserant
1288 1815 1581 1870 humiliari.
1630 1815 1770 1870 Ecce

1881 641 2002 681 mus
2027 643 2058 681 a
2087 627 2313 682 Domino
2347 643 2444 698 per
2471 642 2627 682 suam
2651 627 2976 684 ineffabilem
3001 632 3452 705 misericordiam,

1880 726 1936 771 et
1967 733 2066 788 per
2101 719 2217 773 haec
2241 719 2501 775 exercitia
2546 734 2706 788 posse
2738 720 2980 776 liberari.
3031 720 3287 780 Claudius
3322 741 3456 799 ergo

1879 825 2051 866 novus
2079 826 2143 867 ac
2169 813 2434 867 mirabilis
2458 812 2829 882 phiIOSOpbus,
2863 814 3062 869 artium
3093 829 3287 884 expers
3317 818 3456 874 libe-

1879 902 2096 967 ralium,
2130 911 2298 958 totam
2325 919 2477 958 suam
2520 903 2861 968 industriam,
2893 913 3054 974 atque
3081 907 3164 961 sui
3193 907 3454 964 subtilita-

1879 1001 1989 1046 tem
2026 992 2229 1062 ingenii
2271 995 2340 1047 ad
2368 992 2769 1060 dilaniandum,
2808 994 3260 1066 lacerandumque
3288 997 3451 1054 Chri-

1875 1086 1946 1140 sti
2005 1099 2202 1154 corpus
2248 1085 2547 1141 Ecclesium
2598 1096 2852 1151 exercet,
2909 1095 2962 1143 et
3000 1090 3069 1144 ob
3120 1091 3223 1145 hoc
3250 1090 3454 1162 iugiter

1874 1181 2068 1241 certat,
2102 1175 2289 1242 instat,
2326 1179 2527 1243 studet,
2554 1179 2742 1248 vigilat
2761 1187 2786 1234 ':
2815 1180 2940 1234 dum
2968 1182 3176 1250 antiqui
3205 1183 3453 1254 magistri

1875 1276 1930 1323 et
1955 1268 2222 1337 spiritales
2243 1269 2568 1340 phil050phi,
2593 1273 2808 1325 unicum
2828 1279 2882 1325 et
2909 1272 3180 1342 singulare
3215 1273 3452 1328 studium

1875 1359 1980 1414 hoc
2024 1360 2331 1426 habuerint,
2377 1361 2601 1416 laudare
2642 1363 2930 1433 apostolos,
2976 1365 3204 1436 hymnos
3243 1373 3299 1419 et
3327 1381 3449 1419 car-

1874 1451 2021 1506 mina
2047 1451 2098 1505 in
2129 1453 2393 1507 honorem
2418 1462 2716 1524 martyrum
2743 1469 2901 1509 sensu
2922 1454 3158 1523 jucunde
3186 1471 3250 1511 ac
3277 1457 3452 1511 dulci-

1874 1553 2007 1596 sona
2036 1543 2400 1599 modulatione
2423 1559 2770 1614 componere,
2802 1561 3098 1615 eorumque
3133 1546 3248 1601 loca
3276 1547 3447 1613 adire,

1873 1633 2094 1702 suisque
2125 1650 2183 1690 se
2209 1635 2686 1709 intercessionibus
2714 1650 2927 1689 summa
2945 1652 3069 1692 cum
3103 1638 3452 1692 veneratione

1875 1737 1940 1777 ac
1967 1723 2250 1778 devotione
2290 1725 2688 1779 commendare.
2735 1724 2977 1791 Quorum
3015 1741 3155 1782 unus
3192 1727 3453 1782 Paulinus

1874 1812 2162 1881 episcopus
2190 1814 2274 1867 vir
2295 1814 2697 1870 eruditissimus
2722 1815 3198 1890 etgsanctissimus,
3225 1817 3366 1871 sicut
3397 1823 3455 1870 et

198 1909 278 1976 qui
301 1908 608 1964 districtum
638 1909 732 1962 Dei
754 1908 1020 1976 judicium
1054 1916 1319 1972 metuunt,
1352 1911 1652 1962 animarum
1675 1907 1764 1976 jua
1789 1895 1837 1956 B
1864 1903 2017 1958 multi
2062 1902 2131 1958 de
2168 1918 2232 1958 eo
2258 1905 2438 1958 testati
2471 1913 2615 1969 sunt,
2641 1905 2876 1959 nobilem
2903 1905 3100 1959 librum
3139 1905 3447 1974 quindecim

197 1999 332 2053 dices
369 2000 544 2065 fiunt;
575 2008 631 2054 et
669 1999 804 2055 alios
852 2000 1110 2054 damnant
1136 1999 1219 2054 vel
1260 1999 1512 2066 liberant,
1541 1999 1632 2068 qui
1679 2014 1765 2054 se-

196 2092 444 2160 metipsos
473 2093 719 2147 damnari
756 2095 1086 2148 metuebant.
1128 2093 1330 2148 ﬂorum
1353 2092 1596 2163 profecto
1619 2107 1764 2148 nunc

194 2183 240 2237 in
278 2183 518 2238 Ecclesia
549 2183 786 2254 episcopi
833 2183 1010 2238 locum
1049 2191 1249 2240 tenent.
1305 2182 1558 2238 Solvendi
1609 2199 1672 2237 ac
1701 2183 1766 2237 li-

194 2274 341 2343 gandi
372 2274 755 2328 auctoritatem
778 2274 1096 2344 suseipiunt,
1127 2278 1219 2344 qui
1240 2274 1463 2343 gradum
1487 2275 1764 2344 regiminis

191 2365 500 2419 sortiuntur.
535 2362 770 2420 Grandis
797 2364 989 2429 honor,
1043 2363 1140 2419 sed
1181 2379 1344 2435 grave
1369 2363 1578 2433 pondus
1607 2363 1764 2419 istius

191 2466 266 2513 est
288 2459 508 2514 honoris
541 2472 558 2511 :
593 2459 787 2512 durum
819 2459 1016 2527 quippe
1042 2466 1145 2523 est,
1172 2466 1233 2511 ut
1260 2457 1353 2527 qui
1379 2457 1556 2512 nescit
1579 2464 1765 2512 tenere

189 2551 547 2606 moderamina
572 2551 698 2606 vita}
725 2565 856 2616 suae,
881 2551 1044 2620 iudex
1071 2551 1196 2605 vitae
1220 2551 1313 2605 iiat
1336 2549 1543 2604 alienae.
1565 2549 1632 2604 Et
1656 2549 1767 2620 ple-

163 2653 403 2723 fumque
434 2642 733 2712 contingit,
767 2651 828 2698 ut
853 2643 998 2697 hunc
1020 2641 1210 2710 judicii
1236 2641 1415 2696 locum
1437 2647 1638 2705 teneat,
1681 2639 1767 2694 cui

187 2735 248 2790 ad
272 2735 446 2791 locum
479 2737 612 2792 vita:
653 2735 876 2791 minime
901 2734 1214 2790 concordat.
1237 2732 1317 2788 Ac
1342 2747 1483 2803 sepe
1507 2733 1685 2803 agitur
1710 2738 1769 2786 ut

186 2828 263 2883 vel
297 2829 515 2886 damnet
559 2828 860 2885 immeritos
892 2825 978 2884 vel
1017 2827 1153 2883 alios
1189 2827 1300 2897 ipse
1326 2826 1521 2896 ligatos
1556 2825 1762 2890 solvat;

186 2935 316 2992 saepe
353 2921 410 2978 in
444 2921 725 2978 solvendis
773 2936 838 2976 ac
866 2920 1100 2992 ligandis
1133 2917 1364 2974 subditis
1385 2931 1496 2972 suae
1521 2915 1767 2969 voluntas

186 3013 252 3068 tis
288 3021 491 3081 motus,
545 3028 654 3069 non
706 3019 887 3068 autem
936 3025 1226 3067 causarum
1258 3010 1455 3065 merita
1499 3007 1762 3078 sequitur.

187 3103 328 3160 Unde
357 3105 437 3170 fit,
473 3115 539 3161 ut
570 3106 686 3176 ipsa
713 3107 816 3162 hac
838 3103 1039 3176 ligandi
1064 3114 1118 3159 et
1142 3103 1382 3160 solvendi
1407 3107 1675 3172 potestate
1707 3114 1766 3154 se

181 3197 372 3266 privet,
406 3199 503 3269 qui
543 3199 686 3254 hanc
725 3213 824 3268 pro
852 3198 966 3253 suis
993 3196 1385 3258 voluntatibus,
1425 3200 1480 3248 et
1521 3207 1629 3248 non
1667 3205 1764 3262 pro

1863 1996 2198 2052 carminibus
2227 1996 2543 2051 distinctum
2570 1997 2624 2052 in
2651 1998 2859 2052 honore
2879 2005 2935 2052 et
2957 1998 3116 2053 laude
3143 1998 3318 2052 sancti
3343 1997 3449 2052 Fe-

1865 2086 1986 2144 licis
2033 2089 2288 2160 martyris
2349 2089 2546 2154 edidit;
2588 2090 2642 2144 in
2685 2106 2794 2160 quo
2829 2099 3028 2160 quanta
3075 2090 3335 2147 miracula
3396 2098 3454 2146 et

1863 2180 2092 2236 virtutes
2117 2195 2214 2250 per
2253 2181 2423 2252 ipsius
2462 2181 2656 2236 merita
2704 2190 2759 2236 et
2803 2183 3240 2247 intercessiones,
3269 2182 3449 2238 divina

1863 2270 2124 2341 largiente
2150 2270 2460 2336 clementia,
2512 2271 2581 2326 ad
2632 2287 2788 2327 suum
2831 2272 2947 2328 fieri
2985 2274 3227 2343 quotidie
3266 2283 3448 2329 tumu-

1863 2360 1998 2426 lum,
2027 2369 2085 2415 et
2126 2361 2366 2416 maxime
2411 2361 2496 2417 die
2529 2361 2728 2417 natalis
2753 2362 2869 2432 ejus
2889 2363 3262 2418 anniversario
3288 2363 3454 2417 disse-

1864 2453 1993 2518 ruit,
2044 2468 2152 2506 non
2198 2453 2356 2508 facile
2398 2469 2427 2506 a
2473 2469 2745 2522 quoquam
2796 2455 3014 2522 excerpi
3069 2461 3162 2507 aut
3201 2452 3448 2509 deflorari

1864 2552 2063 2614 potest,
2086 2545 2211 2615 quia
2251 2555 2467 2607 cuncta,
2494 2544 2677 2609 ﬂores,
2709 2553 2970 2607 aromata,
3005 2560 3161 2609 rosze,
3193 2544 3302 2597 lilia
3327 2559 3450 2597 sua-

1864 2633 2154 2702 veolentia,
2198 2650 2261 2691 ac
2296 2634 2550 2690 melliilua
2595 2645 2740 2691 sunt.
2784 2635 2898 2691 Hoc
2941 2646 3119 2691 autem
3147 2635 3305 2691 modo
3335 2633 3448 2704 pri-

1864 2741 2013 2782 mum
2045 2723 2285 2794 ejusdem
2314 2725 2505 2798 incipit
2533 2739 2752 2781 carmen
2779 2745 2792 2782 :

1861 2880 2067 2952 lnclyte
2090 2880 2391 2946 confessor,
2415 2882 2624 2938 meritis
2651 2888 2703 2936 et
2733 2881 2952 2938 nomine
2981 2880 3154 2948 Felix,

1864 2971 2014 3027 Mens
2040 2973 2240 3042 pietate
2267 2980 2480 3043 potens,
2509 2974 2707 3028 summi
2740 2988 2891 3028 mens
2920 2973 3104 3028 accola
3130 2973 3277 3038 caeli,

1862 3063 1973 3120 Nec
2005 3064 2184 3119 minus
2209 3064 2266 3118 in
2299 3064 2425 3118 totis
2449 3072 2671 3133 experta
2707 3066 2949 3134 potentia
2986 3065 3168 3131 terris,

1864 3159 1965 3226 Qui
1994 3159 2282 3214 Dominum
2303 3155 2578 3214 Christum
2605 3173 2711 3212 non
2734 3159 2914 3213 vincta
2940 3171 3072 3214 voce
3097 3157 3376 3228 professus

181 3290 544 3360 subiectorum
572 3292 814 3348 moribus
834 3299 1071 3348 exercet.
1108 3291 1366 3361 Proponit
1393 3290 1555 3345 etiam
1577 3302 1760 3341 exem-
1787 3267 1833 3330 C
2302 3257 2491 3361 ίξᾳέθξ
2508 3251 3240 3361 ηξῗξῗξῗνξνῗᾳῗτῗξῗίίξδῗζ

177 3381 316 3450 plum
347 3383 416 3437 de
451 3383 706 3439 Ezechiel
732 3384 994 3453 propheta
1031 3384 1096 3438 ad
1131 3382 1581 3445 confirmandum,
1616 3379 1759 3448 quod

176 3473 302 3527 nulli
330 3476 659 3545 supplicanti
712 3490 778 3530 ac
802 3477 1116 3545 paenitendo
1145 3474 1412 3529 laboranti
1443 3473 1509 3527 de
1543 3480 1759 3527 sancto-

173 3578 290 3618 rum
330 3565 574 3630 meritis,
617 3565 703 3620 vel
745 3565 1228 3620 intercessionibus
1263 3563 1639 3618 confidendum
1693 3562 1764 3617 sit

172 3653 399 3724 (Ezech.
431 3669 547 3719 xiv,
577 3655 686 3726 M).
713 3655 846 3721 Noe,
885 3657 1089 3724 Daniel,
1117 3665 1170 3710 et
1199 3655 1299 3710 Job
1329 3671 1432 3708 non
1457 3653 1763 3708 liberabunt

170 3742 343 3798 lilium
382 3757 564 3812 neque
605 3745 788 3799 filiam.
828 3763 846 3798 ι
885 3745 1031 3815 Ergo
1074 3745 1404 3815 perversitas
1441 3745 1763 3799 auctoritate

173 3853 340 3894 sacrae
365 3835 669 3907 Scriptura:
691 3853 796 3893 non
809 3846 986 3908 potest
1006 3839 1273 3893 veraciter
1285 3850 1404 3892 esse
1428 3835 1648 3892 defensa
1671 3851 1763 3890 ne-

173 3944 273 4000 que
317 3928 560 3993 ﬁrmata,
594 3929 718 3984 licet
740 3944 804 3983 ea
849 3929 1089 3984 haeretici
1129 3929 1494 3983 adulterantes
1538 3927 1760 3980 verbum

178 4020 268 4077 Dei
310 4021 377 4077 ad
402 4020 695 4074 favendum
717 4034 829 4075 sum
851 4020 1104 4090 pravitati
1131 4020 1443 4084 abutantur,
1468 4027 1526 4074 et
1563 4018 1630 4072 ad
1658 4018 1758 4074 hoc

177 4129 291 4168 eam
332 4113 604 4169 violenter
643 4116 918 4170 attrahere
957 4121 1238 4170 conentur.
1270 4112 1411 4167 Dicit
1453 4113 1596 4167 enim
1628 4112 1759 4166 Pro-

177 4206 331 4274 pheta
353 4207 554 4275 impio's
575 4213 629 4260 et
654 4206 1100 4275 praevaricatores
1126 4204 1482 4273 perdurantes
1509 4202 1564 4256 in
1593 4201 1759 4255 scele-

179 4299 322 4355 ribus
348 4301 486 4365 suis,
518 4299 664 4354 nullo
692 4299 851 4354 modo
872 4313 971 4368 per
993 4295 1219 4352 aliorum
1243 4293 1611 4365 quorumlibet
1636 4307 1760 4346 san-

179 4401 382 4448 ctorum
416 4394 846 4448 intercessiones
891 4391 1007 4445 sine
1054 4405 1151 4445 sua
1182 4388 1400 4459 propria
1444 4385 1665 4441 solertia
1706 4392 1760 4438 et

177 4483 354 4542 labore
417 4487 470 4541 a‘
517 4482 801 4540 tormentis
859 4497 1019 4554 posse
1073 4481 1312 4536 liberari.
1353 4479 1755 4549 Hieronymus:

183 4594 200 4627 ‹
227 4577 374 4633 Unde
396 4593 504 4633 nec
531 4575 1003 4646 praevaricatorem
1029 4574 1199 4628 lilium
1230 4579 1438 4642 martyr
1462 4569 1664 4640 poterit
1692 4568 1757 4622 li-

179 4667 380 4733 berare,
415 4682 527 4724 nec
557 4675 758 4723 sanctae
796 4665 1230 4720 conversationis
1266 4670 1439 4717 mater
1472 4659 1756 4730 impudicae

179 4759 293 4816 tilia:
320 4761 474 4816 dabit
504 4758 728 4830 praemia
753 4757 1046 4828 pudicitiae.
1093 4757 1160 4810 Et
1197 4770 1228 4810 e
1256 4753 1534 4810 contrario
1562 4764 1758 4820 paren-

181 4860 284 4905 tum
309 4855 441 4908 vitia
473 4851 606 4908 filiis
634 4865 743 4904 non
780 4849 1071 4913 nocebunt,
1100 4847 1194 4902 sed
1221 4846 1400 4899 anima
1429 4857 1548 4912 quae
1572 4854 1762 4910 pecca-

179 4945 307 4998 verit
336 4946 456 5014 ipsa
517 4944 794 4997 morietur.
839 4939 957 4995 Non
1004 4938 1175 4993 solum
1216 4945 1396 4991 autem
1436 4936 1610 4990 sancti
1650 4945 1757 4984 non

179 5035 480 5094 liberabunt
524 5038 717 5107 impios
747 5051 854 5091 non
881 5041 1102 5105 agentes
1127 5030 1502 5102 paenitentiam
1535 5032 1601 5086 de
1641 5045 1763 5101 pec-

180 5131 310 5184 catis
335 5138 391 5185 et
432 5129 818 5200 iniquitatibus
849 5128 983 5191 suis,
1006 5125 1101 5180 sed
1137 5138 1238 5178 nec
1271 5123 1386 5193 ipse
1413 5123 1577 5178 Deus.
1611 5124 1759 5181 Unde

183 5218 472 5289 Apostolus
504 5239 518 5274 :
541 5220 766 5291 Ignoras
787 5217 1037 5289 quoniam
1065 5215 1352 5284 benignitas
1380 5214 1478 5267 Dei
1507 5215 1575 5268 ad
1599 5215 1757 5284 pomi-

183 5307 392 5368 teutiam
417 5325 469 5367 te
512 5312 768 5365 adducit?
789 5308 1090 5364 Secundum
1112 5306 1365 5358 duritiam
1391 5314 1562 5359 autem
1591 5314 1755 5372 tuam,

185 5413 229 5456 et
257 5421 346 5458 cor
378 5405 706 5474 impaenitens
735 5399 1058 5456 thesaurizas
1086 5396 1182 5450 tibi
1205 5397 1336 5450 iram
1369 5397 1425 5448 in
1459 5396 1544 5448 die
1571 5397 1664 5448 ira:
1711 5405 1758 5447 et

187 5495 514 5550 reuelationis
554 5497 692 5566 justi
729 5492 924 5564 judicii
971 5491 1087 5556 Dei,
1112 5490 1204 5559 qui
1251 5489 1432 5542 reddet
1482 5488 1759 5556 unicuique

187 5589 474 5643 secundum
504 5605 659 5660 opera
690 5587 803 5657 ejus
841 5583 1016 5656 (Rom.
1044 5598 1102 5648 ιι,
1141 5580 1279 5651 4-6).
1313 5579 1643 5636 Ρωηὶιρηῑεε
1667 5595 1760 5634 au-

189 5680 292 5730 tem
321 5686 377 5731 et
405 5692 702 5732 conversos
746 5675 1042 5745 aiiligentcs
1069 5687 1127 5727 se
1156 5674 1209 5727 in
1253 5670 1406 5737 fletu,
1439 5682 1495 5727 et
1522 5673 1756 5742 planctu,

191 5773 242 5821 et
267 5767 631 5840 eleemosynis
661 5783 758 5824 sua
786 5767 1116 5822 redimentes
1141 5771 1383 5835 peccata,
1415 5771 1472 5817 et
1500 5763 1760 5819 inducen-

190 5863 268 5915 tes
289 5861 659 5934 presbyteros,
709 5869 770 5918 et
802 5859 1092 5916 memorias
1123 5865 1440 5915 sanctorum
1475 5853 1758 5923 adeuntes,

1861 3346 2229 3412 Devotamque
2261 3343 2499 3399 animam
2538 3350 2807 3398 tormenta
2846 3357 2945 3412 per
2977 3343 3161 3396 omnia
3201 3341 3439 3409 Christo,

1864 3436 2068 3506 Sponte
2099 3444 2187 3489 tua
2204 3433 2391 3502 jussus
2422 3433 2620 3488 laxatis
2644 3433 2873 3488 reddere
2896 3433 3177 3499 membris,

1861 3525 2095 3594 Liquisti
2123 3538 2323 3579 vacuos
2346 3524 2552 3578 rabidis
2581 3523 2863 3578 lictoribus
2882 3529 3055 3586 artus,

1862 3615 2062 3670 Vectus
2092 3614 2146 3666 in
2174 3613 2456 3667 aetherium
2479 3614 2596 3667 sine
2625 3612 2886 3682 sanguine
2916 3619 3123 3682 martyr
3145 3611 3441 3675 honorem;

1863 3704 1908 3760 Ο
1930 3712 2101 3775 pater,
2133 3719 2165 3759 ο
2189 3704 2425 3770 domine,
2452 3706 2686 3775 indignis
2713 3705 2840 3758 licet
2869 3717 3046 3758 annue
3072 3703 3266 3767 servis,

1862 3795 1934 3851 Ut
1954 3795 2169 3851 tandem
2196 3796 2336 3850 hanc
2365 3794 2539 3866 fragili
2565 3792 2829 3850 trahimus
2849 3794 2976 3849 dum
3000 3807 3229 3864 corpore
3247 3794 3440 3857 vitam,

1863 3886 2100 3943 Sedibus
2130 3887 2353 3956 optatis,
2381 3896 2436 3942 et
2459 3903 2568 3957 qua
2594 3888 2894 3958 requiescis
2924 3888 2976 3942 in
3005 3887 3147 3952 aula,

1858 3981 2014 4037 Hunc
2039 3981 2200 4037 liceat
2222 3981 2499 4036 celebrare
2529 3982 2692 4045 diem,
2717 3983 2807 4052 pia
2835 3981 3060 4038 reddere
3087 3995 3272 4036 coram

1859 4075 2017 4138 V'ota,
2049 4082 2103 4127 et
2124 4073 2414 4144 gaudentes
2439 4073 2581 4127 inter
2617 4075 2848 4145 gaudere
2879 4073 3158 4128 tumultus.

1860 4162 1944 4217 Sit
1969 4163 2100 4232 jam,
2127 4179 2326 4232 quaeso,
2355 4166 2487 4219 satis
2519 4166 2710 4218 merita
2741 4165 3018 4233 impietate
3046 4162 3234 4215 tulisse

1859 4254 2011 4308 lianc
2038 4269 2275 4323 pmnam,
2310 4263 2388 4308 tot
2405 4253 2517 4320 jam
2548 4266 2679 4324 quot
2710 4263 2759 4308 te
2788 4255 2906 4307 sine
2935 4252 3169 4306 viximus
3194 4249 3370 4316 annis,

1861 4345 2008 4402 Sede
2030 4356 2116 4400 tua
2138 4346 2349 4414 procul,
2378 4346 2482 4399 licu
2505 4348 2517 4398 l
2543 4345 2791 4414 quamvis
2817 4361 2923 4398 non
2951 4350 3132 4397 mente
3156 4340 3369 4396 remoti.

1858 4435 1977 4489 Jam
2009 4435 2290 4489 desideriis
2313 4435 2577 4489 innnenso
2608 4441 2846 4502 tempore
2875 4432 3034 4489 fessis
3099 4484 3102 4485 ν

1860 4525 2091 4581 Consule
2117 4523 2256 4594 :jam
2288 4525 2370 4580 vel
2401 4539 2524 4579 sero
2552 4539 2762 4580 memor
2791 4525 3050 4580 miserere
3079 4531 3316 4588 tuorum,

1780 4623 1834 4683 D
1860 4616 2068 4686 Perque
2104 4617 2311 4681 orbem,
2359 4616 2543 4688 magni
2575 4617 2666 4687 qui
2696 4631 2796 4672 nos
2820 4615 3008 4688 procul
3042 4629 3260 4686 aequore
3291 4614 3444 4686 ponti

1854 4709 2129 4779 Disparat,
2159 4708 2378 4763 obtritis
2406 4724 2524 4778 quae
2550 4723 2648 4762 nos
2680 4707 2900 4762 inimica
2931 4707 3229 4773 retardant,

1853 4799 2034 4856 Pande
2057 4801 2172 4855 vias
2199 4799 2384 4856 faciles
2409 4817 2423 4866 ;
2450 4807 2504 4855 et
2531 4800 2574 4855 si
2602 4799 3021 4869 properantibus
3055 4798 3126 4853 ad
3155 4805 3204 4852 te

1852 4891 2072 4947 Invidus
2098 4893 2270 4947 hostis
2299 4894 2476 4956 obest,
2505 4890 2717 4968 objecta
2746 4890 3005 4961 repagula
3028 4889 3168 4961 pelle

1855 4983 2072 5039 Fortior
2111 4984 2381 5048 adversis,
2413 4991 2468 5036 et
2506 4982 2714 5036 amicos
2743 4982 2980 5051 provclie
3008 4995 3218 5036 cursus.

1858 5074 1964 5130 Seu
1987 5075 2198 5143 placeat
2230 5073 2437 5127 telluris
2463 5069 2588 5136 iter,
2619 5087 2802 5127 comes
2828 5087 3022 5143 aggere
3056 5077 3169 5123 tuto

1861 5166 1992 5220 Esto
2013 5164 2151 5229 tuis;
2190 5180 2283 5218 seu
2321 5179 2511 5235 magna
2541 5163 2615 5217 tui
2643 5161 2838 5218 fiducia
2865 5161 3022 5230 longo

1865 5255 2100 5311 Suadeat
2129 5256 2204 5310 ire
2240 5256 2396 5320 mari,
2425 5256 2490 5310 da
2527 5271 2747 5311 currere
2781 5253 3029 5307 mollibus
3060 5247 3237 5313 undis,

1865 5348 1932 5403 Et
1963 5347 2178 5404 famulis
2209 5347 2437 5406 famulos
2463 5365 2489 5403 a
2518 5349 2679 5420 puppi
2715 5360 2942 5414 suggere
2973 5348 3182 5405 ventos,

1868 5440 1938 5495 Ut
1972 5440 2247 5512 Campana
2283 5441 2461 5505 simul,
2492 5440 2708 5495 Christo
2735 5435 2892 5497 duce,
2921 5433 3101 5486 littora
3133 5430 3276 5488 vecti

1864 5531 1945 5586 Ad
1980 5540 2068 5587 tua
2099 5549 2223 5588 mox
2252 5533 2417 5587 alacri
2448 5531 2722 5600 rapiamur
2745 5523 2982 5578 culmina
3025 5539 3206 5591 cursu,

1863 5625 2028 5696 Inque
2065 5637 2154 5682 tuo
2180 5626 2426 5698 placidus
2458 5621 2614 5677 nobis
2645 5619 2715 5675 sit
2742 5615 2927 5671 limine
2951 5624 3161 5688 portus.

1934 5760 2132 5843 Audiat
2157 5775 2299 5814 nunc
2323 5755 2718 5827 Vigilantianus
2744 5753 2998 5809 inimicus
3023 5754 3204 5810 crucis
3217 5752 3436 5814 Christi,
3509 5839 3512 5842 ἢ

1864 5869 2147 5912 sacrarum
2169 5853 2402 5909 violator
2426 5851 2743 5924 imaginum,
2769 5849 2916 5923 quod
2956 5849 3198 5906 illustres
3224 5847 3327 5903 viri
3355 5855 3440 5902 ss-
