4006 6442
564 369 694 468 δη

1874 395 2180 461 DUNGALI
2209 394 2510 457 .RECLUSI

563 517 769 593 pientia
786 528 850 574 et
872 517 1161 575 sanctitate
1188 523 1303 573 toto
1329 517 1460 573 orbe
1479 517 1799 582 eminentes,
1816 522 2011 569 cuncta
2033 510 2144 568 eol-
2170 512 2224 573 Α
2245 507 2387 565 Ante
2411 516 2533 564 tuos
2562 507 2747 593 vultus
2768 509 2976 565 animas
3000 517 3220 565 vectare
3239 515 3466 578 paterno

568 611 789 667 laudant
832 625 951 681 qua:
997 608 1086 664 ille
1137 608 1439 679 vituperat;
1499 615 1554 662 et
1594 608 1877 664 credentes
1933 603 2136 660 conﬁr-

568 713 720 761 maut
745 720 866 774 quae
891 702 980 759 ille
1007 701 1315 760 incredulus
1341 711 1536 774 negat;
1571 710 1626 756 et
1664 700 1856 770 jubent
1898 698 2138 755 exerceri
2238 709 2241 712 '

564 815 687 870 qua:
723 796 810 852 ille
852 803 1000 852 vetat
1034 811 1132 867 per
1183 795 1362 851 omnia
1411 793 1687 850 dissimilis
1733 803 1790 849 et
1835 792 2141 849 contrarius

565 896 770 944 sanctae
817 887 1244 943 orthodoxorum
1284 886 1529 958 religioni
1575 895 1632 941 et
1669 877 1965 956 sapientiai.
2009 885 2140 952 Qua:

565 979 704 1034 enim
739 987 835 1043 est,
858 989 919 1034 ut
949 978 1026 1033 ait
1069 977 1378 1049 Apostolus,
1407 978 1739 1048 participatio
1758 978 1983 1047 justitiw
2024 993 2141 1030 cum

566 1063 884 1141 iniquitate?
926 1080 1016 1125 aut
1051 1087 1168 1142 qua:
1191 1071 1408 1125 societas
1449 1070 1555 1125 luci
1601 1070 1669 1124 ad
1696 1071 1980 1126 tenebras?
2011 1069 2142 1136 Quae

568 1169 742 1214 autem
769 1162 1037 1214 conventio
1060 1160 1255 1215 Christi
1279 1161 1349 1215 ad
1372 1160 1588 1216 Belial?
1610 1171 1701 1215 aut
1722 1179 1840 1230 qua:
1860 1179 1983 1233 pars
1998 1161 2143 1230 ﬁdeli

567 1266 687 1304 cum
733 1250 934 1320 inﬁdeli
983 1251 1036 1323 (Ι
1071 1251 1193 1306 Cor.
1226 1268 1304 1318 v1,
1351 1254 1437 1318 14,
1471 1253 1595 1325 15)?
1640 1253 1853 1318 Audiat,
1896 1255 2140 1324 inquam,

568 1347 784 1395 sanctos
807 1348 862 1395 et
903 1341 1174 1411 sapientes
1217 1342 1461 1398 viventes
1489 1343 1667 1398 adhuc
1696 1344 1749 1397 in
1783 1359 1948 1398 carne
1985 1357 2142 1398 orare

567 1439 622 1486 et
647 1445 837 1503 rogare
867 1433 1262 1490 studiosissime
1290 1449 1355 1490 ac
1392 1435 1738 1491 devotissime
1783 1444 1999 1491 sanctos
2049 1436 2145 1490 ob-

568 1522 695 1588 itos,
724 1537 956 1593 corpore
992 1524 1295 1591 defunctos,
1339 1525 1432 1581 sed
1455 1527 1722 1591 viventes
1750 1542 1874 1582 cum
1903 1525 2140 1593 Christo,

567 1623 731 1683 atque
775 1622 1086 1685 regnantes,
1119 1627 1181 1671 ut
1206 1618 1554 1687 dignarentur
1585 1618 1913 1674 intervenire
1938 1633 2039 1687 pro
2065 1619 2145 1674 eis

567 1707 634 1762 ad
663 1707 970 1762 Dominum.
1011 1706 1208 1763 Audiat
1236 1723 1330 1764 eos
1368 1717 1611 1765 sanctam
1649 1710 1861 1765 Domini
1903 1725 2142 1776 crucem,

567 1805 879 1853 sanctorum
908 1797 1165 1868 reliquias
1188 1815 1446 1870 mngruo,
1470 1801 1613 1856 fideli
1637 1810 1692 1856 et
1719 1800 1970 1872 religioso
1995 1801 2143 1856 cultu

2240 600 2320 657 Ne
2348 615 2545 659 renuas
2562 588 2777 673 gremio
2801 601 3016 657 Domini
3045 600 3298 674 fulgentis
3326 600 3394 657 ad
3420 615 3539 657 ora.

2873 689 3020 746 Idem
3045 692 3100 746 in
3121 691 3179 749 4.

2240 784 2318 839 Da
2347 782 2572 840 verbum
2599 783 2665 840 de
2683 782 2830 840 fonte
2859 791 2984 850 tuo;
3021 793 3111 838 tua
3137 797 3249 839 non
3282 788 3425 854 queo
3446 783 3550 840 fari

2243 875 2319 930 Te
2347 875 2466 930 sine
2493 891 2506 929 :
2534 889 2766 945 namque
2795 875 2870 929 tui
2906 875 3024 930 laus
3048 876 3325 948 martyris,
3361 884 3416 931 et
3441 884 3531 931 tua
3562 874 3688 934 laus
3713 885 3812 946 est,

2242 967 2343 1035 Qui
2369 966 2502 1022 facis
2526 965 2876 1037 Omnipotens
2907 968 3151 1024 homines
3182 969 3361 1023 divina
3390 967 3568 1024 valere

2242 1059 2534 1132 Fortiaque
2559 1059 2786 1116 inﬁrmis
2811 1076 3095 1130 superans,
3118 1063 3185 1117 de
3208 1077 3372 1117 carne
3399 1063 3724 1134 triumphas.

2865 1151 3015 1207 Idem
3049 1154 3106 1208 in
3142 1153 3195 1207 6.

2243 1243 2428 1315 Longa
2454 1243 2621 1314 igitur
2645 1245 2779 1300 mihi
2803 1247 3076 1311 materies,
3105 1257 3472 1317 quantumque
3495 1247 3599 1302 erit
3628 1248 3752 1316 aevi,

2247 1335 2477 1390 Tantum
2503 1337 2631 1401 erit,
2662 1344 2716 1391 et
2743 1338 2893 1392 verbi
2919 1353 3083 1408 super
3108 1338 3217 1394 hoc
3245 1353 3352 1408 quo
3375 1325 3552 1396 dicere
3575 1348 3732 1411 gesta

2245 1428 2438 1485 Felicis
2459 1437 2660 1500 pateat,
2686 1430 2731 1485 si
2769 1432 2922 1502 copia
2950 1439 3099 1486 tanta
3130 1431 3202 1486 sit
3226 1431 3361 1497 oris,

2247 1520 2456 1589 Quanta
2470 1536 2714 1591 operum,
2730 1523 3015 1593 meritique
3029 1532 3237 1578 manet:
3257 1539 3379 1578 nam
3397 1531 3641 1596 tempore
3653 1525 3721 1580 ab
3733 1523 3814 1581 illo

2246 1613 2365 1681 Quo
2387 1614 2620 1683 primum
2651 1614 2755 1668 ista
2783 1613 2900 1670 dies
2922 1615 3156 1671 Felicem
3181 1615 3290 1670 fine
3317 1615 3474 1669 beato

2246 1702 2517 1769 Condidit,
2546 1713 2602 1759 et
2631 1719 2850 1760 carnem
2884 1706 3066 1768 terris,
3092 1706 3330 1760 animam
3358 1705 3504 1760 dedit
3526 1705 3726 1772 astris;

2248 1792 2326 1847 Ex
2359 1793 2452 1847 illo
2479 1807 2646 1864 prope
2681 1801 2875 1848 cuncta
2903 1794 3018 1849 dies
3046 1801 3306 1864 operante
3334 1793 3546 1848 videtur

567 1888 811 1953 laudare,
854 1887 1077 1960 diligere
1120 1904 1184 1944 ac
1225 1891 1492 1946 venerari.
1528 1890 1666 1946 Hinc
1699 1892 1916 1947 beatum
1965 1890 2146 1946 Pauli-
2172 1898 2219 1959 Β
2246 1882 2570 1940 Confessore
2599 1885 2716 1950 Dei,
2741 1886 2936 1956 probat
2971 1893 3028 1940 et
3054 1885 3172 1941 sine
3196 1897 3425 1955 corpore
3449 1885 3632 1939 vivum

566 1995 697 2036 num
733 1982 1018 2036 sanctitate
1048 1989 1103 2037 et
1133 1983 1392 2053 sapientia
1417 1985 1722 2054 praeditum,
1765 1985 1920 2054 quasi
1951 1999 2144 2055 quem-

566 2072 688 2128 dam
712 2071 940 2143 pharum
965 2071 1355 2129 lucidissimum
1377 2082 1432 2129 et
1458 2075 1649 2129 turrim
1676 2074 2147 2146 inexpugnabilem

566 2164 833 2236 imprimis
862 2166 1269 2236 praetendimus,
1315 2167 1407 2237 qui
1435 2167 1669 2238 plurima
1705 2167 1772 2224 de
1805 2169 1908 2223 hac
1937 2168 2148 2224 ratione

566 2253 1018 2324 luculentissimo,
1050 2265 1212 2328 atque
1247 2257 1634 2315 fecundissimo
1677 2275 1928 2316 sermone
1969 2261 2146 2318 disse-

568 2346 693 2410 ruit,
744 2347 821 2402 ita
863 2346 1116 2419 inquiens
1157 2349 1215 2405 in
1260 2351 1434 2407 sancti
1486 2351 1741 2423 martyris
1788 2349 1986 2409 Felicis
2027 2366 2149 2408 car-

571 2437 716 2495 mine
743 2439 808 2494 ει

569 2568 802 2644 Tempus
822 2571 972 2630 adest
995 2571 1170 2645 plenis
1196 2580 1379 2646 grates
1403 2573 1499 2630 tibi
1531 2572 1760 2630 fundere
1783 2576 1944 2632 votis.

571 2661 616 2719 Ο
649 2673 823 2735 pater,
846 2681 880 2720 ο
909 2666 1148 2732 domine,
1177 2666 1414 2738 indignis
1433 2667 1562 2723 licet
1589 2670 1792 2739 optimo
1815 2671 1991 2728 servis

569 2751 809 2809 Tandem
838 2765 1121 2811 exoratum
1147 2765 1231 2813 est
1257 2760 1400 2814 inter
1429 2767 1520 2814 tua
1546 2761 1734 2816 limina
1762 2762 1919 2818 nobis

570 2842 758 2899 Natale
787 2844 1064 2903 celebrare
1088 2856 1257 2904 tuum.
1286 2850 1412 2905 Tria
1441 2861 1683 2922 tempore
1709 2854 1872 2924 longo

569 2933 766 2990 Lustra
793 2945 1166 3002 cucurrerunt,
1195 2953 1262 2994 ex
1291 2956 1398 3009 quo
1425 2941 1755 2998 solemnibus
1785 2944 1904 3000 istis

569 3023 765 3081 Coram
790 3034 915 3082 vota
943 3027 1057 3094 tibi,
1083 3044 1268 3084 coram
1292 3047 1414 3088 mea
1445 3035 1610 3090 corda
1637 3037 1834 3105 dicavi,

568 3113 650 3170 Ex
684 3115 776 3172 illo
813 3119 906 3188 qui
941 3137 1029 3178 me
1052 3130 1305 3196 terraque
1341 3129 1586 3200 marique
1617 3131 1831 3190 labores

571 3207 891 3266 Distulerint
917 3227 949 3266 a
974 3213 1103 3270 sede
1127 3223 1217 3272 tua
1242 3219 1430 3289 procul
1458 3220 1588 3277 orbe
1607 3233 1835 3292 remota,

572 3297 810 3391 Naristi;
856 3319 980 3360 nam
1017 3315 1069 3362 te
1112 3309 1245 3364 mihi
1277 3325 1490 3383 semper
1517 3315 1719 3385 ubique
1763 3317 2143 3391 propinquum,

567 3390 713 3448 Inter
745 3395 880 3451 dura
906 3397 1028 3466 viae,
1057 3400 1288 3472 vitaeque
1317 3403 1544 3473 incerta,
1579 3409 1790 3464 vocavi.

567 3483 636 3572 Et
660 3489 828 3543 maria
850 3489 1066 3558 intravi,
1097 3493 1233 3550 duce
1259 3503 1311 3551 te
1335 3511 1352 3551 :
1374 3499 1501 3568 quia
1532 3515 1662 3556 cura
1689 3502 1879 3572 pericli

568 3571 744 3630 Cessit
770 3591 954 3634 amore
992 3581 1092 3648 tui,
1116 3598 1216 3640 nec
1242 3592 1296 3642 te
1322 3587 1473 3654 sine;
1514 3606 1641 3645 nam
1669 3571 1759 3648 tua
1785 3594 1929 3650 sensi

567 3664 841 3758 Dmsidia,
871 3671 927 3726 in
963 3672 1191 3733 Domino
1215 3693 1480 3748 superans
1501 3683 1672 3740 maris
1690 3700 1883 3756 aspera
1906 3687 2145 3758 Christo,

569 3757 795 3832 Semper
817 3776 883 3820 eo
906 3773 960 3820 et
982 3769 1144 3826 terris
1166 3779 1220 3826 te
1245 3782 1467 3844 propter
1489 3783 1639 3833 tutus
1675 3785 1729 3833 et
1753 3780 1930 3836 undis.

1124 3883 1274 3940 Idem
1298 3888 1354 3941 in
1380 3889 1580 3944 eodem.

570 3965 711 4056 Ecce
733 3969 852 4027 vias
881 3973 1034 4031 vario
1056 3974 1208 4046 plebs
1237 3978 1473 4035 discolor
1498 3981 1712 4052 agmine
1734 3983 1907 4056 pingit
1931 4004 1944 4040 :

574 4053 744 4117 Urbes
773 4063 1086 4122 innumeras
1112 4081 1218 4123 una
1241 4070 1506 4127 miramur
1528 4073 1582 4128 in
1612 4053 1765 4130 urbe.

536 4144 539 4146 ’
568 4150 614 4209 Ο
641 4152 765 4210 felix
794 4155 975 4213 Felice
1001 4167 1090 4214 tuo
1120 4160 1216 4215 tibi
1246 4164 1474 4232 praesule
1499 4164 1650 4223 Nola.

567 4243 769 4318 inclyta
795 4250 912 4305 cive
955 4266 1133 4317 sacro,
1163 4254 1372 4310 caelesti
1410 4256 1562 4313 ﬁrma
1590 4267 1820 4330 patrono
1845 4276 1859 4316 :

568 4335 697 4393 Post
721 4354 842 4408 quae
870 4342 1042 4412 ipsam
1075 4344 1257 4400 titulos
1282 4345 1508 4402 Romam
1531 4352 1722 4406 sortita
1747 4352 2032 4409 secundos.

567 4428 698 4496 Quae
725 4433 876 4500 prius
907 4434 1133 4504 imperio
1162 4445 1390 4506 tantum,
1422 4448 1478 4496 et
1505 4443 1821 4501 victricibus
1853 4447 2044 4514 armis,

567 4523 721 4612 ljlunc
747 4534 803 4579 et
828 4529 1136 4597 apostolicis
1169 4542 1439 4590 terrarum
1467 4545 1552 4592 est
1585 4539 1757 4610 prima
1787 4541 2070 4612 sepulcris.

2248 1976 2512 2039 Christus,
2545 1985 2604 2030 ut
2626 1979 2878 2032 ostendat
2916 1976 3175 2045 majorem
3206 1977 3262 2031 in
3292 1985 3464 2031 morte
3497 1977 3715 2048 piorum

2249 2068 2537 2136 Virtutem,
2574 2084 2736 2140 quam
2769 2071 2878 2125 vim
2910 2069 2963 2124 in
2992 2069 3104 2124 vita
3130 2082 3412 2138 superesse
3434 2068 3719 2124 malorum.

2798 2160 2949 2216 Idem
2978 2163 3033 2215 in
3061 2160 3263 2215 eodem.

2246 2251 2541 2324 Postquam
2571 2253 2875 2325 depositum
2903 2252 3204 2308 tumulandi
3230 2251 3284 2308 in
3310 2251 3442 2309 sede
3466 2249 3754 2322 feretrum,

2248 2344 2507 2403 Certatim
2533 2345 2765 2416 populus
2794 2344 3016 2415 pietatis
3038 2342 3400 2400 circumfusus

2252 2436 2503 2507 Undique
2532 2438 2760 2492 deusato
2786 2445 2931 2492 cmtu
2966 2436 3047 2491 sic
3073 2436 3318 2492 membra
3345 2445 3589 2504 coronat,

2250 2529 2540 2601 Reliigiosa
2565 2529 2653 2600 pie
2678 2545 2858 2601 pugna
2892 2537 3180 2586 exercetur
3215 2537 3494 2584 amantum
3523 2547 3537 2583 :

2250 2623 2489 2695 Quisque
2527 2623 2693 2678 alium
2722 2637 2971 2694 premere
2999 2631 3055 2678 et
3081 2621 3304 2694 propius
3335 2621 3639 2678 consistere
3660 2630 3812 2679 certat

2251 2713 2557 2783 Belliquiis,
2589 2728 2897 2784 corpusque
2921 2728 3085 2770 manu
3117 2713 3432 2785 contingere
3456 2712 3678 2783 gaudet.

2249 2803 2361 2861 Nec
2385 2806 2518 2860 satis
2543 2814 2627 2860 est
2655 2804 2854 2860 vidisse
2878 2805 3064 2872 semel,
3099 2803 3252 2874 juvat
3285 2817 3456 2874 usque
3476 2804 3704 2867 morari,

2248 2895 2909 2968 Luminaquej'expositis,
2940 2906 2997 2953 et
3033 2913 3139 2968 qua
3170 2897 3329 2952 datur
3352 2895 3538 2952 oscula
3572 2893 3812 2951 membris

2248 2985 2474 3060 Figere;
2506 2989 2601 3044 dat
2619 2989 2871 3045 meritam
2893 2988 3110 3045 Christo
3146 2989 3299 3061 plebs
3324 3003 3564 3045 consona
3590 2988 3808 3045 laudem.

2801 3079 2951 3134 Idem
2983 3081 3037 3135 in
3069 3081 3268 3134 eodem.

2248 3169 2416 3227 Facta
2445 3171 2610 3243 igitur
2637 3178 2756 3226 rata
2780 3170 2923 3241 justa
2948 3173 3096 3242 pium
3146 3180 3330 3228 texere
3359 3172 3606 3241 sepulcro

2174 3280 2219 3343 ρ
2250 3263 2433 3318 Funus
2458 3280 2473 3329 ;
2503 3271 2558 3318 at
2583 3263 2636 3318 in
2660 3265 2865 3319 sanctis
2893 3265 3150 3320 divinitus
3177 3263 3340 3319 insita
3373 3264 3636 3319 membris

2253 3353 2438 3410 Gratia
2472 3369 2579 3409 nou
2603 3355 2776 3424 potuit
2801 3371 2924 3410 cum
2949 3371 3112 3411 carne
3138 3354 3381 3424 morique
3408 3356 3644 3426 tegique.

2249 3445 2418 3510 illico,
2444 3445 2539 3501 sed
2564 3446 2754 3516 positis
2781 3461 2848 3501 ex
2876 3447 3089 3503 ossibus
3116 3447 3338 3503 emicuit
3363 3446 3478 3513 lux,

2251 3535 2382 3604 Quae
2410 3536 2634 3592 medicis
2669 3537 2860 3607 opibus
2881 3539 3060 3593 meriti
3091 3539 3222 3594 dare
3251 3539 3402 3608 signa
3433 3539 3673 3611 potentis

2250 3629 2526 3688 Hactenus
2551 3646 2618 3686 ex
2648 3630 2740 3687 illo
2775 3645 2882 3687 non
2909 3647 3144 3703 unquam
3183 3642 3428 3705 tempore
3457 3632 3648 3704 parcit.

2247 3725 2318 3782 Et
2352 3733 2486 3792 toto,
2513 3741 2620 3796 quo
2643 3727 2875 3782 mundus
2899 3727 3024 3794 erit,
3055 3726 3282 3800 fulgebit
3307 3728 3364 3783 in
3406 3743 3543 3794 aevo,

2249 3816 2365 3872 Lux
2395 3815 2583 3873 eadem
2608 3818 2780 3873 sancti
2819 3819 3018 3874 cineris
3046 3834 3144 3889 per
3178 3819 3372 3892 saecula
3411 3829 3609 3876 custos.

2815 3911 2966 3967 Idem
2989 3913 3042 3968 in
3066 3913 3263 3968 eodem.

2249 4001 2380 4071 Quae
2408 4011 2612 4070 tamen,
2637 4003 2825 4075 ampla
2852 4004 2996 4070 licet,
3025 4005 3317 4060 vincuntur
3346 4004 3579 4061 culmina
3614 4002 3809 4068 turbis;

2249 4096 2404 4164 Quod
2428 4106 2710 4152 crescente
2740 4097 2846 4154 [ide
2875 4099 3207 4170 superundat
3239 4099 3410 4170 gratia
3433 4097 3654 4164 Christi,

2249 4187 2380 4255 Quae
2407 4187 2620 4259 populis
2646 4189 2856 4244 medico
2881 4189 3116 4244 Felicem
3143 4205 3366 4245 munere
3393 4197 3612 4260 praestat

2248 4278 2463 4336 Vivere.
2489 4281 2590 4348 Qui
2617 4291 2869 4352 perstans
2897 4283 3062 4338 etiam
3094 4291 3219 4353 post
3243 4283 3486 4354 corporis
3513 4298 3687 4338 :cvum

2247 4375 2512 4432 Praesidet
2540 4377 2657 4447 ipse
2685 4378 2798 4432 suis
2828 4393 2983 4434 sacer
3016 4378 3266 4445 ossibus;
3293 4393 3522 4449 ossaque
3548 4377 3723 4433 sancti

2246 4467 2502 4539 Corporis
2523 4483 2553 4523 e
2585 4469 2792 4524 tumulo
2819 4485 2926 4525 non
2955 4469 3133 4526 obsita
3152 4470 3374 4541 pulvere
3395 4470 3605 4534 mortis,

2245 4561 2462 4618 Arcano
2492 4571 2710 4619 aeterna:
2739 4565 2833 4620 sed
2862 4566 3086 4636 praedita
3111 4565 3318 4622 semine
3345 4564 3489 4632 vitae,

570 4610 657 4724 Eis
698 4613 892 4724 bonus,
927 4632 961 4671 ο
983 4616 1241 4691 Felixque
1271 4623 1398 4690 tuis,
1444 4610 2139 4702 Dominumque'potentem

2246 4610 2457 4618 ---ν-,η
2493 4610 2710 4619 ..-----..
2740 4610 2833 4620 η..
2862 4610 3086 4636 rum...
3111 4610 3318 4622 ..ν........
3358 4610 3489 4632 ..κη

2248 4653 2533 4709 Viviﬁcum
2562 4655 2772 4724 spirant
2801 4656 2996 4710 animae
3021 4656 3264 4711 victricis
3291 4656 3542 4721 odorem;

567 4702 792 4772 Exores,
827 4705 988 4764 liceat
1008 4709 1219 4780 placato
1246 4730 1472 4772 munere
1499 4718 1698 4775 Christi

565 4795 694 4853 Post
720 4796 892 4870 pelagi
916 4799 1129 4869 ﬂuctus,
1157 4807 1340 4862 mundi
1366 4824 1581 4880 quoque
1608 4811 1856 4870 ﬂuctibus
1881 4815 2033 4880 actis,

563 4886 626 4946 In
651 4890 886 4963 statione
912 4903 1001 4950 tua
1021 4895 1232 4968 placido
1264 4901 1562 4958 consistere
1589 4911 1767 4974 portu.

1059 5005 1208 5064 Idem
1237 5011 1292 5065 in
1317 5015 1550 5069 carmine
1582 5015 1636 5070 ὅ.

565 5089 742 5162 Hunc,
765 5111 977 5167 precor,
1006 5107 1207 5154 aeterna
1237 5101 1518 5159 nobiscum
1544 5122 1679 5176 pace
1706 5123 1961 5166 serenum

563 5181 732 5241 Posce
750 5185 892 5244 diem
917 5206 932 5243 :
962 5188 1066 5246 hoc
1092 5189 1287 5244 iterum
1310 5191 1468 5248 liceat
1494 5198 1728 5266 gaudere
1752 5215 1994 5266 reverso,

564 5272 864 5347 Annuaque
889 5278 995 5343 hic,
1028 5287 1082 5333 et
1115 5287 1240 5334 vota
1272 5282 1399 5348 tuis,
1434 5293 1488 5339 et
1513 5289 1753 5343 carmina
1780 5288 1938 5347 festis

565 5363 808 5424 Reddere
834 5371 1028 5440 placati
1057 5373 1348 5444 tranquillo
1378 5379 1599 5433 numine
1619 5380 1841 5437 Christi.

567 5455 666 5512 ﬂic
697 5474 866 5528 amor,
895 5461 986 5520 hic
1017 5461 1173 5520 labor
1203 5475 1288 5523 est
1323 5468 1508 5535 nobis;
1547 5471 1663 5526 haec
1691 5481 1817 5527 vota
1839 5472 2068 5539 ftuorum

566 5545 813 5620 Suscipe,
845 5557 1269 5628 commendaque
1304 5559 1429 5626 Deo,
1453 5567 1513 5614 ut
1542 5575 1665 5616 cum
1695 5563 1878 5619 sedula
1899 5580 2032 5622 cura

567 5636 858 5698 Servitium
894 5654 1138 5702 nostrum
1166 5647 1325 5722 longo
1352 5651 1449 5706 tibi
1479 5653 1726 5722 penderit
1751 5671 1887 5724 aevo,

566 5729 718 5789 Tunc
741 5734 956 5791 demum
980 5735 1220 5808 placidos
1247 5743 1448 5812 pietate
1473 5743 1678 5801 laboris
1697 5746 1940 5808 alumnos

563 5818 822 5884 Absolvat
842 5825 1094 5887 mittente
1119 5845 1315 5902 manu;
1341 5835 1652 5909 positasque
1677 5847 1892 5899 tuorum
1984 5901 1987 5904 ,

2244 4746 2363 4815 Quo
2391 4747 2658 4801 medicina
2687 4756 2880 4816 potens
2899 4747 3061 4802 datur
3084 4747 3436 4803 exorantibus
3465 4746 3644 4816 aegris.

2247 4839 2459 4905 Quanta
2489 4841 2826 4909 resurgentis
2862 4840 3038 4896 virtus
3062 4848 3117 4895 et
3142 4840 3313 4911 gloria
3345 4841 3540 4912 cinget,

2244 4929 2562 4999 Coniectare
2593 4929 2721 4986 licet
2747 4947 2870 4986 cum
2905 4932 3078 5001 gloria
3117 4940 3267 4988 tanta
3298 4931 3540 5002 sepultos

2241 5018 2482 5085 Ambiat,
2510 5027 2565 5076 et
2591 5028 2796 5090 quanto
2825 5021 3065 5077 rediviva
3093 5022 3289 5079 decore
3320 5023 3597 5078 micabunt

2244 5110 2509 5181 Corpora,
2538 5111 2591 5166 in
2619 5111 2864 5168 obscuris
2891 5128 3014 5168 cum
3053 5115 3124 5170 sit
3150 5113 3243 5170 lux
3273 5124 3423 5172 tanta
3451 5114 3685 5172 favillis?

2245 5199 2385 5267 Quid
2406 5200 2560 5255 nobis
2588 5201 2805 5256 miseris
2833 5201 3024 5257 horum
3051 5212 3312 5274 praestare
3339 5219 3554 5261 coronae

2247 5287 2547 5359 Sullicient,
2579 5307 2810 5364 quorum
2843 5303 2900 5349 et
2932 5295 3147 5352 cineres
3176 5297 3309 5354 dant
3337 5296 3620 5355 commoda
3647 5294 3819 5353 vivis!

2801 5383 2950 5440 Idem
2977 5387 3033 5442 in
3060 5388 3258 5443 eodem.

2244 5471 2486 5555 Namque
2508 5473 2660 5531 vides
2688 5477 2832 5546 quod
2864 5491 2993 5549 agas
3023 5477 3122 5534 tibi
3161 5479 3338 5535 adhuc
3372 5495 3685 5552 superesse,
3725 5474 3822 5535 sed

3525 5572 3605 5646 [in
3634 5583 3752 5636 me,

2241 5655 2343 5724 Qui
2369 5673 2537 5730 prope
2560 5658 2774 5715 caecatis
2801 5658 2974 5716 oculis
2999 5667 3088 5715 tua
3117 5661 3363 5719 coruinus
3389 5672 3510 5720 asto

2239 5747 2486 5817 Limina;
2513 5766 2639 5806 nam
2669 5750 2836 5808 multo
2862 5752 3026 5808 mersi
3051 5766 3172 5808 mea
3191 5751 3396 5809 lumina
3426 5753 3575 5821 ﬂetu,

2239 5838 2358 5900 Non
2383 5838 2560 5898 solum
2585 5842 2802 5914 datum,
2829 5842 2925 5903 sed
2949 5853 3005 5902 et
3029 5842 3173 5904 inter
3202 5844 3396 5916 gaudia
3421 5845 3660 5917 plorans.
3689 5917 3692 5920 ,
