4006 6510
240 444 340 503 515

241 556 523 632 Dempsisti
550 569 769 611 causam
792 552 1179 624 lacrymarum,
1206 551 1333 607 tolle
1359 553 1519 608 modo
1554 561 1671 609 orta

242 652 471 708 Vulnera
494 649 558 704 de
588 646 871 718 lacrymis;
903 645 1213 709 miseratus,
1239 652 1447 710 sancte,
1478 660 1720 699 meorum

242 744 440 801 Damna
483 739 667 804 boum,
703 736 963 792 miserare
1009 734 1198 790 itidem
1236 734 1398 790 modo
1437 730 1634 791 damna
1680 750 1807 791 ocu-

1004 828 1009 833 ’
1497 828 1696 901 [lorum

240 926 488 991 Donastis
514 926 739 983 reduces
765 922 1002 996 pecudes
1025 920 1180 986 mihi,
1213 934 1403 977 rursus
1423 927 1479 977 et
1505 920 1611 975 illis

241 1023 415 1081 Redde
454 1034 607 1075 meos
628 1016 833 1074 oculos.
874 1014 1009 1071 Nam
1049 1015 1176 1084 quid
1199 1012 1353 1083 juvat
1381 1028 1498 1069 esse
1536 1012 1805 1079 reductos,

241 1114 296 1171 Si
322 1113 608 1184 languente
635 1107 750 1164 acie
771 1122 1009 1179 praesens
1036 1106 1391 1176 praesentibus
1418 1103 1632 1161 absim?

240 1206 382 1263 Talia
408 1191 691 1276 praesentis
716 1202 896 1274 populi
926 1201 1095 1257 risere
1121 1210 1438 1271 querentem

240 1298 340 1356 Sed
355 1293 544 1369 procul
571 1293 800 1348 admota:
824 1291 1020 1348 secreti
1048 1292 1305 1363 martyris
1331 1303 1495 1346 aures

241 1391 532 1457 Suscepere
554 1385 673 1456 pias
702 1384 769 1438 ab
798 1384 980 1455 inepto
1007 1384 1247 1455 supplice
1271 1397 1458 1449 voces,

240 1482 458 1549 Moxque
505 1476 707 1533 refecta
749 1490 957 1532 sacram
988 1482 1280 1532 senserunt
1310 1473 1515 1529 lumina
1538 1473 1807 1529 dextram.

237 1571 355 1626 lnde
375 1569 595 1624 domum
612 1567 854 1639 gaudens
879 1566 1051 1623 oculis
1073 1568 1357 1637 bubusque
1375 1566 1632 1636 receptis,

238 1658 579 1713 Collaudante
600 1657 766 1712 Deum
796 1657 994 1727 populo
1029 1658 1326 1723 remeabat,
1355 1665 1410 1713 et
1436 1656 1586 1712 illum

237 1745 373 1803 Laeta
410 1746 746 1818 sequebatur
783 1746 982 1817 gemini
1006 1747 1233 1802 victoria
1259 1746 1392 1802 voti.

734 1837 883 1893 Idem
913 1840 969 1893 in
1004 1839 1235 1894 carmine
1255 1840 1306 1893 7.

1224 431 1354 488 LIB.
1394 430 1768 490 ADVERSUS
1802 430 2157 499 CLAUDIUM
2194 427 2473 489 TAURIN.

3372 424 3477 487 5M

1832 555 1888 619 Α
1910 555 2164 613 Damone
2186 556 2453 612 distentus
2483 553 2608 621 fuit,
2644 552 2830 623 utjam
2858 567 2965 612 non
2990 552 3335 613 modo'notos

1905 646 2002 703 Ille
2029 648 2180 704 cibos
2201 646 2499 712 hominum,
2524 644 2609 701 vel
2640 646 2684 701 si
2715 654 2971 719 congesta
2994 646 3213 703 daretur

1908 739 2073 795 Multa
2102 756 2286 797 mensa
2309 739 2464 811 dape,
2498 739 2552 794 in
2577 738 2718 793 facili
2742 746 3083 794 consumeret
3108 739 3305 797 haustu

1824 864 1825 867 η
1906 833 2107 888 Verum
2133 841 2186 888 et
2211 832 2434 904 gallinas
2452 816 2791 888 habitantum
2814 831 3001 888 limine
3021 839 3221 904 raptas,

1906 921 2029 978 Mox
2050 931 2110 978 ut
2140 925 2431 981 sustulerat
2450 923 2637 979 rabido
2662 924 2995 995 discerperet
3022 939 3137 990 ore,

1906 1016 1975 1073 Et
1996 1017 2174 1089 pluma
2198 1018 2437 1075 incoctas
2464 1035 2569 1074 non
2596 1019 2891 1076 sull‘ocante
2914 1025 3150 1074 voraret.

1907 1108 2050 1179 Quin
2074 1118 2126 1167 et
2151 1108 2429 1168 funeream
2454 1112 2663 1168 saniem
2689 1111 2929 1176 sitiebat,
2956 1119 3009 1168 et
3033 1126 3158 1167 ossa

1906 1204 2226 1271 Lambebat,
2248 1205 2511 1276 pecudum
2534 1206 2776 1277 projecta
2801 1204 3063 1260 cadavera
3080 1201 3362 1269 mandens,

1908 1298 2187 1355 Obscenus
2214 1298 2439 1354 conviva
2470 1314 2683 1355 canum.
2714 1298 2812 1356 Hic
2843 1299 3001 1355 modo
3025 1300 3264 1354 daemone
3288 1303 3467 1363 tanto,

1909 1390 2156 1458 Sobrius,
2183 1406 2310 1447 ecce
2334 1391 2521 1461 procul
2549 1391 2875 1449 conductum
2897 1400 3115 1449 exercet
3140 1391 3392 1465 agellum.

1907 1483 1976 1539 Et
2001 1492 2224 1539 curante
2262 1484 2372 1540 Deo
2402 1493 2590 1540 sancta
2618 1484 2816 1540 Felicis
2840 1486 2892 1540 in
2920 1486 3042 1541 aula

1909 1575 2171 1631 Redditus
2202 1576 2315 1647 ipse
2345 1576 2466 1642 sibi,
2496 1576 2643 1632 claro
2664 1577 2797 1650 satis
2828 1576 3005 1632 indice
3030 1584 3297 1632 monstrat

1908 1671 2143 1728 Felicem
2166 1672 2374 1728 meritis
2398 1679 2451 1728 et
2478 1672 2679 1727 Christi
2704 1671 2922 1727 nomine
2951 1670 3165 1728 fortem.

2418 1786 2567 1843 Idem
2586 1788 2640 1842 in
2658 1788 2889 1842 carmine
2913 1788 2965 1844 9.

237 1931 452 1999 Sancte,
496 1948 715 2005 precor,
744 1947 1001 1989 succurre
1038 1941 1130 1989 tuo
1162 1950 1177 1986 :
1221 1932 1336 1987 scio
1365 1929 1491 2002 quia
1531 1930 1812 2003 proximus
1838 1928 1886 1990 B
1914 1903 2097 2005 §alve’
2132 1904 2299 2005 clm?“
2329 1902 2805 2005 ἀίῗδῖδθινῗῖωὲὴί
2826 1901 3081 2005 lminie?’
3110 1900 3272 2004 ΨΜ

1543 2021 1734 2095 [astas,

236 2113 386 2171 Et-de
408 2115 668 2187 contigua
698 2114 879 2170 missis
900 2113 1045 2169 hunc
1072 2110 1294 2168 auribus
1319 2113 1435 2169 aede

235 2206 459 2273 Audisti,
485 2207 659 2273 Felix,
684 2207 867 2263 fletum
894 2206 1126 2262 infelicis
1164 2205 1389 2261 alumni.

238 2297 353 2353 Sive
382 2299 549 2355 modo
583 2299 796 2356 excelso
825 2300 985 2356 lateri
1015 2298 1338 2369 conjunctus
1370 2298 1617 2355 adhmres

234 2389 362 2445 Ante
395 2392 653 2446 thronum
684 2393 861 2463 magni
887 2393 1029 2465 regis
1064 2391 1365 2457 confessus,
1398 2391 1626 2456 amicus,

236 2478 484 2553 Pauperis
508 2484 654 2539 hanc
678 2485 986 2539 venerande
1024 2484 1102 2539 tui
1135 2493 1286 2540 trans
1315 2483 1496 2539 nubila
1526 2496 1711 2538 vocem

236 2570 437 2643 Accipis
464 2589 603 2629 aure
630 2574 749 2641 Dei,
772 2590 945 2646 neque
974 2576 1196 2641 temnis,
1218 2575 1314 2631 sed
1338 2576 1480 2645 petis
1499 2575 1609 2630 illic

237 2661 397 2729 Quam
421 2664 565 2720 mihi
602 2664 853 2736 deportes
889 2665 1107 2722 Christo
1128 2666 1423 2721 miserante
1444 2665 1691 2723 salutem.

798 2755 949 2811 Idem
970 2758 1024 2811 in
1044 2757 1244 2812 eodem.

239 2848 345 2917 Ipse
369 2847 579 2919 opifex,
607 2846 699 2902 lux
726 2856 930 2915 nostra,
958 2849 1119 2914 Deus,
1146 2848 1344 2905 Felicis
1373 2850 1533 2907 amici

241 2938 467 2996 Natalem
514 2948 664 2994 tanta
698 2939 869 2995 voluit
891 2939 1150 2995 decorare
1174 2940 1421 3008 medela;

244 3031 304 3087 Ut
326 3031 661 3090 confessoris
690 3032 944 3088 meritum
976 3032 1204 3087 sublime
1230 3031 1439 3103 potenti

244 3120 450 3178 Munere
470 3128 828 3188 monstraret,
860 3138 967 3177 non
997 3128 1059 3176 ut
1083 3121 1385 3176 cumularet
1408 3122 1671 3177 honorem

244 3211 487 3285 Martyris
510 3215 614 3271 hoc
634 3230 817 3286 opere,
843 3214 1089 3285 ingentes
1113 3214 1199 3268 cui
1223 3213 1456 3270 contulit
1481 3212 1610 3271 olim
1630 3230 1637 3283 ς

245 3304 515 3362 Nobilibus
539 3307 708 3363 titulis
737 3307 1020 3364 benedicto
1046 3307 1265 3363 nomine
1298 3307 1527 3377 palmas,

246 3398 385 3465 Quas
410 3401 695 3457 indefessis
725 3401 780 3455 in
802 3416 867 3456 eo
894 3401 1183 3457 virtutibus
1204 3402 1353 3456 omni

252 3489 506 3563 Tempore
533 3493 813 3548 continuat
839 3492 1051 3548 Domini
1082 3494 1371 3550 clementia
1402 3492 1631 3550 Christi.

243 3580 347 3637 Sed
378 3584 536 3638 nobis
561 3585 731 3639 voluit
761 3584 1049 3653 specialem
1088 3593 1333 3655 tempore
1362 3584 1419 3639 in
1441 3584 1547 3639 isto

243 3672 515 3727 Laetitiam
542 3676 743 3730 donare
762 3675 925 3740 Deus,
954 3676 1263 3746 propriique
1290 3677 1506 3745 patroni

243 3764 373 3820 Tale
397 3765 600 3836 aliquid
625 3767 857 3838 propriis
886 3783 1119 3837 operans
1140 3769 1350 3839 signum
1379 3769 1508 3824 dare
1532 3768 1723 3825 servis.

755 3858 904 3914 Idem
926 3862 982 3914 in
1009 3861 1246 3916 carmine
1264 3863 1317 3918 8.

250 3947 406 4006 Forte
435 3951 610 4022 magis
634 3951 809 4021 pietas
832 3953 985 4007 nobis
1006 3952 1156 4007 dabit
1185 3954 1286 4010 ista
1313 3954 1562 4024 salutem,

253 4038 306 4095 Si
331 4050 542 4097 nostras
569 4042 689 4097 ideo
714 4042 879 4098 libeat
908 4044 1177 4114 deponere
1207 4062 1386 4114 curas,

212 4138 219 4145 ‘
256 4129 322 4186 Ut
346 4131 644 4189 confessori
671 4132 909 4189 laetantia
932 4137 1095 4190 corda
1125 4134 1382 4203 feramus,

257 4223 411 4295 Cujus
436 4232 642 4283 honore
666 4228 808 4283 Deus
837 4229 1051 4300 gaudet,
1075 4230 1199 4299 quia
1229 4239 1438 4303 martyr
1465 4232 1729 4287 honorem

258 4313 579 4389 Contempsit
600 4319 877 4389 proprium
904 4319 1117 4375 Domini
1138 4336 1236 4391 pro
1264 4322 1482 4376 nomine
1502 4321 1725 4387 Christi,

257 4400 415 4462 Vilior
434 4408 551 4481 ipse
578 4410 699 4475 sibi,
731 4408 1020 4466 utChristo
1044 4411 1335 4480 pretiosior
1356 4420 1522 4469 esset.

815 4501 963 4558 Idem
999 4503 1055 4557 in
1076 4504 1275 4558 eodem.

262 4586 322 4644 Ut
343 4593 613 4662 quondam
641 4594 742 4650 hos
765 4594 959 4650 habuit
982 4602 1136 4651 vetus
1165 4605 1297 4652 aetas
1316 4637 1330 4661 ,
1370 4596 1413 4651 si
1445 4596 1605 4653 modo
1635 4603 1820 4653 nostra

258 4678 477 4741 Felicem
516 4687 706 4742 sortita
732 4687 901 4754 salus,
928 4695 1079 4759 petat
1111 4704 1271 4745 omne
1296 4690 1439 4761 quod
1465 4691 1649 4759 audet,

262 4771 511 4850 Quodque
541 4780 711 4851 cupit,
742 4780 832 4835 tali
860 4789 1042 4851 speret
1071 4781 1277 4837 conﬁsa
1303 4791 1532 4853 patrono

266 4864 468 4940 Sancte,
506 4873 615 4928 Deo
643 4872 859 4937 dilecte,
882 4874 977 4928 Dei
1008 4882 1064 4928 tu
1084 4874 1327 4942 dextera,
1350 4875 1521 4943 Felix,

264 4954 381 5016 Esto
407 4978 606 5034 precor
630 4965 783 5022 nobis
817 4973 871 5020 tu
903 4965 1265 5022 munitissima
1290 4969 1470 5025 turris.

810 5058 959 5113 Idem
979 5060 1034 5113 in
1058 5060 1258 5115 eodem.

270 5142 365 5202 Sed
392 5150 538 5207 velut
563 5158 794 5207 aeternos
814 5151 995 5222 pueris
1024 5153 1390 5211 recinentibus
1411 5154 1665 5227 hymnos,

272 5234 521 5300 Roscidus
544 5257 805 5299 accensos
832 5243 1086 5298 discussit
1115 5245 1336 5313 spiritus
1363 5246 1516 5316 ignes

280 5327 361 5385 Sic
393 5336 543 5391 nobis
568 5334 781 5405 placido
808 5331 1004 5388 Felicis
1026 5335 1199 5404 gratia
1218 5334 1365 5403 flatu,

281 5417 551 5493 ASpirante
572 5427 703 5491 Deo,
729 5424 989 5481 bellorum
1018 5433 1280 5495 temperet
1300 5426 1477 5497 ignes,

281 5509 501 5588 Ortaque
523 5516 798 5574 Romuleis
823 5515 1121 5585 reprimens
1148 5516 1393 5571 incendia
1416 5515 1599 5583 terris,

284 5597 535 5665 Sollicitos
555 5609 765 5681 placida
788 5606 901 5679 jam
929 5620 1062 5676 pace
1089 5606 1376 5678 refrigeret
1396 5616 1578 5673 aestus,

285 5690 539 5774 Fessaque
574 5701 848 5760 restinctis
879 5699 1124 5755 absolvat
1152 5711 1373 5771 pectora
1396 5702 1559 5758 curis.

823 5789 972 5845 Idem
993 5790 1047 5843 in
1071 5790 1267 5846 eodem.

292 5873 501 5943 Quidam
534 5886 695 5946 homo
716 5898 825 5945 non
849 5881 1068 5954 longum
1095 5889 1306 5956 tempus
1329 5890 1441 5943 tam
1462 5883 1763 5963 prodigiali.

1840 3292 1887 3358 C

1918 1994 2145 2063 Semper
2165 1993 2301 2050 festa
2327 1992 2496 2057 mihi;
2527 1992 2619 2047 sed
2642 1992 2696 2046 in
2729 1992 2831 2046 hoc
2852 1992 2983 2046 mihi
3004 1991 3203 2047 clarius
3239 2003 3384 2046 anno

1917 2085 2049 2143 Orta
2075 2082 2352 2149 refulsisti,
2391 2083 2519 2154 quia
2557 2098 2678 2138 cum
2706 2081 2901 2138 Felicis
2930 2083 3134 2138 honore

1917 2177 2162 2233 Nicetam
2188 2176 2421 2241 revehis,
2450 2183 2757 2231 sanctorum
2781 2182 2841 2229 ut
2868 2190 3053 2230 amore
3082 2174 3310 2229 duorum

1916 2269 2109 2325 Binum
2136 2270 2363 2325 habeam
2407 2268 2642 2323 natalem
2671 2267 2851 2333 hodie,
2894 2282 3001 2338 quo
3034 2281 3259 2335 corpore
3289 2263 3488 2338 sumpti

1918 2361 2169 2435 Martyris
2189 2377 2471 2418 excessum
2492 2361 2770 2417 celebrans
2798 2368 2854 2416 et
2877 2375 3102 2430 corpore
3122 2357 3358 2431 prompti

2476 2477 2628 2535 Idem
2653 2479 2709 2532 in
2738 2477 2935 2532 eodem.

1827 2555 1830 2560 “
1918 2573 2038 2644 lpso
2058 2587 2201 2627 nunc
2223 2570 2407 2627 Felice
2428 2585 2563 2640 opus
2591 2578 2693 2634 est,
2721 2578 2775 2624 et
2800 2568 2854 2622 in
2884 2568 2987 2623 hoc
3012 2564 3145 2621 mihi
3168 2577 3364 2619 munus

1921 2664 2130 2729 Sumat,
2160 2670 2221 2718 ut
2258 2679 2285 2717 a
2316 2662 2555 2728 Christo,
2574 2661 2709 2717 mihi
2735 2675 2870 2731 quas
2894 2656 3170 2730 impertiat
3189 2656 3326 2726 ipse,

1921 2758 1990 2816 Ut
2022 2759 2180 2830 digne
2210 2757 2310 2812 sibi
2338 2764 2520 2828 grater
2546 2770 2694 2825 opes.
2727 2754 2795 2809 Et
2823 2767 2968 2808 nunc
2997 2749 3132 2807 mihi
3157 2747 3350 2806 vellem

1918 2850 2054 2906 Viva
2078 2850 2332 2920 perennis
2360 2864 2514 2921 aqua:
2536 2854 2820 2903 manarent
2848 2844 3069 2900 ﬂumina
3097 2850 3286 2898 ventre
3364 2866 3370 2871 -

1921 2943 1993 3002 Ut
2013 2959 2122 3000 non
2141 2958 2236 2999 ore
2263 2958 2409 3008 meo,
2433 2941 2529 2997 sed
2550 2940 2749 2997 Christi
2777 2952 3001 2995 munere
3027 2950 3242 3008 possem

1838 3054 1841 3057 λ
1918 3036 2188 3094 Laetitiam
2214 3049 2472 3091 enarrare
2497 3048 2696 3099 meam,
2725 3046 2845 3103 quas
2867 3044 3091 3085 munere
3112 3024 3317 3084 Christi

1919 3131 2155 3190 Uberius
2181 3128 2341 3188 solito
2362 3127 2635 3201 placidum
2663 3125 2795 3182 mihi
2824 3132 3017 3197 pectus
3048 3119 3291 3179 inundat.

2495 3242 2645 3298 Idem
2658 3241 2713 3296 in
2727 3239 2927 3297 eodem.

1916 3360 2055 3417 Nam
2082 3359 2238 3431 quasi
2266 3358 2577 3428 contignata
2606 3356 2778 3413 sacris
2803 3352 3083 3413 caenacula
3105 3350 3283 3419 tectis,

1915 3452 2172 3523 Spectant
2191 3450 2260 3507 de
2281 3450 2491 3521 superis
2518 3447 2709 3503 altaria
2735 3454 2852 3501 tuta
2883 3443 3158 3509 fenestris,

1918 3545 2032 3602 Sub
2050 3545 2243 3615 quibus
2269 3544 2416 3600 intus
2443 3544 2646 3599 habent
2673 3550 2987 3597 sanctorum
3012 3553 3245 3610 corpora
3271 3536 3456 3593 sedem
3477 3572 3497 3604 ,

1918 3639 2163 3709 Namque
2194 3646 2248 3697 et
2274 3637 2556 3708 apostolici
2580 3636 2791 3691 cineres
2816 3633 2918 3689 sub
2943 3632 3122 3688 caelite
3144 3643 3334 3687 mensa

1919 3729 2183 3799 Depositi,
2209 3728 2480 3799 placidum
2521 3726 2738 3782 Christo
2764 3724 3022 3797 spirantis
3058 3725 3280 3779 odorem

1918 3822 2163 3877 Pulveris
2190 3821 2334 3877 inter
2361 3829 2546 3877 sancta
2573 3819 2713 3876 sacri
2740 3819 2997 3875 libamina
3024 3817 3278 3875 reddunt.

1918 3914 2019 3970 Hic
2046 3920 2199 3985 pater
2234 3913 2501 3979 Andreas,
2533 3913 2621 3969 hic
2644 3913 2737 3984 qui
2760 3913 2998 3983 piscator
3025 3911 3092 3967 ad
3114 3910 3287 3983 Argos

1920 4005 2114 4062 Missus
2133 4003 2452 4076 vaniloquas
2474 4005 2658 4061 docuit
2680 4005 2967 4061 mitescere
2982 4004 3212 4076 linguas.

2486 4121 2638 4178 Idem
2657 4123 2711 4178 in
2725 4123 2925 4178 eodem.

1921 4233 2022 4290 Hic
2046 4241 2099 4288 et
2124 4232 2385 4289 Nazarius
2410 4242 2640 4304 martyr,
2663 4248 2821 4302 quem
2853 4230 3212 4288 munere'fido

1922 4323 2129 4379 Nobilis
2157 4323 2427 4378 Ambrosii
2450 4323 2722 4377 substrata
2754 4330 2933 4377 mente
2954 4321 3154 4389 recepi,

1923 4418 2170 4473 Culmina
2196 4417 2394 4471 Felicis
2424 4416 2695 4486 dignatur,
2736 4422 2791 4469 et
2819 4415 2933 4483 ipse
2958 4414 3221 4483 cohospes

1925 4509 2324 4578 Fraternasque
2337 4508 2526 4563 domos
2554 4506 2781 4577 privatis
2810 4506 3029 4561 sedibus
3050 4505 3219 4560 addit.

1926 4601 2185 4669 Quamvis
2205 4598 2381 4655 sancti
2402 4614 2614 4665 omnes,
2639 4606 2753 4653 toto
2788 4595 2947 4653 simul
2973 4596 3103 4652 orbe
3122 4611 3219 4667 per
3245 4610 3409 4652 unum

1846 4667 1901 4728 D
1932 4667 2057 4750 Sint
2082 4692 2392 4762 ubicunque
2420 4689 2589 4746 Deum
2617 4708 2630 4745 :
2661 4705 2769 4760 quo
2791 4695 3185 4759 przesentantur
3213 4685 3433 4758 ubique,

1932 4787 2189 4859 Corporis
2218 4796 2278 4841 ut
2308 4801 2404 4842 sua
2428 4786 2673 4841 memhra
2698 4784 2831 4848 Deo,
2855 4781 2949 4837 sed
2980 4781 3157 4837 dedita
3185 4779 3387 4837 sanctis

1934 4882 2073 4936 Sunt
2110 4880 2230 4935 loca
2263 4878 2582 4950 corporibus
2612 4893 2626 4942 ;
2655 4891 2830 4945 neque
2876 4883 3083 4929 tantum
3106 4890 3211 4944 qua
3243 4871 3390 4941 jacet
3410 4882 3505 4925 ora

1932 4972 2129 5027 Totum
2154 4985 2373 5039 corpus,
2403 4968 2472 5022 ibi
2496 4966 2794 5036 positorum
2823 4964 2995 5037 gratia
3023 4964 3157 5019 vivit

1933 5062 2041 5119 Sed
2057 5074 2379 5132 quacunque
2391 5059 2463 5129 pii
2488 5068 2571 5113 est
2598 5074 2723 5129 pars
2751 5058 3013 5129 corporis,
3042 5067 3095 5111 et
3118 5068 3307 5110 manus
3329 5055 3508 5108 exstat

1934 5152 2285 5209 Contestante
2313 5151 2425 5205 Deo
2452 5148 2631 5204 meriti
2654 5147 2977 5205 documenta
3001 5143 3147 5205 beati

1935 5244 2127 5315 Magna
2149 5252 2204 5300 et
2228 5244 2283 5299 in
2311 5242 2505 5313 exiguo
2530 5251 2839 5299 sanctorum
2868 5239 3087 5310 pulvere
3120 5233 3292 5289 virtus

1931 5335 2142 5392 Clamat
2169 5337 2446 5407 apostolici
2472 5337 2584 5391 vim
2615 5335 2874 5405 corporis,
2905 5331 3082 5385 indice
3103 5327 3289 5382 verbo.

1936 5429 2032 5486 Bis
2062 5430 2225 5501 igitur
2258 5429 2469 5485 vicinus
2497 5429 2602 5483 erit
2623 5426 2929 5496 quicunque
2950 5416 3203 5490 supernis

1935 5518 2131 5576 Castus
2157 5528 2277 5591 aget
2304 5519 2481 5583 tectis,
2503 5526 2558 5573 et
2583 5516 2671 5586 qui
2702 5512 2889 5584 procul
2916 5510 3130 5566 advena
3146 5514 3296 5566 recto

1840 5640 1841 5645 π
1932 5610 2179 5666 Percitus
2207 5609 2398 5664 affectu
2428 5613 2644 5661 sanctas
2667 5601 2970 5672 properarit
2989 5600 3056 5655 ad
3079 5599 3224 5657 aedes
3245 5638 3265 5666 ,

1937 5703 2073 5760 Cum
2098 5703 2228 5757 velit
2250 5706 2464 5754 oratum
2486 5695 2704 5751 Christo
2725 5701 2965 5750 secretus
2986 5692 3139 5749 adire

1938 5794 2064 5851 Sive
2085 5793 2173 5849 die
2197 5805 2293 5847 seu
2315 5796 2474 5844 nocte
2502 5787 2631 5843 velit
2656 5803 2753 5843 sua
2780 5801 3029 5858 promere
3054 5794 3203 5855 vota,

1936 5884 2169 5961 impiger
2198 5883 2398 5957 attiguo
2421 5882 2486 5941 de
2505 5881 2688 5944 limine
2716 5882 2943 5957 prodeat
2962 5882 3183 5955 hospes.
