4006 6472
1186 331 1316 437 LIB.
1357 378 1729 440 ADVERSUS
1768 377 2126 437 CLAUDIUM
2164 377 2444 437 TAURIN.
3343 370 3450 438 818

1797 493 1850 556 Α
1874 494 2150 552 memoriae
2178 508 2385 558 versus,
2418 505 2526 550 non
2556 491 2683 562 quia
2706 489 2910 562 aliquid
2939 491 3136 548 divinis
3177 491 3294 560 ejus
3333 507 3452 548 mo-

1873 586 1991 640 ritis
2017 587 2237 657 dignum
2278 583 2424 654 loqui
2466 598 2702 654 possem,
2726 583 2821 638 sed
2846 590 2907 637 ut
2937 583 3173 638 studium
3202 583 3450 652 plurimm

1871 679 1925 732 in
1977 679 2120 734 illius
2165 679 2342 735 anima
2385 677 2669 734 charitatis
2698 678 3083 748 exprimerem,
3127 692 3290 733 ausus
3329 691 3451 734 sum

1872 770 2051 826 facere
2075 779 2130 826 et
2162 770 2500 827 unanimitati
2545 778 2649 824 tuae
2695 769 2931 823 mittere.
2979 766 3127 836 Quos
3169 774 3226 821 tu
3264 781 3448 822 coram

1874 865 2103 921 Domino
2154 873 2353 921 sancta:
2401 874 2456 924 et
2499 863 2862 937 cohospitanti
2913 872 3090 920 tecum
3134 876 3345 932 semper
3393 858 3452 915 in

1874 957 2102 1011 Domino
2154 957 2348 1012 anima:
2392 955 2508 1025 ejus
2547 957 2800 1023 recitans,
2841 953 3132 1015 excusabis
3166 951 3448 1013 audaciam

1875 1062 2050 1100 meam
2074 1053 2128 1100 ct
2150 1047 2557 1104 commendabis
2583 1046 2925 1120 obsequium.
2965 1064 2984 1106 ι

226 387 319 449 81⁸1

223 505 377 567 Felix,
400 506 451 556 et
475 496 640 553 tacito
657 505 778 552 mea
795 493 960 552 corda
981 493 1204 548 illabere
1231 491 1381 546 ﬂatu.

225 595 438 668 Spiritus
456 605 549 645 ore
573 602 696 644 meo
716 595 900 643 curret
922 594 1045 641 tuus
1073 603 1086 650 ;
1120 591 1235 639 esto
1264 584 1400 638 meis
1421 582 1544 644 fons

224 685 442 757 Eioquiis
465 699 479 747 ;
510 697 610 753 ego
637 696 768 736 vero
796 680 901 734 tuis
923 695 1016 733 ero
1037 676 1214 732 ﬂstula
1241 676 1392 740 rivis,

223 781 353 849 Quos
378 775 503 833 mihi
529 775 826 846 przebueris
850 772 1019 828 divini
1055 787 1085 826 a
1107 769 1330 827 ﬂumine
1357 768 1530 825 verbi.

763 887 910 942 Idem
933 887 989 940 in
1019 885 1219 940 eodem.

224 989 377 1055 Surge
400 983 583 1051 igitur,
613 979 921 1050 blandoque
947 993 1127 1034 meum
1151 975 1445 1050 spiramine
1470 981 1662 1044 pectus

220 1075 501 1145 Ingredere,
532 1087 565 1126 o
589 1069 743 1126 Felix
766 1077 941 1141 pater,
963 1077 1017 1124 et
1045 1068 1280 1134 domine,
1311 1076 1472 1137 atque
1499 1073 1730 1136 patrone
1755 1078 1769 1126 ;

222 1169 290 1222 Tu
316 1167 496 1220 domus
521 1173 576 1218 et
599 1162 866 1218 medicina
889 1161 1040 1228 mihi,
1070 1169 1126 1215 et
1152 1158 1420 1229 sapientia
1448 1155 1628 1211 Felix:
1873 1159 2162 1232 Presbyter
2191 1161 2279 1215 hic
2302 1160 2440 1216 situs
2461 1170 2544 1217 est
2579 1161 2787 1216 meritis
2817 1169 2872 1218 et
2894 1158 3113 1218 nomine
3141 1155 3338 1214 Clarus
3362 1193 3385 1225 ,

221 1256 289 1311 Tu
313 1270 445 1310 nunc
467 1253 718 1308 obtusam
748 1252 881 1307 mihi
912 1251 1072 1320 longa
1110 1266 1210 1322 per
1241 1250 1352 1306 otia
1377 1255 1611 1304 mentem

219 1348 415 1404 Exacue
442 1346 612 1420 ignito
635 1353 892 1418 vegetans
921 1359 1041 1400 mea
1077 1345 1279 1400 lumine
1303 1343 1490 1400 corda.

761 1455 912 1511 Idem
937 1455 993 1510 in
1014 1456 1214 1511 eodem.

221 1550 316 1606 Sed
346 1549 474 1604 mihi
504 1563 612 1604 non
659 1548 764 1603 isto
793 1548 1096 1604 fundendus
1122 1547 1175 1601 in
1207 1561 1425 1617 aequore
1470 1557 1650 1601 sermo
1672 1550 1776 1611 est,

219 1644 280 1701 Ut
305 1658 396 1714 per
417 1650 727 1700 sanctorum
751 1641 941 1696 merita
977 1649 1068 1695 aut
1095 1639 1356 1698 miracnla
1387 1653 1626 1702 curram,

217 1733 276 1788 Et
297 1748 411 1802 quae
430 1747 528 1804 per
558 1739 776 1788 sanctos
797 1746 986 1787 omnes
1009 1730 1074 1786 ab
1105 1731 1314 1801 origine
1339 1744 1520 1784 rerum

215 1826 429 1882 Praestat
453 1825 670 1898 agitque
690 1826 853 1890 Deus,
895 1840 1053 1879 versu
1076 1833 1360 1894 pertexere
1381 1835 1565 1884 coner,

214 1917 330 1988 Qum
359 1934 463 1975 nec
495 1933 649 1974 mens
669 1919 904 1972 humana
934 1918 1096 1988 capit,
1135 1933 1236 1973 nec
1267 1916 1444 1990 lingua
1469 1914 1672 1988 profari

212 2010 269 2066 Et
294 2012 426 2080 quid
447 2011 504 2064 in
528 2010 631 2064 hoc
651 2010 868 2073 mirum,
896 2008 943 2063 si
971 2009 1158 2062 charta
1190 2007 1458 2062 volumine
1494 2015 1604 2061 toto

212 2099 314 2154 Non
347 2100 526 2169 capiat
555 2113 674 2168 quae
698 2114 797 2154 nec
818 2098 1047 2153 mundus
1069 2099 1234 2168 capit,
1269 2098 1451 2153 omnia
1477 2098 1661 2152 totus?

210 2193 366 2262 Major
390 2193 536 2248 enim
561 2191 760 2245 mundo
786 2191 965 2249 mundi
997 2201 1162 2256 sator,
1198 2192 1311 2263 ipse
1334 2192 1474 2246 Deus
1508 2208 1624 2258 rex,

210 2284 304 2351 Qui
325 2294 526 2338 terram
551 2282 854 2350 caelumque
885 2281 1110 2350 implet,
1151 2298 1313 2352 quem
1346 2298 1451 2336 non
1498 2281 1644 2352 capit
1682 2279 1786 2336 iste

211 2375 445 2441 Mundus,
475 2390 601 2430 eum
634 2375 853 2446 capiunt
873 2373 1043 2428 sancti
1066 2389 1174 2428 non
1206 2374 1454 2448 corporis
1481 2373 1660 2443 amplo

210 2465 308 2523 Sed
337 2468 535 2542 pietate
566 2465 821 2533 humiles,
848 2473 903 2518 et
923 2466 1122 2520 mundo
1152 2465 1315 2520 corde
1335 2466 1590 2538 ‘capaces.

767 2579 915 2636 Idem
952 2580 1009 2634 in
1033 2580 1233 2638 eodem.

209 2670 352 2730 Nunc
379 2674 568 2746 itaque
595 2682 658 2730 ut
680 2673 860 2730 divina
888 2672 992 2730 mei
1030 2673 1168 2728 bene
1196 2679 1345 2742 gesta
1373 2667 1590 2744 patroni

206 2764 392 2824 Felicis
419 2766 660 2828 referam
685 2807 700 2834 ,
736 2765 822 2822 vel
851 2780 971 2836 quae
1000 2764 1132 2820 mihi
1168 2764 1453 2821 commoda
1486 2762 1608 2820 vita:

209 2857 521 2932 Contulerit,
553 2859 642 2915 vel
676 2876 795 2930 quae
820 2858 1004 2916 multis
1041 2873 1142 2930 ope
1167 2857 1348 2912 caelite
1370 2865 1657 2932 przestans,

209 2948 517 3012 Muneribus
557 2950 808 3008 conferre
835 2950 939 3021 piis
966 2964 1075 3006 non
1104 2948 1305 3004 desinit
1331 2948 1479 3004 omni

207 3041 344 3100 Pene
368 3045 475 3112 die,
515 3043 686 3102 variis
720 3043 962 3101 tribuens
987 3041 1074 3112 pia
1109 3056 1333 3096 munera
1363 3040 1534 3112 signis
1566 3057 1579 3094 :

207 3135 482 3192 Christum
509 3136 724 3196 laudari
753 3135 1071 3196 meritorum
1111 3133 1348 3206 postulat
1384 3133 1535 3188 ordo.

206 3225 316 3281 Non
349 3227 652 3294 hominem,
683 3225 777 3284 sed
815 3242 938 3286 eum
973 3225 1154 3298 potius
1192 3224 1416 3284 laudare
1442 3223 1670 3282 videbor
1699 3263 1716 3292 ,
1813 3251 1860 3316 α
1892 3271 1966 3328 Er

204 3319 318 3389 Quo
341 3320 498 3380 Felix
529 3321 755 3378 auctare
783 3330 999 3392 potens,
1032 3320 1341 3376 venerabile
1366 3335 1564 3378 nomen

203 3411 449 3484 Obtinet,
481 3421 539 3470 et
555 3414 792 3476 medicas
815 3413 906 3470 dat
925 3426 1077 3490 Opes,
1100 3412 1295 3482 quibus
1315 3427 1456 3484 aagra
1479 3411 1666 3470 revisit

201 3504 471 3582 Corpora,
510 3506 858 3586 captivasque
892 3503 1102 3558 animas
1130 3503 1184 3558 vi
1213 3502 1472 3558 dremonis
1507 3501 1611 3558 atri

196 3595 450 3656 Absolvit
475 3605 766 3666 superante
794 3597 904 3650 Deo
933 3610 948 3649 :
976 3610 1076 3650 nec
1101 3595 1156 3648 in
1183 3595 1286 3650 hac
1315 3609 1416 3663 ope
1445 3602 1652 3650 tantum

196 3685 498 3742 Munificus
523 3684 674 3743 Felix
699 3693 953 3758 operatur
979 3701 1202 3744 munera
1228 3684 1433 3744 Christi
1466 3724 1480 3752 ,

195 3777 261 3832 Et
290 3776 362 3833 de
390 3776 620 3848 vipereo
645 3763 972 3836 fortissimus
1000 3778 1155 3836 hoste
1176 3778 1488 3850 triumphat.

265 3910 507 3966 Item-ut
536 3911 710 3981 magis
740 3911 966 3966 miretur
994 3910 1188 3967 lividus
1215 3923 1497 3968 accusator
1527 3953 1542 3980 ,
1589 3914 1698 3968 imo
1731 3923 1793 3970 ut

204 4003 401 4059 fremat
432 4011 493 4059 et
526 4003 784 4069 tabescat,
829 4006 1012 4059 audiat
1055 4005 1357 4073 Paulinum,
1399 4018 1458 4062 ut
1508 4008 1584 4063 ait
1609 4009 1790 4082 Augu-

206 4097 402 4162 stinus,
425 4094 698 4151 Nolanum
740 4097 1070 4167 episcopum,
1103 4114 1170 4152 ex
1195 4099 1600 4170 opulentissimo
1627 4103 1792 4159 divite

207 4189 488 4243 voluntate
519 4189 927 4258 pauperrimum
955 4231 968 4255 ,
1011 4199 1066 4245 et
1094 4191 1467 4261 cepiosissime
1497 4205 1743 4250 sanctum
1774 4237 1788 4266 ,

210 4279 272 4334 de
306 4281 596 4349 sapientiae
622 4280 852 4335 scientia
880 4296 988 4335 non
1010 4280 1271 4346 inﬂatum,
1298 4285 1391 4339 sed
1417 4284 1788 4341 humiliatum:

210 4373 332 4442 quia
378 4372 677 4428 charitatis
705 4372 900 4426 ardore
925 4381 1044 4427 erat
1092 4372 1346 4444 ﬂagratus
1381 4384 1434 4430 et
1460 4377 1577 4446 ejus
1602 4388 1794 4433 ornatu

211 4463 528 4520 aediﬁcatus.
554 4463 758 4519 Audiat
783 4504 797 4529 ,
828 4465 1050 4535 inquam
1075 4505 1089 4531 ,
1122 4465 1282 4520 talem
1308 4465 1590 4522 Paulinum
1619 4469 1688 4523 ita
1716 4470 1796 4524 di-

213 4564 420 4614 centem
461 4557 522 4615 in
559 4572 660 4614 sua
703 4555 930 4625 epistola
983 4555 1050 4611 ad
1131 4554 1416 4626 Sulpitium
1489 4557 1788 4614 Severum:

220 4662 236 4695 ι
268 4646 479 4713 Eritne,
507 4661 718 4718 quasso.
750 4655 962 4715 tempus
1005 4646 1154 4712 illud,
1198 4656 1253 4702 et
1282 4648 1559 4705 illucescet
1579 4651 1669 4706 ille
1697 4652 1794 4706 ali-

213 4741 426 4806 quando
455 4741 603 4805 dies,
626 4755 732 4808 quo
762 4738 1160 4796 fraternitatem
1188 4748 1356 4808 tuam,
1381 4744 1578 4798 comite
1605 4745 1802 4800 electo-

217 4844 328 4884 rum
361 4832 460 4886 Dei
489 4832 740 4896 cohorte,
763 4831 1094 4896 venientem,
1122 4832 1176 4886 in
1205 4834 1407 4902 gremio
1427 4833 1536 4901 jam
1567 4853 1800 4891 commu-

215 4919 295 4976 nis
324 4925 547 4991 patroni
571 4921 880 4980 dominmdii
922 4922 1028 4977 mei
1053 4921 1252 4978 Felicis
1273 4925 1580 4992 excipiam?
1609 4947 1627 4978 ι
1653 4928 1798 4983 Idem

217 5016 280 5069 ad
305 5017 562 5072 eumdem
598 5015 653 5068 in
675 5015 898 5083 epistola
925 5016 989 5070 de
1012 5016 1268 5085 palliolis:
1295 5036 1314 5067 ι
1351 5017 1644 5089 Tugurium
1673 5036 1800 5076 vero

218 5117 485 5176 nos'trum,
529 5106 678 5178 quod
729 5123 760 5162 a
813 5117 955 5164 terra
995 5125 1317 5181 suspensum
1347 5112 1654 5178 emnaculo,
1691 5128 1800 5168 una

219 5200 427 5266 porticu
456 5200 674 5257 cellulis
698 5199 1054 5268 hospitalibus
1081 5201 1420 5270 interposita,
1449 5204 1659 5274 longius
1685 5213 1802 5259 ten-

219 5288 379 5356 ditur,
430 5291 598 5361 quasi
641 5290 923 5346 dilatatam
980 5291 1156 5360 gratia
1197 5291 1412 5347 Domini
1466 5310 1573 5348 non
1626 5295 1798 5349 solum

220 5382 423 5437 sanctis
453 5382 556 5452 qui
599 5381 746 5437 illam
781 5381 1001 5450 plurimi
1045 5382 1464 5451 comitabantur,
1509 5387 1603 5440 sed
1638 5387 1800 5440 etiam

220 5467 448 5528 divitum
497 5473 718 5529 illorum
776 5473 1008 5528 catei'vis
1081 5489 1188 5528 non
1253 5489 1477 5543 capaces
1527 5476 1803 5546 angustias

222 5563 487 5631 praebuit;
549 5564 606 5618 in
655 5578 763 5632 quo
813 5563 1061 5633 personis
1101 5578 1393 5634 puerorum
1436 5580 1500 5620 ac
1535 5564 1803 5635 virginum

223 5654 405 5712 choris
464 5657 651 5712 vicina
691 5655 998 5712 dominaedii
1029 5657 1202 5711 nostri
1232 5656 1427 5712 Felicis
1460 5657 1694 5712 culmina
1720 5673 1808 5716 re-

227 5747 531 5806 sultabant.
566 5769 584 5804 ι
613 5749 759 5806 Idem
782 5750 849 5806 ad
884 5750 1134 5806 eumdem
1173 5750 1240 5805 de
1267 5759 1454 5806 sancto
1476 5750 1636 5807 Clam
1656 5767 1811 5822 pres-

229 5843 422 5909 bytero
457 5843 667 5908 comite
697 5843 869 5903 sancti
895 5841 1143 5913 Martini:
1169 5863 1186 5897 ι
1207 5843 1393 5914 Itaque
1415 5853 1615 5902 sanctae
1639 5844 1810 5918 ipsius

1875 1255 2110 1310 Martino
2140 1254 2330 1310 studiis
2357 1270 2566 1321 comes,
2587 1264 2643 1310 et
2670 1254 2851 1312 meriti
2884 1253 3045 1327 modo
3075 1266 3321 1310 consors.

1878 1345 2046 1416 Digna
2079 1346 2168 1415 pio
2197 1346 2388 1402 domus
2414 1355 2499 1402 est
2527 1347 2742 1414 altaria,
2775 1347 2874 1404 sub
2915 1345 3110 1417 quibus
3138 1353 3292 1402 artus

1878 1435 2136 1491 Conditor
2160 1439 2470 1505 exanimos,
2507 1454 2634 1498 nam
2663 1441 2885 1509 spiritus
2923 1440 3126 1496 aethere
3168 1436 3385 1510 gaudet.

1879 1529 2317 1600 Discipulumque
2339 1531 2454 1600 pari
2483 1531 2655 1588 sociat
2679 1546 2841 1602 super
2865 1538 3012 1587 astra
3043 1530 3325 1601 magistro.

1880 1618 2038 1676 Clare
2060 1622 2186 1686 lide,
2215 1623 2476 1692 praeclare
2503 1631 2649 1688 actu,
2681 1621 2981 1680 clarissime
3005 1621 3181 1678 fructu
3205 1660 3222 1688 ,

1953 1712 2054 1777 Qui
2093 1714 2304 1768 meritis
2341 1714 2556 1774 titulum
2584 1714 2822 1772 nominis
2845 1715 3172 1784 aequiparas,

1882 1803 2044 1859 Casta
2073 1813 2220 1860 tuum
2249 1805 2408 1876 digne
2442 1806 2626 1864 velant
2659 1807 2855 1866 altaria
2879 1822 3079 1876 corpus
3104 1847 3120 1873 .

1808 1865 1857 1926 Β
1957 1895 2026 1950 Ut
2059 1865 2550 1966 templumvChristi
2577 1905 2827 1968 contegat
2857 1913 2950 1954 ara
2976 1865 3096 1954 Dei.

1886 1986 1992 2042 Sed
2021 1988 2146 2057 quia
2178 1997 2233 2040 tu
2260 2001 2368 2045 non
2391 1988 2496 2042 hac
2517 2003 2622 2057 qua
2652 2003 2847 2058 corpus
2870 1988 2995 2042 sede
3022 1985 3225 2046 teneris
3247 2023 3266 2053 ,

1954 2080 2054 2146 Qui
2079 2080 2289 2135 meritis
2310 2080 2521 2150 superis
2543 2079 2764 2150 spiritus
2795 2078 3066 2138 involitas.

1886 2170 2010 2226 Sive
2035 2180 2250 2240 patrum
2280 2171 2490 2228 sinibus
2515 2171 2768 2236 recubas,
2799 2170 3079 2228 Dominive
3101 2169 3202 2228 sub
3231 2181 3328 2230 ara

1954 2263 2235 2328 Conderis,
2260 2272 2352 2319 aut
2378 2279 2535 2322 sacro
2562 2264 2804 2333 pasceris
2825 2264 2880 2320 in
2908 2278 3162 2328 nemore;

1885 2357 2134 2425 Qualibet
2158 2356 2212 2411 in
2241 2356 2461 2424 regione
2488 2356 2596 2425 poli
2620 2356 2756 2414 situs
2785 2366 2878 2412 aut
2907 2355 3182 2426 paradisi,

1954 2448 2133 2514 Clare,
2165 2447 2266 2504 sub
2289 2456 2491 2504 aeterna
2515 2462 2649 2517 pace
2671 2448 2864 2504 beatus
2887 2448 3002 2517 agis
3025 2462 3041 2514 ;

1887 2542 2013 2600 Haec
2045 2551 2391 2611 peccatorum
2416 2541 2589 2596 bonus
2613 2541 2798 2610 accipe
2822 2547 2946 2594 v‘ota
2983 2547 3268 2611 rogantum
3291 2577 3311 2606 ,

1959 2632 2030 2692 Ut
2051 2633 2127 2690 sis
2147 2632 2358 2688 Paulini
2386 2631 2765 2702 Therasiteque
2799 2646 3029 2688 memor.

1888 2722 2060 2794 Dilige
2085 2724 2370 2780 mandatos
2405 2723 2800 2780 interveniente
2822 2720 3028 2778 Severo

1959 2814 2104 2883 Quos
2139 2815 2401 2884 ignorasti
2439 2829 2670 2884 corpore
2695 2813 2776 2870 sic
2803 2813 3048 2869 meritos.

1891 2905 2144 2966 Unanimi
2170 2907 2477 2966 communis
2503 2921 2657 2962 amor
2680 2905 2771 2971 sit,
2802 2903 2974 2962 fomes
3001 2903 3245 2974 utrisque

1958 2997 2210 3069 Perpetui
2239 3014 2450 3054 summo
2477 2996 2702 3054 foederis
2728 2998 2783 3052 in
2805 2996 3060 3054 Domino.

1890 3089 2006 3146 Non
2030 3100 2181 3160 potes
2203 3092 2492 3166 implicitos
2520 3091 2815 3157 divellere;
2843 3090 2888 3146 si
2919 3090 3090 3145 trahis
3114 3106 3277 3146 unum
3303 3131 3317 3157 ,

1972 3181 2120 3238 Unus
2145 3183 2536 3250 adhaerentem,
2564 3198 2668 3256 qua
2692 3181 2918 3254 rapitur,
2946 3182 3137 3256 rapiet.

1969 3288 2036 3344 go
2065 3273 2372 3328 individuus
2394 3273 2599 3345 pariter
2620 3273 2980 3345 complectere
3001 3273 3198 3328 fratres
3221 3312 3237 3340 ,

1968 3365 2142 3435 thue
2185 3381 2386 3428 sumus,
2421 3365 2500 3420 sic
2522 3381 2621 3419 nos
2651 3364 2810 3436 dilige
2839 3364 3190 3436 participans.

1891 3455 1982 3512 Sic
2012 3457 2155 3512 Deus
2182 3457 2400 3522 accivit,
2433 3457 2512 3512 sic
2540 3473 2638 3512 nos
2667 3455 2930 3510 Martinus
2953 3455 3152 3510 amavit
3176 3473 3188 3521 ;

1962 3545 2054 3601 Sic
2082 3555 2138 3601 et
2169 3555 2223 3600 tu
2255 3547 2482 3615 pariter,
2517 3546 2695 3611 Clare,
2724 3555 2876 3600 tuere
2902 3559 3080 3616 pares.

1891 3638 2009 3695 Non
2039 3640 2248 3693 meritis
2277 3640 2371 3694 sed
2398 3654 2586 3694 amore
2609 3655 2802 3712 pares;
2838 3645 2914 3706 tu,
2945 3646 3148 3706 sancte,
3180 3637 3404 3706 valebis,

1962 3731 2226 3797 Exorare,
2253 3745 2414 3802 pares
2441 3738 2495 3784 et
2521 3730 2732 3785 meritis
2765 3728 2902 3784 fieri.

1893 3823 1950 3880 Si
1975 3841 2097 3880 cum
2124 3823 2356 3879 Martino
2390 3824 2537 3879 socia
2566 3824 2767 3894 pietate
2797 3825 3014 3882 labores
3040 3868 3054 3892 ,

1965 3915 2036 3970 Ut
2059 3915 2282 3970 vincant
2302 3922 2498 3970 vestrae
2523 3915 2752 3970 crimina
2779 3924 2962 3972 nostra
3001 3930 3205 3987 preces.

1891 4005 1959 4062 Et
1983 4006 2142 4062 simul
2173 4007 2227 4061 in
2250 4008 2414 4064 vestri
2439 4008 2701 4064 ducamur
2729 4014 2875 4064 sorte
2907 4006 3095 4064 Severi
3121 4048 3139 4076 ,

1963 4101 2262 4170 Vestraque
2289 4117 2387 4157 nos
2418 4103 2607 4158 ambos
2637 4109 2887 4174 protegat
2911 4101 2993 4156 ala
3017 4101 3161 4158 sinu.

1962 4194 2108 4250 Idem
2137 4193 2203 4247 de
2232 4194 2317 4251 his
2349 4195 2523 4250 tribus
2554 4193 2757 4268 pariter
2788 4193 2842 4248 in
2870 4208 3038 4246 unum
3075 4189 3336 4252 collectis,
3376 4188 3473 4243 hoc

1894 4295 1978 4342 est
2010 4286 2077 4341 de
2102 4293 2286 4341 sancta
2324 4285 2553 4355 pictura,
2599 4294 2653 4339 et
2701 4285 2883 4338 divina
2931 4297 3093 4337 cruce
3121 4322 3135 4344 ,
3193 4282 3474 4349 sacrisque

1896 4384 2207 4430 sanctorum
2233 4373 2474 4443 reliquiis
2508 4413 2524 4440 ,
2565 4374 2630 4428 de
2659 4373 2856 4444 quibus
2898 4371 3300 4442 blasphematur
3325 4371 3477 4440 quasi

1897 4466 2035 4521 alter
2061 4465 2351 4522 immanior
2387 4473 2660 4520 tartareus
2708 4463 2976 4520 Cerberus
3006 4463 3196 4522 rabida
3227 4463 3330 4518 tria
3360 4471 3479 4535 gut-

1898 4569 2019 4615 tura
2045 4562 2285 4632 pandens
2316 4558 2529 4625 trifauci
2552 4559 2842 4631 perstrepit
2865 4558 3090 4625 latratu,
3127 4567 3183 4614 et
3213 4557 3362 4614 velut
3388 4572 3479 4614 se-

1897 4659 2037 4727 tiger
2064 4657 2346 4728 olidusque
2371 4657 2554 4712 hircus
2582 4658 2748 4712 vitem
2776 4671 3044 4712 amoenam
3067 4653 3267 4710 Christi
3295 4662 3348 4708 et
3370 4666 3480 4708 sua:

1899 4749 2153 4803 Ecclesia:
2181 4749 2512 4819 discerpere,
2542 4756 2596 4802 et
2639 4747 2951 4803 cicatricem
2997 4745 3048 4802 ei
3102 4744 3299 4801 foedam
3339 4742 3480 4799 inﬂi-

1898 4854 2024 4909 gere
2054 4854 2326 4893 venenoso
2362 4839 2523 4892 dente
2557 4847 2805 4903 conatur,
2839 4839 2911 4892 ita
2944 4837 3199 4894 disseruit
3233 4851 3247 4889 :
3277 4853 3294 4888 ‹
3326 4833 3480 4901 Quod

1900 4931 1945 4986 si
1979 4930 2238 4985 Dominus
2260 4930 2584 4984 desiderium
2616 4931 2808 4986 animae
2838 4938 3033 4986 vestra:
3059 4929 3250 4986 fecerit
3281 4941 3478 4982 secun-

1903 5023 2026 5078 dum
2064 5021 2223 5076 fidem
2251 5030 2510 5086 vestram,
2552 5018 2811 5089 adjiciens
2838 5022 3053 5078 ornatui
3084 5030 3138 5076 et
3168 5016 3478 5086 sanctifica-

1903 5112 2036 5168 tioni
2062 5127 2286 5181 operum
2316 5121 2641 5180 vestrorum,
2674 5120 2735 5170 ut
2761 5129 2946 5170 sacros
2980 5114 3191 5168 cineres
3219 5109 3284 5166 de
3309 5109 3480 5162 bene-

1905 5204 2064 5259 dictis
2083 5203 2440 5273 gloriosorum
2467 5205 2832 5274 apostolorum
2881 5213 2973 5258 aut
3013 5209 3313 5270 martyrum
3357 5196 3481 5254 reli-

1904 5297 2046 5366 quiis
2098 5295 2468 5364 adipiscamini
2505 5293 2673 5368 (quia
2724 5296 2882 5368 hujus
2932 5293 3041 5350 voti
3064 5289 3484 5362 prtesumptione

1904 5401 2002 5440 vos
2048 5385 2207 5439 aliam
2260 5386 2398 5455 apud
2435 5385 2820 5440 Primuliacum
2875 5390 3140 5447 nostram,
3189 5390 3244 5435 et
3298 5380 3482 5452 priore

1907 5475 2167 5545 majorem
2195 5473 2474 5531 basilicam
2494 5485 2832 5543 praeparasse
2851 5470 3479 5543 cognovimus),dignum

1904 5577 2069 5636 opere
2101 5563 2226 5621 fidei
2251 5572 2444 5620 vestra:
2474 5601 2490 5628 ,
2519 5572 2574 5618 et
2607 5561 2789 5630 operis
2823 5559 3053 5618 ﬁdeliter
3098 5561 3356 5617 elaborati
3385 5561 3485 5618 de-

1907 5659 2174 5715 dicatione
2186 5657 2372 5728 procul
2385 5655 2548 5712 dubio
2559 5655 2929 5722 celeberrima,
2944 5666 3252 5714 sanctorum
3266 5667 3484 5730 quoque

1907 5751 2147 5820 reliquiis
2200 5749 2400 5804 decens
2426 5745 2790 5814 arbitramur,
2818 5757 2880 5809 ut
2907 5749 3009 5808 hoc
3033 5751 3197 5806 etiam
3227 5747 3372 5821 quod
3411 5747 3490 5802 de

1911 5857 2072 5901 cruce
2125 5839 2396 5908 misimus,
2432 5835 2635 5910 pariter
2660 5836 2961 5910 depositum
2989 5847 3370 5902 sacratum
3384 5845 3484 5892 νο*
