  <div class='ocr_page' id='page_1' title='image "/cluster/home/n/w/nwhite01/storage/ocr_20150623/105/hvd.32044021109350/263.png"; bbox 0 0 4006 6454; ppageno 0'>
   <div class='ocr_carea' id='block_1_1' title="bbox 502 378 608 437">
    <p class='ocr_par' dir='ltr' id='par_1_1' title="bbox 502 378 608 437">
     <span class='ocr_line' id='line_1_1' title="bbox 502 378 608 437; baseline -0.028 0"><span class='ocrx_word' id='word_1_1' title='bbox 502 378 608 437; x_wconf 74' lang='lat'><strong>519</strong></span> 
     </span>
    </p>
   </div>
   <div class='ocr_carea' id='block_1_2' title="bbox 1800 354 2443 419">
    <p class='ocr_par' dir='ltr' id='par_1_2' title="bbox 1800 354 2443 419">
     <span class='ocr_line' id='line_1_2' title="bbox 1800 354 2443 419; baseline -0.011 0"><span class='ocrx_word' id='word_1_2' title='bbox 1800 354 2109 419; x_wconf 71' lang='lat' dir='ltr'><strong>DUNGAH</strong></span> <span class='ocrx_word' id='word_1_3' title='bbox 2145 355 2443 414; x_wconf 75' lang='lat' dir='ltr'><strong>RECLUSI</strong></span> 
     </span>
    </p>
   </div>
   <div class='ocr_carea' id='block_1_3' title="bbox 3665 351 3771 410">
    <p class='ocr_par' dir='ltr' id='par_1_3' title="bbox 3665 351 3771 410">
     <span class='ocr_line' id='line_1_3' title="bbox 3665 351 3771 410; baseline 0 -3"><span class='ocrx_word' id='word_1_4' title='bbox 3665 351 3771 410; x_wconf 70' lang='lat'><strong>520</strong></span> 
     </span>
    </p>
   </div>
   <div class='ocr_carea' id='block_1_4' title="bbox 498 459 3774 581">
    <p class='ocr_par' dir='ltr' id='par_1_4' title="bbox 498 459 3774 581">
     <span class='ocr_line' id='line_1_4' title="bbox 498 459 3774 581; baseline -0.006 -37"><span class='ocrx_word' id='word_1_5' title='bbox 498 483 787 544; x_wconf 87' lang='lat' dir='ltr'><strong>neremini.</strong></span> <span class='ocrx_word' id='word_1_6' title='bbox 814 481 970 552; x_wconf 86' lang='lat' dir='ltr'><strong>Quod</strong></span> <span class='ocrx_word' id='word_1_7' title='bbox 1021 480 1071 539; x_wconf 91' lang='lat' dir='ltr'><strong>si</strong></span> <span class='ocrx_word' id='word_1_8' title='bbox 1118 480 1195 537; x_wconf 92' lang='lat' dir='ltr'><strong>ita</strong></span> <span class='ocrx_word' id='word_1_9' title='bbox 1238 475 1529 550; x_wconf 87' lang='lat' dir='ltr'><strong>placuerit,</strong></span> <span class='ocrx_word' id='word_1_10' title='bbox 1557 475 1818 548; x_wconf 87' lang='lat' dir='ltr'><strong>placitum</strong></span> <span class='ocrx_word' id='word_1_11' title='bbox 1846 482 2088 531; x_wconf 89' lang='lat' dir='ltr'><strong>vestrum</strong></span> <span class='ocrx_word' id='word_1_12' title='bbox 2114 472 2168 535; x_wconf 79' lang='grc' dir='ltr'>Α</span> <span class='ocrx_word' id='word_1_13' title='bbox 2191 486 2382 526; x_wconf 87' lang='lat' dir='ltr'><strong>versus</strong></span> <span class='ocrx_word' id='word_1_14' title='bbox 2403 481 2665 538; x_wconf 85' lang='lat' dir='ltr'><strong>suamque</strong></span> <span class='ocrx_word' id='word_1_15' title='bbox 2689 465 2985 581; x_wconf 68' lang='lat' dir='ltr'><strong>adhortans</strong></span> <span class='ocrx_word' id='word_1_16' title='bbox 3005 459 3357 531; x_wconf 82' lang='lat' dir='ltr'><strong>animam,ait</strong></span> <span class='ocrx_word' id='word_1_17' title='bbox 3379 460 3437 520; x_wconf 89' lang='lat' dir='ltr'><strong>in</strong></span> <span class='ocrx_word' id='word_1_18' title='bbox 3454 461 3774 536; x_wconf 66' lang='lat' dir='ltr'><strong>praefatione</strong></span> 
     </span>
    </p>
   </div>
   <div class='ocr_carea' id='block_1_5' title="bbox 502 569 1697 647">
    <p class='ocr_par' dir='ltr' id='par_1_5' title="bbox 502 569 1697 647">
     <span class='ocr_line' id='line_1_5' title="bbox 502 569 1697 647; baseline -0.011 -11"><span class='ocrx_word' id='word_1_19' title='bbox 502 581 583 647; x_wconf 88' lang='lat' dir='ltr'><strong>bi,</strong></span> <span class='ocrx_word' id='word_1_20' title='bbox 612 580 659 635; x_wconf 90' lang='lat' dir='ltr'><strong>si</strong></span> <span class='ocrx_word' id='word_1_21' title='bbox 688 576 979 642; x_wconf 70' lang='lat' dir='ltr'><strong>videbitur,</strong></span> <span class='ocrx_word' id='word_1_22' title='bbox 1006 573 1260 632; x_wconf 80' lang='lat' dir='ltr'><strong>versiculi</strong></span> <span class='ocrx_word' id='word_1_23' title='bbox 1298 569 1642 628; x_wconf 88' lang='lat' dir='ltr'><strong>nuntiabunt.</strong></span> <span class='ocrx_word' id='word_1_24' title='bbox 1679 590 1697 623; x_wconf 73' lang='grc' dir='ltr'><strong><em>ι</em></strong></span> 
     </span>
    </p>
   </div>
   <div class='ocr_carea' id='block_1_6' title="bbox 501 702 1770 780">
    <p class='ocr_par' dir='ltr' id='par_1_6' title="bbox 501 702 1770 780">
     <span class='ocr_line' id='line_1_6' title="bbox 501 702 1770 780; baseline -0.009 -10"><span class='ocrx_word' id='word_1_25' title='bbox 501 712 753 770; x_wconf 90' lang='lat' dir='ltr'><strong>Divinum</strong></span> <span class='ocrx_word' id='word_1_26' title='bbox 782 708 1097 767; x_wconf 87' lang='lat' dir='ltr'><strong>veneranda</strong></span> <span class='ocrx_word' id='word_1_27' title='bbox 1128 716 1320 780; x_wconf 87' lang='lat' dir='ltr'><strong>tegunt</strong></span> <span class='ocrx_word' id='word_1_28' title='bbox 1341 704 1532 761; x_wconf 87' lang='lat' dir='ltr'><strong>altaria</strong></span> <span class='ocrx_word' id='word_1_29' title='bbox 1573 702 1770 768; x_wconf 78' lang='lat' dir='ltr'><strong>fmdus,</strong></span> 
     </span>
    </p>
   </div>
   <div class='ocr_carea' id='block_1_7' title="bbox 575 793 1887 874">
    <p class='ocr_par' dir='ltr' id='par_1_7' title="bbox 575 793 1887 874">
     <span class='ocr_line' id='line_1_7' title="bbox 575 793 1887 874; baseline -0.01 -13"><span class='ocrx_word' id='word_1_30' title='bbox 575 803 900 874; x_wconf 76' lang='lat' dir='ltr'><strong>Compositis</strong></span> <span class='ocrx_word' id='word_1_31' title='bbox 937 817 1151 858; x_wconf 90' lang='lat' dir='ltr'><strong>sacrum</strong></span> <span class='ocrx_word' id='word_1_32' title='bbox 1191 816 1312 855; x_wconf 90' lang='lat' dir='ltr'><strong>cum</strong></span> <span class='ocrx_word' id='word_1_33' title='bbox 1351 811 1514 855; x_wconf 86' lang='lat' dir='ltr'><strong>cruce</strong></span> <span class='ocrx_word' id='word_1_34' title='bbox 1541 793 1887 866; x_wconf 81' lang='lat' dir='ltr'><strong>martyribus.</strong></span> 
     </span>
    </p>
   </div>
   <div class='ocr_carea' id='block_1_8' title="bbox 502 888 1776 962">
    <p class='ocr_par' dir='ltr' id='par_1_8' title="bbox 502 888 1776 962">
     <span class='ocr_line' id='line_1_8' title="bbox 502 888 1776 962; baseline -0.012 -6"><span class='ocrx_word' id='word_1_35' title='bbox 502 899 709 956; x_wconf 91' lang='lat' dir='ltr'><strong>Cuncta</strong></span> <span class='ocrx_word' id='word_1_36' title='bbox 738 895 1001 954; x_wconf 81' lang='lat' dir='ltr'><strong>salutiferi</strong></span> <span class='ocrx_word' id='word_1_37' title='bbox 1030 902 1226 952; x_wconf 89' lang='lat' dir='ltr'><strong>coeunt</strong></span> <span class='ocrx_word' id='word_1_38' title='bbox 1252 891 1513 962; x_wconf 87' lang='lat' dir='ltr'><strong>martyria</strong></span> <span class='ocrx_word' id='word_1_39' title='bbox 1534 888 1735 945; x_wconf 86' lang='lat' dir='ltr'><strong>Christi</strong></span> <span class='ocrx_word' id='word_1_40' title='bbox 1761 927 1776 953; x_wconf 93' lang='lat'><strong>,</strong></span> 
     </span>
    </p>
   </div>
   <div class='ocr_carea' id='block_1_9' title="bbox 575 978 1875 1057">
    <p class='ocr_par' dir='ltr' id='par_1_9' title="bbox 575 978 1875 1057">
     <span class='ocr_line' id='line_1_9' title="bbox 575 978 1875 1057; baseline -0.011 -13"><span class='ocrx_word' id='word_1_41' title='bbox 575 988 743 1053; x_wconf 78' lang='lat' dir='ltr'><strong>Crux,</strong></span> <span class='ocrx_word' id='word_1_42' title='bbox 768 1002 987 1057; x_wconf 90' lang='lat' dir='ltr'><strong>corpus,</strong></span> <span class='ocrx_word' id='word_1_43' title='bbox 1016 986 1256 1056; x_wconf 81' lang='lat' dir='ltr'><strong>sanguis,</strong></span> <span class='ocrx_word' id='word_1_44' title='bbox 1289 980 1545 1053; x_wconf 85' lang='lat' dir='ltr'><strong>martyris</strong></span> <span class='ocrx_word' id='word_1_45' title='bbox 1574 980 1687 1051; x_wconf 91' lang='lat' dir='ltr'><strong>ipse</strong></span> <span class='ocrx_word' id='word_1_46' title='bbox 1714 978 1875 1033; x_wconf 90' lang='lat' dir='ltr'><strong>Deus.</strong></span> 
     </span>
    </p>
   </div>
   <div class='ocr_carea' id='block_1_10' title="bbox 503 1074 1981 1150">
    <p class='ocr_par' dir='ltr' id='par_1_10' title="bbox 503 1074 1981 1150">
     <span class='ocr_line' id='line_1_10' title="bbox 503 1074 1981 1150; baseline -0.009 -15"><span class='ocrx_word' id='word_1_47' title='bbox 503 1078 748 1150; x_wconf 85' lang='lat' dir='ltr'><strong>Namque</strong></span> <span class='ocrx_word' id='word_1_48' title='bbox 782 1078 922 1133; x_wconf 89' lang='lat' dir='ltr'><strong>Deus</strong></span> <span class='ocrx_word' id='word_1_49' title='bbox 954 1091 1168 1147; x_wconf 87' lang='lat' dir='ltr'><strong>semper</strong></span> <span class='ocrx_word' id='word_1_50' title='bbox 1193 1074 1347 1129; x_wconf 81' lang='lat' dir='ltr'><strong>vobis</strong></span> <span class='ocrx_word' id='word_1_51' title='bbox 1371 1088 1469 1128; x_wconf 90' lang='lat' dir='ltr'><strong>sua</strong></span> <span class='ocrx_word' id='word_1_52' title='bbox 1497 1085 1720 1126; x_wconf 90' lang='lat' dir='ltr'><strong>munera</strong></span> <span class='ocrx_word' id='word_1_53' title='bbox 1756 1074 1938 1124; x_wconf 86' lang='lat' dir='ltr'><strong>servat</strong></span> <span class='ocrx_word' id='word_1_54' title='bbox 1964 1106 1981 1133; x_wconf 93' lang='lat'><strong>,</strong></span> 
     </span>
    </p>
   </div>
   <div class='ocr_carea' id='block_1_11' title="bbox 577 1161 1919 1241">
    <p class='ocr_par' dir='ltr' id='par_1_11' title="bbox 577 1161 1919 1241">
     <span class='ocr_line' id='line_1_11' title="bbox 577 1161 1919 1241; baseline -0.009 -15"><span class='ocrx_word' id='word_1_55' title='bbox 577 1170 753 1241; x_wconf 92' lang='lat' dir='ltr'><strong>Atque</strong></span> <span class='ocrx_word' id='word_1_56' title='bbox 778 1168 870 1224; x_wconf 91' lang='lat' dir='ltr'><strong>ubi</strong></span> <span class='ocrx_word' id='word_1_57' title='bbox 894 1168 1163 1233; x_wconf 87' lang='lat' dir='ltr'><strong>Christus,</strong></span> <span class='ocrx_word' id='word_1_58' title='bbox 1189 1166 1259 1221; x_wconf 92' lang='lat' dir='ltr'><strong>ibi</strong></span> <span class='ocrx_word' id='word_1_59' title='bbox 1288 1165 1521 1236; x_wconf 88' lang='lat' dir='ltr'><strong>Spiritus</strong></span> <span class='ocrx_word' id='word_1_60' title='bbox 1549 1171 1605 1217; x_wconf 90' lang='lat' dir='ltr'><strong>et</strong></span> <span class='ocrx_word' id='word_1_61' title='bbox 1629 1161 1787 1216; x_wconf 87' lang='lat' dir='ltr'><strong>Pater</strong></span> <span class='ocrx_word' id='word_1_62' title='bbox 1818 1166 1919 1215; x_wconf 92' lang='lat' dir='ltr'><strong>est.</strong></span> 
     </span>
    </p>
   </div>
   <div class='ocr_carea' id='block_1_12' title="bbox 510 1252 2051 1329">
    <p class='ocr_par' dir='ltr' id='par_1_12' title="bbox 510 1252 2051 1329">
     <span class='ocr_line' id='line_1_12' title="bbox 510 1252 2051 1329; baseline -0.008 -11"><span class='ocrx_word' id='word_1_63' title='bbox 510 1262 601 1318; x_wconf 90' lang='lat' dir='ltr'><strong>Sic</strong></span> <span class='ocrx_word' id='word_1_64' title='bbox 628 1262 718 1317; x_wconf 90' lang='lat' dir='ltr'><strong>ubi</strong></span> <span class='ocrx_word' id='word_1_65' title='bbox 745 1276 898 1326; x_wconf 83' lang='lat' dir='ltr'><strong>crux,</strong></span> <span class='ocrx_word' id='word_1_66' title='bbox 926 1268 981 1315; x_wconf 91' lang='lat' dir='ltr'><strong>et</strong></span> <span class='ocrx_word' id='word_1_67' title='bbox 1012 1266 1221 1329; x_wconf 79' lang='lat' dir='ltr'><strong>martyr</strong></span> <span class='ocrx_word' id='word_1_68' title='bbox 1248 1257 1320 1312; x_wconf 88' lang='lat' dir='ltr'><strong>ibi</strong></span> <span class='ocrx_word' id='word_1_69' title='bbox 1344 1273 1358 1322; x_wconf 91' lang='lat'><strong>;</strong></span> <span class='ocrx_word' id='word_1_70' title='bbox 1382 1271 1488 1325; x_wconf 87' lang='lat' dir='ltr'><strong>qua</strong></span> <span class='ocrx_word' id='word_1_71' title='bbox 1514 1252 1772 1325; x_wconf 86' lang='lat' dir='ltr'><strong>martyris</strong></span> <span class='ocrx_word' id='word_1_72' title='bbox 1792 1259 1849 1308; x_wconf 90' lang='lat' dir='ltr'><strong>et</strong></span> <span class='ocrx_word' id='word_1_73' title='bbox 1871 1265 2005 1307; x_wconf 81' lang='lat' dir='ltr'><strong>crux</strong></span> <span class='ocrx_word' id='word_1_74' title='bbox 2036 1289 2051 1315; x_wconf 92' lang='lat'><strong>,</strong></span> 
     </span>
    </p>
   </div>
   <div class='ocr_carea' id='block_1_13' title="bbox 580 1345 1693 1425">
    <p class='ocr_par' dir='ltr' id='par_1_13' title="bbox 580 1345 1693 1425">
     <span class='ocr_line' id='line_1_13' title="bbox 580 1345 1693 1425; baseline -0.009 -17"><span class='ocrx_word' id='word_1_75' title='bbox 580 1353 820 1425; x_wconf 82' lang='lat' dir='ltr'><strong>Martyrii</strong></span> <span class='ocrx_word' id='word_1_76' title='bbox 853 1352 1070 1414; x_wconf 83' lang='lat' dir='ltr'><strong>sanctis,</strong></span> <span class='ocrx_word' id='word_1_77' title='bbox 1107 1366 1226 1421; x_wconf 67' lang='lat' dir='ltr'><strong>quae</strong></span> <span class='ocrx_word' id='word_1_78' title='bbox 1255 1350 1341 1421; x_wconf 90' lang='lat' dir='ltr'><strong>pia</strong></span> <span class='ocrx_word' id='word_1_79' title='bbox 1373 1363 1535 1404; x_wconf 90' lang='lat' dir='ltr'><strong>causa</strong></span> <span class='ocrx_word' id='word_1_80' title='bbox 1574 1345 1693 1399; x_wconf 86' lang='lat' dir='ltr'><strong>fuit.</strong></span> 
     </span>
    </p>
   </div>
   <div class='ocr_carea' id='block_1_14' title="bbox 508 1439 1750 1505">
    <p class='ocr_par' dir='ltr' id='par_1_14' title="bbox 508 1439 1750 1505">
     <span class='ocr_line' id='line_1_14' title="bbox 508 1439 1750 1505; baseline -0.007 -6"><span class='ocrx_word' id='word_1_81' title='bbox 508 1444 602 1501; x_wconf 92' lang='lat' dir='ltr'><strong>llla</strong></span> <span class='ocrx_word' id='word_1_82' title='bbox 631 1444 809 1499; x_wconf 91' lang='lat' dir='ltr'><strong>cibum</strong></span> <span class='ocrx_word' id='word_1_83' title='bbox 841 1443 966 1497; x_wconf 79' lang='lat' dir='ltr'><strong>vitae</strong></span> <span class='ocrx_word' id='word_1_84' title='bbox 995 1441 1335 1505; x_wconf 80' lang='lat' dir='ltr'><strong>mortalibus,</strong></span> <span class='ocrx_word' id='word_1_85' title='bbox 1364 1439 1453 1495; x_wconf 89' lang='lat' dir='ltr'><strong>illa</strong></span> <span class='ocrx_word' id='word_1_86' title='bbox 1481 1452 1712 1493; x_wconf 89' lang='lat' dir='ltr'><strong>coronas</strong></span> <span class='ocrx_word' id='word_1_87' title='bbox 1736 1476 1750 1501; x_wconf 91' lang='lat'><strong>,</strong></span> 
     </span>
    </p>
   </div>
   <div class='ocr_carea' id='block_1_15' title="bbox 581 1528 1951 1604">
    <p class='ocr_par' dir='ltr' id='par_1_15' title="bbox 581 1528 1951 1604">
     <span class='ocr_line' id='line_1_15' title="bbox 581 1528 1951 1604; baseline -0.007 -13"><span class='ocrx_word' id='word_1_88' title='bbox 581 1537 711 1604; x_wconf 62' lang='lat' dir='ltr'><strong>Quae</strong></span> <span class='ocrx_word' id='word_1_89' title='bbox 738 1535 964 1591; x_wconf 91' lang='lat' dir='ltr'><strong>Domino</strong></span> <span class='ocrx_word' id='word_1_90' title='bbox 993 1534 1221 1589; x_wconf 88' lang='lat' dir='ltr'><strong>famulos</strong></span> <span class='ocrx_word' id='word_1_91' title='bbox 1249 1532 1595 1604; x_wconf 85' lang='lat' dir='ltr'><strong>participant,</strong></span> <span class='ocrx_word' id='word_1_92' title='bbox 1628 1528 1859 1601; x_wconf 84' lang='lat' dir='ltr'><strong>peperit.</strong></span> <span class='ocrx_word' id='word_1_93' title='bbox 1946 1556 1951 1559; x_wconf 96' lang='lat'><em>-</em></span> 
     </span>
    </p>
   </div>
   <div class='ocr_carea' id='block_1_16' title="bbox 505 1619 2068 1695">
    <p class='ocr_par' dir='ltr' id='par_1_16' title="bbox 505 1619 2068 1695">
     <span class='ocr_line' id='line_1_16' title="bbox 505 1619 2068 1695; baseline -0.007 -10"><span class='ocrx_word' id='word_1_94' title='bbox 505 1628 567 1685; x_wconf 82' lang='lat' dir='ltr'><strong>in</strong></span> <span class='ocrx_word' id='word_1_95' title='bbox 597 1643 757 1684; x_wconf 91' lang='lat' dir='ltr'><strong>cruce</strong></span> <span class='ocrx_word' id='word_1_96' title='bbox 783 1627 886 1681; x_wconf 77' lang='lat' dir='ltr'><strong>lixa</strong></span> <span class='ocrx_word' id='word_1_97' title='bbox 913 1642 1040 1681; x_wconf 89' lang='lat' dir='ltr'><strong>caro</strong></span> <span class='ocrx_word' id='word_1_98' title='bbox 1063 1636 1169 1691; x_wconf 90' lang='lat' dir='ltr'><strong>est,</strong></span> <span class='ocrx_word' id='word_1_99' title='bbox 1196 1642 1302 1695; x_wconf 90' lang='lat' dir='ltr'><strong>qua</strong></span> <span class='ocrx_word' id='word_1_100' title='bbox 1337 1639 1550 1695; x_wconf 89' lang='lat' dir='ltr'><strong>pascor,</strong></span> <span class='ocrx_word' id='word_1_101' title='bbox 1570 1624 1634 1677; x_wconf 89' lang='lat' dir='ltr'><strong>de</strong></span> <span class='ocrx_word' id='word_1_102' title='bbox 1662 1636 1823 1678; x_wconf 85' lang='lat' dir='ltr'><strong>cruce</strong></span> <span class='ocrx_word' id='word_1_103' title='bbox 1849 1619 2068 1692; x_wconf 78' lang='lat' dir='ltr'><strong>sanguis</strong></span> 
     </span>
    </p>
   </div>
   <div class='ocr_carea' id='block_1_17' title="bbox 582 1714 1707 1787">
    <p class='ocr_par' dir='ltr' id='par_1_17' title="bbox 582 1714 1707 1787">
     <span class='ocr_line' id='line_1_17' title="bbox 582 1714 1707 1787; baseline -0.005 -13"><span class='ocrx_word' id='word_1_104' title='bbox 582 1719 673 1774; x_wconf 91' lang='lat' dir='ltr'><strong>llle</strong></span> <span class='ocrx_word' id='word_1_105' title='bbox 702 1718 837 1784; x_wconf 83' lang='lat' dir='ltr'><strong>ﬂuit,</strong></span> <span class='ocrx_word' id='word_1_106' title='bbox 877 1718 1043 1772; x_wconf 88' lang='lat' dir='ltr'><strong>vitam</strong></span> <span class='ocrx_word' id='word_1_107' title='bbox 1071 1732 1178 1787; x_wconf 91' lang='lat' dir='ltr'><strong>quo</strong></span> <span class='ocrx_word' id='word_1_108' title='bbox 1198 1716 1343 1780; x_wconf 89' lang='lat' dir='ltr'><strong>bibo,</strong></span> <span class='ocrx_word' id='word_1_109' title='bbox 1374 1716 1537 1771; x_wconf 89' lang='lat' dir='ltr'><strong>corda</strong></span> <span class='ocrx_word' id='word_1_110' title='bbox 1566 1714 1707 1769; x_wconf 88' lang='lat' dir='ltr'><strong>lavo.</strong></span> 
     </span>
    </p>
   </div>
   <div class='ocr_carea' id='block_1_18' title="bbox 455 1806 1986 1891">
    <p class='ocr_par' dir='ltr' id='par_1_18' title="bbox 455 1806 1986 1891">
     <span class='ocr_line' id='line_1_18' title="bbox 455 1806 1986 1891; baseline -0.004 -21"><span class='ocrx_word' id='word_1_111' title='bbox 455 1874 465 1891; x_wconf 50' lang='lat'><em>.</em></span> <span class='ocrx_word' id='word_1_112' title='bbox 511 1811 751 1878; x_wconf 88' lang='lat' dir='ltr'><strong>Christe,</strong></span> <span class='ocrx_word' id='word_1_113' title='bbox 779 1820 872 1867; x_wconf 90' lang='lat' dir='ltr'><strong>tuo</strong></span> <span class='ocrx_word' id='word_1_114' title='bbox 902 1819 1097 1867; x_wconf 89' lang='lat' dir='ltr'><strong>coeant</strong></span> <span class='ocrx_word' id='word_1_115' title='bbox 1125 1809 1287 1865; x_wconf 88' lang='lat' dir='ltr'><strong>simul</strong></span> <span class='ocrx_word' id='word_1_116' title='bbox 1320 1810 1436 1864; x_wconf 62' lang='lat' dir='ltr'><strong>haec</strong></span> <span class='ocrx_word' id='word_1_117' title='bbox 1466 1818 1553 1863; x_wconf 89' lang='lat' dir='ltr'><strong>tua</strong></span> <span class='ocrx_word' id='word_1_118' title='bbox 1592 1809 1731 1864; x_wconf 91' lang='lat' dir='ltr'><strong>dona</strong></span> <span class='ocrx_word' id='word_1_119' title='bbox 1763 1806 1986 1875; x_wconf 85' lang='lat' dir='ltr'><strong>Severo,</strong></span> 
     </span>
    </p>
   </div>
   <div class='ocr_carea' id='block_1_19' title="bbox 581 1901 1661 1958">
    <p class='ocr_par' dir='ltr' id='par_1_19' title="bbox 581 1901 1661 1958">
     <span class='ocr_line' id='line_1_19' title="bbox 581 1901 1661 1958; baseline -0.003 0"><span class='ocrx_word' id='word_1_120' title='bbox 581 1902 822 1958; x_wconf 89' lang='lat' dir='ltr'><strong>Portitor</strong></span> <span class='ocrx_word' id='word_1_121' title='bbox 849 1910 906 1957; x_wconf 90' lang='lat' dir='ltr'><strong>et</strong></span> <span class='ocrx_word' id='word_1_122' title='bbox 932 1902 1082 1956; x_wconf 90' lang='lat' dir='ltr'><strong>testis</strong></span> <span class='ocrx_word' id='word_1_123' title='bbox 1109 1901 1179 1956; x_wconf 88' lang='lat' dir='ltr'><strong>sit</strong></span> <span class='ocrx_word' id='word_1_124' title='bbox 1204 1902 1381 1956; x_wconf 87' lang='lat' dir='ltr'><strong>crucis</strong></span> <span class='ocrx_word' id='word_1_125' title='bbox 1405 1902 1506 1956; x_wconf 90' lang='lat' dir='ltr'><strong>iste</strong></span> <span class='ocrx_word' id='word_1_126' title='bbox 1536 1908 1661 1956; x_wconf 68' lang='lat' dir='ltr'><strong>tum.</strong></span> 
     </span>
    </p>
   </div>
   <div class='ocr_carea' id='block_1_20' title="bbox 509 1992 1717 2067">
    <p class='ocr_par' dir='ltr' id='par_1_20' title="bbox 509 1992 1717 2067">
     <span class='ocr_line' id='line_1_20' title="bbox 509 1992 1717 2067; baseline -0.001 -15"><span class='ocrx_word' id='word_1_127' title='bbox 509 1992 688 2052; x_wconf 86' lang='lat' dir='ltr'><strong>Carne</strong></span> <span class='ocrx_word' id='word_1_128' title='bbox 717 2004 808 2048; x_wconf 90' lang='lat' dir='ltr'><strong>tua</strong></span> <span class='ocrx_word' id='word_1_129' title='bbox 832 1996 999 2059; x_wconf 88' lang='lat' dir='ltr'><strong>vivat,</strong></span> <span class='ocrx_word' id='word_1_130' title='bbox 1022 2003 1144 2050; x_wconf 90' lang='lat' dir='ltr'><strong>tuus</strong></span> <span class='ocrx_word' id='word_1_131' title='bbox 1170 1994 1244 2049; x_wconf 91' lang='lat' dir='ltr'><strong>illi</strong></span> <span class='ocrx_word' id='word_1_132' title='bbox 1276 1995 1467 2065; x_wconf 90' lang='lat' dir='ltr'><strong>pocula</strong></span> <span class='ocrx_word' id='word_1_133' title='bbox 1496 1994 1717 2067; x_wconf 82' lang='lat' dir='ltr'><strong>sanguis</strong></span> 
     </span>
    </p>
   </div>
   <div class='ocr_carea' id='block_1_21' title="bbox 587 2084 1727 2156">
    <p class='ocr_par' dir='ltr' id='par_1_21' title="bbox 587 2084 1727 2156">
     <span class='ocr_line' id='line_1_21' title="bbox 587 2084 1727 2156; baseline 0.001 -17"><span class='ocrx_word' id='word_1_134' title='bbox 587 2084 854 2149; x_wconf 83' lang='lat' dir='ltr'><strong>Praebeat,</strong></span> <span class='ocrx_word' id='word_1_135' title='bbox 883 2084 938 2139; x_wconf 92' lang='lat' dir='ltr'><strong>in</strong></span> <span class='ocrx_word' id='word_1_136' title='bbox 963 2085 1129 2139; x_wconf 88' lang='lat' dir='ltr'><strong>verbo</strong></span> <span class='ocrx_word' id='word_1_137' title='bbox 1155 2085 1322 2150; x_wconf 89' lang='lat' dir='ltr'><strong>vivat,</strong></span> <span class='ocrx_word' id='word_1_138' title='bbox 1349 2096 1579 2156; x_wconf 85' lang='lat' dir='ltr'><strong>agatque</strong></span> <span class='ocrx_word' id='word_1_139' title='bbox 1604 2094 1727 2151; x_wconf 91' lang='lat' dir='ltr'><strong>tuo,</strong></span> 
     </span>
    </p>
   </div>
   <div class='ocr_carea' id='block_1_22' title="bbox 512 2175 1911 2246">
    <p class='ocr_par' dir='ltr' id='par_1_22' title="bbox 512 2175 1911 2246">
     <span class='ocr_line' id='line_1_22' title="bbox 512 2175 1911 2246; baseline 0.003 -16"><span class='ocrx_word' id='word_1_140' title='bbox 512 2176 736 2246; x_wconf 86' lang='lat' dir='ltr'><strong>Quaque</strong></span> <span class='ocrx_word' id='word_1_141' title='bbox 758 2186 905 2231; x_wconf 92' lang='lat' dir='ltr'><strong>tuum</strong></span> <span class='ocrx_word' id='word_1_142' title='bbox 928 2176 1073 2232; x_wconf 90' lang='lat' dir='ltr'><strong>socio</strong></span> <span class='ocrx_word' id='word_1_143' title='bbox 1106 2175 1391 2230; x_wconf 86' lang='lat' dir='ltr'><strong>Martinum</strong></span> <span class='ocrx_word' id='word_1_144' title='bbox 1419 2177 1715 2233; x_wconf 88' lang='lat' dir='ltr'><strong>ascendere</strong></span> <span class='ocrx_word' id='word_1_145' title='bbox 1750 2176 1911 2235; x_wconf 87' lang='lat' dir='ltr'><strong>Claro</strong></span> 
     </span>
    </p>
   </div>
   <div class='ocr_carea' id='block_1_23' title="bbox 589 2268 1660 2339">
    <p class='ocr_par' dir='ltr' id='par_1_23' title="bbox 589 2268 1660 2339">
     <span class='ocr_line' id='line_1_23' title="bbox 589 2268 1660 2339; baseline 0.001 -16"><span class='ocrx_word' id='word_1_146' title='bbox 589 2269 734 2323; x_wconf 84' lang='lat' dir='ltr'><strong>Vidit</strong></span> <span class='ocrx_word' id='word_1_147' title='bbox 759 2276 814 2324; x_wconf 90' lang='lat' dir='ltr'><strong>et</strong></span> <span class='ocrx_word' id='word_1_148' title='bbox 842 2268 954 2339; x_wconf 89' lang='lat' dir='ltr'><strong>ipse</strong></span> <span class='ocrx_word' id='word_1_149' title='bbox 982 2276 1072 2322; x_wconf 89' lang='lat' dir='ltr'><strong>tuo</strong></span> <span class='ocrx_word' id='word_1_150' title='bbox 1096 2283 1319 2324; x_wconf 89' lang='lat' dir='ltr'><strong>munere</strong></span> <span class='ocrx_word' id='word_1_151' title='bbox 1343 2278 1530 2325; x_wconf 91' lang='lat' dir='ltr'><strong>vectus</strong></span> <span class='ocrx_word' id='word_1_152' title='bbox 1552 2278 1660 2324; x_wconf 91' lang='lat' dir='ltr'><strong>eat.</strong></span> 
     </span>
    </p>
   </div>
   <div class='ocr_carea' id='block_1_24' title="bbox 594 2357 2095 2431">
    <p class='ocr_par' dir='ltr' id='par_1_24' title="bbox 594 2357 2095 2431">
     <span class='ocr_line' id='line_1_24' title="bbox 594 2357 2095 2431; baseline 0.005 -20"><span class='ocrx_word' id='word_1_153' title='bbox 594 2377 613 2411; x_wconf 73' lang='grc' dir='ltr'>ι</span> <span class='ocrx_word' id='word_1_154' title='bbox 657 2357 713 2414; x_wconf 91' lang='lat' dir='ltr'><strong>Si</strong></span> <span class='ocrx_word' id='word_1_155' title='bbox 744 2374 874 2415; x_wconf 89' lang='lat' dir='ltr'><strong>vero</strong></span> <span class='ocrx_word' id='word_1_156' title='bbox 908 2359 1081 2431; x_wconf 91' lang='lat' dir='ltr'><strong>magis</strong></span> <span class='ocrx_word' id='word_1_157' title='bbox 1108 2360 1320 2430; x_wconf 88' lang='lat' dir='ltr'><strong>placeat</strong></span> <span class='ocrx_word' id='word_1_158' title='bbox 1362 2361 1515 2416; x_wconf 87' lang='lat' dir='ltr'><strong>vobis</strong></span> <span class='ocrx_word' id='word_1_159' title='bbox 1537 2363 1680 2418; x_wconf 89' lang='lat' dir='ltr'><strong>hanc</strong></span> <span class='ocrx_word' id='word_1_160' title='bbox 1713 2362 1779 2419; x_wconf 92' lang='lat' dir='ltr'><strong>de</strong></span> <span class='ocrx_word' id='word_1_161' title='bbox 1814 2378 1974 2418; x_wconf 86' lang='lat' dir='ltr'><strong>cruce</strong></span> <span class='ocrx_word' id='word_1_162' title='bbox 2002 2362 2095 2418; x_wconf 90' lang='lat' dir='ltr'><strong>be-</strong></span> 
     </span>
    </p>
   </div>
   <div class='ocr_carea' id='block_1_25' title="bbox 512 2452 2093 2525">
    <p class='ocr_par' dir='ltr' id='par_1_25' title="bbox 512 2452 2093 2525">
     <span class='ocr_line' id='line_1_25' title="bbox 512 2452 2093 2525; baseline 0.001 -16"><span class='ocrx_word' id='word_1_163' title='bbox 512 2452 873 2509; x_wconf 88' lang='lat' dir='ltr'><strong>nedictionem</strong></span> <span class='ocrx_word' id='word_1_164' title='bbox 914 2454 981 2507; x_wconf 90' lang='lat' dir='ltr'><strong>ad</strong></span> <span class='ocrx_word' id='word_1_165' title='bbox 1020 2454 1391 2524; x_wconf 86' lang='lat' dir='ltr'><strong>quotidianam</strong></span> <span class='ocrx_word' id='word_1_166' title='bbox 1428 2454 1649 2509; x_wconf 85' lang='lat' dir='ltr'><strong>tutelam</strong></span> <span class='ocrx_word' id='word_1_167' title='bbox 1682 2463 1844 2525; x_wconf 88' lang='lat' dir='ltr'><strong>atque</strong></span> <span class='ocrx_word' id='word_1_168' title='bbox 1870 2456 2093 2511; x_wconf 90' lang='lat' dir='ltr'><strong>medici-</strong></span> 
     </span>
    </p>
   </div>
   <div class='ocr_carea' id='block_1_26' title="bbox 514 2545 2096 2616">
    <p class='ocr_par' dir='ltr' id='par_1_26' title="bbox 514 2545 2096 2616">
     <span class='ocr_line' id='line_1_26' title="bbox 514 2545 2096 2616; baseline 0.001 -18"><span class='ocrx_word' id='word_1_169' title='bbox 514 2560 639 2599; x_wconf 89' lang='lat' dir='ltr'><strong>nam</strong></span> <span class='ocrx_word' id='word_1_170' title='bbox 671 2545 723 2599; x_wconf 89' lang='lat' dir='ltr'><strong>in</strong></span> <span class='ocrx_word' id='word_1_171' title='bbox 749 2553 1001 2616; x_wconf 90' lang='lat' dir='ltr'><strong>promptu</strong></span> <span class='ocrx_word' id='word_1_172' title='bbox 1027 2546 1248 2612; x_wconf 89' lang='lat' dir='ltr'><strong>habere,</strong></span> <span class='ocrx_word' id='word_1_173' title='bbox 1280 2561 1348 2601; x_wconf 91' lang='lat' dir='ltr'><strong>ne</strong></span> <span class='ocrx_word' id='word_1_174' title='bbox 1377 2545 1545 2601; x_wconf 88' lang='lat' dir='ltr'><strong>semel</strong></span> <span class='ocrx_word' id='word_1_175' title='bbox 1569 2546 1789 2601; x_wconf 88' lang='lat' dir='ltr'><strong>condita</strong></span> <span class='ocrx_word' id='word_1_176' title='bbox 1819 2546 1873 2599; x_wconf 93' lang='lat' dir='ltr'><strong>in</strong></span> <span class='ocrx_word' id='word_1_177' title='bbox 1901 2545 2096 2600; x_wconf 90' lang='lat' dir='ltr'><strong>altario</strong></span> 
     </span>
    </p>
   </div>
   <div class='ocr_carea' id='block_1_27' title="bbox 508 2636 2094 2708">
    <p class='ocr_par' dir='ltr' id='par_1_27' title="bbox 508 2636 2094 2708">
     <span class='ocr_line' id='line_1_27' title="bbox 508 2636 2094 2708; baseline 0 -18"><span class='ocrx_word' id='word_1_178' title='bbox 508 2651 615 2692; x_wconf 90' lang='lat' dir='ltr'><strong>non</strong></span> <span class='ocrx_word' id='word_1_179' title='bbox 644 2651 856 2706; x_wconf 90' lang='lat' dir='ltr'><strong>semper</strong></span> <span class='ocrx_word' id='word_1_180' title='bbox 883 2637 951 2691; x_wconf 88' lang='lat' dir='ltr'><strong>ad</strong></span> <span class='ocrx_word' id='word_1_181' title='bbox 977 2651 1195 2691; x_wconf 90' lang='lat' dir='ltr'><strong>manum</strong></span> <span class='ocrx_word' id='word_1_182' title='bbox 1222 2679 1236 2704; x_wconf 91' lang='lat'><strong>,</strong></span> <span class='ocrx_word' id='word_1_183' title='bbox 1274 2645 1334 2692; x_wconf 91' lang='lat' dir='ltr'><strong>ut</strong></span> <span class='ocrx_word' id='word_1_184' title='bbox 1359 2654 1488 2694; x_wconf 87' lang='lat' dir='ltr'><strong>usus</strong></span> <span class='ocrx_word' id='word_1_185' title='bbox 1518 2636 1715 2708; x_wconf 83' lang='lat' dir='ltr'><strong>exigit,</strong></span> <span class='ocrx_word' id='word_1_186' title='bbox 1750 2645 1949 2707; x_wconf 80' lang='lat' dir='ltr'><strong>praesto</strong></span> <span class='ocrx_word' id='word_1_187' title='bbox 1975 2637 2045 2691; x_wconf 90' lang='lat' dir='ltr'><strong>sit</strong></span> <span class='ocrx_word' id='word_1_188' title='bbox 2078 2677 2094 2703; x_wconf 91' lang='lat'><strong>,</strong></span> 
     </span>
    </p>
   </div>
   <div class='ocr_carea' id='block_1_28' title="bbox 510 2727 2093 2801">
    <p class='ocr_par' dir='ltr' id='par_1_28' title="bbox 510 2727 2093 2801">
     <span class='ocr_line' id='line_1_28' title="bbox 510 2727 2093 2801; baseline 0.002 -20"><span class='ocrx_word' id='word_1_189' title='bbox 510 2728 706 2782; x_wconf 78' lang='lat' dir='ltr'><strong>sufﬁcit</strong></span> <span class='ocrx_word' id='word_1_190' title='bbox 740 2736 795 2783; x_wconf 92' lang='lat' dir='ltr'><strong>et</strong></span> <span class='ocrx_word' id='word_1_191' title='bbox 824 2727 913 2781; x_wconf 89' lang='lat' dir='ltr'><strong>illa</strong></span> <span class='ocrx_word' id='word_1_192' title='bbox 960 2731 1030 2783; x_wconf 90' lang='lat' dir='ltr'><strong>ad</strong></span> <span class='ocrx_word' id='word_1_193' title='bbox 1078 2730 1316 2786; x_wconf 61' lang='lat' dir='ltr'><strong>basilicae</strong></span> <span class='ocrx_word' id='word_1_194' title='bbox 1363 2732 1830 2787; x_wconf 88' lang='lat' dir='ltr'><strong>consecrationem</strong></span> <span class='ocrx_word' id='word_1_195' title='bbox 1873 2730 2045 2801; x_wconf 89' lang='lat' dir='ltr'><strong>gratia</strong></span> <span class='ocrx_word' id='word_1_196' title='bbox 2078 2771 2093 2797; x_wconf 94' lang='lat'><strong>,</strong></span> 
     </span>
    </p>
   </div>
   <div class='ocr_carea' id='block_1_29' title="bbox 510 2822 2095 2895">
    <p class='ocr_par' dir='ltr' id='par_1_29' title="bbox 510 2822 2095 2895">
     <span class='ocr_line' id='line_1_29' title="bbox 510 2822 2095 2895; baseline 0.001 -17"><span class='ocrx_word' id='word_1_197' title='bbox 510 2822 723 2878; x_wconf 88' lang='lat' dir='ltr'><strong>scilicet</strong></span> <span class='ocrx_word' id='word_1_198' title='bbox 747 2822 1007 2879; x_wconf 89' lang='lat' dir='ltr'><strong>Dominus</strong></span> <span class='ocrx_word' id='word_1_199' title='bbox 1037 2841 1159 2880; x_wconf 92' lang='lat' dir='ltr'><strong>cum</strong></span> <span class='ocrx_word' id='word_1_200' title='bbox 1197 2826 1454 2895; x_wconf 83' lang='lat' dir='ltr'><strong>apostolis</strong></span> <span class='ocrx_word' id='word_1_201' title='bbox 1490 2835 1542 2880; x_wconf 91' lang='lat' dir='ltr'><strong>et</strong></span> <span class='ocrx_word' id='word_1_202' title='bbox 1571 2824 1936 2895; x_wconf 87' lang='lat' dir='ltr'><strong>martyribus;</strong></span> <span class='ocrx_word' id='word_1_203' title='bbox 1962 2839 2095 2894; x_wconf 84' lang='lat' dir='ltr'><strong>quo-</strong></span> 
     </span>
    </p>
   </div>
   <div class='ocr_carea' id='block_1_30' title="bbox 511 2915 2094 2985">
    <p class='ocr_par' dir='ltr' id='par_1_30' title="bbox 511 2915 2094 2985">
     <span class='ocr_line' id='line_1_30' title="bbox 511 2915 2094 2985; baseline 0.004 -16"><span class='ocrx_word' id='word_1_204' title='bbox 511 2931 631 2970; x_wconf 90' lang='lat' dir='ltr'><strong>rum</strong></span> <span class='ocrx_word' id='word_1_205' title='bbox 660 2915 997 2971; x_wconf 85' lang='lat' dir='ltr'><strong>venerandus</strong></span> <span class='ocrx_word' id='word_1_206' title='bbox 1035 2917 1174 2973; x_wconf 91' lang='lat' dir='ltr'><strong>cinis</strong></span> <span class='ocrx_word' id='word_1_207' title='bbox 1202 2959 1217 2985; x_wconf 92' lang='lat'><strong>,</strong></span> <span class='ocrx_word' id='word_1_208' title='bbox 1249 2918 1294 2973; x_wconf 87' lang='lat' dir='ltr'><strong>si</strong></span> <span class='ocrx_word' id='word_1_209' title='bbox 1332 2919 1449 2975; x_wconf 91' lang='lat' dir='ltr'><strong>sine</strong></span> <span class='ocrx_word' id='word_1_210' title='bbox 1473 2920 1652 2975; x_wconf 90' lang='lat' dir='ltr'><strong>crucis</strong></span> <span class='ocrx_word' id='word_1_211' title='bbox 1676 2919 1947 2975; x_wconf 89' lang='lat' dir='ltr'><strong>consortio</strong></span> <span class='ocrx_word' id='word_1_212' title='bbox 1970 2919 2094 2975; x_wconf 76' lang='lat' dir='ltr'><strong>sub—</strong></span> 
     </span>
    </p>
   </div>
   <div class='ocr_carea' id='block_1_31' title="bbox 504 3006 1964 3081">
    <p class='ocr_par' dir='ltr' id='par_1_31' title="bbox 504 3006 1964 3081">
     <span class='ocr_line' id='line_1_31' title="bbox 504 3006 1964 3081; baseline 0.005 -21"><span class='ocrx_word' id='word_1_213' title='bbox 504 3006 726 3078; x_wconf 86' lang='lat' dir='ltr'><strong>jiciatur</strong></span> <span class='ocrx_word' id='word_1_214' title='bbox 758 3007 1044 3076; x_wconf 86' lang='lat' dir='ltr'><strong>altaribus,</strong></span> <span class='ocrx_word' id='word_1_215' title='bbox 1073 3010 1163 3066; x_wconf 93' lang='lat' dir='ltr'><strong>hic</strong></span> <span class='ocrx_word' id='word_1_216' title='bbox 1192 3019 1414 3081; x_wconf 89' lang='lat' dir='ltr'><strong>opertos</strong></span> <span class='ocrx_word' id='word_1_217' title='bbox 1442 3011 1631 3066; x_wconf 89' lang='lat' dir='ltr'><strong>titulus</strong></span> <span class='ocrx_word' id='word_1_218' title='bbox 1659 3011 1918 3068; x_wconf 87' lang='lat' dir='ltr'><strong>indicavit</strong></span> <span class='ocrx_word' id='word_1_219' title='bbox 1949 3026 1964 3067; x_wconf 90' lang='lat'><strong>:</strong></span> 
     </span>
    </p>
   </div>
   <div class='ocr_carea' id='block_1_32' title="bbox 511 3120 1742 3199">
    <p class='ocr_par' dir='ltr' id='par_1_32' title="bbox 511 3120 1742 3199">
     <span class='ocr_line' id='line_1_32' title="bbox 511 3120 1742 3199; baseline 0.005 -23"><span class='ocrx_word' id='word_1_220' title='bbox 511 3120 743 3194; x_wconf 78' lang='lat' dir='ltr'><strong>Pignora</strong></span> <span class='ocrx_word' id='word_1_221' title='bbox 769 3131 1079 3180; x_wconf 90' lang='lat' dir='ltr'><strong>sanctorum</strong></span> <span class='ocrx_word' id='word_1_222' title='bbox 1109 3124 1306 3180; x_wconf 61' lang='lat' dir='ltr'><strong>divinae</strong></span> <span class='ocrx_word' id='word_1_223' title='bbox 1340 3126 1511 3199; x_wconf 86' lang='lat' dir='ltr'><strong>gloria</strong></span> <span class='ocrx_word' id='word_1_224' title='bbox 1541 3142 1742 3182; x_wconf 76' lang='lat' dir='ltr'><strong>mensze</strong></span> 
     </span>
    </p>
   </div>
   <div class='ocr_carea' id='block_1_33' title="bbox 585 3215 1635 3288">
    <p class='ocr_par' dir='ltr' id='par_1_33' title="bbox 585 3215 1635 3288">
     <span class='ocr_line' id='line_1_33' title="bbox 585 3215 1635 3288; baseline 0.004 -18"><span class='ocrx_word' id='word_1_225' title='bbox 585 3215 740 3270; x_wconf 77' lang='lat' dir='ltr'><strong>Velat</strong></span> <span class='ocrx_word' id='word_1_226' title='bbox 764 3217 1077 3287; x_wconf 88' lang='lat' dir='ltr'><strong>apostolicis</strong></span> <span class='ocrx_word' id='word_1_227' title='bbox 1105 3217 1251 3274; x_wconf 89' lang='lat' dir='ltr'><strong>edita</strong></span> <span class='ocrx_word' id='word_1_228' title='bbox 1277 3220 1593 3288; x_wconf 89' lang='lat' dir='ltr'><strong>corporibus</strong></span> <span class='ocrx_word' id='word_1_229' title='bbox 1620 3262 1635 3286; x_wconf 91' lang='lat'><strong>,</strong></span> 
     </span>
    </p>
   </div>
   <div class='ocr_carea' id='block_1_34' title="bbox 512 3306 1871 3383">
    <p class='ocr_par' dir='ltr' id='par_1_34' title="bbox 512 3306 1871 3383">
     <span class='ocr_line' id='line_1_34' title="bbox 512 3306 1871 3383; baseline 0.006 -21"><span class='ocrx_word' id='word_1_230' title='bbox 512 3306 746 3377; x_wconf 88' lang='lat' dir='ltr'><strong>Spiritus</strong></span> <span class='ocrx_word' id='word_1_231' title='bbox 772 3316 829 3364; x_wconf 91' lang='lat' dir='ltr'><strong>et</strong></span> <span class='ocrx_word' id='word_1_232' title='bbox 856 3309 1068 3365; x_wconf 89' lang='lat' dir='ltr'><strong>Domini</strong></span> <span class='ocrx_word' id='word_1_233' title='bbox 1098 3311 1324 3368; x_wconf 89' lang='lat' dir='ltr'><strong>medicis</strong></span> <span class='ocrx_word' id='word_1_234' title='bbox 1352 3312 1643 3369; x_wconf 89' lang='lat' dir='ltr'><strong>virtutibus</strong></span> <span class='ocrx_word' id='word_1_235' title='bbox 1663 3313 1829 3370; x_wconf 90' lang='lat' dir='ltr'><strong>instat</strong></span> <span class='ocrx_word' id='word_1_236' title='bbox 1853 3354 1871 3383; x_wconf 93' lang='lat'><strong>,</strong></span> 
     </span>
    </p>
   </div>
   <div class='ocr_carea' id='block_1_35' title="bbox 582 3400 1880 3478">
    <p class='ocr_par' dir='ltr' id='par_1_35' title="bbox 582 3400 1880 3478">
     <span class='ocr_line' id='line_1_35' title="bbox 582 3400 1880 3478; baseline 0.007 -21"><span class='ocrx_word' id='word_1_237' title='bbox 582 3400 685 3457; x_wconf 93' lang='lat' dir='ltr'><strong>Per</strong></span> <span class='ocrx_word' id='word_1_238' title='bbox 706 3404 1031 3461; x_wconf 87' lang='lat' dir='ltr'><strong>documenta</strong></span> <span class='ocrx_word' id='word_1_239' title='bbox 1059 3422 1246 3462; x_wconf 92' lang='lat' dir='ltr'><strong>sacros</strong></span> <span class='ocrx_word' id='word_1_240' title='bbox 1281 3406 1403 3463; x_wconf 88' lang='lat' dir='ltr'><strong>viva</strong></span> <span class='ocrx_word' id='word_1_241' title='bbox 1429 3408 1625 3478; x_wconf 87' lang='lat' dir='ltr'><strong>probat</strong></span> <span class='ocrx_word' id='word_1_242' title='bbox 1650 3410 1880 3468; x_wconf 84' lang='lat' dir='ltr'><strong>cineres.</strong></span> 
     </span>
    </p>
   </div>
   <div class='ocr_carea' id='block_1_36' title="bbox 512 3490 1668 3571">
    <p class='ocr_par' dir='ltr' id='par_1_36' title="bbox 512 3490 1668 3571">
     <span class='ocr_line' id='line_1_36' title="bbox 512 3490 1668 3571; baseline 0.009 -23"><span class='ocrx_word' id='word_1_243' title='bbox 512 3490 605 3549; x_wconf 91' lang='lat' dir='ltr'><strong>Sic</strong></span> <span class='ocrx_word' id='word_1_244' title='bbox 632 3496 903 3565; x_wconf 86' lang='lat' dir='ltr'><strong>geminata</strong></span> <span class='ocrx_word' id='word_1_245' title='bbox 935 3498 1038 3567; x_wconf 92' lang='lat' dir='ltr'><strong>piis</strong></span> <span class='ocrx_word' id='word_1_246' title='bbox 1078 3500 1282 3569; x_wconf 89' lang='lat' dir='ltr'><strong>aspirat</strong></span> <span class='ocrx_word' id='word_1_247' title='bbox 1311 3501 1484 3571; x_wconf 88' lang='lat' dir='ltr'><strong>gratia</strong></span> <span class='ocrx_word' id='word_1_248' title='bbox 1510 3502 1668 3569; x_wconf 91' lang='lat' dir='ltr'><strong>votis,</strong></span> 
     </span>
    </p>
   </div>
   <div class='ocr_carea' id='block_1_37' title="bbox 581 3586 1733 3662">
    <p class='ocr_par' dir='ltr' id='par_1_37' title="bbox 581 3586 1733 3662">
     <span class='ocr_line' id='line_1_37' title="bbox 581 3586 1733 3662; baseline 0.006 -19"><span class='ocrx_word' id='word_1_249' title='bbox 581 3586 724 3643; x_wconf 90' lang='lat' dir='ltr'><strong>Infra</strong></span> <span class='ocrx_word' id='word_1_250' title='bbox 759 3591 1090 3662; x_wconf 89' lang='lat' dir='ltr'><strong>martyribus</strong></span> <span class='ocrx_word' id='word_1_251' title='bbox 1130 3592 1363 3662; x_wconf 88' lang='lat' dir='ltr'><strong>desuper</strong></span> <span class='ocrx_word' id='word_1_252' title='bbox 1390 3602 1512 3649; x_wconf 89' lang='lat' dir='ltr'><strong>acta</strong></span> <span class='ocrx_word' id='word_1_253' title='bbox 1542 3595 1733 3650; x_wconf 87' lang='lat' dir='ltr'><strong>sacris.</strong></span> 
     </span>
    </p>
   </div>
   <div class='ocr_carea' id='block_1_38' title="bbox 514 3677 1933 3755">
    <p class='ocr_par' dir='ltr' id='par_1_38' title="bbox 514 3677 1933 3755">
     <span class='ocr_line' id='line_1_38' title="bbox 514 3677 1933 3755; baseline 0.004 -18"><span class='ocrx_word' id='word_1_254' title='bbox 514 3677 655 3737; x_wconf 77' lang='lat' dir='ltr'><strong>Vota</strong></span> <span class='ocrx_word' id='word_1_255' title='bbox 685 3682 1000 3747; x_wconf 87' lang='lat' dir='ltr'><strong>sacerdotis,</strong></span> <span class='ocrx_word' id='word_1_256' title='bbox 1040 3683 1318 3739; x_wconf 87' lang='lat' dir='ltr'><strong>viventum</strong></span> <span class='ocrx_word' id='word_1_257' title='bbox 1348 3691 1404 3739; x_wconf 92' lang='lat' dir='ltr'><strong>et</strong></span> <span class='ocrx_word' id='word_1_258' title='bbox 1429 3686 1733 3750; x_wconf 88' lang='lat' dir='ltr'><strong>commoda,</strong></span> <span class='ocrx_word' id='word_1_259' title='bbox 1766 3702 1933 3755; x_wconf 89' lang='lat' dir='ltr'><strong>parvo</strong></span> 
     </span>
    </p>
   </div>
   <div class='ocr_carea' id='block_1_39' title="bbox 586 3772 1861 3848">
    <p class='ocr_par' dir='ltr' id='par_1_39' title="bbox 586 3772 1861 3848">
     <span class='ocr_line' id='line_1_39' title="bbox 586 3772 1861 3848; baseline 0.002 -20"><span class='ocrx_word' id='word_1_260' title='bbox 586 3772 817 3831; x_wconf 86' lang='lat' dir='ltr'><strong>Pulvere</strong></span> <span class='ocrx_word' id='word_1_261' title='bbox 846 3785 1161 3832; x_wconf 89' lang='lat' dir='ltr'><strong>sanctorum</strong></span> <span class='ocrx_word' id='word_1_262' title='bbox 1191 3792 1339 3833; x_wconf 89' lang='lat' dir='ltr'><strong>mors</strong></span> <span class='ocrx_word' id='word_1_263' title='bbox 1370 3778 1606 3848; x_wconf 91' lang='lat' dir='ltr'><strong>pretiosa</strong></span> <span class='ocrx_word' id='word_1_264' title='bbox 1626 3776 1801 3846; x_wconf 86' lang='lat' dir='ltr'><strong>juvat.</strong></span> <span class='ocrx_word' id='word_1_265' title='bbox 1843 3797 1861 3829; x_wconf 71' lang='grc' dir='ltr'><strong><em>ι</em></strong></span> 
     </span>
    </p>
   </div>
   <div class='ocr_carea' id='block_1_40' title="bbox 870 3888 1738 3946">
    <p class='ocr_par' dir='ltr' id='par_1_40' title="bbox 870 3888 1738 3946">
     <span class='ocr_line' id='line_1_40' title="bbox 870 3888 1738 3946; baseline 0.002 -5"><span class='ocrx_word' id='word_1_266' title='bbox 870 3888 1022 3943; x_wconf 87' lang='lat' dir='ltr'><strong>Idem</strong></span> <span class='ocrx_word' id='word_1_267' title='bbox 1051 3890 1115 3945; x_wconf 86' lang='lat' dir='ltr'><strong>de</strong></span> <span class='ocrx_word' id='word_1_268' title='bbox 1142 3892 1336 3945; x_wconf 84' lang='lat' dir='ltr'><strong>eisdem</strong></span> <span class='ocrx_word' id='word_1_269' title='bbox 1364 3892 1524 3945; x_wconf 81' lang='lat' dir='ltr'><strong>ternis</strong></span> <span class='ocrx_word' id='word_1_270' title='bbox 1553 3891 1738 3946; x_wconf 80' lang='lat' dir='ltr'><strong>sacris.</strong></span> 
     </span>
    </p>
   </div>
   <div class='ocr_carea' id='block_1_41' title="bbox 587 4022 2098 4097">
    <p class='ocr_par' dir='ltr' id='par_1_41' title="bbox 587 4022 2098 4097">
     <span class='ocr_line' id='line_1_41' title="bbox 587 4022 2098 4097; baseline 0.003 -18"><span class='ocrx_word' id='word_1_271' title='bbox 587 4022 789 4079; x_wconf 82' lang='lat' dir='ltr'><strong>Verum</strong></span> <span class='ocrx_word' id='word_1_272' title='bbox 844 4024 987 4080; x_wconf 89' lang='lat' dir='ltr'><strong>hanc</strong></span> <span class='ocrx_word' id='word_1_273' title='bbox 1035 4040 1250 4097; x_wconf 91' lang='lat' dir='ltr'><strong>quoque</strong></span> <span class='ocrx_word' id='word_1_274' title='bbox 1295 4025 1629 4082; x_wconf 89' lang='lat' dir='ltr'><strong>basiliculam</strong></span> <span class='ocrx_word' id='word_1_275' title='bbox 1684 4027 1749 4083; x_wconf 91' lang='lat' dir='ltr'><strong>de</strong></span> <span class='ocrx_word' id='word_1_276' title='bbox 1800 4027 2098 4085; x_wconf 89' lang='lat' dir='ltr'><strong>benedictis</strong></span> 
     </span>
    </p>
   </div>
   <div class='ocr_carea' id='block_1_42' title="bbox 518 4116 2099 4191">
    <p class='ocr_par' dir='ltr' id='par_1_42' title="bbox 518 4116 2099 4191">
     <span class='ocr_line' id='line_1_42' title="bbox 518 4116 2099 4191; baseline 0.004 -21"><span class='ocrx_word' id='word_1_277' title='bbox 518 4116 886 4188; x_wconf 89' lang='lat' dir='ltr'><strong>apostolorum</strong></span> <span class='ocrx_word' id='word_1_278' title='bbox 932 4126 987 4174; x_wconf 91' lang='lat' dir='ltr'><strong>et</strong></span> <span class='ocrx_word' id='word_1_279' title='bbox 1042 4128 1344 4191; x_wconf 88' lang='lat' dir='ltr'><strong>martyrum</strong></span> <span class='ocrx_word' id='word_1_280' title='bbox 1405 4120 1650 4190; x_wconf 90' lang='lat' dir='ltr'><strong>reliquiis</strong></span> <span class='ocrx_word' id='word_1_281' title='bbox 1701 4121 1842 4177; x_wconf 89' lang='lat' dir='ltr'><strong>sacri</strong></span> <span class='ocrx_word' id='word_1_282' title='bbox 1884 4121 2099 4178; x_wconf 89' lang='lat' dir='ltr'><strong>cineres</strong></span> 
     </span>
    </p>
   </div>
   <div class='ocr_carea' id='block_1_43' title="bbox 512 4196 2096 4285">
    <p class='ocr_par' dir='ltr' id='par_1_43' title="bbox 512 4196 2096 4285">
     <span class='ocr_line' id='line_1_43' title="bbox 512 4196 2096 4285; baseline 0.004 -22"><span class='ocrx_word' id='word_1_283' title='bbox 512 4206 567 4263; x_wconf 87' lang='lat' dir='ltr'><strong>in</strong></span> <span class='ocrx_word' id='word_1_284' title='bbox 593 4208 811 4265; x_wconf 91' lang='lat' dir='ltr'><strong>nomine</strong></span> <span class='ocrx_word' id='word_1_285' title='bbox 840 4196 1045 4266; x_wconf 83' lang='lat' dir='ltr'><strong>Christi</strong></span> <span class='ocrx_word' id='word_1_286' title='bbox 1076 4219 1387 4267; x_wconf 90' lang='lat' dir='ltr'><strong>sanctorum</strong></span> <span class='ocrx_word' id='word_1_287' title='bbox 1418 4213 1595 4268; x_wconf 88' lang='lat' dir='ltr'><strong>sancti</strong></span> <span class='ocrx_word' id='word_1_288' title='bbox 1624 4254 1639 4279; x_wconf 90' lang='lat'><strong>,</strong></span> <span class='ocrx_word' id='word_1_289' title='bbox 1692 4222 1749 4270; x_wconf 90' lang='lat' dir='ltr'><strong>et</strong></span> <span class='ocrx_word' id='word_1_290' title='bbox 1795 4222 2096 4285; x_wconf 86' lang='lat' dir='ltr'><strong>martyrum</strong></span> 
     </span>
    </p>
   </div>
   <div class='ocr_carea' id='block_1_44' title="bbox 512 4299 2099 4376">
    <p class='ocr_par' dir='ltr' id='par_1_44' title="bbox 512 4299 2099 4376">
     <span class='ocr_line' id='line_1_44' title="bbox 512 4299 2099 4376; baseline 0.005 -22"><span class='ocrx_word' id='word_1_291' title='bbox 512 4299 790 4373; x_wconf 88' lang='lat' dir='ltr'><strong>martyris,</strong></span> <span class='ocrx_word' id='word_1_292' title='bbox 825 4309 881 4357; x_wconf 91' lang='lat' dir='ltr'><strong>et</strong></span> <span class='ocrx_word' id='word_1_293' title='bbox 908 4301 1247 4357; x_wconf 91' lang='lat' dir='ltr'><strong>dominorum</strong></span> <span class='ocrx_word' id='word_1_294' title='bbox 1277 4303 1489 4358; x_wconf 91' lang='lat' dir='ltr'><strong>Domini</strong></span> <span class='ocrx_word' id='word_1_295' title='bbox 1517 4305 1910 4360; x_wconf 85' lang='lat' dir='ltr'><strong>consecrabunt</strong></span> <span class='ocrx_word' id='word_1_296' title='bbox 1941 4323 1952 4358; x_wconf 94' lang='lat'>:</span> <span class='ocrx_word' id='word_1_297' title='bbox 1986 4306 2099 4376; x_wconf 90' lang='lat' dir='ltr'><strong>ipse</strong></span> 
     </span>
    </p>
   </div>
   <div class='ocr_carea' id='block_1_45' title="bbox 513 4392 2097 4454">
    <p class='ocr_par' dir='ltr' id='par_1_45' title="bbox 513 4392 2097 4454">
     <span class='ocr_line' id='line_1_45' title="bbox 513 4392 2097 4454; baseline 0.003 -7"><span class='ocrx_word' id='word_1_298' title='bbox 513 4392 658 4447; x_wconf 90' lang='lat' dir='ltr'><strong>enim</strong></span> <span class='ocrx_word' id='word_1_299' title='bbox 696 4402 922 4449; x_wconf 90' lang='lat' dir='ltr'><strong>testatus</strong></span> <span class='ocrx_word' id='word_1_300' title='bbox 975 4403 1059 4449; x_wconf 90' lang='lat' dir='ltr'><strong>est</strong></span> <span class='ocrx_word' id='word_1_301' title='bbox 1102 4410 1162 4451; x_wconf 91' lang='lat' dir='ltr'><strong>se</strong></span> <span class='ocrx_word' id='word_1_302' title='bbox 1192 4396 1429 4452; x_wconf 90' lang='lat' dir='ltr'><strong>vicissim</strong></span> <span class='ocrx_word' id='word_1_303' title='bbox 1457 4394 1829 4454; x_wconf 90' lang='lat' dir='ltr'><strong>confessorum</strong></span> <span class='ocrx_word' id='word_1_304' title='bbox 1875 4414 2097 4454; x_wconf 86' lang='lat' dir='ltr'><strong>suorum</strong></span> 
     </span>
    </p>
   </div>
   <div class='ocr_carea' id='block_1_46' title="bbox 514 4481 2096 4561">
    <p class='ocr_par' dir='ltr' id='par_1_46' title="bbox 514 4481 2096 4561">
     <span class='ocr_line' id='line_1_46' title="bbox 514 4481 2096 4561; baseline 0.005 -25"><span class='ocrx_word' id='word_1_305' title='bbox 514 4481 880 4537; x_wconf 81' lang='lat' dir='ltr'><strong>confessorem</strong></span> <span class='ocrx_word' id='word_1_306' title='bbox 918 4482 1179 4539; x_wconf 91' lang='lat' dir='ltr'><strong>futurum.</strong></span> <span class='ocrx_word' id='word_1_307' title='bbox 1220 4485 1345 4542; x_wconf 89' lang='lat' dir='ltr'><strong>Ideo</strong></span> <span class='ocrx_word' id='word_1_308' title='bbox 1377 4504 1540 4558; x_wconf 87' lang='lat' dir='ltr'><strong>super</strong></span> <span class='ocrx_word' id='word_1_309' title='bbox 1570 4490 1673 4545; x_wconf 91' lang='lat' dir='ltr'><strong>hac</strong></span> <span class='ocrx_word' id='word_1_310' title='bbox 1697 4499 1895 4559; x_wconf 72' lang='lat' dir='ltr'><strong>praeter</strong></span> <span class='ocrx_word' id='word_1_311' title='bbox 1916 4490 2096 4561; x_wconf 91' lang='lat' dir='ltr'><strong>pictu-</strong></span> 
     </span>
    </p>
   </div>
   <div class='ocr_carea' id='block_1_47' title="bbox 513 4572 1881 4648">
    <p class='ocr_par' dir='ltr' id='par_1_47' title="bbox 513 4572 1881 4648">
     <span class='ocr_line' id='line_1_47' title="bbox 513 4572 1881 4648; baseline 0.008 -26"><span class='ocrx_word' id='word_1_312' title='bbox 513 4584 634 4623; x_wconf 86' lang='lat' dir='ltr'><strong>ram</strong></span> <span class='ocrx_word' id='word_1_313' title='bbox 658 4572 834 4641; x_wconf 85' lang='lat' dir='ltr'><strong>gratia</strong></span> <span class='ocrx_word' id='word_1_314' title='bbox 864 4573 1166 4645; x_wconf 90' lang='lat' dir='ltr'><strong>geminatus</strong></span> <span class='ocrx_word' id='word_1_315' title='bbox 1194 4583 1279 4631; x_wconf 90' lang='lat' dir='ltr'><strong>est</strong></span> <span class='ocrx_word' id='word_1_316' title='bbox 1313 4577 1501 4633; x_wconf 91' lang='lat' dir='ltr'><strong>titulus</strong></span> <span class='ocrx_word' id='word_1_317' title='bbox 1531 4579 1597 4634; x_wconf 90' lang='lat' dir='ltr'><strong>de</strong></span> <span class='ocrx_word' id='word_1_318' title='bbox 1626 4579 1839 4648; x_wconf 87' lang='lat' dir='ltr'><strong>pictura</strong></span> <span class='ocrx_word' id='word_1_319' title='bbox 1867 4595 1881 4633; x_wconf 89' lang='lat'><strong>:</strong></span> 
     </span>
    </p>
   </div>
   <div class='ocr_carea' id='block_1_48' title="bbox 517 4681 1913 4758">
    <p class='ocr_par' dir='ltr' id='par_1_48' title="bbox 517 4681 1913 4758">
     <span class='ocr_line' id='line_1_48' title="bbox 517 4681 1913 4758; baseline 0.006 -19"><span class='ocrx_word' id='word_1_320' title='bbox 517 4681 839 4740; x_wconf 90' lang='lat' dir='ltr'><strong>Sanctorum</strong></span> <span class='ocrx_word' id='word_1_321' title='bbox 861 4686 1015 4743; x_wconf 88' lang='lat' dir='ltr'><strong>labor</strong></span> <span class='ocrx_word' id='word_1_322' title='bbox 1042 4697 1096 4745; x_wconf 92' lang='lat' dir='ltr'><strong>et</strong></span> <span class='ocrx_word' id='word_1_323' title='bbox 1118 4704 1327 4748; x_wconf 89' lang='lat' dir='ltr'><strong>merces</strong></span> <span class='ocrx_word' id='word_1_324' title='bbox 1351 4692 1453 4747; x_wconf 87' lang='lat' dir='ltr'><strong>sibi</strong></span> <span class='ocrx_word' id='word_1_325' title='bbox 1486 4693 1587 4748; x_wconf 91' lang='lat' dir='ltr'><strong>rite</strong></span> <span class='ocrx_word' id='word_1_326' title='bbox 1616 4694 1913 4758; x_wconf 76' lang='lat' dir='ltr'><strong>cohrerent,</strong></span> 
     </span>
    </p>
   </div>
   <div class='ocr_carea' id='block_1_49' title="bbox 513 4774 1937 4853">
    <p class='ocr_par' dir='ltr' id='par_1_49' title="bbox 513 4774 1937 4853">
     <span class='ocr_line' id='line_1_49' title="bbox 513 4774 1937 4853; baseline 0.006 -24"><span class='ocrx_word' id='word_1_327' title='bbox 513 4774 697 4830; x_wconf 87' lang='lat' dir='ltr'><strong>Ardua</strong></span> <span class='ocrx_word' id='word_1_328' title='bbox 728 4791 859 4832; x_wconf 78' lang='lat' dir='ltr'><strong>crux</strong></span> <span class='ocrx_word' id='word_1_329' title='bbox 884 4780 1225 4853; x_wconf 89' lang='lat' dir='ltr'><strong>pretiumque</strong></span> <span class='ocrx_word' id='word_1_330' title='bbox 1255 4784 1435 4839; x_wconf 90' lang='lat' dir='ltr'><strong>crucis</strong></span> <span class='ocrx_word' id='word_1_331' title='bbox 1458 4783 1687 4840; x_wconf 91' lang='lat' dir='ltr'><strong>sublime</strong></span> <span class='ocrx_word' id='word_1_332' title='bbox 1713 4799 1937 4840; x_wconf 89' lang='lat' dir='ltr'><strong>corona.</strong></span> 
     </span>
    </p>
   </div>
   <div class='ocr_carea' id='block_1_50' title="bbox 514 4864 1662 4943">
    <p class='ocr_par' dir='ltr' id='par_1_50' title="bbox 514 4864 1662 4943">
     <span class='ocr_line' id='line_1_50' title="bbox 514 4864 1662 4943; baseline 0.009 -25"><span class='ocrx_word' id='word_1_333' title='bbox 514 4864 633 4935; x_wconf 84' lang='lat' dir='ltr'><strong>Ipse</strong></span> <span class='ocrx_word' id='word_1_334' title='bbox 658 4865 799 4921; x_wconf 89' lang='lat' dir='ltr'><strong>Deus</strong></span> <span class='ocrx_word' id='word_1_335' title='bbox 822 4868 978 4924; x_wconf 91' lang='lat' dir='ltr'><strong>nobis</strong></span> <span class='ocrx_word' id='word_1_336' title='bbox 999 4871 1251 4943; x_wconf 86' lang='lat' dir='ltr'><strong>princeps</strong></span> <span class='ocrx_word' id='word_1_337' title='bbox 1279 4879 1443 4942; x_wconf 90' lang='lat' dir='ltr'><strong>atque</strong></span> <span class='ocrx_word' id='word_1_338' title='bbox 1462 4888 1662 4928; x_wconf 91' lang='lat' dir='ltr'><strong>corona</strong></span> 
     </span>
    </p>
   </div>
   <div class='ocr_carea' id='block_1_51' title="bbox 514 4953 1624 5034">
    <p class='ocr_par' dir='ltr' id='par_1_51' title="bbox 514 4953 1624 5034">
     <span class='ocr_line' id='line_1_51' title="bbox 514 4953 1624 5034; baseline 0.008 -24"><span class='ocrx_word' id='word_1_339' title='bbox 514 4953 659 5011; x_wconf 87' lang='lat' dir='ltr'><strong>Inter</strong></span> <span class='ocrx_word' id='word_1_340' title='bbox 686 4954 907 5013; x_wconf 84' lang='lat' dir='ltr'><strong>ﬂoriferi</strong></span> <span class='ocrx_word' id='word_1_341' title='bbox 932 4961 1153 5017; x_wconf 86' lang='lat' dir='ltr'><strong>caeleste</strong></span> <span class='ocrx_word' id='word_1_342' title='bbox 1173 4977 1362 5019; x_wconf 88' lang='lat' dir='ltr'><strong>nemus</strong></span> <span class='ocrx_word' id='word_1_343' title='bbox 1386 4964 1624 5034; x_wconf 86' lang='lat' dir='ltr'><strong>paradisi</strong></span> 
     </span>
    </p>
   </div>
   <div class='ocr_carea' id='block_1_52' title="bbox 519 5044 2005 5132">
    <p class='ocr_par' dir='ltr' id='par_1_52' title="bbox 519 5044 2005 5132">
     <span class='ocr_line' id='line_1_52' title="bbox 519 5044 2005 5132; baseline 0.011 -31"><span class='ocrx_word' id='word_1_344' title='bbox 519 5044 631 5103; x_wconf 92' lang='lat' dir='ltr'><strong>Sub</strong></span> <span class='ocrx_word' id='word_1_345' title='bbox 654 5063 817 5104; x_wconf 90' lang='lat' dir='ltr'><strong>cruce</strong></span> <span class='ocrx_word' id='word_1_346' title='bbox 848 5053 1141 5123; x_wconf 88' lang='lat' dir='ltr'><strong>sanguinea</strong></span> <span class='ocrx_word' id='word_1_347' title='bbox 1172 5054 1330 5111; x_wconf 87' lang='lat' dir='ltr'><strong>niveo</strong></span> <span class='ocrx_word' id='word_1_348' title='bbox 1359 5065 1468 5111; x_wconf 91' lang='lat' dir='ltr'><strong>stat</strong></span> <span class='ocrx_word' id='word_1_349' title='bbox 1492 5056 1740 5115; x_wconf 89' lang='lat' dir='ltr'><strong>Christus</strong></span> <span class='ocrx_word' id='word_1_350' title='bbox 1764 5060 1818 5114; x_wconf 93' lang='lat' dir='ltr'><strong>in</strong></span> <span class='ocrx_word' id='word_1_351' title='bbox 1846 5075 2005 5132; x_wconf 88' lang='lat' dir='ltr'><strong>agno,</strong></span> 
     </span>
    </p>
   </div>
   <div class='ocr_carea' id='block_1_53' title="bbox 516 5137 1852 5216">
    <p class='ocr_par' dir='ltr' id='par_1_53' title="bbox 516 5137 1852 5216">
     <span class='ocr_line' id='line_1_53' title="bbox 516 5137 1852 5216; baseline 0.012 -24"><span class='ocrx_word' id='word_1_352' title='bbox 516 5137 700 5209; x_wconf 75' lang='lat' dir='ltr'><strong>Agnus</strong></span> <span class='ocrx_word' id='word_1_353' title='bbox 721 5150 780 5197; x_wconf 92' lang='lat' dir='ltr'><strong>ut</strong></span> <span class='ocrx_word' id='word_1_354' title='bbox 801 5143 1033 5201; x_wconf 86' lang='lat' dir='ltr'><strong>innocua</strong></span> <span class='ocrx_word' id='word_1_355' title='bbox 1065 5146 1267 5216; x_wconf 87' lang='lat' dir='ltr'><strong>injuslo</strong></span> <span class='ocrx_word' id='word_1_356' title='bbox 1302 5146 1459 5204; x_wconf 89' lang='lat' dir='ltr'><strong>datus</strong></span> <span class='ocrx_word' id='word_1_357' title='bbox 1483 5150 1659 5207; x_wconf 91' lang='lat' dir='ltr'><strong>hostia</strong></span> <span class='ocrx_word' id='word_1_358' title='bbox 1686 5150 1852 5208; x_wconf 90' lang='lat' dir='ltr'><strong>letho.</strong></span> 
     </span>
    </p>
   </div>
   <div class='ocr_carea' id='block_1_54' title="bbox 516 5230 1888 5311">
    <p class='ocr_par' dir='ltr' id='par_1_54' title="bbox 516 5230 1888 5311">
     <span class='ocr_line' id='line_1_54' title="bbox 516 5230 1888 5311; baseline 0.014 -27"><span class='ocrx_word' id='word_1_359' title='bbox 516 5230 657 5287; x_wconf 82' lang='lat' dir='ltr'><strong>Alite</strong></span> <span class='ocrx_word' id='word_1_360' title='bbox 682 5250 840 5304; x_wconf 91' lang='lat' dir='ltr'><strong>quem</strong></span> <span class='ocrx_word' id='word_1_361' title='bbox 864 5237 1320 5307; x_wconf 31' lang='lat' dir='ltr'><strong>placida‘sanctus</strong></span> <span class='ocrx_word' id='word_1_362' title='bbox 1346 5241 1621 5311; x_wconf 81' lang='lat' dir='ltr'><strong>perfundit</strong></span> <span class='ocrx_word' id='word_1_363' title='bbox 1648 5245 1888 5302; x_wconf 86' lang='lat' dir='ltr'><strong>hiantem</strong></span> 
     </span>
    </p>
   </div>
   <div class='ocr_carea' id='block_1_55' title="bbox 520 5317 1816 5392">
    <p class='ocr_par' dir='ltr' id='par_1_55' title="bbox 520 5317 1816 5392">
     <span class='ocr_line' id='line_1_55' title="bbox 520 5317 1816 5392; baseline 0.014 -18"><span class='ocrx_word' id='word_1_364' title='bbox 520 5317 773 5391; x_wconf 89' lang='lat' dir='ltr'><strong>Spiritus,</strong></span> <span class='ocrx_word' id='word_1_365' title='bbox 799 5333 853 5380; x_wconf 92' lang='lat' dir='ltr'><strong>et</strong></span> <span class='ocrx_word' id='word_1_366' title='bbox 877 5327 1036 5383; x_wconf 90' lang='lat' dir='ltr'><strong>rutila</strong></span> <span class='ocrx_word' id='word_1_367' title='bbox 1065 5327 1290 5387; x_wconf 86' lang='lat' dir='ltr'><strong>Genitor</strong></span> <span class='ocrx_word' id='word_1_368' title='bbox 1315 5332 1380 5387; x_wconf 89' lang='lat' dir='ltr'><strong>de</strong></span> <span class='ocrx_word' id='word_1_369' title='bbox 1404 5333 1546 5389; x_wconf 90' lang='lat' dir='ltr'><strong>nube</strong></span> <span class='ocrx_word' id='word_1_370' title='bbox 1574 5344 1816 5392; x_wconf 89' lang='lat' dir='ltr'><strong>coronat.</strong></span> 
     </span>
    </p>
   </div>
   <div class='ocr_carea' id='block_1_56' title="bbox 2132 565 2704 638">
    <p class='ocr_par' dir='ltr' id='par_1_56' title="bbox 2132 565 2704 638">
     <span class='ocr_line' id='line_1_56' title="bbox 2132 565 2704 638; baseline -0.01 -17"><span class='ocrx_word' id='word_1_371' title='bbox 2132 620 2142 629; x_wconf 71' lang='lat'><strong>,</strong></span> <span class='ocrx_word' id='word_1_372' title='bbox 2187 565 2310 623; x_wconf 86' lang='lat' dir='ltr'><strong>libri</strong></span> <span class='ocrx_word' id='word_1_373' title='bbox 2332 567 2704 638; x_wconf 61' lang='grc' dir='ltr'><strong>Καθημερινῶνέ</strong></span> 
     </span>
    </p>
   </div>
   <div class='ocr_carea' id='block_1_57' title="bbox 2326 652 2967 728">
    <p class='ocr_par' dir='ltr' id='par_1_57' title="bbox 2326 652 2967 728">
     <span class='ocr_line' id='line_1_57' title="bbox 2326 652 2967 728; baseline -0.008 -15"><span class='ocrx_word' id='word_1_374' title='bbox 2326 657 2489 728; x_wconf 90' lang='lat' dir='ltr'><strong>Atqui</strong></span> <span class='ocrx_word' id='word_1_375' title='bbox 2520 657 2626 710; x_wconf 84' lang='lat' dir='ltr'><strong>fine</strong></span> <span class='ocrx_word' id='word_1_376' title='bbox 2653 652 2754 709; x_wconf 89' lang='lat' dir='ltr'><strong>sub</strong></span> <span class='ocrx_word' id='word_1_377' title='bbox 2774 652 2967 708; x_wconf 92' lang='lat' dir='ltr'><strong>ultimo</strong></span> 
     </span>
    </p>
   </div>
   <div class='ocr_carea' id='block_1_58' title="bbox 2261 744 3275 807">
    <p class='ocr_par' dir='ltr' id='par_1_58' title="bbox 2261 744 3275 807">
     <span class='ocr_line' id='line_1_58' title="bbox 2261 744 3275 807; baseline -0.012 1"><span class='ocrx_word' id='word_1_378' title='bbox 2261 749 2542 807; x_wconf 76' lang='lat' dir='ltr'><strong>Peccatrix</strong></span> <span class='ocrx_word' id='word_1_379' title='bbox 2572 748 2752 803; x_wconf 91' lang='lat' dir='ltr'><strong>anima</strong></span> <span class='ocrx_word' id='word_1_380' title='bbox 2780 744 3069 801; x_wconf 88' lang='lat' dir='ltr'><strong>stultitiam</strong></span> <span class='ocrx_word' id='word_1_381' title='bbox 3092 750 3275 800; x_wconf 81' lang='lat' dir='ltr'><strong>exuat.</strong></span> 
     </span>
    </p>
   </div>
   <div class='ocr_carea' id='block_1_59' title="bbox 2190 831 3673 907">
    <p class='ocr_par' dir='ltr' id='par_1_59' title="bbox 2190 831 3673 907">
     <span class='ocr_line' id='line_1_59' title="bbox 2190 831 3673 907; baseline -0.005 -8"><span class='ocrx_word' id='word_1_382' title='bbox 2190 842 2391 899; x_wconf 90' lang='lat' dir='ltr'><strong>Saltem</strong></span> <span class='ocrx_word' id='word_1_383' title='bbox 2413 855 2544 896; x_wconf 89' lang='lat' dir='ltr'><strong>voce</strong></span> <span class='ocrx_word' id='word_1_384' title='bbox 2568 838 2738 895; x_wconf 91' lang='lat' dir='ltr'><strong>Deum</strong></span> <span class='ocrx_word' id='word_1_385' title='bbox 2762 835 3126 901; x_wconf 88' lang='lat' dir='ltr'><strong>concelebret,</strong></span> <span class='ocrx_word' id='word_1_386' title='bbox 3148 834 3195 890; x_wconf 91' lang='lat' dir='ltr'><strong>si</strong></span> <span class='ocrx_word' id='word_1_387' title='bbox 3222 831 3432 891; x_wconf 85' lang='lat' dir='ltr'><strong>meritis</strong></span> <span class='ocrx_word' id='word_1_388' title='bbox 3460 832 3673 907; x_wconf 81' lang='lat' dir='ltr'><strong>nequit.</strong></span> 
     </span>
    </p>
   </div>
   <div class='ocr_carea' id='block_1_60' title="bbox 2331 930 3036 1006">
    <p class='ocr_par' dir='ltr' id='par_1_60' title="bbox 2331 930 3036 1006">
     <span class='ocr_line' id='line_1_60' title="bbox 2331 930 3036 1006; baseline -0.007 -16"><span class='ocrx_word' id='word_1_389' title='bbox 2331 933 2562 1006; x_wconf 85' lang='lat' dir='ltr'><strong>Hymnis</strong></span> <span class='ocrx_word' id='word_1_390' title='bbox 2587 932 2868 988; x_wconf 90' lang='lat' dir='ltr'><strong>continuet</strong></span> <span class='ocrx_word' id='word_1_391' title='bbox 2895 930 3036 997; x_wconf 89' lang='lat' dir='ltr'><strong>dies,</strong></span> 
     </span>
    </p>
   </div>
   <div class='ocr_carea' id='block_1_61' title="bbox 2259 1019 3513 1093">
    <p class='ocr_par' dir='ltr' id='par_1_61' title="bbox 2259 1019 3513 1093">
     <span class='ocr_line' id='line_1_61' title="bbox 2259 1019 3513 1093; baseline -0.007 -10"><span class='ocrx_word' id='word_1_392' title='bbox 2259 1027 2370 1084; x_wconf 90' lang='lat' dir='ltr'><strong>Nec</strong></span> <span class='ocrx_word' id='word_1_393' title='bbox 2396 1044 2501 1083; x_wconf 78' lang='lat' dir='ltr'><strong>vox</strong></span> <span class='ocrx_word' id='word_1_394' title='bbox 2530 1026 2636 1081; x_wconf 92' lang='lat' dir='ltr'><strong>ulla</strong></span> <span class='ocrx_word' id='word_1_395' title='bbox 2660 1032 2834 1089; x_wconf 89' lang='lat' dir='ltr'><strong>vocet,</strong></span> <span class='ocrx_word' id='word_1_396' title='bbox 2861 1023 2990 1093; x_wconf 90' lang='lat' dir='ltr'><strong>quin</strong></span> <span class='ocrx_word' id='word_1_397' title='bbox 3018 1019 3309 1077; x_wconf 90' lang='lat' dir='ltr'><strong>Dominum</strong></span> <span class='ocrx_word' id='word_1_398' title='bbox 3335 1028 3513 1076; x_wconf 88' lang='lat' dir='ltr'><strong>canat.</strong></span> 
     </span>
    </p>
   </div>
   <div class='ocr_carea' id='block_1_62' title="bbox 2188 1111 3732 1195">
    <p class='ocr_par' dir='ltr' id='par_1_62' title="bbox 2188 1111 3732 1195">
     <span class='ocr_line' id='line_1_62' title="bbox 2188 1111 3732 1195; baseline -0.006 -16"><span class='ocrx_word' id='word_1_399' title='bbox 2188 1121 2399 1195; x_wconf 88' lang='lat' dir='ltr'><strong>Pugnet</strong></span> <span class='ocrx_word' id='word_1_400' title='bbox 2420 1130 2607 1177; x_wconf 89' lang='lat' dir='ltr'><strong>contra</strong></span> <span class='ocrx_word' id='word_1_401' title='bbox 2630 1121 2887 1183; x_wconf 67' lang='lat' dir='ltr'><strong>haereses,</strong></span> <span class='ocrx_word' id='word_1_402' title='bbox 2914 1115 3239 1172; x_wconf 86' lang='lat' dir='ltr'><strong>catholicam</strong></span> <span class='ocrx_word' id='word_1_403' title='bbox 3267 1112 3523 1170; x_wconf 89' lang='lat' dir='ltr'><strong>discutiat</strong></span> <span class='ocrx_word' id='word_1_404' title='bbox 3547 1111 3732 1170; x_wconf 84' lang='lat' dir='ltr'><strong>ﬁdem.</strong></span> 
     </span>
    </p>
   </div>
   <div class='ocr_carea' id='block_1_63' title="bbox 2330 1210 3094 1283">
    <p class='ocr_par' dir='ltr' id='par_1_63' title="bbox 2330 1210 3094 1283">
     <span class='ocr_line' id='line_1_63' title="bbox 2330 1210 3094 1283; baseline -0.012 -11"><span class='ocrx_word' id='word_1_405' title='bbox 2330 1215 2623 1272; x_wconf 87' lang='lat' dir='ltr'><strong>Conculcet</strong></span> <span class='ocrx_word' id='word_1_406' title='bbox 2645 1228 2801 1269; x_wconf 84' lang='lat' dir='ltr'><strong>sacra</strong></span> <span class='ocrx_word' id='word_1_407' title='bbox 2830 1210 3094 1283; x_wconf 90' lang='lat' dir='ltr'><strong>gentium,</strong></span> 
     </span>
    </p>
   </div>
   <div class='ocr_carea' id='block_1_64' title="bbox 2258 1304 3269 1376">
    <p class='ocr_par' dir='ltr' id='par_1_64' title="bbox 2258 1304 3269 1376">
     <span class='ocr_line' id='line_1_64' title="bbox 2258 1304 3269 1376; baseline -0.005 -10"><span class='ocrx_word' id='word_1_408' title='bbox 2258 1310 2483 1376; x_wconf 87' lang='lat' dir='ltr'><strong>Labem,</strong></span> <span class='ocrx_word' id='word_1_409' title='bbox 2506 1310 2699 1375; x_wconf 80' lang='lat' dir='ltr'><strong>Roma,</strong></span> <span class='ocrx_word' id='word_1_410' title='bbox 2725 1310 2832 1365; x_wconf 87' lang='lat' dir='ltr'><strong>tuis</strong></span> <span class='ocrx_word' id='word_1_411' title='bbox 2861 1307 3059 1363; x_wconf 86' lang='lat' dir='ltr'><strong>inferat</strong></span> <span class='ocrx_word' id='word_1_412' title='bbox 3090 1304 3269 1362; x_wconf 85' lang='lat' dir='ltr'><strong>idolis.</strong></span> 
     </span>
    </p>
   </div>
   <div class='ocr_carea' id='block_1_65' title="bbox 2190 1393 3607 1473">
    <p class='ocr_par' dir='ltr' id='par_1_65' title="bbox 2190 1393 3607 1473">
     <span class='ocr_line' id='line_1_65' title="bbox 2190 1393 3607 1473; baseline -0.006 -15"><span class='ocrx_word' id='word_1_413' title='bbox 2190 1400 2419 1458; x_wconf 90' lang='lat' dir='ltr'><strong>Carmen</strong></span> <span class='ocrx_word' id='word_1_414' title='bbox 2446 1401 2778 1473; x_wconf 85' lang='lat' dir='ltr'><strong>martyribus</strong></span> <span class='ocrx_word' id='word_1_415' title='bbox 2800 1399 3084 1461; x_wconf 87' lang='lat' dir='ltr'><strong>devoveat,</strong></span> <span class='ocrx_word' id='word_1_416' title='bbox 3105 1395 3291 1452; x_wconf 88' lang='lat' dir='ltr'><strong>laudet</strong></span> <span class='ocrx_word' id='word_1_417' title='bbox 3314 1393 3607 1468; x_wconf 84' lang='lat' dir='ltr'><strong>apostolos.</strong></span> 
     </span>
    </p>
   </div>
   <div class='ocr_carea' id='block_1_66' title="bbox 2334 1488 3207 1557">
    <p class='ocr_par' dir='ltr' id='par_1_66' title="bbox 2334 1488 3207 1557">
     <span class='ocr_line' id='line_1_66' title="bbox 2334 1488 3207 1557; baseline -0.007 -10"><span class='ocrx_word' id='word_1_418' title='bbox 2334 1492 2462 1547; x_wconf 65' lang='lat' dir='ltr'><strong>llaec</strong></span> <span class='ocrx_word' id='word_1_419' title='bbox 2491 1494 2618 1548; x_wconf 90' lang='lat' dir='ltr'><strong>dum</strong></span> <span class='ocrx_word' id='word_1_420' title='bbox 2655 1490 2836 1546; x_wconf 89' lang='lat' dir='ltr'><strong>scribo</strong></span> <span class='ocrx_word' id='word_1_421' title='bbox 2856 1489 2942 1544; x_wconf 86' lang='lat' dir='ltr'><strong>vel</strong></span> <span class='ocrx_word' id='word_1_422' title='bbox 2963 1488 3207 1557; x_wconf 86' lang='lat' dir='ltr'><strong>eloquor.</strong></span> 
     </span>
    </p>
   </div>
   <div class='ocr_carea' id='block_1_67' title="bbox 2261 1580 3247 1654">
    <p class='ocr_par' dir='ltr' id='par_1_67' title="bbox 2261 1580 3247 1654">
     <span class='ocr_line' id='line_1_67' title="bbox 2261 1580 3247 1654; baseline -0.004 -15"><span class='ocrx_word' id='word_1_423' title='bbox 2261 1583 2468 1641; x_wconf 81' lang='lat' dir='ltr'><strong>Vinclis</strong></span> <span class='ocrx_word' id='word_1_424' title='bbox 2493 1585 2700 1639; x_wconf 88' lang='lat' dir='ltr'><strong>utinam</strong></span> <span class='ocrx_word' id='word_1_425' title='bbox 2727 1582 2970 1654; x_wconf 89' lang='lat' dir='ltr'><strong>corporis</strong></span> <span class='ocrx_word' id='word_1_426' title='bbox 2997 1580 3247 1638; x_wconf 89' lang='lat' dir='ltr'><strong>emicem.</strong></span> 
     </span>
    </p>
   </div>
   <div class='ocr_carea' id='block_1_68' title="bbox 2193 1671 3565 1749">
    <p class='ocr_par' dir='ltr' id='par_1_68' title="bbox 2193 1671 3565 1749">
     <span class='ocr_line' id='line_1_68' title="bbox 2193 1671 3565 1749; baseline -0.005 -14"><span class='ocrx_word' id='word_1_427' title='bbox 2193 1678 2379 1744; x_wconf 87' lang='lat' dir='ltr'><strong>Liber,</strong></span> <span class='ocrx_word' id='word_1_428' title='bbox 2403 1693 2511 1749; x_wconf 92' lang='lat' dir='ltr'><strong>quo</strong></span> <span class='ocrx_word' id='word_1_429' title='bbox 2532 1677 2713 1733; x_wconf 82' lang='lat' dir='ltr'><strong>tulerit</strong></span> <span class='ocrx_word' id='word_1_430' title='bbox 2739 1676 2919 1746; x_wconf 81' lang='lat' dir='ltr'><strong>lingua</strong></span> <span class='ocrx_word' id='word_1_431' title='bbox 2947 1689 3081 1730; x_wconf 92' lang='lat' dir='ltr'><strong>sono</strong></span> <span class='ocrx_word' id='word_1_432' title='bbox 3108 1671 3324 1729; x_wconf 87' lang='lat' dir='ltr'><strong>mobilis</strong></span> <span class='ocrx_word' id='word_1_433' title='bbox 3345 1671 3565 1728; x_wconf 85' lang='lat' dir='ltr'><strong>ultimo!</strong></span> 
     </span>
    </p>
   </div>
   <div class='ocr_carea' id='block_1_69' title="bbox 2464 1767 3499 1837">
    <p class='ocr_par' dir='ltr' id='par_1_69' title="bbox 2464 1767 3499 1837">
     <span class='ocr_line' id='line_1_69' title="bbox 2464 1767 3499 1837; baseline -0.003 -13"><span class='ocrx_word' id='word_1_434' title='bbox 2464 1769 2616 1825; x_wconf 86' lang='lat' dir='ltr'><strong>Idem</strong></span> <span class='ocrx_word' id='word_1_435' title='bbox 2646 1771 2702 1823; x_wconf 86' lang='lat' dir='ltr'><strong>in</strong></span> <span class='ocrx_word' id='word_1_436' title='bbox 2730 1768 2956 1823; x_wconf 84' lang='lat' dir='ltr'><strong>Romani</strong></span> <span class='ocrx_word' id='word_1_437' title='bbox 2978 1767 3222 1837; x_wconf 80' lang='lat' dir='ltr'><strong>martyris</strong></span> <span class='ocrx_word' id='word_1_438' title='bbox 3249 1767 3499 1821; x_wconf 82' lang='lat' dir='ltr'><strong>carmine.</strong></span> 
     </span>
    </p>
   </div>
   <div class='ocr_carea' id='block_1_70' title="bbox 2124 1836 3365 1944">
    <p class='ocr_par' dir='ltr' id='par_1_70' title="bbox 2124 1836 3365 1944">
     <span class='ocr_line' id='line_1_70' title="bbox 2124 1836 3365 1944; baseline -0.006 -21"><span class='ocrx_word' id='word_1_439' title='bbox 2124 1836 2172 1897; x_wconf 79' lang='grc' dir='ltr'><strong>Β</strong></span> <span class='ocrx_word' id='word_1_440' title='bbox 2201 1865 2426 1944; x_wconf 73' lang='lat' dir='ltr'><strong>Vellem,</strong></span> <span class='ocrx_word' id='word_1_441' title='bbox 2451 1863 2673 1918; x_wconf 91' lang='lat' dir='ltr'><strong>sinister</strong></span> <span class='ocrx_word' id='word_1_442' title='bbox 2701 1862 2843 1917; x_wconf 91' lang='lat' dir='ltr'><strong>inter</strong></span> <span class='ocrx_word' id='word_1_443' title='bbox 2871 1862 3365 1933; x_wconf 66' lang='lat' dir='ltr'><strong>haadorum,greges</strong></span> 
     </span>
    </p>
   </div>
   <div class='ocr_carea' id='block_1_71' title="bbox 2202 1952 3287 2022">
    <p class='ocr_par' dir='ltr' id='par_1_71' title="bbox 2202 1952 3287 2022">
     <span class='ocr_line' id='line_1_71' title="bbox 2202 1952 3287 2022; baseline -0.007 -10"><span class='ocrx_word' id='word_1_444' title='bbox 2202 1956 2275 2012; x_wconf 92' lang='lat' dir='ltr'><strong>Ut</strong></span> <span class='ocrx_word' id='word_1_445' title='bbox 2296 1972 2414 2012; x_wconf 89' lang='lat' dir='ltr'><strong>sum</strong></span> <span class='ocrx_word' id='word_1_446' title='bbox 2439 1954 2670 2018; x_wconf 88' lang='lat' dir='ltr'><strong>futurus,</strong></span> <span class='ocrx_word' id='word_1_447' title='bbox 2695 1952 2910 2007; x_wconf 91' lang='lat' dir='ltr'><strong>eminus</strong></span> <span class='ocrx_word' id='word_1_448' title='bbox 2936 1952 3287 2022; x_wconf 89' lang='lat' dir='ltr'><strong>dignoscerer</strong></span> 
     </span>
    </p>
   </div>
   <div class='ocr_carea' id='block_1_72' title="bbox 2196 2041 3464 2117">
    <p class='ocr_par' dir='ltr' id='par_1_72' title="bbox 2196 2041 3464 2117">
     <span class='ocr_line' id='line_1_72' title="bbox 2196 2041 3464 2117; baseline -0.005 -15"><span class='ocrx_word' id='word_1_449' title='bbox 2196 2046 2393 2117; x_wconf 89' lang='lat' dir='ltr'><strong>Atque,</strong></span> <span class='ocrx_word' id='word_1_450' title='bbox 2418 2044 2519 2100; x_wconf 92' lang='lat' dir='ltr'><strong>hoc</strong></span> <span class='ocrx_word' id='word_1_451' title='bbox 2542 2052 2819 2115; x_wconf 89' lang='lat' dir='ltr'><strong>precante,</strong></span> <span class='ocrx_word' id='word_1_452' title='bbox 2844 2044 3049 2099; x_wconf 89' lang='lat' dir='ltr'><strong>diceret</strong></span> <span class='ocrx_word' id='word_1_453' title='bbox 3071 2058 3165 2098; x_wconf 85' lang='lat' dir='ltr'><strong>rex</strong></span> <span class='ocrx_word' id='word_1_454' title='bbox 3194 2041 3464 2111; x_wconf 85' lang='lat' dir='ltr'><strong>optimus:</strong></span> 
     </span>
    </p>
   </div>
   <div class='ocr_carea' id='block_1_73' title="bbox 2196 2132 3515 2199">
    <p class='ocr_par' dir='ltr' id='par_1_73' title="bbox 2196 2132 3515 2199">
     <span class='ocr_line' id='line_1_73' title="bbox 2196 2132 3515 2199; baseline -0.001 -10"><span class='ocrx_word' id='word_1_455' title='bbox 2196 2135 2475 2190; x_wconf 80' lang='lat' dir='ltr'><strong>Romanus</strong></span> <span class='ocrx_word' id='word_1_456' title='bbox 2498 2141 2619 2190; x_wconf 90' lang='lat' dir='ltr'><strong>orat</strong></span> <span class='ocrx_word' id='word_1_457' title='bbox 2644 2154 2655 2188; x_wconf 91' lang='lat'>:</span> <span class='ocrx_word' id='word_1_458' title='bbox 2687 2134 2923 2189; x_wconf 85' lang='lat' dir='ltr'><strong>transfer</strong></span> <span class='ocrx_word' id='word_1_459' title='bbox 2951 2134 3093 2188; x_wconf 83' lang='lat' dir='ltr'><strong>hunc.</strong></span> <span class='ocrx_word' id='word_1_460' title='bbox 3113 2133 3328 2189; x_wconf 65' lang='lat' dir='ltr'><strong>hmdum</strong></span> <span class='ocrx_word' id='word_1_461' title='bbox 3352 2132 3484 2188; x_wconf 86' lang='lat' dir='ltr'><strong>mihi</strong></span> <span class='ocrx_word' id='word_1_462' title='bbox 3499 2148 3515 2199; x_wconf 89' lang='lat'><strong>;</strong></span> 
     </span>
    </p>
   </div>
   <div class='ocr_carea' id='block_1_74' title="bbox 2198 2223 3231 2294">
    <p class='ocr_par' dir='ltr' id='par_1_74' title="bbox 2198 2223 3231 2294">
     <span class='ocr_line' id='line_1_74' title="bbox 2198 2223 3231 2294; baseline -0.002 -13"><span class='ocrx_word' id='word_1_463' title='bbox 2198 2225 2284 2281; x_wconf 92' lang='lat' dir='ltr'><strong>Sit</strong></span> <span class='ocrx_word' id='word_1_464' title='bbox 2307 2226 2499 2281; x_wconf 82' lang='lat' dir='ltr'><strong>dexter</strong></span> <span class='ocrx_word' id='word_1_465' title='bbox 2519 2241 2707 2294; x_wconf 80' lang='lat' dir='ltr'><strong>agnus,</strong></span> <span class='ocrx_word' id='word_1_466' title='bbox 2735 2224 2994 2279; x_wconf 91' lang='lat' dir='ltr'><strong>induatur</strong></span> <span class='ocrx_word' id='word_1_467' title='bbox 3012 2223 3231 2279; x_wconf 90' lang='lat' dir='ltr'><strong>vellere.</strong></span> 
     </span>
    </p>
   </div>
   <div class='ocr_carea' id='block_1_75' title="bbox 2197 2334 3774 2411">
    <p class='ocr_par' dir='ltr' id='par_1_75' title="bbox 2197 2334 3774 2411">
     <span class='ocr_line' id='line_1_75' title="bbox 2197 2334 3774 2411; baseline -0.004 -16"><span class='ocrx_word' id='word_1_468' title='bbox 2197 2339 2351 2395; x_wconf 84' lang='lat' dir='ltr'><strong>Idem</strong></span> <span class='ocrx_word' id='word_1_469' title='bbox 2407 2341 2464 2394; x_wconf 89' lang='lat' dir='ltr'><strong>in</strong></span> <span class='ocrx_word' id='word_1_470' title='bbox 2500 2342 2691 2411; x_wconf 80' lang='lat' dir='ltr'><strong>hymno</strong></span> <span class='ocrx_word' id='word_1_471' title='bbox 2734 2348 3039 2411; x_wconf 70' lang='lat' dir='ltr'><strong>sanctorum</strong></span> <span class='ocrx_word' id='word_1_472' title='bbox 3078 2346 3368 2406; x_wconf 82' lang='lat' dir='ltr'><strong>martyrum</strong></span> <span class='ocrx_word' id='word_1_473' title='bbox 3413 2334 3694 2390; x_wconf 74' lang='lat' dir='ltr'><strong>Emitlterii</strong></span> <span class='ocrx_word' id='word_1_474' title='bbox 3731 2342 3774 2389; x_wconf 79' lang='lat' dir='ltr'><strong>et</strong></span> 
     </span>
    </p>
   </div>
   <div class='ocr_carea' id='block_1_76' title="bbox 2554 2408 3433 2480">
    <p class='ocr_par' dir='ltr' id='par_1_76' title="bbox 2554 2408 3433 2480">
     <span class='ocr_line' id='line_1_76' title="bbox 2554 2408 3433 2480; baseline -0.005 -15"><span class='ocrx_word' id='word_1_475' title='bbox 2554 2410 2851 2465; x_wconf 78' lang='lat' dir='ltr'><strong>Chelidonii</strong></span> <span class='ocrx_word' id='word_1_476' title='bbox 2880 2408 3433 2480; x_wconf 81' lang='lat' dir='ltr'><strong>Calagurritanorum.</strong></span> 
     </span>
    </p>
   </div>
   <div class='ocr_carea' id='block_1_77' title="bbox 2268 2497 3702 2572">
    <p class='ocr_par' dir='ltr' id='par_1_77' title="bbox 2268 2497 3702 2572">
     <span class='ocr_line' id='line_1_77' title="bbox 2268 2497 3702 2572; baseline -0.002 -16"><span class='ocrx_word' id='word_1_477' title='bbox 2268 2501 2481 2572; x_wconf 89' lang='lat' dir='ltr'><strong>Scripta</strong></span> <span class='ocrx_word' id='word_1_478' title='bbox 2510 2510 2635 2556; x_wconf 92' lang='lat' dir='ltr'><strong>sunt</strong></span> <span class='ocrx_word' id='word_1_479' title='bbox 2663 2502 2802 2556; x_wconf 86' lang='lat' dir='ltr'><strong>coelo</strong></span> <span class='ocrx_word' id='word_1_480' title='bbox 2838 2502 3066 2556; x_wconf 86' lang='lat' dir='ltr'><strong>duorum</strong></span> <span class='ocrx_word' id='word_1_481' title='bbox 3098 2510 3396 2571; x_wconf 84' lang='lat' dir='ltr'><strong>martyrum</strong></span> <span class='ocrx_word' id='word_1_482' title='bbox 3418 2497 3702 2565; x_wconf 87' lang='lat' dir='ltr'><strong>vocabula,</strong></span> 
     </span>
    </p>
   </div>
   <div class='ocr_carea' id='block_1_78' title="bbox 2195 2593 3477 2663">
    <p class='ocr_par' dir='ltr' id='par_1_78' title="bbox 2195 2593 3477 2663">
     <span class='ocr_line' id='line_1_78' title="bbox 2195 2593 3477 2663; baseline 0.001 -15"><span class='ocrx_word' id='word_1_483' title='bbox 2195 2593 2390 2649; x_wconf 87' lang='lat' dir='ltr'><strong>Aureis</strong></span> <span class='ocrx_word' id='word_1_484' title='bbox 2409 2609 2528 2663; x_wconf 76' lang='lat' dir='ltr'><strong>qua:</strong></span> <span class='ocrx_word' id='word_1_485' title='bbox 2548 2593 2799 2648; x_wconf 79' lang='lat' dir='ltr'><strong>Christus</strong></span> <span class='ocrx_word' id='word_1_486' title='bbox 2828 2593 2936 2648; x_wconf 93' lang='lat' dir='ltr'><strong>illic</strong></span> <span class='ocrx_word' id='word_1_487' title='bbox 2958 2593 3235 2649; x_wconf 85' lang='lat' dir='ltr'><strong>adnotavit</strong></span> <span class='ocrx_word' id='word_1_488' title='bbox 3255 2594 3477 2658; x_wconf 87' lang='lat' dir='ltr'><strong>litteris,</strong></span> 
     </span>
    </p>
   </div>
   <div class='ocr_carea' id='block_1_79' title="bbox 2199 2684 3622 2757">
    <p class='ocr_par' dir='ltr' id='par_1_79' title="bbox 2199 2684 3622 2757">
     <span class='ocr_line' id='line_1_79' title="bbox 2199 2684 3622 2757; baseline 0 -18"><span class='ocrx_word' id='word_1_489' title='bbox 2199 2684 2488 2757; x_wconf 87' lang='lat' dir='ltr'><strong>Sanguinis</strong></span> <span class='ocrx_word' id='word_1_490' title='bbox 2518 2686 2683 2747; x_wconf 91' lang='lat' dir='ltr'><strong>notis,</strong></span> <span class='ocrx_word' id='word_1_491' title='bbox 2708 2695 2759 2738; x_wconf 86' lang='lat' dir='ltr'><strong>et</strong></span> <span class='ocrx_word' id='word_1_492' title='bbox 2790 2685 2931 2739; x_wconf 87' lang='lat' dir='ltr'><strong>idem</strong></span> <span class='ocrx_word' id='word_1_493' title='bbox 2956 2685 3159 2755; x_wconf 87' lang='lat' dir='ltr'><strong>scripta</strong></span> <span class='ocrx_word' id='word_1_494' title='bbox 3184 2685 3345 2741; x_wconf 89' lang='lat' dir='ltr'><strong>terris</strong></span> <span class='ocrx_word' id='word_1_495' title='bbox 3376 2686 3622 2742; x_wconf 86' lang='lat' dir='ltr'><strong>tradidit.</strong></span> 
     </span>
    </p>
   </div>
   <div class='ocr_carea' id='block_1_80' title="bbox 2265 2774 3743 2845">
    <p class='ocr_par' dir='ltr' id='par_1_80' title="bbox 2265 2774 3743 2845">
     <span class='ocr_line' id='line_1_80' title="bbox 2265 2774 3743 2845; baseline 0 -14"><span class='ocrx_word' id='word_1_496' title='bbox 2265 2774 2440 2833; x_wconf 88' lang='lat' dir='ltr'><strong>Pollet</strong></span> <span class='ocrx_word' id='word_1_497' title='bbox 2468 2776 2571 2832; x_wconf 89' lang='lat' dir='ltr'><strong>hoc</strong></span> <span class='ocrx_word' id='word_1_498' title='bbox 2595 2775 2720 2831; x_wconf 77' lang='lat' dir='ltr'><strong>felix</strong></span> <span class='ocrx_word' id='word_1_499' title='bbox 2754 2789 2851 2845; x_wconf 93' lang='lat' dir='ltr'><strong>per</strong></span> <span class='ocrx_word' id='word_1_500' title='bbox 2878 2777 3067 2831; x_wconf 87' lang='lat' dir='ltr'><strong>orbem</strong></span> <span class='ocrx_word' id='word_1_501' title='bbox 3101 2786 3244 2831; x_wconf 88' lang='lat' dir='ltr'><strong>terra</strong></span> <span class='ocrx_word' id='word_1_502' title='bbox 3264 2777 3415 2832; x_wconf 89' lang='lat' dir='ltr'><strong>lbera</strong></span> <span class='ocrx_word' id='word_1_503' title='bbox 3442 2786 3743 2842; x_wconf 85' lang='lat' dir='ltr'><strong>stemmate,</strong></span> 
     </span>
    </p>
   </div>
   <div class='ocr_carea' id='block_1_81' title="bbox 2196 2866 3542 2939">
    <p class='ocr_par' dir='ltr' id='par_1_81' title="bbox 2196 2866 3542 2939">
     <span class='ocr_line' id='line_1_81' title="bbox 2196 2866 3542 2939; baseline 0.001 -15"><span class='ocrx_word' id='word_1_504' title='bbox 2196 2868 2299 2925; x_wconf 83' lang='lat' dir='ltr'><strong>Hic</strong></span> <span class='ocrx_word' id='word_1_505' title='bbox 2327 2868 2478 2924; x_wconf 93' lang='lat' dir='ltr'><strong>locus</strong></span> <span class='ocrx_word' id='word_1_506' title='bbox 2503 2867 2698 2939; x_wconf 87' lang='lat' dir='ltr'><strong>dignus</strong></span> <span class='ocrx_word' id='word_1_507' title='bbox 2725 2866 2974 2923; x_wconf 85' lang='lat' dir='ltr'><strong>tenendis</strong></span> <span class='ocrx_word' id='word_1_508' title='bbox 2994 2868 3207 2925; x_wconf 91' lang='lat' dir='ltr'><strong>ossibus</strong></span> <span class='ocrx_word' id='word_1_509' title='bbox 3236 2870 3385 2924; x_wconf 81' lang='lat' dir='ltr'><strong>visus</strong></span> <span class='ocrx_word' id='word_1_510' title='bbox 3410 2869 3542 2937; x_wconf 89' lang='lat' dir='ltr'><strong>Deo,</strong></span> 
     </span>
    </p>
   </div>
   <div class='ocr_carea' id='block_1_82' title="bbox 2198 2958 3589 3031">
    <p class='ocr_par' dir='ltr' id='par_1_82' title="bbox 2198 2958 3589 3031">
     <span class='ocr_line' id='line_1_82' title="bbox 2198 2958 3589 3031; baseline -0.001 -17"><span class='ocrx_word' id='word_1_511' title='bbox 2198 2959 2301 3027; x_wconf 84' lang='lat' dir='ltr'><strong>Qui</strong></span> <span class='ocrx_word' id='word_1_512' title='bbox 2328 2960 2610 3015; x_wconf 86' lang='lat' dir='ltr'><strong>beatorum</strong></span> <span class='ocrx_word' id='word_1_513' title='bbox 2640 2958 2867 3029; x_wconf 91' lang='lat' dir='ltr'><strong>pudicus</strong></span> <span class='ocrx_word' id='word_1_514' title='bbox 2892 2968 3036 3014; x_wconf 90' lang='lat' dir='ltr'><strong>esset</strong></span> <span class='ocrx_word' id='word_1_515' title='bbox 3058 2960 3256 3031; x_wconf 87' lang='lat' dir='ltr'><strong>hospes</strong></span> <span class='ocrx_word' id='word_1_516' title='bbox 3283 2974 3589 3031; x_wconf 90' lang='lat' dir='ltr'><strong>corporum.</strong></span> 
     </span>
    </p>
   </div>
   <div class='ocr_carea' id='block_1_83' title="bbox 2270 3051 3691 3124">
    <p class='ocr_par' dir='ltr' id='par_1_83' title="bbox 2270 3051 3691 3124">
     <span class='ocr_line' id='line_1_83' title="bbox 2270 3051 3691 3124; baseline -0.001 -16"><span class='ocrx_word' id='word_1_517' title='bbox 2270 3053 2370 3109; x_wconf 86' lang='lat' dir='ltr'><strong>Hic</strong></span> <span class='ocrx_word' id='word_1_518' title='bbox 2402 3053 2641 3108; x_wconf 89' lang='lat' dir='ltr'><strong>calentes</strong></span> <span class='ocrx_word' id='word_1_519' title='bbox 2662 3052 2845 3107; x_wconf 88' lang='lat' dir='ltr'><strong>hausit</strong></span> <span class='ocrx_word' id='word_1_520' title='bbox 2866 3053 3041 3108; x_wconf 89' lang='lat' dir='ltr'><strong>undas</strong></span> <span class='ocrx_word' id='word_1_521' title='bbox 3066 3054 3210 3107; x_wconf 65' lang='lat' dir='ltr'><strong>crede</strong></span> <span class='ocrx_word' id='word_1_522' title='bbox 3240 3054 3442 3109; x_wconf 81' lang='lat' dir='ltr'><strong>tinctus</strong></span> <span class='ocrx_word' id='word_1_523' title='bbox 3473 3051 3691 3124; x_wconf 87' lang='lat' dir='ltr'><strong>duplici.</strong></span> 
     </span>
    </p>
   </div>
   <div class='ocr_carea' id='block_1_84' title="bbox 2197 3146 3407 3205">
    <p class='ocr_par' dir='ltr' id='par_1_84' title="bbox 2197 3146 3407 3205">
     <span class='ocr_line' id='line_1_84' title="bbox 2197 3146 3407 3205; baseline 0 -2"><span class='ocrx_word' id='word_1_524' title='bbox 2197 3148 2367 3205; x_wconf 86' lang='lat' dir='ltr'><strong>Illitas</strong></span> <span class='ocrx_word' id='word_1_525' title='bbox 2389 3162 2584 3202; x_wconf 89' lang='lat' dir='ltr'><strong>cruore</strong></span> <span class='ocrx_word' id='word_1_526' title='bbox 2609 3154 2797 3201; x_wconf 90' lang='lat' dir='ltr'><strong>sancto</strong></span> <span class='ocrx_word' id='word_1_527' title='bbox 2818 3162 2963 3201; x_wconf 92' lang='lat' dir='ltr'><strong>nunc</strong></span> <span class='ocrx_word' id='word_1_528' title='bbox 2991 3161 3188 3200; x_wconf 88' lang='lat' dir='ltr'><strong>arenas</strong></span> <span class='ocrx_word' id='word_1_529' title='bbox 3219 3146 3407 3203; x_wconf 69' lang='lat' dir='ltr'><strong>inculte</strong></span> 
     </span>
    </p>
   </div>
   <div class='ocr_carea' id='block_1_85' title="bbox 2122 3211 3670 3311">
    <p class='ocr_par' dir='ltr' id='par_1_85' title="bbox 2122 3211 3670 3311">
     <span class='ocr_line' id='line_1_85' title="bbox 2122 3211 3670 3311; baseline -0.005 -12"><span class='ocrx_word' id='word_1_530' title='bbox 2122 3211 2168 3278; x_wconf 58' lang='grc' dir='ltr'><strong>(ἶ</strong></span> <span class='ocrx_word' id='word_1_531' title='bbox 2200 3240 2669 3311; x_wconf 91' lang='lat' dir='ltr'><strong>Confrequentant</strong></span> <span class='ocrx_word' id='word_1_532' title='bbox 2688 3239 3039 3295; x_wconf 88' lang='lat' dir='ltr'><strong>obsecrantes</strong></span> <span class='ocrx_word' id='word_1_533' title='bbox 3063 3253 3215 3303; x_wconf 91' lang='lat' dir='ltr'><strong>voce,</strong></span> <span class='ocrx_word' id='word_1_534' title='bbox 3238 3240 3400 3303; x_wconf 87' lang='lat' dir='ltr'><strong>votis,</strong></span> <span class='ocrx_word' id='word_1_535' title='bbox 3425 3252 3670 3295; x_wconf 87' lang='lat' dir='ltr'><strong>munere.</strong></span> 
     </span>
    </p>
   </div>
   <div class='ocr_carea' id='block_1_86' title="bbox 2270 3329 3625 3404">
    <p class='ocr_par' dir='ltr' id='par_1_86' title="bbox 2270 3329 3625 3404">
     <span class='ocr_line' id='line_1_86' title="bbox 2270 3329 3625 3404; baseline -0.003 -16"><span class='ocrx_word' id='word_1_536' title='bbox 2270 3330 2459 3388; x_wconf 81' lang='lat' dir='ltr'><strong>Exteri</strong></span> <span class='ocrx_word' id='word_1_537' title='bbox 2483 3345 2583 3386; x_wconf 91' lang='lat' dir='ltr'><strong>nec</strong></span> <span class='ocrx_word' id='word_1_538' title='bbox 2603 3346 2711 3386; x_wconf 92' lang='lat' dir='ltr'><strong>non</strong></span> <span class='ocrx_word' id='word_1_539' title='bbox 2739 3339 2795 3385; x_wconf 89' lang='lat' dir='ltr'><strong>et</strong></span> <span class='ocrx_word' id='word_1_540' title='bbox 2818 3331 2967 3386; x_wconf 90' lang='lat' dir='ltr'><strong>orbis</strong></span> <span class='ocrx_word' id='word_1_541' title='bbox 2996 3329 3101 3385; x_wconf 91' lang='lat' dir='ltr'><strong>huc</strong></span> <span class='ocrx_word' id='word_1_542' title='bbox 3127 3329 3351 3384; x_wconf 91' lang='lat' dir='ltr'><strong>colonus</strong></span> <span class='ocrx_word' id='word_1_543' title='bbox 3375 3330 3625 3404; x_wconf 72' lang='lat' dir='ltr'><strong>advenit;</strong></span> 
     </span>
    </p>
   </div>
   <div class='ocr_carea' id='block_1_87' title="bbox 2094 3422 3684 3501">
    <p class='ocr_par' dir='ltr' id='par_1_87' title="bbox 2094 3422 3684 3501">
     <span class='ocr_line' id='line_1_87' title="bbox 2094 3422 3684 3501; baseline -0.003 -19"><span class='ocrx_word' id='word_1_544' title='bbox 2094 3500 2097 3501; x_wconf 15' lang='grc' dir='ltr'><em>ν</em></span> <span class='ocrx_word' id='word_1_545' title='bbox 2196 3424 2365 3482; x_wconf 88' lang='lat' dir='ltr'><strong>Fama</strong></span> <span class='ocrx_word' id='word_1_546' title='bbox 2389 3439 2513 3478; x_wconf 90' lang='lat' dir='ltr'><strong>nam</strong></span> <span class='ocrx_word' id='word_1_547' title='bbox 2540 3432 2713 3479; x_wconf 90' lang='lat' dir='ltr'><strong>terras</strong></span> <span class='ocrx_word' id='word_1_548' title='bbox 2735 3423 2787 3477; x_wconf 93' lang='lat' dir='ltr'><strong>in</strong></span> <span class='ocrx_word' id='word_1_549' title='bbox 2812 3438 3001 3480; x_wconf 90' lang='lat' dir='ltr'><strong>omnes</strong></span> <span class='ocrx_word' id='word_1_550' title='bbox 3029 3423 3370 3494; x_wconf 89' lang='lat' dir='ltr'><strong>percucurrit</strong></span> <span class='ocrx_word' id='word_1_551' title='bbox 3394 3422 3684 3493; x_wconf 82' lang='lat' dir='ltr'><strong>proditrix,</strong></span> 
     </span>
    </p>
   </div>
   <div class='ocr_carea' id='block_1_88' title="bbox 2182 3516 3720 3587">
    <p class='ocr_par' dir='ltr' id='par_1_88' title="bbox 2182 3516 3720 3587">
     <span class='ocr_line' id='line_1_88' title="bbox 2182 3516 3720 3587; baseline -0.001 -14"><span class='ocrx_word' id='word_1_552' title='bbox 2182 3516 2301 3574; x_wconf 35' lang='lat' dir='ltr'><strong>‘Hic</strong></span> <span class='ocrx_word' id='word_1_553' title='bbox 2327 3526 2588 3587; x_wconf 87' lang='lat' dir='ltr'><strong>patronos</strong></span> <span class='ocrx_word' id='word_1_554' title='bbox 2610 3532 2732 3571; x_wconf 90' lang='lat' dir='ltr'><strong>esse</strong></span> <span class='ocrx_word' id='word_1_555' title='bbox 2758 3517 2965 3579; x_wconf 87' lang='lat' dir='ltr'><strong>mundi,</strong></span> <span class='ocrx_word' id='word_1_556' title='bbox 2993 3532 3128 3587; x_wconf 84' lang='lat' dir='ltr'><strong>quos</strong></span> <span class='ocrx_word' id='word_1_557' title='bbox 3156 3525 3441 3587; x_wconf 89' lang='lat' dir='ltr'><strong>precantes</strong></span> <span class='ocrx_word' id='word_1_558' title='bbox 3464 3517 3720 3573; x_wconf 85' lang='lat' dir='ltr'><strong>ambiant.</strong></span> 
     </span>
    </p>
   </div>
   <div class='ocr_carea' id='block_1_89' title="bbox 2270 3607 3778 3679">
    <p class='ocr_par' dir='ltr' id='par_1_89' title="bbox 2270 3607 3778 3679">
     <span class='ocr_line' id='line_1_89' title="bbox 2270 3607 3778 3679; baseline 0.003 -17"><span class='ocrx_word' id='word_1_559' title='bbox 2270 3607 2440 3664; x_wconf 83' lang='lat' dir='ltr'><strong>Nemo</strong></span> <span class='ocrx_word' id='word_1_560' title='bbox 2461 3624 2627 3678; x_wconf 89' lang='lat' dir='ltr'><strong>puras</strong></span> <span class='ocrx_word' id='word_1_561' title='bbox 2655 3607 2744 3662; x_wconf 90' lang='lat' dir='ltr'><strong>hic</strong></span> <span class='ocrx_word' id='word_1_562' title='bbox 2768 3608 3006 3679; x_wconf 88' lang='lat' dir='ltr'><strong>rogando</strong></span> <span class='ocrx_word' id='word_1_563' title='bbox 3043 3608 3239 3662; x_wconf 81' lang='lat' dir='ltr'><strong>frustra</strong></span> <span class='ocrx_word' id='word_1_564' title='bbox 3269 3610 3544 3679; x_wconf 80' lang='lat' dir='ltr'><strong>congessit</strong></span> <span class='ocrx_word' id='word_1_565' title='bbox 3568 3623 3778 3678; x_wconf 82' lang='lat' dir='ltr'><strong>preces;</strong></span> 
     </span>
    </p>
   </div>
   <div class='ocr_carea' id='block_1_90' title="bbox 2199 3698 3557 3768">
    <p class='ocr_par' dir='ltr' id='par_1_90' title="bbox 2199 3698 3557 3768">
     <span class='ocr_line' id='line_1_90' title="bbox 2199 3698 3557 3768; baseline -0.001 -13"><span class='ocrx_word' id='word_1_566' title='bbox 2199 3700 2379 3755; x_wconf 64' lang='lat' dir='ltr'><strong>Lmtus</strong></span> <span class='ocrx_word' id='word_1_567' title='bbox 2407 3701 2497 3756; x_wconf 92' lang='lat' dir='ltr'><strong>hic</strong></span> <span class='ocrx_word' id='word_1_568' title='bbox 2535 3699 2693 3754; x_wconf 88' lang='lat' dir='ltr'><strong>tersis</strong></span> <span class='ocrx_word' id='word_1_569' title='bbox 2716 3699 2941 3754; x_wconf 88' lang='lat' dir='ltr'><strong>revertit</strong></span> <span class='ocrx_word' id='word_1_570' title='bbox 2965 3699 3295 3768; x_wconf 84' lang='lat' dir='ltr'><strong>supplicator</strong></span> <span class='ocrx_word' id='word_1_571' title='bbox 3323 3698 3557 3765; x_wconf 82' lang='lat' dir='ltr'><strong>ﬂetibus,</strong></span> 
     </span>
    </p>
   </div>
   <div class='ocr_carea' id='block_1_91' title="bbox 2200 3791 3702 3862">
    <p class='ocr_par' dir='ltr' id='par_1_91' title="bbox 2200 3791 3702 3862">
     <span class='ocr_line' id='line_1_91' title="bbox 2200 3791 3702 3862; baseline -0.001 -15"><span class='ocrx_word' id='word_1_572' title='bbox 2200 3791 2372 3847; x_wconf 90' lang='lat' dir='ltr'><strong>Omne</strong></span> <span class='ocrx_word' id='word_1_573' title='bbox 2402 3793 2545 3861; x_wconf 82' lang='lat' dir='ltr'><strong>quod</strong></span> <span class='ocrx_word' id='word_1_574' title='bbox 2573 3791 2778 3861; x_wconf 88' lang='lat' dir='ltr'><strong>justum</strong></span> <span class='ocrx_word' id='word_1_575' title='bbox 2801 3791 3047 3862; x_wconf 86' lang='lat' dir='ltr'><strong>poposcit</strong></span> <span class='ocrx_word' id='word_1_576' title='bbox 3072 3791 3413 3861; x_wconf 87' lang='lat' dir='ltr'><strong>impetratum</strong></span> <span class='ocrx_word' id='word_1_577' title='bbox 3444 3791 3702 3846; x_wconf 77' lang='lat' dir='ltr'><strong>sentiens.</strong></span> 
     </span>
    </p>
   </div>
   <div class='ocr_carea' id='block_1_92' title="bbox 2272 3880 3765 3954">
    <p class='ocr_par' dir='ltr' id='par_1_92' title="bbox 2272 3880 3765 3954">
     <span class='ocr_line' id='line_1_92' title="bbox 2272 3880 3765 3954; baseline 0 -17"><span class='ocrx_word' id='word_1_578' title='bbox 2272 3883 2443 3938; x_wconf 91' lang='lat' dir='ltr'><strong>Tanta</strong></span> <span class='ocrx_word' id='word_1_579' title='bbox 2465 3899 2563 3954; x_wconf 91' lang='lat' dir='ltr'><strong>pro</strong></span> <span class='ocrx_word' id='word_1_580' title='bbox 2598 3885 2801 3938; x_wconf 89' lang='lat' dir='ltr'><strong>nostris</strong></span> <span class='ocrx_word' id='word_1_581' title='bbox 2827 3882 3043 3952; x_wconf 89' lang='lat' dir='ltr'><strong>periclis</strong></span> <span class='ocrx_word' id='word_1_582' title='bbox 3074 3898 3204 3938; x_wconf 90' lang='lat' dir='ltr'><strong>cura</strong></span> <span class='ocrx_word' id='word_1_583' title='bbox 3229 3880 3633 3953; x_wconf 72' lang='lat' dir='ltr'><strong>suffragantium</strong></span> <span class='ocrx_word' id='word_1_584' title='bbox 3667 3893 3765 3949; x_wconf 90' lang='lat' dir='ltr'><strong>est,</strong></span> 
     </span>
    </p>
   </div>
   <div class='ocr_carea' id='block_1_93' title="bbox 2198 3972 3678 4041">
    <p class='ocr_par' dir='ltr' id='par_1_93' title="bbox 2198 3972 3678 4041">
     <span class='ocr_line' id='line_1_93' title="bbox 2198 3972 3678 4041; baseline -0.002 -11"><span class='ocrx_word' id='word_1_585' title='bbox 2198 3974 2317 4030; x_wconf 89' lang='lat' dir='ltr'><strong>Non</strong></span> <span class='ocrx_word' id='word_1_586' title='bbox 2351 3976 2560 4041; x_wconf 92' lang='lat' dir='ltr'><strong>sinunt,</strong></span> <span class='ocrx_word' id='word_1_587' title='bbox 2589 3976 2751 4030; x_wconf 86' lang='lat' dir='ltr'><strong>inane</strong></span> <span class='ocrx_word' id='word_1_588' title='bbox 2781 3984 2839 4030; x_wconf 89' lang='lat' dir='ltr'><strong>ut</strong></span> <span class='ocrx_word' id='word_1_589' title='bbox 2866 3975 3008 4029; x_wconf 88' lang='lat' dir='ltr'><strong>ullus</strong></span> <span class='ocrx_word' id='word_1_590' title='bbox 3030 3990 3161 4030; x_wconf 88' lang='lat' dir='ltr'><strong>voce</strong></span> <span class='ocrx_word' id='word_1_591' title='bbox 3185 3990 3430 4029; x_wconf 90' lang='lat' dir='ltr'><strong>murmur</strong></span> <span class='ocrx_word' id='word_1_592' title='bbox 3452 3972 3678 4039; x_wconf 76' lang='lat' dir='ltr'><strong>fuderit;</strong></span> 
     </span>
    </p>
   </div>
   <div class='ocr_carea' id='block_1_94' title="bbox 2199 4065 3716 4138">
    <p class='ocr_par' dir='ltr' id='par_1_94' title="bbox 2199 4065 3716 4138">
     <span class='ocr_line' id='line_1_94' title="bbox 2199 4065 3716 4138; baseline -0.001 -17"><span class='ocrx_word' id='word_1_593' title='bbox 2199 4066 2463 4132; x_wconf 87' lang='lat' dir='ltr'><strong>Audiunt,</strong></span> <span class='ocrx_word' id='word_1_594' title='bbox 2488 4066 2783 4135; x_wconf 88' lang='lat' dir='ltr'><strong>statimque</strong></span> <span class='ocrx_word' id='word_1_595' title='bbox 2811 4067 2878 4120; x_wconf 91' lang='lat' dir='ltr'><strong>ad</strong></span> <span class='ocrx_word' id='word_1_596' title='bbox 2901 4082 3088 4122; x_wconf 90' lang='lat' dir='ltr'><strong>aurem</strong></span> <span class='ocrx_word' id='word_1_597' title='bbox 3120 4066 3263 4138; x_wconf 90' lang='lat' dir='ltr'><strong>regis</strong></span> <span class='ocrx_word' id='word_1_598' title='bbox 3294 4065 3484 4121; x_wconf 65' lang='lat' dir='ltr'><strong>aeterni</strong></span> <span class='ocrx_word' id='word_1_599' title='bbox 3516 4066 3716 4120; x_wconf 83' lang='lat' dir='ltr'><strong>ferunt.</strong></span> 
     </span>
    </p>
   </div>
   <div class='ocr_carea' id='block_1_95' title="bbox 2270 4155 3623 4227">
    <p class='ocr_par' dir='ltr' id='par_1_95' title="bbox 2270 4155 3623 4227">
     <span class='ocr_line' id='line_1_95' title="bbox 2270 4155 3623 4227; baseline -0.001 -16"><span class='ocrx_word' id='word_1_600' title='bbox 2270 4156 2398 4212; x_wconf 85' lang='lat' dir='ltr'><strong>Inde</strong></span> <span class='ocrx_word' id='word_1_601' title='bbox 2433 4156 2578 4227; x_wconf 87' lang='lat' dir='ltr'><strong>larga</strong></span> <span class='ocrx_word' id='word_1_602' title='bbox 2606 4156 2754 4211; x_wconf 88' lang='lat' dir='ltr'><strong>fonte</strong></span> <span class='ocrx_word' id='word_1_603' title='bbox 2780 4158 2848 4212; x_wconf 91' lang='lat' dir='ltr'><strong>ab</strong></span> <span class='ocrx_word' id='word_1_604' title='bbox 2876 4157 2993 4226; x_wconf 90' lang='lat' dir='ltr'><strong>ipso</strong></span> <span class='ocrx_word' id='word_1_605' title='bbox 3020 4158 3159 4212; x_wconf 90' lang='lat' dir='ltr'><strong>dona</strong></span> <span class='ocrx_word' id='word_1_606' title='bbox 3182 4158 3343 4211; x_wconf 89' lang='lat' dir='ltr'><strong>terris</strong></span> <span class='ocrx_word' id='word_1_607' title='bbox 3373 4155 3623 4222; x_wconf 80' lang='lat' dir='ltr'><strong>influunt,</strong></span> 
     </span>
    </p>
   </div>
   <div class='ocr_carea' id='block_1_96' title="bbox 2202 4249 3646 4321">
    <p class='ocr_par' dir='ltr' id='par_1_96' title="bbox 2202 4249 3646 4321">
     <span class='ocr_line' id='line_1_96' title="bbox 2202 4249 3646 4321; baseline -0.002 -15"><span class='ocrx_word' id='word_1_608' title='bbox 2202 4249 2540 4321; x_wconf 90' lang='lat' dir='ltr'><strong>Supplicium</strong></span> <span class='ocrx_word' id='word_1_609' title='bbox 2574 4266 2768 4307; x_wconf 90' lang='lat' dir='ltr'><strong>causas</strong></span> <span class='ocrx_word' id='word_1_610' title='bbox 2788 4251 2973 4314; x_wconf 86' lang='lat' dir='ltr'><strong>petitis</strong></span> <span class='ocrx_word' id='word_1_611' title='bbox 3006 4266 3127 4320; x_wconf 76' lang='lat' dir='ltr'><strong>quae</strong></span> <span class='ocrx_word' id='word_1_612' title='bbox 3151 4250 3373 4306; x_wconf 87' lang='lat' dir='ltr'><strong>medelis</strong></span> <span class='ocrx_word' id='word_1_613' title='bbox 3399 4251 3646 4321; x_wconf 87' lang='lat' dir='ltr'><strong>irrigant.</strong></span> 
     </span>
    </p>
   </div>
   <div class='ocr_carea' id='block_1_97' title="bbox 2201 4338 3684 4414">
    <p class='ocr_par' dir='ltr' id='par_1_97' title="bbox 2201 4338 3684 4414">
     <span class='ocr_line' id='line_1_97' title="bbox 2201 4338 3684 4414; baseline 0 -21"><span class='ocrx_word' id='word_1_614' title='bbox 2201 4338 2288 4394; x_wconf 86' lang='lat' dir='ltr'><strong>Nil</strong></span> <span class='ocrx_word' id='word_1_615' title='bbox 2319 4340 2430 4395; x_wconf 88' lang='lat' dir='ltr'><strong>suis</strong></span> <span class='ocrx_word' id='word_1_616' title='bbox 2457 4339 2633 4397; x_wconf 85' lang='lat' dir='ltr'><strong>bonus</strong></span> <span class='ocrx_word' id='word_1_617' title='bbox 2653 4340 2870 4414; x_wconf 85' lang='lat' dir='ltr'><strong>negavit</strong></span> <span class='ocrx_word' id='word_1_618' title='bbox 2889 4339 3140 4395; x_wconf 90' lang='lat' dir='ltr'><strong>Christus</strong></span> <span class='ocrx_word' id='word_1_619' title='bbox 3168 4355 3409 4412; x_wconf 83' lang='lat' dir='ltr'><strong>unquam</strong></span> <span class='ocrx_word' id='word_1_620' title='bbox 3438 4339 3684 4396; x_wconf 88' lang='lat' dir='ltr'><strong>testibus.</strong></span> 
     </span>
    </p>
   </div>
   <div class='ocr_carea' id='block_1_98' title="bbox 2758 4458 3227 4515">
    <p class='ocr_par' dir='ltr' id='par_1_98' title="bbox 2758 4458 3227 4515">
     <span class='ocr_line' id='line_1_98' title="bbox 2758 4458 3227 4515; baseline 0.002 -3"><span class='ocrx_word' id='word_1_621' title='bbox 2758 4458 2909 4514; x_wconf 82' lang='lat' dir='ltr'><strong>Idem</strong></span> <span class='ocrx_word' id='word_1_622' title='bbox 2939 4461 2995 4514; x_wconf 85' lang='lat' dir='ltr'><strong>in</strong></span> <span class='ocrx_word' id='word_1_623' title='bbox 3025 4460 3227 4515; x_wconf 83' lang='lat' dir='ltr'><strong>eodem.</strong></span> 
     </span>
    </p>
   </div>
   <div class='ocr_carea' id='block_1_99' title="bbox 2124 4548 3719 4645">
    <p class='ocr_par' dir='ltr' id='par_1_99' title="bbox 2124 4548 3719 4645">
     <span class='ocr_line' id='line_1_99' title="bbox 2124 4548 3719 4645; baseline 0.003 -43"><span class='ocrx_word' id='word_1_624' title='bbox 2124 4583 2179 4645; x_wconf 72' lang='grc' dir='ltr'><strong><em>Β</em></strong></span> <span class='ocrx_word' id='word_1_625' title='bbox 2276 4548 2505 4605; x_wconf 86' lang='lat' dir='ltr'><strong>Caesaris</strong></span> <span class='ocrx_word' id='word_1_626' title='bbox 2530 4550 2725 4605; x_wconf 78' lang='lat' dir='ltr'><strong>vexilla</strong></span> <span class='ocrx_word' id='word_1_627' title='bbox 2752 4550 3023 4619; x_wconf 87' lang='lat' dir='ltr'><strong>linquunt,</strong></span> <span class='ocrx_word' id='word_1_628' title='bbox 3049 4553 3255 4623; x_wconf 83' lang='lat' dir='ltr'><strong>eligunt</strong></span> <span class='ocrx_word' id='word_1_629' title='bbox 3284 4551 3497 4624; x_wconf 86' lang='lat' dir='ltr'><strong>signum</strong></span> <span class='ocrx_word' id='word_1_630' title='bbox 3523 4552 3719 4615; x_wconf 88' lang='lat' dir='ltr'><strong>crucis,</strong></span> 
     </span>
    </p>
   </div>
   <div class='ocr_carea' id='block_1_100' title="bbox 2204 4639 3696 4715">
    <p class='ocr_par' dir='ltr' id='par_1_100' title="bbox 2204 4639 3696 4715">
     <span class='ocr_line' id='line_1_100' title="bbox 2204 4639 3696 4715; baseline 0.004 -22"><span class='ocrx_word' id='word_1_631' title='bbox 2204 4639 2414 4708; x_wconf 87' lang='lat' dir='ltr'><strong>Proque</strong></span> <span class='ocrx_word' id='word_1_632' title='bbox 2437 4642 2679 4696; x_wconf 89' lang='lat' dir='ltr'><strong>ventosis</strong></span> <span class='ocrx_word' id='word_1_633' title='bbox 2700 4643 3020 4708; x_wconf 89' lang='lat' dir='ltr'><strong>draconum,</strong></span> <span class='ocrx_word' id='word_1_634' title='bbox 3045 4660 3181 4714; x_wconf 88' lang='lat' dir='ltr'><strong>quos</strong></span> <span class='ocrx_word' id='word_1_635' title='bbox 3202 4645 3480 4714; x_wconf 81' lang='lat' dir='ltr'><strong>gerebant,</strong></span> <span class='ocrx_word' id='word_1_636' title='bbox 3504 4643 3696 4715; x_wconf 87' lang='lat' dir='ltr'><strong>palliis,</strong></span> 
     </span>
    </p>
   </div>
   <div class='ocr_carea' id='block_1_101' title="bbox 2201 4729 3760 4805">
    <p class='ocr_par' dir='ltr' id='par_1_101' title="bbox 2201 4729 3760 4805">
     <span class='ocr_line' id='line_1_101' title="bbox 2201 4729 3760 4805; baseline 0.003 -19"><span class='ocrx_word' id='word_1_637' title='bbox 2201 4729 2502 4787; x_wconf 86' lang='lat' dir='ltr'><strong>Praeferunt</strong></span> <span class='ocrx_word' id='word_1_638' title='bbox 2530 4733 2739 4802; x_wconf 88' lang='lat' dir='ltr'><strong>insigne</strong></span> <span class='ocrx_word' id='word_1_639' title='bbox 2764 4734 2996 4804; x_wconf 89' lang='lat' dir='ltr'><strong>lignum,</strong></span> <span class='ocrx_word' id='word_1_640' title='bbox 3019 4736 3163 4805; x_wconf 91' lang='lat' dir='ltr'><strong>quod</strong></span> <span class='ocrx_word' id='word_1_641' title='bbox 3191 4736 3483 4792; x_wconf 89' lang='lat' dir='ltr'><strong>draconem</strong></span> <span class='ocrx_word' id='word_1_642' title='bbox 3506 4736 3760 4793; x_wconf 88' lang='lat' dir='ltr'><strong>subdidit.</strong></span> 
     </span>
    </p>
   </div>
   <div class='ocr_carea' id='block_1_102' title="bbox 2736 4823 3200 4880">
    <p class='ocr_par' dir='ltr' id='par_1_102' title="bbox 2736 4823 3200 4880">
     <span class='ocr_line' id='line_1_102' title="bbox 2736 4823 3200 4880; baseline 0.004 -3"><span class='ocrx_word' id='word_1_643' title='bbox 2736 4823 2886 4880; x_wconf 82' lang='lat' dir='ltr'><strong>Idem</strong></span> <span class='ocrx_word' id='word_1_644' title='bbox 2910 4826 2965 4879; x_wconf 81' lang='lat' dir='ltr'><strong>in</strong></span> <span class='ocrx_word' id='word_1_645' title='bbox 2999 4826 3200 4880; x_wconf 79' lang='lat' dir='ltr'><strong>eodem.</strong></span> 
     </span>
    </p>
   </div>
   <div class='ocr_carea' id='block_1_103' title="bbox 2273 4913 3783 4989">
    <p class='ocr_par' dir='ltr' id='par_1_103' title="bbox 2273 4913 3783 4989">
     <span class='ocr_line' id='line_1_103' title="bbox 2273 4913 3783 4989; baseline 0.001 -22"><span class='ocrx_word' id='word_1_646' title='bbox 2273 4913 2370 4968; x_wconf 86' lang='lat' dir='ltr'><strong>His</strong></span> <span class='ocrx_word' id='word_1_647' title='bbox 2419 4915 2595 4971; x_wconf 89' lang='lat' dir='ltr'><strong>modis</strong></span> <span class='ocrx_word' id='word_1_648' title='bbox 2650 4930 2904 4986; x_wconf 89' lang='lat' dir='ltr'><strong>spurcum</strong></span> <span class='ocrx_word' id='word_1_649' title='bbox 2938 4916 3205 4973; x_wconf 87' lang='lat' dir='ltr'><strong>latronem</strong></span> <span class='ocrx_word' id='word_1_650' title='bbox 3256 4927 3558 4989; x_wconf 84' lang='lat' dir='ltr'><strong>martyrum</strong></span> <span class='ocrx_word' id='word_1_651' title='bbox 3610 4916 3783 4970; x_wconf 88' lang='lat' dir='ltr'><strong>virtus</strong></span> 
     </span>
    </p>
   </div>
   <div class='ocr_carea' id='block_1_104' title="bbox 3485 5008 3710 5080">
    <p class='ocr_par' dir='ltr' id='par_1_104' title="bbox 3485 5008 3710 5080">
     <span class='ocr_line' id='line_1_104' title="bbox 3485 5008 3710 5080; baseline 0.013 -23"><span class='ocrx_word' id='word_1_652' title='bbox 3485 5008 3710 5080; x_wconf 83' lang='lat' dir='ltr'><strong>[quatit;</strong></span> 
     </span>
    </p>
   </div>
   <div class='ocr_carea' id='block_1_105' title="bbox 2207 5095 3678 5169">
    <p class='ocr_par' dir='ltr' id='par_1_105' title="bbox 2207 5095 3678 5169">
     <span class='ocr_line' id='line_1_105' title="bbox 2207 5095 3678 5169; baseline 0 -17"><span class='ocrx_word' id='word_1_653' title='bbox 2207 5095 2333 5152; x_wconf 72' lang='lat' dir='ltr'><strong>llaec</strong></span> <span class='ocrx_word' id='word_1_654' title='bbox 2360 5105 2597 5163; x_wconf 89' lang='lat' dir='ltr'><strong>coercet,</strong></span> <span class='ocrx_word' id='word_1_655' title='bbox 2624 5106 2862 5169; x_wconf 85' lang='lat' dir='ltr'><strong>torquet,</strong></span> <span class='ocrx_word' id='word_1_656' title='bbox 2895 5098 3027 5165; x_wconf 91' lang='lat' dir='ltr'><strong>urit,</strong></span> <span class='ocrx_word' id='word_1_657' title='bbox 3056 5099 3171 5155; x_wconf 64' lang='lat' dir='ltr'><strong>haec</strong></span> <span class='ocrx_word' id='word_1_658' title='bbox 3192 5107 3415 5155; x_wconf 90' lang='lat' dir='ltr'><strong>catenas</strong></span> <span class='ocrx_word' id='word_1_659' title='bbox 3453 5098 3678 5163; x_wconf 90' lang='lat' dir='ltr'><strong>incutit;</strong></span> 
     </span>
    </p>
   </div>
   <div class='ocr_carea' id='block_1_106' title="bbox 2206 5185 3449 5246">
    <p class='ocr_par' dir='ltr' id='par_1_106' title="bbox 2206 5185 3449 5246">
     <span class='ocr_line' id='line_1_106' title="bbox 2206 5185 3449 5246; baseline 0.002 -5"><span class='ocrx_word' id='word_1_660' title='bbox 2206 5185 2393 5241; x_wconf 60' lang='lat' dir='ltr'><strong>Praedo</strong></span> <span class='ocrx_word' id='word_1_661' title='bbox 2431 5198 2659 5243; x_wconf 81' lang='lat' dir='ltr'><strong>vexatus</strong></span> <span class='ocrx_word' id='word_1_662' title='bbox 2690 5189 2894 5245; x_wconf 88' lang='lat' dir='ltr'><strong>relictis</strong></span> <span class='ocrx_word' id='word_1_663' title='bbox 2924 5205 2984 5245; x_wconf 89' lang='lat' dir='ltr'><strong>se</strong></span> <span class='ocrx_word' id='word_1_664' title='bbox 3005 5190 3254 5246; x_wconf 88' lang='lat' dir='ltr'><strong>medullis</strong></span> <span class='ocrx_word' id='word_1_665' title='bbox 3282 5190 3449 5246; x_wconf 77' lang='lat' dir='ltr'><strong>exuit.</strong></span> 
     </span>
    </p>
   </div>
   <div class='ocr_carea' id='block_1_107' title="bbox 2277 5277 3712 5352">
    <p class='ocr_par' dir='ltr' id='par_1_107' title="bbox 2277 5277 3712 5352">
     <span class='ocr_line' id='line_1_107' title="bbox 2277 5277 3712 5352; baseline -0.001 -20"><span class='ocrx_word' id='word_1_666' title='bbox 2277 5277 2499 5350; x_wconf 90' lang='lat' dir='ltr'><strong>Linquit</strong></span> <span class='ocrx_word' id='word_1_667' title='bbox 2524 5280 2744 5336; x_wconf 73' lang='lat' dir='ltr'><strong>illmsam</strong></span> <span class='ocrx_word' id='word_1_668' title='bbox 2780 5282 3059 5352; x_wconf 88' lang='lat' dir='ltr'><strong>rapinam;</strong></span> <span class='ocrx_word' id='word_1_669' title='bbox 3093 5280 3339 5337; x_wconf 88' lang='lat' dir='ltr'><strong>faucibus</strong></span> <span class='ocrx_word' id='word_1_670' title='bbox 3360 5281 3523 5336; x_wconf 86' lang='lat' dir='ltr'><strong>siccis</strong></span> <span class='ocrx_word' id='word_1_671' title='bbox 3547 5278 3712 5349; x_wconf 86' lang='lat' dir='ltr'><strong>fugit;</strong></span> 
     </span>
    </p>
   </div>
   <div class='ocr_carea' id='block_1_108' title="bbox 2208 5368 3782 5443">
    <p class='ocr_par' dir='ltr' id='par_1_108' title="bbox 2208 5368 3782 5443">
     <span class='ocr_line' id='line_1_108' title="bbox 2208 5368 3782 5443; baseline 0.001 -16"><span class='ocrx_word' id='word_1_672' title='bbox 2208 5369 2399 5442; x_wconf 85' lang='lat' dir='ltr'><strong>Ungue</strong></span> <span class='ocrx_word' id='word_1_673' title='bbox 2428 5372 2495 5426; x_wconf 88' lang='lat' dir='ltr'><strong>ab</strong></span> <span class='ocrx_word' id='word_1_674' title='bbox 2517 5372 2627 5427; x_wconf 90' lang='lat' dir='ltr'><strong>imo</strong></span> <span class='ocrx_word' id='word_1_675' title='bbox 2652 5388 2823 5442; x_wconf 90' lang='lat' dir='ltr'><strong>usque</strong></span> <span class='ocrx_word' id='word_1_676' title='bbox 2851 5373 2919 5426; x_wconf 90' lang='lat' dir='ltr'><strong>ad</strong></span> <span class='ocrx_word' id='word_1_677' title='bbox 2941 5372 3195 5443; x_wconf 81' lang='lat' dir='ltr'><strong>capillum</strong></span> <span class='ocrx_word' id='word_1_678' title='bbox 3216 5372 3364 5428; x_wconf 88' lang='lat' dir='ltr'><strong>salva</strong></span> <span class='ocrx_word' id='word_1_679' title='bbox 3386 5372 3561 5428; x_wconf 90' lang='lat' dir='ltr'><strong>reddit</strong></span> <span class='ocrx_word' id='word_1_680' title='bbox 3583 5368 3782 5429; x_wconf 67' lang='lat' dir='ltr'><strong>omnia.</strong></span> 
     </span>
    </p>
   </div>
   <div class='ocr_carea' id='block_1_109' title="bbox 590 5455 3656 5535">
    <p class='ocr_par' dir='ltr' id='par_1_109' title="bbox 590 5455 3656 5535">
     <span class='ocr_line' id='line_1_109' title="bbox 590 5455 3656 5535; baseline 0.007 -26"><span class='ocrx_word' id='word_1_681' title='bbox 590 5455 722 5511; x_wconf 91' lang='lat' dir='ltr'><strong>Item</strong></span> <span class='ocrx_word' id='word_1_682' title='bbox 744 5458 993 5518; x_wconf 87' lang='lat' dir='ltr'><strong>Aurelius</strong></span> <span class='ocrx_word' id='word_1_683' title='bbox 1028 5463 1354 5522; x_wconf 87' lang='lat' dir='ltr'><strong>Prudentius</strong></span> <span class='ocrx_word' id='word_1_684' title='bbox 1388 5467 1656 5535; x_wconf 89' lang='lat' dir='ltr'><strong>Clemens,</strong></span> <span class='ocrx_word' id='word_1_685' title='bbox 1684 5471 1769 5524; x_wconf 89' lang='lat' dir='ltr'><strong>vir</strong></span> <span class='ocrx_word' id='word_1_686' title='bbox 1805 5470 2108 5527; x_wconf 73' lang='lat' dir='ltr'><strong>wnsularis</strong></span> <span class='ocrx_word' id='word_1_687' title='bbox 2206 5462 2482 5519; x_wconf 67' lang='lat' dir='ltr'><strong>conﬁtens</strong></span> <span class='ocrx_word' id='word_1_688' title='bbox 2518 5465 2709 5519; x_wconf 70' lang='lat' dir='ltr'><strong>ardere</strong></span> <span class='ocrx_word' id='word_1_689' title='bbox 2733 5480 2852 5519; x_wconf 77' lang='lat' dir='ltr'><strong>sese</strong></span> <span class='ocrx_word' id='word_1_690' title='bbox 2878 5482 2890 5517; x_wconf 78' lang='grc' dir='ltr'>ε</span> <span class='ocrx_word' id='word_1_691' title='bbox 2919 5480 3043 5518; x_wconf 74' lang='lat' dir='ltr'><strong>nam</strong></span> <span class='ocrx_word' id='word_1_692' title='bbox 3068 5465 3327 5534; x_wconf 64' lang='lat' dir='ltr'><strong>Selicium</strong></span> <span class='ocrx_word' id='word_1_693' title='bbox 3347 5472 3434 5519; x_wconf 70' lang='grc' dir='ltr'><strong>εει</strong></span> <span class='ocrx_word' id='word_1_694' title='bbox 3465 5460 3656 5517; x_wconf 53' lang='lat' dir='ltr'><strong>i000]?-</strong></span> 
     </span>
    </p>
   </div>
   <div class='ocr_carea' id='block_1_110' title="bbox 523 5549 2103 5624">
    <p class='ocr_par' dir='ltr' id='par_1_110' title="bbox 523 5549 2103 5624">
     <span class='ocr_line' id='line_1_110' title="bbox 523 5549 2103 5624; baseline 0.009 -20"><span class='ocrx_word' id='word_1_695' title='bbox 523 5564 587 5605; x_wconf 85' lang='lat' dir='ltr'><strong>ac</strong></span> <span class='ocrx_word' id='word_1_696' title='bbox 630 5549 951 5610; x_wconf 82' lang='lat' dir='ltr'><strong>Hiberorum</strong></span> <span class='ocrx_word' id='word_1_697' title='bbox 978 5557 1397 5624; x_wconf 90' lang='lat' dir='ltr'><strong>eruditissimus,</strong></span> <span class='ocrx_word' id='word_1_698' title='bbox 1435 5560 1626 5614; x_wconf 87' lang='lat' dir='ltr'><strong>eodem</strong></span> <span class='ocrx_word' id='word_1_699' title='bbox 1673 5559 1799 5613; x_wconf 85' lang='lat' dir='ltr'><strong>ﬁdei</strong></span> <span class='ocrx_word' id='word_1_700' title='bbox 1848 5576 1912 5616; x_wconf 91' lang='lat' dir='ltr'><strong>ac</strong></span> <span class='ocrx_word' id='word_1_701' title='bbox 1942 5563 2103 5618; x_wconf 88' lang='lat' dir='ltr'><strong>devo-</strong></span> 
     </span>
    </p>
   </div>
   <div class='ocr_carea' id='block_1_111' title="bbox 2278 5547 3766 5627">
    <p class='ocr_par' dir='ltr' id='par_1_111' title="bbox 2278 5547 3766 5627">
     <span class='ocr_line' id='line_1_111' title="bbox 2278 5547 3766 5627; baseline -0.003 -18"><span class='ocrx_word' id='word_1_702' title='bbox 2278 5554 2418 5621; x_wconf 86' lang='lat' dir='ltr'><strong>Quid</strong></span> <span class='ocrx_word' id='word_1_703' title='bbox 2447 5555 2636 5624; x_wconf 89' lang='lat' dir='ltr'><strong>loquar</strong></span> <span class='ocrx_word' id='word_1_704' title='bbox 2663 5564 2887 5625; x_wconf 86' lang='lat' dir='ltr'><strong>purgata</strong></span> <span class='ocrx_word' id='word_1_705' title='bbox 2914 5555 3091 5627; x_wconf 86' lang='lat' dir='ltr'><strong>longis</strong></span> <span class='ocrx_word' id='word_1_706' title='bbox 3119 5556 3239 5610; x_wconf 91' lang='lat' dir='ltr'><strong>alba</strong></span> <span class='ocrx_word' id='word_1_707' title='bbox 3265 5555 3468 5610; x_wconf 89' lang='lat' dir='ltr'><strong>morbis</strong></span> <span class='ocrx_word' id='word_1_708' title='bbox 3503 5547 3766 5622; x_wconf 72' lang='lat' dir='ltr'><strong>corpora?</strong></span> 
     </span>
    </p>
   </div>
   <div class='ocr_carea' id='block_1_112' title="bbox 521 5638 3569 5718">
    <p class='ocr_par' dir='ltr' id='par_1_112' title="bbox 521 5638 3569 5718">
     <span class='ocr_line' id='line_1_112' title="bbox 521 5638 3569 5718; baseline 0.004 -23"><span class='ocrx_word' id='word_1_709' title='bbox 521 5638 686 5698; x_wconf 91' lang='lat' dir='ltr'><strong>tionis</strong></span> <span class='ocrx_word' id='word_1_710' title='bbox 715 5646 889 5702; x_wconf 90' lang='lat' dir='ltr'><strong>studio</strong></span> <span class='ocrx_word' id='word_1_711' title='bbox 909 5646 1164 5718; x_wconf 85' lang='lat' dir='ltr'><strong>flagrans,</strong></span> <span class='ocrx_word' id='word_1_712' title='bbox 1204 5649 1372 5704; x_wconf 90' lang='lat' dir='ltr'><strong>multa</strong></span> <span class='ocrx_word' id='word_1_713' title='bbox 1411 5649 1477 5703; x_wconf 91' lang='lat' dir='ltr'><strong>de</strong></span> <span class='ocrx_word' id='word_1_714' title='bbox 1516 5657 1828 5706; x_wconf 88' lang='lat' dir='ltr'><strong>sanctorum</strong></span> <span class='ocrx_word' id='word_1_715' title='bbox 1855 5646 2104 5709; x_wconf 76' lang='lat' dir='ltr'><strong>lau&#39;dibus</strong></span> <span class='ocrx_word' id='word_1_716' title='bbox 2203 5644 2426 5716; x_wconf 72' lang='lat' dir='ltr'><strong>Algidus</strong></span> <span class='ocrx_word' id='word_1_717' title='bbox 2451 5662 2573 5702; x_wconf 90' lang='lat' dir='ltr'><strong>cum</strong></span> <span class='ocrx_word' id='word_1_718' title='bbox 2601 5646 2881 5702; x_wconf 91' lang='lat' dir='ltr'><strong>decoloros</strong></span> <span class='ocrx_word' id='word_1_719' title='bbox 2902 5648 3096 5703; x_wconf 90' lang='lat' dir='ltr'><strong>horror</strong></span> <span class='ocrx_word' id='word_1_720' title='bbox 3117 5657 3270 5704; x_wconf 88' lang='lat' dir='ltr'><strong>artus</strong></span> <span class='ocrx_word' id='word_1_721' title='bbox 3292 5650 3569 5707; x_wconf 69' lang='lat' dir='ltr'><strong>concutit:</strong></span> 
     </span>
    </p>
   </div>
   <div class='ocr_carea' id='block_1_113' title="bbox 522 5728 2101 5810">
    <p class='ocr_par' dir='ltr' id='par_1_113' title="bbox 522 5728 2101 5810">
     <span class='ocr_line' id='line_1_113' title="bbox 522 5728 2101 5810; baseline 0.009 -24"><span class='ocrx_word' id='word_1_722' title='bbox 522 5728 1105 5809; x_wconf 85' lang='lat' dir='ltr'><strong>intercessionibusque</strong></span> <span class='ocrx_word' id='word_1_723' title='bbox 1136 5738 1477 5810; x_wconf 86' lang='lat' dir='ltr'><strong>postulandis</strong></span> <span class='ocrx_word' id='word_1_724' title='bbox 1512 5741 1740 5799; x_wconf 86' lang='lat' dir='ltr'><strong>metrico</strong></span> <span class='ocrx_word' id='word_1_725' title='bbox 1761 5748 1913 5799; x_wconf 82' lang='lat' dir='ltr'><strong>textu</strong></span> <span class='ocrx_word' id='word_1_726' title='bbox 1954 5758 2101 5801; x_wconf 84' lang='lat' dir='ltr'><strong>eom-</strong></span> 
     </span>
    </p>
   </div>
   <div class='ocr_carea' id='block_1_114' title="bbox 525 5823 2102 5905">
    <p class='ocr_par' dir='ltr' id='par_1_114' title="bbox 525 5823 2102 5905">
     <span class='ocr_line' id='line_1_114' title="bbox 525 5823 2102 5905; baseline 0.006 -18"><span class='ocrx_word' id='word_1_727' title='bbox 525 5823 724 5905; x_wconf 64' lang='lat' dir='ltr'><strong>tgosnit.</strong></span> <span class='ocrx_word' id='word_1_728' title='bbox 746 5823 884 5890; x_wconf 76' lang='lat' dir='ltr'><strong>Hinc</strong></span> <span class='ocrx_word' id='word_1_729' title='bbox 903 5826 1042 5889; x_wconf 81' lang='lat' dir='ltr'><strong>mira</strong></span> <span class='ocrx_word' id='word_1_730' title='bbox 1060 5828 1370 5894; x_wconf 79' lang='lat' dir='ltr'><strong>humilitate</strong></span> <span class='ocrx_word' id='word_1_731' title='bbox 1385 5832 1784 5903; x_wconf 70' lang='lat' dir='ltr'><strong>substernde</strong></span> <span class='ocrx_word' id='word_1_732' title='bbox 1804 5834 1875 5895; x_wconf 80' lang='lat' dir='ltr'><strong>ad</strong></span> <span class='ocrx_word' id='word_1_733' title='bbox 1893 5851 1953 5900; x_wconf 79' lang='lat' dir='ltr'><strong>se</strong></span> <span class='ocrx_word' id='word_1_734' title='bbox 1972 5850 2102 5897; x_wconf 79' lang='lat' dir='ltr'><strong>oon-</strong></span> 
     </span>
    </p>
   </div>
   <div class='ocr_carea' id='block_1_115' title="bbox 2203 5734 3754 5814">
    <p class='ocr_par' dir='ltr' id='par_1_115' title="bbox 2203 5734 3754 5814">
     <span class='ocr_line' id='line_1_115' title="bbox 2203 5734 3754 5814; baseline -0.006 -18"><span class='ocrx_word' id='word_1_735' title='bbox 2203 5737 2305 5796; x_wconf 82' lang='lat' dir='ltr'><strong>Hic</strong></span> <span class='ocrx_word' id='word_1_736' title='bbox 2329 5746 2509 5796; x_wconf 90' lang='lat' dir='ltr'><strong>tumor</strong></span> <span class='ocrx_word' id='word_1_737' title='bbox 2534 5739 2741 5796; x_wconf 87' lang='lat' dir='ltr'><strong>vultum</strong></span> <span class='ocrx_word' id='word_1_738' title='bbox 2770 5740 3043 5814; x_wconf 87' lang='lat' dir='ltr'><strong>relinquit,</strong></span> <span class='ocrx_word' id='word_1_739' title='bbox 3072 5742 3159 5798; x_wconf 91' lang='lat' dir='ltr'><strong>hic</strong></span> <span class='ocrx_word' id='word_1_740' title='bbox 3187 5742 3338 5799; x_wconf 90' lang='lat' dir='ltr'><strong>color</strong></span> <span class='ocrx_word' id='word_1_741' title='bbox 3365 5756 3527 5798; x_wconf 88' lang='lat' dir='ltr'><strong>verus</strong></span> <span class='ocrx_word' id='word_1_742' title='bbox 3554 5734 3754 5793; x_wconf 87' lang='lat' dir='ltr'><strong>reddit.</strong></span> 
     </span>
    </p>
   </div>
   <div class='ocr_carea' id='block_1_116' title="bbox 2273 5826 3728 5915">
    <p class='ocr_par' dir='ltr' id='par_1_116' title="bbox 2273 5826 3728 5915">
     <span class='ocr_line' id='line_1_116' title="bbox 2273 5826 3728 5915; baseline -0.003 -18"><span class='ocrx_word' id='word_1_743' title='bbox 2273 5831 2388 5897; x_wconf 77' lang='lat' dir='ltr'><strong>Hoc</strong></span> <span class='ocrx_word' id='word_1_744' title='bbox 2413 5835 2617 5897; x_wconf 80' lang='lat' dir='ltr'><strong>bonum</strong></span> <span class='ocrx_word' id='word_1_745' title='bbox 2646 5833 2897 5901; x_wconf 76' lang='lat' dir='ltr'><strong>Salvator</strong></span> <span class='ocrx_word' id='word_1_746' title='bbox 2916 5834 3034 5910; x_wconf 85' lang='lat' dir='ltr'><strong>ipse</strong></span> <span class='ocrx_word' id='word_1_747' title='bbox 3053 5850 3163 5915; x_wconf 76' lang='lat' dir='ltr'><strong>quo</strong></span> <span class='ocrx_word' id='word_1_748' title='bbox 3184 5832 3434 5896; x_wconf 77' lang='lat' dir='ltr'><strong>f-namur</strong></span> <span class='ocrx_word' id='word_1_749' title='bbox 3451 5826 3728 5909; x_wconf 53' lang='lat' dir='ltr'><strong>praestitit.</strong></span> 
     </span>
    </p>
   </div>
  </div>
