2003 3220
107 199 152 228 521
408 219 411 222 -
587 202 651 231 LIB.
671 203 858 235 ADVERSUS
876 206 897 235 C

945 208 1054 239 UDIUM
1073 210 1213 240 TAURIN.
1661 214 1715 244 522
1730 248 1732 252 _

104 255 240 291 Martyrum
252 261 312 283 cum
327 255 447 284 membra
463 262 555 287 nostro
568 262 738 289 consecravit
752 263 859 300 oppido,
891 268 919 300 Α
1035 268 1117 303 Audi,
1132 274 1159 298 et
1169 274 1275 306 poetam
1287 271 1418 301 rusticum

103 301 231 336 Sospitam
241 308 300 336 qua:
313 309 384 330 nunc
398 302 507 332 colonos
519 312 586 340 quos
603 305 696 334 Iberus
707 307 794 336 alluit.
1034 301 1130 343 Cor-dis
1142 301 1269 344 fatentem
1283 317 1405 352 crimina,

102 355 168 384 Idem
178 355 210 383 de
226 356 310 383 sancti
322 355 457 386 Laurentii
469 359 591 395 passione
608 360 689 389 verbis
704 363 803 391 orantis
818 364 855 391 ait
867 371 877 390 :
1032 361 1067 389 Et
1079 361 1149 390 facta
1161 363 1318 398 prodeuntem
1332 372 1393 392 sua.

228 411 367 449 Absterge.
381 414 500 449 Christe,
510 415 563 445 hoc
573 415 699 450 dedecus,

197 457 294 485 Emitte
307 458 416 487 Gabriel
429 464 516 495 tuum,

192 503 327 539 Agnoscat
339 510 368 534 ut
382 514 476 536 verum
486 509 571 538 Deum

194 540 295 580 Errans
305 551 392 581 Julica
405 555 525 583 caacitas.

225 598 259 626 Et
268 599 326 635 jam
342 604 466 630 tenemus
478 603 586 632 obsides

192 644 350 674 Fidissimos
365 647 445 682 hujus
459 649 532 685 spei;

189 693 239 722 Hic
253 702 351 730 nempe
358 694 417 731 jam
431 701 546 732 regnant
558 697 612 726 duo

187 739 377 775 Apostolorum
395 742 543 778 principes.

222 785 300 815 Alter
311 792 424 816 vocator
436 788 568 824 gentium,

190 830 267 858 Alter
281 833 435 860 cathedram
450 834 592 869 possidens

188 874 320 911 Primam,
337 878 451 906 recludit
464 879 582 906 creditas

186 923 360 952 Eternitatis
371 926 479 961 januas.

221 971 344 1003 Discede,
359 973 464 999 adulter
476 973 608 1008 luppiter,

191 1019 289 1050 stupro
302 1017 403 1045 sororis
412 1018 504 1051 oblite,

207 1061 317 1096 elinque
328 1062 441 1090 Romam
453 1064 576 1096 liberam,

181 1106 346 1143 Plebemque
357 1109 413 1143 jam
427 1109 527 1138 Christi
545 1109 607 1146 fuge

218 1154 257 1182 Te
270 1154 369 1183 Paulus
384 1154 448 1184 hinc
461 1156 638 1190 exterminat,

186 1200 225 1229 Te
239 1202 353 1238 sanguis
363 1203 489 1230 exturbat
499 1203 585 1237 Petri,

182 1246 242 1275 Tibi
257 1248 286 1275 id
300 1248 371 1283 quod
385 1248 443 1284 ipse
457 1257 626 1283 armaveras,

178 1292 293 1322 Factum
305 1294 422 1323 Neronis
435 1295 528 1324 otiicit.

353 1352 429 1380 Idem
441 1353 468 1381 in
481 1353 582 1381 eodem.

212 1398 235 1427 0
249 1402 293 1427 ter
309 1404 459 1435 quaterque
469 1404 497 1427 et
508 1399 622 1435 septies,

180 1444 282 1473 Beatus
299 1445 378 1473 Urbis
392 1446 489 1480 incola,

178 1489 229 1524 Qui
245 1495 273 1518 te
288 1498 320 1518 ac
332 1495 438 1519 tuorum
459 1492 583 1521 cominus

182 1535 283 1564 Sedem
297 1536 418 1564 celebrat
430 1537 544 1571 ossium,

210 1581 259 1609 Cui
272 1587 384 1618 propter
395 1584 500 1612 advolvi
515 1584 588 1618 licet,

178 1628 231 1662 Qui
244 1628 350 1657 ﬂetibus
365 1632 469 1666 spargit
485 1630 585 1665 locum,

178 1673 231 1707 Qui
244 1679 339 1710 pectus
351 1675 377 1702 in
396 1680 495 1704 terram
508 1677 618 1713 premit,

172 1719 226 1753 Qui
240 1726 302 1749 vota
319 1721 407 1750 fundit
419 1731 570 1753 murmure.

212 1765 270 1794 Nos
282 1767 369 1795 Vasco
384 1768 478 1797 llterus
489 1770 584 1798 dividit

175 1811 255 1839 Binis
271 1818 392 1841 remotos
403 1814 516 1850 Alpibus

174 1856 266 1885 Trans
275 1858 461 1887 Cottianorum
470 1861 548 1897 juga,

175 1902 268 1931 Trans
281 1904 307 1931 in
320 1904 441 1940 Pyrenas
454 1907 609 1942 ninguidos.

209 1949 263 1977 Vix
278 1950 350 1979 fama
362 1957 426 1980 nota
440 1958 493 1986 est,
508 1953 608 1983 abditis

171 1995 261 2029 Quam
276 1996 354 2032 plena
371 1999 472 2026 sanctis
486 1999 570 2027 Roma
584 2000 630 2035 sit,

169 2040 260 2074 Quam
275 2042 350 2070 dives
365 2044 498 2071 urbanum
512 2045 599 2073 solum

170 2085 267 2115 Sacris
283 2088 415 2123 sepulcris
429 2090 534 2119 ﬂoreat.

206 2132 262 2161 Sed
276 2133 322 2169 qui
339 2142 465 2163 caremus
479 2137 521 2165 his
534 2136 613 2165 bouis

168 2176 226 2205 Nec
239 2179 385 2214 sanguinis
399 2181 512 2216 vestigia

168 2223 270 2253 Videre
283 2233 376 2253 coram
389 2235 543 2262 possumus,

165 2268 273 2299 leum
284 2271 423 2301 intuemur
432 2275 548 2303 eminus.

218 2325 299 2354 Idem
312 2327 340 2354 in
352 2328 470 2362 ejusdem
488 2330 541 2364 ﬁne
555 2332 696 2367 passionis.

195 2369 263 2404 Quae
277 2372 313 2399 sit
327 2377 447 2407 potestas
459 2376 573 2411 credita,

165 2414 199 2443 Et
209 2418 336 2446 muneris
353 2424 483 2454 quantum
494 2422 599 2458 datum,

164 2461 290 2492 Probant
300 2464 434 2498 Quiritum
446 2469 553 2503 gaudia,

167 2508 276 2543 Quibus
292 2516 403 2548 rogatus
420 2515 528 2543 annuis.

202 2557 285 2591 Quod
299 2558 414 2594 quisque
427 2561 538 2596 supplex
550 2562 679 2598 postulat,

164 2602 230 2631 Fert
245 2605 422 2640 impetratum
433 2615 578 2643 prospere;

164 2647 300 2683 Poscunt,
313 2650 436 2685 litantur,
451 2654 582 2689 indicant,

165 2693 199 2724 Et
212 2697 301 2725 tristis
315 2702 362 2725 aut
378 2698 448 2726 ullus
462 2701 540 2728 redit.

198 2741 256 2771 Ceu
270 2748 372 2778 prazsto
384 2753 492 2781 semper
505 2747 605 2783 adsies,

164 2787 295 2826 Tuosque
308 2791 430 2820 alumnos
445 2793 555 2822 urbicos

162 2832 296 2865 Lactante
310 2838 468 2874 complexus
481 2840 544 2868 sinu

162 2879 284 2912 Paterno
298 2893 391 2913 amore
402 2887 515 2916 nutrias.

200 2927 259 2958 Hos
273 2930 355 2965 inter,
365 2939 383 2959 ο
395 2933 497 2962 Christi
508 2934 602 2971 decus,

261 2975 399 3011 Pyr-ot.
422 2979 486 3013 CV.

1067 408 1195 445 Indignus
1208 418 1324 446 agnosco
1337 415 1365 439 et
1375 410 1442 445 scio,

1035 453 1120 487 Quem
1132 455 1258 484 Christus
1272 457 1330 492 ipse
1342 459 1479 492 exaudiat,

1034 499 1090 526 Sed
1104 507 1154 534 per
1163 506 1293 537 patronos
1308 508 1441 539 martyres

1032 543 1125 573 Potest
1142 547 1274 575 medelam
1291 550 1431 585 consequi.

1066 591 1147 625 Audi,
1159 592 1301 629 benignus,
1320 596 1468 632 supplicem

1035 636 1137 666 Christi
1148 647 1225 668 reum
1237 641 1424 677 Prudentium,

1030 683 1066 711 Et
1083 684 1247 714 servientem
1261 690 1379 724 corpori,

1033 728 1150 758 Absolve
1160 731 1258 760 vinclis
1275 734 1377 762 seculi.

1048 785 1116 814 Item
1134 787 1162 815 in
1178 789 1230 823 ﬁne
1243 790 1333 825 hymni
1346 797 1444 821 sancta:
1455 792 1580 824 Eulalia.

1063 842 1172 879 Carpite
1182 853 1340 884 purpureas_
1347 849 1444 884 violas,

1032 888 1255 928 Sanguineosque
1270 902 1365 923 crocos
1379 897 1473 925 metite
1485 905 1495 925 :

1030 934 1091 962 Non
1106 942 1181 965 caret
1193 938 1235 966 his
1246 941 1360 975 genialis
1373 942 1471 976 hiems,

1028 980 1116 1009 Laxat
1129 987 1156 1010 et
1167 991 1232 1011 arva
1244 989 1338 1021 tepens
1348 987 1459 1022 glacies,

1030 1026 1156 1057 Floribus
1170 1035 1199 1057 ut
1210 1032 1329 1060 cumulet
1342 1034 1475 1064 calathos.

1059 1075 1113 1103 Ista
1126 1078 1297 1106 comantibus
1310 1087 1326 1107 ε
1338 1080 1411 1108 foliis

1025 1119 1148 1155 Munera,
1162 1123 1238 1159 virgo
1249 1132 1381 1161 puerque,
1393 1126 1471 1161 date;

1024 1165 1075 1194 Ast
1089 1176 1138 1203 ego
1153 1174 1226 1197 serta
1237 1171 1321 1199 choro
1332 1172 1359 1200 in
1375 1174 1465 1202 medio

1026 1213 1112 1241 Texta
1124 1215 1210 1243 feram
1225 1218 1294 1252 pede
1307 1218 1452 1254 dactylico,

1026 1259 1106 1292 Vilia,
1118 1263 1253 1296 marcida,
1267 1264 1336 1292 festa
1350 1269 1452 1294 tamen.

1060 1305 1108 1333 Sic
1122 1309 1278 1337 venerarier
1290 1318 1351 1338 ossa
1362 1311 1437 1344 libet,

1025 1349 1140 1380 Ossibus
1151 1353 1236 1382 altare
1247 1359 1275 1383 et
1288 1356 1456 1392 impositum,

1024 1396 1072 1424 Illa
1082 1397 1131 1425 Dei
1145 1398 1197 1426 sita
1209 1400 1258 1427 sub
1273 1401 1387 1436 pedibus

1023 1442 1158 1480 Prospicit
1171 1446 1240 1479 haec,
1251 1448 1419 1484 populosque
1436 1457 1501 1478 suos

1024 1488 1151 1518 Carmine
1163 1492 1310 1527 propitiata
1325 1493 1408 1523 fovet.

989 1545 1065 1575 Idem
1076 1548 1104 1575 in
1114 1550 1236 1583 passione
1250 1553 1336 1579 sancti
1353 1551 1483 1581 Vincentii
1493 1555 1627 1591 martyris.

1059 1604 1135 1632 Felix
1149 1607 1250 1635 amoeni
1262 1608 1363 1638 littoris

1026 1649 1156 1679 Secessus
1170 1652 1223 1686 ille,
1240 1654 1286 1689 qui
1297 1662 1374 1683 sacra

1024 1695 1132 1725 Fovcns
1146 1700 1237 1727 arenis
1254 1701 1360 1729 viscera

1021 1741 1099 1770 Viem
1113 1744 1229 1779 sepulcri
1242 1747 1367 1780 praebuit.

1056 1788 1126 1816 Dum
1137 1798 1202 1817 cura
1218 1796 1375 1821 sanctorum
1385 1792 1429 1830 pia

1021 1832 1127 1861 Dcilens
1145 1835 1260 1863 adornat
1270 1845 1406 1873 aggerem,

1023 1879 1191 1917 Tumuloque
1207 1891 1306 1919 corpus
1324 1885 1457 1915 creditum

1022 1924 1091 1954 Vita:
1105 1933 1228 1956 reservat
1243 1935 1369 1965 posterae.

1008 1978 1010 1981 '
1054 1972 1107 2001 Sed
1123 1982 1184 2003 mox
1198 1977 1318 2005 subactis
1332 1979 1466 2013 hostibus,

1016 2016 1076 2046 Jam
1092 2027 1158 2055 pace
1167 2020 1249 2056 iustis
1261 2024 1377 2058 reddita,

1016 2063 1094 2091 Altar
1104 2067 1222 2100 quietem
1234 2069 1354 2097 debitam

1017 2107 1135 2139 Praestat
1150 2112 1238 2141 beatis
1251 2115 1369 2142 ossibus.

1123 2167 1196 2196 Idem
1209 2170 1235 2196 in
1246 2171 1336 2197 eadem
1348 2172 1479 2206 passione.

1051 2212 1152 2241 Adesto
1166 2222 1249 2248 nunc,
1261 2220 1289 2244 et
1302 2217 1414 2253 percipe

1014 2256 1102 2287 Voces
1116 2265 1276 2295 precantum
1289 2262 1434 2298 supplices,

1018 2303 1108 2332 Nostri
1122 2310 1212 2334 reatus
1222 2307 1316 2335 efﬁcax

1020 2350 1119 2379 Orator
1130 2352 1164 2379 ad
1179 2353 1306 2381 thronum
1320 2354 1420 2383 Patris.

1050 2396 1104 2424 Per
1115 2402 1152 2430 te,
1164 2406 1212 2434 per
1223 2399 1298 2427 illum
1311 2401 1476 2435 carcerem,‘

1014 2443 1132 2472 Honoris
1149 2450 1325 2481 augmentum
1339 2448 1390 2481 tui,

1015 2487 1067 2515 Per
1079 2489 1180 2523 vincla,
1194 2489 1327 2525 ﬂammas,
1343 2493 1469 2529 ungulas,

1010 2532 1065 2562 Per
1078 2536 1245 2564 carceralem
1259 2539 1390 2574 stipitem,

1046 2580 1098 2610 Per
1110 2582 1232 2618 fragmen
1246 2585 1311 2614 illud
1324 2591 1450 2622 testeum,

1011 2625 1070 2660 Quo
1085 2632 1162 2663 parta
1181 2631 1268 2658 crevit
1280 2632 1378 2668 gloria,

1015 2671 1070 2700 Per
1081 2681 1160 2709 quem
1175 2679 1323 2706 trementes
1339 2678 1442 2714 posteri

1014 2716 1210 2749 Exosculamur
1222 2721 1362 2750 lectulum.

1047 2764 1174 2794 Miserere
1187 2772 1344 2796 nostrarum
1357 2776 1482 2804 precum,

1010 2807 1137 2838 Placatus
1150 2816 1180 2839 ut
1193 2811 1317 2841 Christus
1332 2815 1390 2842 suis

1012 2853 1126 2883 lnclinet
1139 2864 1232 2885 aurem
1249 2866 1418 2895 prosperam,

1008 2897 1100 2929 Noxas
1116 2909 1166 2930 nec
1176 2910 1270 2932 omnes
1283 2905 1409 2943 imputet.

1042 2945 1073 2975 Si
1086 2947 1139 2976 rite
1152 2948 1299 2980 solemnem
1311 2953 1382 2982 diem

1456 3002 1492 3034 17
