  <div class='ocr_page' id='page_1' title='image "/cluster/home/n/w/nwhite01/storage/ocr_20150623/105/hvd.32044021109350/265.png"; bbox 0 0 4006 6464; ppageno 0'>
   <div class='ocr_carea' id='block_1_1' title="bbox 497 441 640 519">
    <p class='ocr_par' dir='ltr' id='par_1_1' title="bbox 497 441 640 519">
     <span class='ocr_line' id='line_1_1' title="bbox 497 441 640 519; baseline -0.028 0"><span class='ocrx_word' id='word_1_1' title='bbox 497 441 640 519; x_wconf 69' lang='lat'><strong>523&#39;-</strong></span> 
     </span>
    </p>
   </div>
   <div class='ocr_carea' id='block_1_2' title="bbox 544 1218 2060 1302">
    <p class='ocr_par' dir='ltr' id='par_1_2' title="bbox 544 1218 2060 1302">
     <span class='ocr_line' id='line_1_2' title="bbox 544 1218 2060 1302; baseline -0.011 -15"><span class='ocrx_word' id='word_1_2' title='bbox 544 1233 694 1289; x_wconf 88' lang='lat' dir='ltr'><strong>Idem</strong></span> <span class='ocrx_word' id='word_1_3' title='bbox 730 1233 795 1286; x_wconf 77' lang='lat' dir='ltr'><strong>de</strong></span> <span class='ocrx_word' id='word_1_4' title='bbox 825 1232 1014 1302; x_wconf 78' lang='lat' dir='ltr'><strong>hymno</strong></span> <span class='ocrx_word' id='word_1_5' title='bbox 1044 1223 1346 1302; x_wconf 56' lang='lat' dir='ltr'><strong>amatorum</strong></span> <span class='ocrx_word' id='word_1_6' title='bbox 1369 1237 1508 1280; x_wconf 80' lang='lat' dir='ltr'><strong>xvm</strong></span> <span class='ocrx_word' id='word_1_7' title='bbox 1535 1231 1828 1294; x_wconf 78' lang='lat' dir='ltr'><strong>martyrum</strong></span> <span class='ocrx_word' id='word_1_8' title='bbox 1855 1218 2060 1276; x_wconf 73' lang='lat' dir='ltr'><strong>Caesar-</strong></span> 
     </span>
    </p>
   </div>
   <div class='ocr_carea' id='block_1_3' title="bbox 1717 409 3311 532">
    <p class='ocr_par' dir='ltr' id='par_1_3' title="bbox 1717 409 3311 532">
     <span class='ocr_line' id='line_1_3' title="bbox 1717 409 3311 532; baseline -0.036 -20"><span class='ocrx_word' id='word_1_9' title='bbox 1717 433 1721 438; x_wconf 82' lang='grc'><em>’</em></span> <span class='ocrx_word' id='word_1_10' title='bbox 1793 425 2109 507; x_wconf 70' lang='lat' dir='ltr'><strong>bunum</strong></span> <span class='ocrx_word' id='word_1_11' title='bbox 2147 421 2442 502; x_wconf 63' lang='lat' dir='ltr'><strong>annuum</strong></span> <span class='ocrx_word' id='word_1_12' title='bbox 2471 461 2504 464; x_wconf 54' lang='grc'><strong>-›</strong></span> <span class='ocrx_word' id='word_1_13' title='bbox 2543 457 2569 465; x_wconf 48' lang='grc' dir='ltr'>μ</span> <span class='ocrx_word' id='word_1_14' title='bbox 2668 450 2674 460; x_wconf 58' lang='grc' dir='ltr'>λ</span> <span class='ocrx_word' id='word_1_15' title='bbox 2705 457 2740 462; x_wconf 87' lang='grc'><strong>--</strong></span> <span class='ocrx_word' id='word_1_16' title='bbox 2759 409 2791 461; x_wconf 69' lang='lat'><strong>3-</strong></span> <span class='ocrx_word' id='word_1_17' title='bbox 3309 529 3311 532; x_wconf 6' lang='grc'><em>⁴</em></span> 
     </span>
    </p>
   </div>
   <div class='ocr_carea' id='block_1_4' title="bbox 1873 543 3287 630">
    <p class='ocr_par' dir='ltr' id='par_1_4' title="bbox 1873 543 3287 630">
     <span class='ocr_line' id='line_1_4' title="bbox 1873 543 3287 630; baseline -0.016 -2"><span class='ocrx_word' id='word_1_18' title='bbox 1873 545 1876 548; x_wconf 28' lang='grc'><strong>’</strong></span> <span class='ocrx_word' id='word_1_19' title='bbox 2096 565 2148 625; x_wconf 77' lang='grc' dir='ltr'><strong>Δ</strong></span> <span class='ocrx_word' id='word_1_20' title='bbox 2256 584 2259 586; x_wconf 94' lang='grc'>·</span> <span class='ocrx_word' id='word_1_21' title='bbox 2314 559 2514 630; x_wconf 87' lang='lat' dir='ltr'><strong>Cespes</strong></span> <span class='ocrx_word' id='word_1_22' title='bbox 2538 543 2777 611; x_wconf 76' lang='lat' dir='ltr'><strong>incmdat</strong></span> <span class='ocrx_word' id='word_1_23' title='bbox 2799 567 2948 619; x_wconf 91' lang='lat' dir='ltr'><strong>suus,</strong></span> <span class='ocrx_word' id='word_1_24' title='bbox 2974 553 3029 608; x_wconf 78' lang='lat' dir='ltr'><strong>et</strong></span> <span class='ocrx_word' id='word_1_25' title='bbox 3057 557 3287 627; x_wconf 88' lang='lat' dir='ltr'><strong>paterno</strong></span> 
     </span>
    </p>
   </div>
   <div class='ocr_carea' id='block_1_5' title="bbox 708 567 1444 639">
    <p class='ocr_par' dir='ltr' id='par_1_5' title="bbox 708 567 1444 639">
     <span class='ocr_line' id='line_1_5' title="bbox 708 567 1444 639; baseline -0.004 -13"><span class='ocrx_word' id='word_1_26' title='bbox 708 569 1045 626; x_wconf 75' lang='lat' dir='ltr'><strong>Veneremur</strong></span> <span class='ocrx_word' id='word_1_27' title='bbox 1067 577 1180 635; x_wconf 85' lang='lat' dir='ltr'><strong>ore,</strong></span> <span class='ocrx_word' id='word_1_28' title='bbox 1205 567 1444 639; x_wconf 87' lang='lat' dir='ltr'><strong>pectore,</strong></span> 
     </span>
    </p>
   </div>
   <div class='ocr_carea' id='block_1_6' title="bbox 711 659 1362 730">
    <p class='ocr_par' dir='ltr' id='par_1_6' title="bbox 711 659 1362 730">
     <span class='ocr_line' id='line_1_6' title="bbox 711 659 1362 730; baseline -0.006 -12"><span class='ocrx_word' id='word_1_29' title='bbox 711 659 770 718; x_wconf 88' lang='lat' dir='ltr'><strong>Si</strong></span> <span class='ocrx_word' id='word_1_30' title='bbox 797 659 898 716; x_wconf 91' lang='lat' dir='ltr'><strong>sub</strong></span> <span class='ocrx_word' id='word_1_31' title='bbox 920 667 1137 715; x_wconf 91' lang='lat' dir='ltr'><strong>tuorum</strong></span> <span class='ocrx_word' id='word_1_32' title='bbox 1161 660 1362 730; x_wconf 86' lang='lat' dir='ltr'><strong>gaudio</strong></span> 
     </span>
    </p>
   </div>
   <div class='ocr_carea' id='block_1_7' title="bbox 711 749 1429 822">
    <p class='ocr_par' dir='ltr' id='par_1_7' title="bbox 711 749 1429 822">
     <span class='ocr_line' id='line_1_7' title="bbox 711 749 1429 822; baseline -0.011 -13"><span class='ocrx_word' id='word_1_33' title='bbox 711 751 1077 822; x_wconf 75' lang='lat' dir='ltr'><strong>Vestigiorum</strong></span> <span class='ocrx_word' id='word_1_34' title='bbox 1089 771 1093 775; x_wconf 93' lang='grc'><strong>·</strong></span> <span class='ocrx_word' id='word_1_35' title='bbox 1105 749 1276 805; x_wconf 86' lang='lat' dir='ltr'><strong>sterni</strong></span> <span class='ocrx_word' id='word_1_36' title='bbox 1285 761 1429 803; x_wconf 89' lang='lat' dir='ltr'><strong>mur.</strong></span> 
     </span>
    </p>
   </div>
   <div class='ocr_carea' id='block_1_8' title="bbox 785 839 1554 913">
    <p class='ocr_par' dir='ltr' id='par_1_8' title="bbox 785 839 1554 913">
     <span class='ocr_line' id='line_1_8' title="bbox 785 839 1554 913; baseline -0.008 -14"><span class='ocrx_word' id='word_1_37' title='bbox 785 843 1066 913; x_wconf 87' lang='lat' dir='ltr'><strong>Paulisper</strong></span> <span class='ocrx_word' id='word_1_38' title='bbox 1094 844 1202 897; x_wconf 91' lang='lat' dir='ltr'><strong>huc</strong></span> <span class='ocrx_word' id='word_1_39' title='bbox 1225 851 1282 895; x_wconf 90' lang='lat' dir='ltr'><strong>tu</strong></span> <span class='ocrx_word' id='word_1_40' title='bbox 1309 839 1554 905; x_wconf 89' lang='lat' dir='ltr'><strong>illabere,</strong></span> 
     </span>
    </p>
   </div>
   <div class='ocr_carea' id='block_1_9' title="bbox 723 929 1498 994">
    <p class='ocr_par' dir='ltr' id='par_1_9' title="bbox 723 929 1498 994">
     <span class='ocr_line' id='line_1_9' title="bbox 723 929 1498 994; baseline -0.01 -4"><span class='ocrx_word' id='word_1_41' title='bbox 723 932 926 990; x_wconf 92' lang='lat' dir='ltr'><strong>Christi</strong></span> <span class='ocrx_word' id='word_1_42' title='bbox 956 931 1200 986; x_wconf 77' lang='lat' dir='ltr'><strong>favorem</strong></span> <span class='ocrx_word' id='word_1_43' title='bbox 1227 929 1498 994; x_wconf 79' lang='lat' dir='ltr'><strong>deferens,</strong></span> 
     </span>
    </p>
   </div>
   <div class='ocr_carea' id='block_1_10' title="bbox 723 1018 1511 1092">
    <p class='ocr_par' dir='ltr' id='par_1_10' title="bbox 723 1018 1511 1092">
     <span class='ocr_line' id='line_1_10' title="bbox 723 1018 1511 1092; baseline -0.011 -12"><span class='ocrx_word' id='word_1_44' title='bbox 723 1022 929 1080; x_wconf 85' lang='lat' dir='ltr'><strong>Sensus</strong></span> <span class='ocrx_word' id='word_1_45' title='bbox 955 1021 1162 1092; x_wconf 87' lang='lat' dir='ltr'><strong>gravati</strong></span> <span class='ocrx_word' id='word_1_46' title='bbox 1183 1027 1243 1076; x_wconf 92' lang='lat' dir='ltr'><strong>ut</strong></span> <span class='ocrx_word' id='word_1_47' title='bbox 1270 1018 1511 1074; x_wconf 86' lang='lat' dir='ltr'><strong>sentiant</strong></span> 
     </span>
    </p>
   </div>
   <div class='ocr_carea' id='block_1_11' title="bbox 727 1112 1395 1183">
    <p class='ocr_par' dir='ltr' id='par_1_11' title="bbox 727 1112 1395 1183">
     <span class='ocr_line' id='line_1_11' title="bbox 727 1112 1395 1183; baseline -0.01 -12"><span class='ocrx_word' id='word_1_48' title='bbox 727 1115 1000 1172; x_wconf 90' lang='lat' dir='ltr'><strong>Levamen</strong></span> <span class='ocrx_word' id='word_1_49' title='bbox 1030 1112 1395 1183; x_wconf 74' lang='lat' dir='ltr'><strong>indulgentiae.</strong></span> 
     </span>
    </p>
   </div>
   <div class='ocr_carea' id='block_1_12' title="bbox 1077 1298 1534 1370">
    <p class='ocr_par' dir='ltr' id='par_1_12' title="bbox 1077 1298 1534 1370">
     <span class='ocr_line' id='line_1_12' title="bbox 1077 1298 1534 1370; baseline -0.009 -18"><span class='ocrx_word' id='word_1_50' title='bbox 1077 1298 1534 1370; x_wconf 68' lang='lat' dir='ltr'><strong>Augustanorum.</strong></span> 
     </span>
    </p>
   </div>
   <div class='ocr_carea' id='block_1_13' title="bbox 653 1389 1680 1463">
    <p class='ocr_par' dir='ltr' id='par_1_13' title="bbox 653 1389 1680 1463">
     <span class='ocr_line' id='line_1_13' title="bbox 653 1389 1680 1463; baseline -0.008 -13"><span class='ocrx_word' id='word_1_51' title='bbox 653 1396 743 1450; x_wconf 90' lang='lat' dir='ltr'><strong>Bis</strong></span> <span class='ocrx_word' id='word_1_52' title='bbox 766 1410 957 1449; x_wconf 88' lang='lat' dir='ltr'><strong>novem</strong></span> <span class='ocrx_word' id='word_1_53' title='bbox 980 1401 1165 1448; x_wconf 90' lang='lat' dir='ltr'><strong>uoster</strong></span> <span class='ocrx_word' id='word_1_54' title='bbox 1186 1390 1414 1463; x_wconf 84' lang='lat' dir='ltr'><strong>populus</strong></span> <span class='ocrx_word' id='word_1_55' title='bbox 1449 1389 1549 1444; x_wconf 86' lang='lat' dir='ltr'><strong>sub</strong></span> <span class='ocrx_word' id='word_1_56' title='bbox 1572 1391 1680 1442; x_wconf 76' lang='lat' dir='ltr'><strong>uno</strong></span> 
     </span>
    </p>
   </div>
   <div class='ocr_carea' id='block_1_14' title="bbox 654 1478 1683 1558">
    <p class='ocr_par' dir='ltr' id='par_1_14' title="bbox 654 1478 1683 1558">
     <span class='ocr_line' id='line_1_14' title="bbox 654 1478 1683 1558; baseline -0.01 -17"><span class='ocrx_word' id='word_1_57' title='bbox 654 1487 950 1558; x_wconf 73' lang='lat' dir='ltr'><strong>Martyrum</strong></span> <span class='ocrx_word' id='word_1_58' title='bbox 980 1492 1163 1540; x_wconf 88' lang='lat' dir='ltr'><strong>servat</strong></span> <span class='ocrx_word' id='word_1_59' title='bbox 1197 1481 1412 1537; x_wconf 81' lang='lat' dir='ltr'><strong>eineres</strong></span> <span class='ocrx_word' id='word_1_60' title='bbox 1434 1478 1683 1549; x_wconf 88' lang='lat' dir='ltr'><strong>sepulcro</strong></span> 
     </span>
    </p>
   </div>
   <div class='ocr_carea' id='block_1_15' title="bbox 655 1569 1692 1648">
    <p class='ocr_par' dir='ltr' id='par_1_15' title="bbox 655 1569 1692 1648">
     <span class='ocr_line' id='line_1_15' title="bbox 655 1569 1692 1648; baseline -0.009 -15"><span class='ocrx_word' id='word_1_61' title='bbox 655 1578 1120 1648; x_wconf 79' lang='lat' dir='ltr'><strong>Caesaraugustam</strong></span> <span class='ocrx_word' id='word_1_62' title='bbox 1143 1572 1440 1628; x_wconf 72' lang='lat' dir='ltr'><strong>vocitamus</strong></span> <span class='ocrx_word' id='word_1_63' title='bbox 1460 1569 1650 1630; x_wconf 85' lang='lat' dir='ltr'><strong>urbem</strong></span> <span class='ocrx_word' id='word_1_64' title='bbox 1687 1581 1692 1585; x_wconf 87' lang='lat'><strong><em>&#39;</em></strong></span> 
     </span>
    </p>
   </div>
   <div class='ocr_carea' id='block_1_16' title="bbox 865 1665 1414 1721">
    <p class='ocr_par' dir='ltr' id='par_1_16' title="bbox 865 1665 1414 1721">
     <span class='ocr_line' id='line_1_16' title="bbox 865 1665 1414 1721; baseline -0.009 0"><span class='ocrx_word' id='word_1_65' title='bbox 865 1665 976 1721; x_wconf 80' lang='lat' dir='ltr'><strong>Res</strong></span> <span class='ocrx_word' id='word_1_66' title='bbox 1005 1665 1093 1720; x_wconf 92' lang='lat' dir='ltr'><strong>cui</strong></span> <span class='ocrx_word' id='word_1_67' title='bbox 1133 1671 1285 1718; x_wconf 89' lang='lat' dir='ltr'><strong>tanta</strong></span> <span class='ocrx_word' id='word_1_68' title='bbox 1313 1670 1414 1717; x_wconf 89' lang='lat' dir='ltr'><strong>est.</strong></span> 
     </span>
    </p>
   </div>
   <div class='ocr_carea' id='block_1_17' title="bbox 655 1755 1771 1829">
    <p class='ocr_par' dir='ltr' id='par_1_17' title="bbox 655 1755 1771 1829">
     <span class='ocr_line' id='line_1_17' title="bbox 655 1755 1771 1829; baseline -0.011 -14"><span class='ocrx_word' id='word_1_69' title='bbox 655 1759 822 1815; x_wconf 88' lang='lat' dir='ltr'><strong>Plena</strong></span> <span class='ocrx_word' id='word_1_70' title='bbox 851 1757 1173 1829; x_wconf 77' lang='lat' dir='ltr'><strong>magnorum</strong></span> <span class='ocrx_word' id='word_1_71' title='bbox 1200 1755 1393 1809; x_wconf 89' lang='lat' dir='ltr'><strong>domus</strong></span> <span class='ocrx_word' id='word_1_72' title='bbox 1421 1755 1771 1821; x_wconf 71' lang='lat' dir='ltr'><strong>angelorum,</strong></span> 
     </span>
    </p>
   </div>
   <div class='ocr_carea' id='block_1_18' title="bbox 656 1841 1642 1918">
    <p class='ocr_par' dir='ltr' id='par_1_18' title="bbox 656 1841 1642 1918">
     <span class='ocr_line' id='line_1_18' title="bbox 656 1841 1642 1918; baseline -0.012 -9"><span class='ocrx_word' id='word_1_73' title='bbox 656 1853 777 1909; x_wconf 84' lang='lat' dir='ltr'><strong>Non</strong></span> <span class='ocrx_word' id='word_1_74' title='bbox 809 1851 940 1907; x_wconf 84' lang='lat' dir='ltr'><strong>time</strong></span> <span class='ocrx_word' id='word_1_75' title='bbox 960 1841 1147 1905; x_wconf 80' lang='lat' dir='ltr'><strong>mundi</strong></span> <span class='ocrx_word' id='word_1_76' title='bbox 1173 1845 1384 1918; x_wconf 82' lang='lat' dir='ltr'><strong>fragilis</strong></span> <span class='ocrx_word' id='word_1_77' title='bbox 1408 1844 1642 1908; x_wconf 87' lang='lat' dir='ltr'><strong>ruinam,</strong></span> 
     </span>
    </p>
   </div>
   <div class='ocr_carea' id='block_1_19' title="bbox 657 1934 1641 2014">
    <p class='ocr_par' dir='ltr' id='par_1_19' title="bbox 657 1934 1641 2014">
     <span class='ocr_line' id='line_1_19' title="bbox 657 1934 1641 2014; baseline -0.01 -14"><span class='ocrx_word' id='word_1_78' title='bbox 657 1944 761 2000; x_wconf 85' lang='lat' dir='ltr'><strong>Tot</strong></span> <span class='ocrx_word' id='word_1_79' title='bbox 785 1944 907 1999; x_wconf 87' lang='lat' dir='ltr'><strong>sinu</strong></span> <span class='ocrx_word' id='word_1_80' title='bbox 942 1939 1161 2014; x_wconf 83' lang='lat' dir='ltr'><strong>gestans</strong></span> <span class='ocrx_word' id='word_1_81' title='bbox 1183 1935 1343 1994; x_wconf 90' lang='lat' dir='ltr'><strong>simul</strong></span> <span class='ocrx_word' id='word_1_82' title='bbox 1365 1934 1641 1993; x_wconf 68' lang='lat' dir='ltr'><strong>offerenda</strong></span> 
     </span>
    </p>
   </div>
   <div class='ocr_carea' id='block_1_20' title="bbox 879 2030 1372 2096">
    <p class='ocr_par' dir='ltr' id='par_1_20' title="bbox 879 2030 1372 2096">
     <span class='ocr_line' id='line_1_20' title="bbox 879 2030 1372 2096; baseline -0.01 -7"><span class='ocrx_word' id='word_1_83' title='bbox 879 2032 1102 2089; x_wconf 81' lang='lat' dir='ltr'><strong>Munera</strong></span> <span class='ocrx_word' id='word_1_84' title='bbox 1131 2030 1372 2096; x_wconf 86' lang='lat' dir='ltr'><strong>Christo.</strong></span> 
     </span>
    </p>
   </div>
   <div class='ocr_carea' id='block_1_21' title="bbox 659 2107 1906 2192">
    <p class='ocr_par' dir='ltr' id='par_1_21' title="bbox 659 2107 1906 2192">
     <span class='ocr_line' id='line_1_21' title="bbox 659 2107 1906 2192; baseline -0.01 -10"><span class='ocrx_word' id='word_1_85' title='bbox 659 2124 797 2182; x_wconf 90' lang='lat' dir='ltr'><strong>Cum</strong></span> <span class='ocrx_word' id='word_1_86' title='bbox 821 2124 965 2181; x_wconf 92' lang='lat' dir='ltr'><strong>Deus</strong></span> <span class='ocrx_word' id='word_1_87' title='bbox 989 2121 1238 2178; x_wconf 80' lang='lat' dir='ltr'><strong>dextram</strong></span> <span class='ocrx_word' id='word_1_88' title='bbox 1261 2121 1512 2192; x_wconf 88' lang='lat' dir='ltr'><strong>quatiens</strong></span> <span class='ocrx_word' id='word_1_89' title='bbox 1543 2129 1851 2192; x_wconf 74' lang='lat' dir='ltr'><strong>coruscam,</strong></span> <span class='ocrx_word' id='word_1_90' title='bbox 1901 2107 1906 2109; x_wconf 71' lang='grc'><strong>’</strong></span> 
     </span>
    </p>
   </div>
   <div class='ocr_carea' id='block_1_22' title="bbox 663 2213 1594 2278">
    <p class='ocr_par' dir='ltr' id='par_1_22' title="bbox 663 2213 1594 2278">
     <span class='ocr_line' id='line_1_22' title="bbox 663 2213 1594 2278; baseline -0.009 -4"><span class='ocrx_word' id='word_1_91' title='bbox 663 2217 819 2275; x_wconf 84' lang='lat' dir='ltr'><strong>Nube</strong></span> <span class='ocrx_word' id='word_1_92' title='bbox 847 2217 1110 2275; x_wconf 83' lang='lat' dir='ltr'><strong>subnixus</strong></span> <span class='ocrx_word' id='word_1_93' title='bbox 1136 2213 1320 2271; x_wconf 80' lang='lat' dir='ltr'><strong>veniet</strong></span> <span class='ocrx_word' id='word_1_94' title='bbox 1347 2213 1594 2278; x_wconf 90' lang='lat' dir='ltr'><strong>rubente,</strong></span> 
     </span>
    </p>
   </div>
   <div class='ocr_carea' id='block_1_23' title="bbox 659 2306 1647 2380">
    <p class='ocr_par' dir='ltr' id='par_1_23' title="bbox 659 2306 1647 2380">
     <span class='ocr_line' id='line_1_23' title="bbox 659 2306 1647 2380; baseline -0.011 -12"><span class='ocrx_word' id='word_1_95' title='bbox 659 2309 927 2368; x_wconf 85' lang='lat' dir='ltr'><strong>Gentibus</strong></span> <span class='ocrx_word' id='word_1_96' title='bbox 943 2308 1149 2380; x_wconf 87' lang='lat' dir='ltr'><strong>justam</strong></span> <span class='ocrx_word' id='word_1_97' title='bbox 1177 2306 1458 2380; x_wconf 88' lang='lat' dir='ltr'><strong>positurus</strong></span> <span class='ocrx_word' id='word_1_98' title='bbox 1490 2317 1647 2373; x_wconf 62' lang='lat' dir='ltr'><strong>aequo</strong></span> 
     </span>
    </p>
   </div>
   <div class='ocr_carea' id='block_1_24' title="bbox 875 2389 1357 2458">
    <p class='ocr_par' dir='ltr' id='par_1_24' title="bbox 875 2389 1357 2458">
     <span class='ocr_line' id='line_1_24' title="bbox 875 2389 1357 2458; baseline -0.012 0"><span class='ocrx_word' id='word_1_99' title='bbox 875 2401 1122 2458; x_wconf 90' lang='lat' dir='ltr'><strong>Pondere</strong></span> <span class='ocrx_word' id='word_1_100' title='bbox 1143 2389 1357 2455; x_wconf 80' lang='lat' dir='ltr'><strong>libram.</strong></span> 
     </span>
    </p>
   </div>
   <div class='ocr_carea' id='block_1_25' title="bbox 665 2484 1580 2564">
    <p class='ocr_par' dir='ltr' id='par_1_25' title="bbox 665 2484 1580 2564">
     <span class='ocr_line' id='line_1_25' title="bbox 665 2484 1580 2564; baseline -0.01 -14"><span class='ocrx_word' id='word_1_101' title='bbox 665 2491 812 2550; x_wconf 89' lang='lat' dir='ltr'><strong>Orbe</strong></span> <span class='ocrx_word' id='word_1_102' title='bbox 837 2494 904 2549; x_wconf 89' lang='lat' dir='ltr'><strong>de</strong></span> <span class='ocrx_word' id='word_1_103' title='bbox 923 2508 1119 2564; x_wconf 87' lang='lat' dir='ltr'><strong>magno</strong></span> <span class='ocrx_word' id='word_1_104' title='bbox 1150 2499 1312 2564; x_wconf 83' lang='lat' dir='ltr'><strong>caput</strong></span> <span class='ocrx_word' id='word_1_105' title='bbox 1342 2484 1580 2545; x_wconf 84' lang='lat' dir='ltr'><strong>excitata</strong></span> 
     </span>
    </p>
   </div>
   <div class='ocr_carea' id='block_1_26' title="bbox 669 2577 1656 2652">
    <p class='ocr_par' dir='ltr' id='par_1_26' title="bbox 669 2577 1656 2652">
     <span class='ocr_line' id='line_1_26' title="bbox 669 2577 1656 2652; baseline -0.011 -9"><span class='ocrx_word' id='word_1_106' title='bbox 669 2581 899 2644; x_wconf 84' lang='lat' dir='ltr'><strong>Obviam</strong></span> <span class='ocrx_word' id='word_1_107' title='bbox 929 2584 1144 2640; x_wconf 85' lang='lat' dir='ltr'><strong>Christo</strong></span> <span class='ocrx_word' id='word_1_108' title='bbox 1166 2589 1528 2652; x_wconf 83' lang='lat' dir='ltr'><strong>properanter</strong></span> <span class='ocrx_word' id='word_1_109' title='bbox 1556 2577 1656 2642; x_wconf 85' lang='lat' dir='ltr'><strong>ibit</strong></span> 
     </span>
    </p>
   </div>
   <div class='ocr_carea' id='block_1_27' title="bbox 666 2673 1632 2747">
    <p class='ocr_par' dir='ltr' id='par_1_27' title="bbox 666 2673 1632 2747">
     <span class='ocr_line' id='line_1_27' title="bbox 666 2673 1632 2747; baseline -0.011 -12"><span class='ocrx_word' id='word_1_110' title='bbox 666 2675 871 2734; x_wconf 79' lang='lat' dir='ltr'><strong>Civitas</strong></span> <span class='ocrx_word' id='word_1_111' title='bbox 896 2691 1123 2747; x_wconf 67' lang='lat' dir='ltr'><strong>quaeque</strong></span> <span class='ocrx_word' id='word_1_112' title='bbox 1149 2673 1388 2746; x_wconf 81' lang='lat' dir='ltr'><strong>pretiosa</strong></span> <span class='ocrx_word' id='word_1_113' title='bbox 1407 2679 1632 2743; x_wconf 85' lang='lat' dir='ltr'><strong>portans</strong></span> 
     </span>
    </p>
   </div>
   <div class='ocr_carea' id='block_1_28' title="bbox 877 2769 1328 2826">
    <p class='ocr_par' dir='ltr' id='par_1_28' title="bbox 877 2769 1328 2826">
     <span class='ocr_line' id='line_1_28' title="bbox 877 2769 1328 2826; baseline -0.011 0"><span class='ocrx_word' id='word_1_114' title='bbox 877 2772 1029 2826; x_wconf 89' lang='lat' dir='ltr'><strong>Dona</strong></span> <span class='ocrx_word' id='word_1_115' title='bbox 1053 2769 1328 2824; x_wconf 87' lang='lat' dir='ltr'><strong>canistris.</strong></span> 
     </span>
    </p>
   </div>
   <div class='ocr_carea' id='block_1_29' title="bbox 663 2861 1628 2934">
    <p class='ocr_par' dir='ltr' id='par_1_29' title="bbox 663 2861 1628 2934">
     <span class='ocr_line' id='line_1_29' title="bbox 663 2861 1628 2934; baseline -0.009 -15"><span class='ocrx_word' id='word_1_116' title='bbox 663 2863 797 2919; x_wconf 83' lang='lat' dir='ltr'><strong>Afra</strong></span> <span class='ocrx_word' id='word_1_117' title='bbox 818 2861 1094 2934; x_wconf 82' lang='lat' dir='ltr'><strong>Carthago</strong></span> <span class='ocrx_word' id='word_1_118' title='bbox 1117 2868 1206 2914; x_wconf 88' lang='lat' dir='ltr'><strong>tua</strong></span> <span class='ocrx_word' id='word_1_119' title='bbox 1237 2866 1452 2930; x_wconf 88' lang='lat' dir='ltr'><strong>promet</strong></span> <span class='ocrx_word' id='word_1_120' title='bbox 1476 2869 1628 2926; x_wconf 88' lang='lat' dir='ltr'><strong>ossa,</strong></span> 
     </span>
    </p>
   </div>
   <div class='ocr_carea' id='block_1_30' title="bbox 666 2947 1589 3023">
    <p class='ocr_par' dir='ltr' id='par_1_30' title="bbox 666 2947 1589 3023">
     <span class='ocr_line' id='line_1_30' title="bbox 666 2947 1589 3023; baseline -0.016 -9"><span class='ocrx_word' id='word_1_121' title='bbox 666 2955 776 3014; x_wconf 87' lang='lat' dir='ltr'><strong>Ore</strong></span> <span class='ocrx_word' id='word_1_122' title='bbox 803 2951 1037 3010; x_wconf 90' lang='lat' dir='ltr'><strong>facundo</strong></span> <span class='ocrx_word' id='word_1_123' title='bbox 1059 2951 1330 3023; x_wconf 84' lang='lat' dir='ltr'><strong>Cypriane</strong></span> <span class='ocrx_word' id='word_1_124' title='bbox 1367 2947 1589 3014; x_wconf 89' lang='lat' dir='ltr'><strong>doctor;</strong></span> 
     </span>
    </p>
   </div>
   <div class='ocr_carea' id='block_1_31' title="bbox 666 3033 1813 3121">
    <p class='ocr_par' dir='ltr' id='par_1_31' title="bbox 666 3033 1813 3121">
     <span class='ocr_line' id='line_1_31' title="bbox 666 3033 1813 3121; baseline -0.017 -9"><span class='ocrx_word' id='word_1_125' title='bbox 666 3050 919 3121; x_wconf 82' lang='lat' dir='ltr'><strong>Corduba</strong></span> <span class='ocrx_word' id='word_1_126' title='bbox 945 3045 1243 3116; x_wconf 81' lang='lat' dir='ltr'><strong>Ascisclum</strong></span> <span class='ocrx_word' id='word_1_127' title='bbox 1273 3033 1441 3110; x_wconf 85' lang='lat' dir='ltr'><strong>dabit,</strong></span> <span class='ocrx_word' id='word_1_128' title='bbox 1463 3049 1521 3097; x_wconf 90' lang='lat' dir='ltr'><strong>et</strong></span> <span class='ocrx_word' id='word_1_129' title='bbox 1552 3035 1813 3110; x_wconf 77' lang='lat' dir='ltr'><strong>Zoellum,</strong></span> 
     </span>
    </p>
   </div>
   <div class='ocr_carea' id='block_1_32' title="bbox 719 3137 1398 3210">
    <p class='ocr_par' dir='ltr' id='par_1_32' title="bbox 719 3137 1398 3210">
     <span class='ocr_line' id='line_1_32' title="bbox 719 3137 1398 3210; baseline -0.013 -11"><span class='ocrx_word' id='word_1_130' title='bbox 719 3161 730 3170; x_wconf 84' lang='grc'>·</span> <span class='ocrx_word' id='word_1_131' title='bbox 775 3165 778 3168; x_wconf 47' lang='grc' dir='ltr'>θ</span> <span class='ocrx_word' id='word_1_132' title='bbox 832 3179 843 3186; x_wconf 55' lang='grc' dir='ltr'><em>ς</em></span> <span class='ocrx_word' id='word_1_133' title='bbox 884 3137 1128 3210; x_wconf 79' lang='lat' dir='ltr'><strong>Tresque</strong></span> <span class='ocrx_word' id='word_1_134' title='bbox 1149 3139 1398 3194; x_wconf 75' lang='lat' dir='ltr'><strong>comitas.</strong></span> 
     </span>
    </p>
   </div>
   <div class='ocr_carea' id='block_1_33' title="bbox 669 3215 1848 3304">
    <p class='ocr_par' dir='ltr' id='par_1_33' title="bbox 669 3215 1848 3304">
     <span class='ocr_line' id='line_1_33' title="bbox 669 3215 1848 3304; baseline -0.014 -11"><span class='ocrx_word' id='word_1_135' title='bbox 669 3235 751 3293; x_wconf 88' lang='lat' dir='ltr'><strong>Tu</strong></span> <span class='ocrx_word' id='word_1_136' title='bbox 777 3233 951 3291; x_wconf 87' lang='lat' dir='ltr'><strong>tribus</strong></span> <span class='ocrx_word' id='word_1_137' title='bbox 984 3230 1213 3304; x_wconf 85' lang='lat' dir='ltr'><strong>gemmis</strong></span> <span class='ocrx_word' id='word_1_138' title='bbox 1238 3227 1483 3284; x_wconf 76' lang='lat' dir='ltr'><strong>diadema</strong></span> <span class='ocrx_word' id='word_1_139' title='bbox 1508 3223 1797 3296; x_wconf 70' lang='lat' dir='ltr'><strong>pulchrum</strong></span> <span class='ocrx_word' id='word_1_140' title='bbox 1843 3215 1848 3265; x_wconf 82' lang='grc' dir='ltr'>Ῑ</span> 
     </span>
    </p>
   </div>
   <div class='ocr_carea' id='block_1_34' title="bbox 672 3305 1912 3394">
    <p class='ocr_par' dir='ltr' id='par_1_34' title="bbox 672 3305 1912 3394">
     <span class='ocr_line' id='line_1_34' title="bbox 672 3305 1912 3394; baseline -0.015 -12"><span class='ocrx_word' id='word_1_141' title='bbox 672 3325 880 3383; x_wconf 85' lang='lat' dir='ltr'><strong>Offeres</strong></span> <span class='ocrx_word' id='word_1_142' title='bbox 900 3322 1118 3379; x_wconf 91' lang='lat' dir='ltr'><strong>Christo</strong></span> <span class='ocrx_word' id='word_1_143' title='bbox 1149 3317 1383 3394; x_wconf 86' lang='lat' dir='ltr'><strong>genitrix</strong></span> <span class='ocrx_word' id='word_1_144' title='bbox 1413 3316 1654 3388; x_wconf 87' lang='lat' dir='ltr'><strong>piorum,</strong></span> <span class='ocrx_word' id='word_1_145' title='bbox 1762 3358 1766 3362; x_wconf 98' lang='lat'><strong>.</strong></span> <span class='ocrx_word' id='word_1_146' title='bbox 1903 3305 1912 3308; x_wconf 58' lang='grc'><strong>’⁷</strong></span> 
     </span>
    </p>
   </div>
   <div class='ocr_carea' id='block_1_35' title="bbox 669 3409 1623 3482">
    <p class='ocr_par' dir='ltr' id='par_1_35' title="bbox 669 3409 1623 3482">
     <span class='ocr_line' id='line_1_35' title="bbox 669 3409 1623 3482; baseline -0.013 -8"><span class='ocrx_word' id='word_1_147' title='bbox 669 3417 928 3482; x_wconf 88' lang='lat' dir='ltr'><strong>Tarraco,</strong></span> <span class='ocrx_word' id='word_1_148' title='bbox 953 3413 1148 3470; x_wconf 76' lang='lat' dir='ltr'><strong>intexit</strong></span> <span class='ocrx_word' id='word_1_149' title='bbox 1174 3410 1263 3466; x_wconf 91' lang='lat' dir='ltr'><strong>cui</strong></span> <span class='ocrx_word' id='word_1_150' title='bbox 1287 3409 1623 3465; x_wconf 80' lang='lat' dir='ltr'><strong>Fructuosus</strong></span> 
     </span>
    </p>
   </div>
   <div class='ocr_carea' id='block_1_36' title="bbox 888 3503 1339 3562">
    <p class='ocr_par' dir='ltr' id='par_1_36' title="bbox 888 3503 1339 3562">
     <span class='ocr_line' id='line_1_36' title="bbox 888 3503 1339 3562; baseline -0.016 0"><span class='ocrx_word' id='word_1_151' title='bbox 888 3505 1059 3562; x_wconf 89' lang='lat' dir='ltr'><strong>Sutile</strong></span> <span class='ocrx_word' id='word_1_152' title='bbox 1080 3503 1339 3558; x_wconf 89' lang='lat' dir='ltr'><strong>vinclum.</strong></span> 
     </span>
    </p>
   </div>
   <div class='ocr_carea' id='block_1_37' title="bbox 668 3591 1970 3669">
    <p class='ocr_par' dir='ltr' id='par_1_37' title="bbox 668 3591 1970 3669">
     <span class='ocr_line' id='line_1_37' title="bbox 668 3591 1970 3669; baseline -0.012 -11"><span class='ocrx_word' id='word_1_153' title='bbox 668 3602 874 3658; x_wconf 84' lang='lat' dir='ltr'><strong>Nomen</strong></span> <span class='ocrx_word' id='word_1_154' title='bbox 901 3599 1006 3655; x_wconf 92' lang='lat' dir='ltr'><strong>hoc</strong></span> <span class='ocrx_word' id='word_1_155' title='bbox 1026 3611 1252 3669; x_wconf 64' lang='lat' dir='ltr'><strong>gemma:</strong></span> <span class='ocrx_word' id='word_1_156' title='bbox 1280 3592 1527 3664; x_wconf 87' lang='lat' dir='ltr'><strong>strophio</strong></span> <span class='ocrx_word' id='word_1_157' title='bbox 1559 3591 1829 3662; x_wconf 72' lang='lat' dir='ltr'><strong>illigatu-</strong></span> <span class='ocrx_word' id='word_1_158' title='bbox 1853 3594 1970 3654; x_wconf 86' lang='lat' dir='ltr'><strong>est;</strong></span> 
     </span>
    </p>
   </div>
   <div class='ocr_carea' id='block_1_38' title="bbox 668 3684 1580 3759">
    <p class='ocr_par' dir='ltr' id='par_1_38' title="bbox 668 3684 1580 3759">
     <span class='ocr_line' id='line_1_38' title="bbox 668 3684 1580 3759; baseline -0.012 -11"><span class='ocrx_word' id='word_1_159' title='bbox 668 3692 917 3748; x_wconf 82' lang='lat' dir='ltr'><strong>Emicant</strong></span> <span class='ocrx_word' id='word_1_160' title='bbox 937 3688 1093 3759; x_wconf 80' lang='lat' dir='ltr'><strong>juxta</strong></span> <span class='ocrx_word' id='word_1_161' title='bbox 1114 3686 1322 3757; x_wconf 85' lang='lat' dir='ltr'><strong>lapides</strong></span> <span class='ocrx_word' id='word_1_162' title='bbox 1342 3684 1580 3754; x_wconf 77' lang='lat' dir='ltr'><strong>gemelli,</strong></span> 
     </span>
    </p>
   </div>
   <div class='ocr_carea' id='block_1_39' title="bbox 669 3767 1656 3850">
    <p class='ocr_par' dir='ltr' id='par_1_39' title="bbox 669 3767 1656 3850">
     <span class='ocr_line' id='line_1_39' title="bbox 669 3767 1656 3850; baseline -0.009 -11"><span class='ocrx_word' id='word_1_163' title='bbox 669 3783 840 3839; x_wconf 82' lang='lat' dir='ltr'><strong>Ardet</strong></span> <span class='ocrx_word' id='word_1_164' title='bbox 859 3789 915 3838; x_wconf 90' lang='lat' dir='ltr'><strong>et</strong></span> <span class='ocrx_word' id='word_1_165' title='bbox 935 3767 1189 3850; x_wconf 79' lang='lat' dir='ltr'><strong>splendor</strong></span> <span class='ocrx_word' id='word_1_166' title='bbox 1213 3777 1405 3848; x_wconf 86' lang='lat' dir='ltr'><strong>parilis</strong></span> <span class='ocrx_word' id='word_1_167' title='bbox 1424 3776 1656 3832; x_wconf 88' lang='lat' dir='ltr'><strong>duorum</strong></span> 
     </span>
    </p>
   </div>
   <div class='ocr_carea' id='block_1_40' title="bbox 888 3872 1290 3942">
    <p class='ocr_par' dir='ltr' id='par_1_40' title="bbox 888 3872 1290 3942">
     <span class='ocr_line' id='line_1_40' title="bbox 888 3872 1290 3942; baseline -0.01 -15"><span class='ocrx_word' id='word_1_168' title='bbox 888 3872 1016 3942; x_wconf 83' lang='lat' dir='ltr'><strong>igne</strong></span> <span class='ocrx_word' id='word_1_169' title='bbox 1042 3884 1290 3926; x_wconf 88' lang='lat' dir='ltr'><strong>corusco.</strong></span> 
     </span>
    </p>
   </div>
   <div class='ocr_carea' id='block_1_41' title="bbox 676 3955 1572 4021">
    <p class='ocr_par' dir='ltr' id='par_1_41' title="bbox 676 3955 1572 4021">
     <span class='ocr_line' id='line_1_41' title="bbox 676 3955 1572 4021; baseline -0.009 -2"><span class='ocrx_word' id='word_1_170' title='bbox 676 3963 852 4019; x_wconf 83' lang='lat' dir='ltr'><strong>Parva</strong></span> <span class='ocrx_word' id='word_1_171' title='bbox 876 3961 1078 4021; x_wconf 81' lang='lat' dir='ltr'><strong>Felicis</strong></span> <span class='ocrx_word' id='word_1_172' title='bbox 1102 3961 1268 4014; x_wconf 86' lang='lat' dir='ltr'><strong>decus</strong></span> <span class='ocrx_word' id='word_1_173' title='bbox 1287 3955 1572 4013; x_wconf 72' lang='lat' dir='ltr'><strong>exhibebit</strong></span> 
     </span>
    </p>
   </div>
   <div class='ocr_carea' id='block_1_42' title="bbox 673 4046 1727 4118">
    <p class='ocr_par' dir='ltr' id='par_1_42' title="bbox 673 4046 1727 4118">
     <span class='ocr_line' id='line_1_42' title="bbox 673 4046 1727 4118; baseline -0.009 -7"><span class='ocrx_word' id='word_1_174' title='bbox 673 4054 918 4111; x_wconf 78' lang='lat' dir='ltr'><strong>Artubus</strong></span> <span class='ocrx_word' id='word_1_175' title='bbox 952 4049 1156 4106; x_wconf 85' lang='lat' dir='ltr'><strong>sanctis</strong></span> <span class='ocrx_word' id='word_1_176' title='bbox 1187 4047 1423 4118; x_wconf 89' lang='lat' dir='ltr'><strong>locuples</strong></span> <span class='ocrx_word' id='word_1_177' title='bbox 1450 4046 1727 4112; x_wconf 80' lang='lat' dir='ltr'><strong>Gerunda,</strong></span> 
     </span>
    </p>
   </div>
   <div class='ocr_carea' id='block_1_43' title="bbox 676 4137 1702 4214">
    <p class='ocr_par' dir='ltr' id='par_1_43' title="bbox 676 4137 1702 4214">
     <span class='ocr_line' id='line_1_43' title="bbox 676 4137 1702 4214; baseline -0.009 -13"><span class='ocrx_word' id='word_1_178' title='bbox 676 4144 875 4203; x_wconf 89' lang='lat' dir='ltr'><strong>Nostra</strong></span> <span class='ocrx_word' id='word_1_179' title='bbox 899 4139 1132 4214; x_wconf 80' lang='lat' dir='ltr'><strong>gestabit</strong></span> <span class='ocrx_word' id='word_1_180' title='bbox 1159 4137 1468 4208; x_wconf 76' lang='lat' dir='ltr'><strong>Calagurris</strong></span> <span class='ocrx_word' id='word_1_181' title='bbox 1495 4137 1702 4203; x_wconf 83' lang='lat' dir='ltr'><strong>ambos,</strong></span> 
     </span>
    </p>
   </div>
   <div class='ocr_carea' id='block_1_44' title="bbox 889 4233 1412 4302">
    <p class='ocr_par' dir='ltr' id='par_1_44' title="bbox 889 4233 1412 4302">
     <span class='ocr_line' id='line_1_44' title="bbox 889 4233 1412 4302; baseline -0.015 -12"><span class='ocrx_word' id='word_1_182' title='bbox 889 4233 1037 4302; x_wconf 85' lang='lat' dir='ltr'><strong>Quos</strong></span> <span class='ocrx_word' id='word_1_183' title='bbox 1067 4246 1412 4288; x_wconf 87' lang='lat' dir='ltr'><strong>veneramur.</strong></span> 
     </span>
    </p>
   </div>
   <div class='ocr_carea' id='block_1_45' title="bbox 676 4324 1616 4388">
    <p class='ocr_par' dir='ltr' id='par_1_45' title="bbox 676 4324 1616 4388">
     <span class='ocr_line' id='line_1_45' title="bbox 676 4324 1616 4388; baseline -0.01 0"><span class='ocrx_word' id='word_1_184' title='bbox 676 4331 981 4388; x_wconf 82' lang='lat' dir='ltr'><strong>Barchinon</strong></span> <span class='ocrx_word' id='word_1_185' title='bbox 1006 4327 1152 4384; x_wconf 86' lang='lat' dir='ltr'><strong>claro</strong></span> <span class='ocrx_word' id='word_1_186' title='bbox 1186 4325 1446 4382; x_wconf 87' lang='lat' dir='ltr'><strong>Cucufate</strong></span> <span class='ocrx_word' id='word_1_187' title='bbox 1474 4324 1616 4380; x_wconf 82' lang='lat' dir='ltr'><strong>freta</strong></span> 
     </span>
    </p>
   </div>
   <div class='ocr_carea' id='block_1_46' title="bbox 682 4415 1662 4494">
    <p class='ocr_par' dir='ltr' id='par_1_46' title="bbox 682 4415 1662 4494">
     <span class='ocr_line' id='line_1_46' title="bbox 682 4415 1662 4494; baseline -0.008 -16"><span class='ocrx_word' id='word_1_188' title='bbox 682 4422 898 4494; x_wconf 78' lang='lat' dir='ltr'><strong>Surget,</strong></span> <span class='ocrx_word' id='word_1_189' title='bbox 920 4427 975 4475; x_wconf 92' lang='lat' dir='ltr'><strong>et</strong></span> <span class='ocrx_word' id='word_1_190' title='bbox 1000 4417 1167 4474; x_wconf 91' lang='lat' dir='ltr'><strong>Paulo</strong></span> <span class='ocrx_word' id='word_1_191' title='bbox 1187 4417 1432 4488; x_wconf 87' lang='lat' dir='ltr'><strong>speciosa</strong></span> <span class='ocrx_word' id='word_1_192' title='bbox 1459 4415 1662 4480; x_wconf 85' lang='lat' dir='ltr'><strong>Narbo,</strong></span> 
     </span>
    </p>
   </div>
   <div class='ocr_carea' id='block_1_47' title="bbox 681 4505 1690 4584">
    <p class='ocr_par' dir='ltr' id='par_1_47' title="bbox 681 4505 1690 4584">
     <span class='ocr_line' id='line_1_47' title="bbox 681 4505 1690 4584; baseline -0.008 -14"><span class='ocrx_word' id='word_1_193' title='bbox 681 4515 864 4584; x_wconf 89' lang='lat' dir='ltr'><strong>Teque</strong></span> <span class='ocrx_word' id='word_1_194' title='bbox 884 4511 1206 4584; x_wconf 73' lang='lat' dir='ltr'><strong>praepollens</strong></span> <span class='ocrx_word' id='word_1_195' title='bbox 1231 4507 1422 4564; x_wconf 81' lang='lat' dir='ltr'><strong>Arelas</strong></span> <span class='ocrx_word' id='word_1_196' title='bbox 1447 4505 1690 4574; x_wconf 87' lang='lat' dir='ltr'><strong>habebit,</strong></span> 
     </span>
    </p>
   </div>
   <div class='ocr_carea' id='block_1_48' title="bbox 896 4601 1345 4658">
    <p class='ocr_par' dir='ltr' id='par_1_48' title="bbox 896 4601 1345 4658">
     <span class='ocr_line' id='line_1_48' title="bbox 896 4601 1345 4658; baseline -0.009 0"><span class='ocrx_word' id='word_1_197' title='bbox 896 4602 1097 4658; x_wconf 87' lang='lat' dir='ltr'><strong>Sancte</strong></span> <span class='ocrx_word' id='word_1_198' title='bbox 1126 4601 1345 4658; x_wconf 89' lang='lat' dir='ltr'><strong>Genesi.</strong></span> 
     </span>
    </p>
   </div>
   <div class='ocr_carea' id='block_1_49' title="bbox 683 4690 1592 4764">
    <p class='ocr_par' dir='ltr' id='par_1_49' title="bbox 683 4690 1592 4764">
     <span class='ocr_line' id='line_1_49' title="bbox 683 4690 1592 4764; baseline -0.007 -13"><span class='ocrx_word' id='word_1_199' title='bbox 683 4694 1063 4750; x_wconf 86' lang='lat' dir='ltr'><strong>Lusitanorum</strong></span> <span class='ocrx_word' id='word_1_200' title='bbox 1093 4700 1254 4764; x_wconf 87' lang='lat' dir='ltr'><strong>caput</strong></span> <span class='ocrx_word' id='word_1_201' title='bbox 1271 4690 1592 4762; x_wconf 87' lang='lat' dir='ltr'><strong>oppidorum</strong></span> 
     </span>
    </p>
   </div>
   <div class='ocr_carea' id='block_1_50' title="bbox 683 4785 1533 4864">
    <p class='ocr_par' dir='ltr' id='par_1_50' title="bbox 683 4785 1533 4864">
     <span class='ocr_line' id='line_1_50' title="bbox 683 4785 1533 4864; baseline -0.011 -17"><span class='ocrx_word' id='word_1_202' title='bbox 683 4790 825 4848; x_wconf 89' lang='lat' dir='ltr'><strong>Urbs</strong></span> <span class='ocrx_word' id='word_1_203' title='bbox 845 4790 1082 4864; x_wconf 63' lang='lat' dir='ltr'><strong>adorata:</strong></span> <span class='ocrx_word' id='word_1_204' title='bbox 1102 4786 1314 4842; x_wconf 87' lang='lat' dir='ltr'><strong>cineres</strong></span> <span class='ocrx_word' id='word_1_205' title='bbox 1341 4785 1533 4856; x_wconf 67' lang='lat' dir='ltr'><strong>puellm</strong></span> 
     </span>
    </p>
   </div>
   <div class='ocr_carea' id='block_1_51' title="bbox 682 4877 1748 4950">
    <p class='ocr_par' dir='ltr' id='par_1_51' title="bbox 682 4877 1748 4950">
     <span class='ocr_line' id='line_1_51' title="bbox 682 4877 1748 4950; baseline -0.01 -11"><span class='ocrx_word' id='word_1_206' title='bbox 682 4881 909 4940; x_wconf 86' lang='lat' dir='ltr'><strong>Obviam</strong></span> <span class='ocrx_word' id='word_1_207' title='bbox 930 4878 1148 4935; x_wconf 90' lang='lat' dir='ltr'><strong>Christo</strong></span> <span class='ocrx_word' id='word_1_208' title='bbox 1169 4878 1404 4950; x_wconf 89' lang='lat' dir='ltr'><strong>rapiens,</strong></span> <span class='ocrx_word' id='word_1_209' title='bbox 1425 4877 1494 4931; x_wconf 92' lang='lat' dir='ltr'><strong>ad</strong></span> <span class='ocrx_word' id='word_1_210' title='bbox 1513 4889 1666 4930; x_wconf 83' lang='lat' dir='ltr'><strong>aram</strong></span> <span class='ocrx_word' id='word_1_211' title='bbox 1745 4898 1748 4900; x_wconf 52' lang='grc' dir='ltr'><strong>ν</strong></span> 
     </span>
    </p>
   </div>
   <div class='ocr_carea' id='block_1_52' title="bbox 889 4969 1349 5041">
    <p class='ocr_par' dir='ltr' id='par_1_52' title="bbox 889 4969 1349 5041">
     <span class='ocr_line' id='line_1_52' title="bbox 889 4969 1349 5041; baseline -0.009 -16"><span class='ocrx_word' id='word_1_212' title='bbox 889 4969 1134 5040; x_wconf 87' lang='lat' dir='ltr'><strong>Porriget</strong></span> <span class='ocrx_word' id='word_1_213' title='bbox 1159 4969 1349 5041; x_wconf 89' lang='lat' dir='ltr'><strong>ipsam.</strong></span> 
     </span>
    </p>
   </div>
   <div class='ocr_carea' id='block_1_53' title="bbox 685 5061 1698 5136">
    <p class='ocr_par' dir='ltr' id='par_1_53' title="bbox 685 5061 1698 5136">
     <span class='ocr_line' id='line_1_53' title="bbox 685 5061 1698 5136; baseline -0.007 -14"><span class='ocrx_word' id='word_1_214' title='bbox 685 5065 1008 5136; x_wconf 88' lang='lat' dir='ltr'><strong>Sanguinem</strong></span> <span class='ocrx_word' id='word_1_215' title='bbox 1030 5061 1168 5117; x_wconf 86' lang='lat' dir='ltr'><strong>Justi</strong></span> <span class='ocrx_word' id='word_1_216' title='bbox 1191 5062 1276 5116; x_wconf 90' lang='lat' dir='ltr'><strong>cui</strong></span> <span class='ocrx_word' id='word_1_217' title='bbox 1298 5069 1485 5132; x_wconf 85' lang='lat' dir='ltr'><strong>pastor</strong></span> <span class='ocrx_word' id='word_1_218' title='bbox 1509 5061 1698 5125; x_wconf 63' lang='lat' dir='ltr'><strong>haeret,</strong></span> 
     </span>
    </p>
   </div>
   <div class='ocr_carea' id='block_1_54' title="bbox 683 5152 1875 5240">
    <p class='ocr_par' dir='ltr' id='par_1_54' title="bbox 683 5152 1875 5240">
     <span class='ocr_line' id='line_1_54' title="bbox 683 5152 1875 5240; baseline -0.007 -24"><span class='ocrx_word' id='word_1_219' title='bbox 683 5157 969 5216; x_wconf 85' lang='lat' dir='ltr'><strong>Ferculum</strong></span> <span class='ocrx_word' id='word_1_220' title='bbox 991 5155 1208 5240; x_wconf 81' lang='lat' dir='ltr'><strong>duplex,</strong></span> <span class='ocrx_word' id='word_1_221' title='bbox 1232 5153 1611 5225; x_wconf 88' lang='lat' dir='ltr'><strong>geminumque</strong></span> <span class='ocrx_word' id='word_1_222' title='bbox 1633 5152 1834 5208; x_wconf 88' lang='lat' dir='ltr'><strong>donum</strong></span> <span class='ocrx_word' id='word_1_223' title='bbox 1873 5172 1875 5174; x_wconf 89' lang='grc'>·</span> 
     </span>
    </p>
   </div>
   <div class='ocr_carea' id='block_1_55' title="bbox 683 5244 1688 5318">
    <p class='ocr_par' dir='ltr' id='par_1_55' title="bbox 683 5244 1688 5318">
     <span class='ocr_line' id='line_1_55' title="bbox 683 5244 1688 5318; baseline -0.011 -8"><span class='ocrx_word' id='word_1_224' title='bbox 683 5253 847 5310; x_wconf 88' lang='lat' dir='ltr'><strong>Ferre</strong></span> <span class='ocrx_word' id='word_1_225' title='bbox 869 5248 1209 5318; x_wconf 90' lang='lat' dir='ltr'><strong>Complutum</strong></span> <span class='ocrx_word' id='word_1_226' title='bbox 1238 5247 1445 5318; x_wconf 92' lang='lat' dir='ltr'><strong>gremio</strong></span> <span class='ocrx_word' id='word_1_227' title='bbox 1458 5244 1688 5316; x_wconf 84' lang='lat' dir='ltr'><strong>juvabit.</strong></span> 
     </span>
    </p>
   </div>
   <div class='ocr_carea' id='block_1_56' title="bbox 896 5343 1409 5410">
    <p class='ocr_par' dir='ltr' id='par_1_56' title="bbox 896 5343 1409 5410">
     <span class='ocr_line' id='line_1_56' title="bbox 896 5343 1409 5410; baseline -0.01 -10"><span class='ocrx_word' id='word_1_228' title='bbox 896 5345 1134 5401; x_wconf 85' lang='lat' dir='ltr'><strong>Membra</strong></span> <span class='ocrx_word' id='word_1_229' title='bbox 1162 5343 1409 5410; x_wconf 80' lang='lat' dir='ltr'><strong>duorum.</strong></span> 
     </span>
    </p>
   </div>
   <div class='ocr_carea' id='block_1_57' title="bbox 680 5431 1594 5507">
    <p class='ocr_par' dir='ltr' id='par_1_57' title="bbox 680 5431 1594 5507">
     <span class='ocr_line' id='line_1_57' title="bbox 680 5431 1594 5507; baseline -0.011 -14"><span class='ocrx_word' id='word_1_230' title='bbox 680 5438 894 5507; x_wconf 85' lang='lat' dir='ltr'><strong>ingeret</strong></span> <span class='ocrx_word' id='word_1_231' title='bbox 916 5435 1104 5506; x_wconf 89' lang='lat' dir='ltr'><strong>Tingis</strong></span> <span class='ocrx_word' id='word_1_232' title='bbox 1133 5449 1228 5489; x_wconf 90' lang='lat' dir='ltr'><strong>sua</strong></span> <span class='ocrx_word' id='word_1_233' title='bbox 1254 5431 1594 5496; x_wconf 85' lang='lat' dir='ltr'><strong>Cassianum,</strong></span> 
     </span>
    </p>
   </div>
   <div class='ocr_carea' id='block_1_58' title="bbox 684 5526 1760 5600">
    <p class='ocr_par' dir='ltr' id='par_1_58' title="bbox 684 5526 1760 5600">
     <span class='ocr_line' id='line_1_58' title="bbox 684 5526 1760 5600; baseline -0.01 -18"><span class='ocrx_word' id='word_1_234' title='bbox 684 5529 845 5582; x_wconf 86' lang='lat' dir='ltr'><strong>Festa</strong></span> <span class='ocrx_word' id='word_1_235' title='bbox 865 5526 1156 5600; x_wconf 73' lang='lat' dir='ltr'><strong>Massylum</strong></span> <span class='ocrx_word' id='word_1_236' title='bbox 1184 5532 1530 5580; x_wconf 86' lang='lat' dir='ltr'><strong>monumenta</strong></span> <span class='ocrx_word' id='word_1_237' title='bbox 1554 5533 1760 5590; x_wconf 85' lang='lat' dir='ltr'><strong>regum,</strong></span> 
     </span>
    </p>
   </div>
   <div class='ocr_carea' id='block_1_59' title="bbox 685 5609 1709 5689">
    <p class='ocr_par' dir='ltr' id='par_1_59' title="bbox 685 5609 1709 5689">
     <span class='ocr_line' id='line_1_59' title="bbox 685 5609 1709 5689; baseline -0.005 -17"><span class='ocrx_word' id='word_1_238' title='bbox 685 5619 787 5686; x_wconf 86' lang='lat' dir='ltr'><strong>Qui</strong></span> <span class='ocrx_word' id='word_1_239' title='bbox 815 5619 952 5674; x_wconf 89' lang='lat' dir='ltr'><strong>ciuis</strong></span> <span class='ocrx_word' id='word_1_240' title='bbox 969 5609 1157 5689; x_wconf 83' lang='lat' dir='ltr'><strong>gentes</strong></span> <span class='ocrx_word' id='word_1_241' title='bbox 1183 5617 1412 5673; x_wconf 89' lang='lat' dir='ltr'><strong>domitas</strong></span> <span class='ocrx_word' id='word_1_242' title='bbox 1436 5613 1613 5684; x_wconf 82' lang='lat' dir='ltr'><strong>coegit</strong></span> <span class='ocrx_word' id='word_1_243' title='bbox 1706 5644 1709 5645; x_wconf 53' lang='grc' dir='ltr'><em>ν</em></span> 
     </span>
    </p>
   </div>
   <div class='ocr_carea' id='block_1_60' title="bbox 900 5708 1378 5781">
    <p class='ocr_par' dir='ltr' id='par_1_60' title="bbox 900 5708 1378 5781">
     <span class='ocr_line' id='line_1_60' title="bbox 900 5708 1378 5781; baseline -0.004 -18"><span class='ocrx_word' id='word_1_244' title='bbox 900 5709 980 5764; x_wconf 85' lang='lat' dir='ltr'><strong>Ad</strong></span> <span class='ocrx_word' id='word_1_245' title='bbox 1007 5710 1136 5781; x_wconf 86' lang='lat' dir='ltr'><strong>juga</strong></span> <span class='ocrx_word' id='word_1_246' title='bbox 1157 5708 1378 5764; x_wconf 87' lang='lat' dir='ltr'><strong>Christi.</strong></span> 
     </span>
    </p>
   </div>
   <div class='ocr_carea' id='block_1_61' title="bbox 1077 5800 1586 5873">
    <p class='ocr_par' dir='ltr' id='par_1_61' title="bbox 1077 5800 1586 5873">
     <span class='ocr_line' id='line_1_61' title="bbox 1077 5800 1586 5873; baseline -0.006 -17"><span class='ocrx_word' id='word_1_247' title='bbox 1077 5800 1228 5856; x_wconf 82' lang='lat' dir='ltr'><strong>Idem</strong></span> <span class='ocrx_word' id='word_1_248' title='bbox 1252 5810 1367 5872; x_wconf 75' lang='lat' dir='ltr'><strong>post</strong></span> <span class='ocrx_word' id='word_1_249' title='bbox 1393 5816 1586 5873; x_wconf 82' lang='lat' dir='ltr'><strong>pauca.</strong></span> 
     </span>
    </p>
   </div>
   <div class='ocr_carea' id='block_1_62' title="bbox 690 5890 1880 5967">
    <p class='ocr_par' dir='ltr' id='par_1_62' title="bbox 690 5890 1880 5967">
     <span class='ocr_line' id='line_1_62' title="bbox 690 5890 1880 5967; baseline -0.004 -15"><span class='ocrx_word' id='word_1_250' title='bbox 690 5894 799 5954; x_wconf 81' lang='lat' dir='ltr'><strong>Hoc</strong></span> <span class='ocrx_word' id='word_1_251' title='bbox 819 5893 1002 5952; x_wconf 87' lang='lat' dir='ltr'><strong>colunt</strong></span> <span class='ocrx_word' id='word_1_252' title='bbox 1028 5894 1195 5963; x_wconf 87' lang='lat' dir='ltr'><strong>cives,</strong></span> <span class='ocrx_word' id='word_1_253' title='bbox 1227 5894 1364 5953; x_wconf 80' lang='lat' dir='ltr'><strong>velut</strong></span> <span class='ocrx_word' id='word_1_254' title='bbox 1390 5893 1507 5967; x_wconf 82' lang='lat' dir='ltr'><strong>ipsa</strong></span> <span class='ocrx_word' id='word_1_255' title='bbox 1537 5890 1783 5958; x_wconf 63' lang='lat' dir='ltr'><strong>multra</strong></span> <span class='ocrx_word' id='word_1_256' title='bbox 1873 5909 1880 5946; x_wconf 72' lang='grc' dir='ltr'>ε</span> 
     </span>
    </p>
   </div>
   <div class='ocr_carea' id='block_1_63' title="bbox 2324 633 3268 719">
    <p class='ocr_par' dir='ltr' id='par_1_63' title="bbox 2324 633 3268 719">
     <span class='ocr_line' id='line_1_63' title="bbox 2324 633 3268 719; baseline -0.011 -11"><span class='ocrx_word' id='word_1_257' title='bbox 2324 650 2516 708; x_wconf 83' lang='lat' dir='ltr'><strong>Servet</strong></span> <span class='ocrx_word' id='word_1_258' title='bbox 2542 649 2875 719; x_wconf 88' lang='lat' dir='ltr'><strong>amplectens</strong></span> <span class='ocrx_word' id='word_1_259' title='bbox 2897 635 3102 700; x_wconf 71' lang='lat' dir='ltr'><strong>tumulo</strong></span> <span class='ocrx_word' id='word_1_260' title='bbox 3122 633 3268 700; x_wconf 77' lang='lat' dir='ltr'><strong>beati</strong></span> 
     </span>
    </p>
   </div>
   <div class='ocr_carea' id='block_1_64' title="bbox 2541 741 2966 812">
    <p class='ocr_par' dir='ltr' id='par_1_64' title="bbox 2541 741 2966 812">
     <span class='ocr_line' id='line_1_64' title="bbox 2541 741 2966 812; baseline -0.014 -15"><span class='ocrx_word' id='word_1_261' title='bbox 2541 741 2794 812; x_wconf 73' lang='lat' dir='ltr'><strong>Martyris</strong></span> <span class='ocrx_word' id='word_1_262' title='bbox 2820 749 2966 794; x_wconf 83' lang='lat' dir='ltr'><strong>ossa.</strong></span> 
     </span>
    </p>
   </div>
   <div class='ocr_carea' id='block_1_65' title="bbox 2513 824 3496 901">
    <p class='ocr_par' dir='ltr' id='par_1_65' title="bbox 2513 824 3496 901">
     <span class='ocr_line' id='line_1_65' title="bbox 2513 824 3496 901; baseline -0.008 -11"><span class='ocrx_word' id='word_1_263' title='bbox 2513 834 2668 890; x_wconf 79' lang='lat' dir='ltr'><strong>Idem</strong></span> <span class='ocrx_word' id='word_1_264' title='bbox 2691 833 2748 888; x_wconf 78' lang='lat' dir='ltr'><strong>in</strong></span> <span class='ocrx_word' id='word_1_265' title='bbox 2781 832 2884 901; x_wconf 69' lang='lat' dir='ltr'><strong>ﬁne</strong></span> <span class='ocrx_word' id='word_1_266' title='bbox 2907 829 3141 900; x_wconf 64' lang='lat' dir='ltr'><strong>ejusdem</strong></span> <span class='ocrx_word' id='word_1_267' title='bbox 3165 824 3449 897; x_wconf 57' lang='lat' dir='ltr'><strong>ﬂuuiana.</strong></span> <span class='ocrx_word' id='word_1_268' title='bbox 3491 827 3496 830; x_wconf 82' lang='grc'><em>’</em></span> 
     </span>
    </p>
   </div>
   <div class='ocr_carea' id='block_1_66' title="bbox 2330 920 3254 995">
    <p class='ocr_par' dir='ltr' id='par_1_66' title="bbox 2330 920 3254 995">
     <span class='ocr_line' id='line_1_66' title="bbox 2330 920 3254 995; baseline -0.008 -15"><span class='ocrx_word' id='word_1_269' title='bbox 2330 925 2439 982; x_wconf 85' lang='lat' dir='ltr'><strong>Nos</strong></span> <span class='ocrx_word' id='word_1_270' title='bbox 2469 925 2559 995; x_wconf 89' lang='lat' dir='ltr'><strong>pio</strong></span> <span class='ocrx_word' id='word_1_271' title='bbox 2593 924 2743 988; x_wconf 82' lang='lat' dir='ltr'><strong>ﬂetu,</strong></span> <span class='ocrx_word' id='word_1_272' title='bbox 2768 923 2914 987; x_wconf 87' lang='lat' dir='ltr'><strong>date,</strong></span> <span class='ocrx_word' id='word_1_273' title='bbox 2939 920 3254 992; x_wconf 80' lang='lat' dir='ltr'><strong>perluamus</strong></span> 
     </span>
    </p>
   </div>
   <div class='ocr_carea' id='block_1_67' title="bbox 2332 1013 3434 1083">
    <p class='ocr_par' dir='ltr' id='par_1_67' title="bbox 2332 1013 3434 1083">
     <span class='ocr_line' id='line_1_67' title="bbox 2332 1013 3434 1083; baseline -0.005 -13"><span class='ocrx_word' id='word_1_274' title='bbox 2332 1018 2661 1071; x_wconf 86' lang='lat' dir='ltr'><strong>Marmorum</strong></span> <span class='ocrx_word' id='word_1_275' title='bbox 2687 1015 2883 1078; x_wconf 64' lang='lat' dir='ltr'><strong>sulem,</strong></span> <span class='ocrx_word' id='word_1_276' title='bbox 2917 1013 3114 1083; x_wconf 75' lang='lat' dir='ltr'><strong>quibus</strong></span> <span class='ocrx_word' id='word_1_277' title='bbox 3131 1020 3219 1068; x_wconf 75' lang='lat' dir='ltr'><strong>est</strong></span> <span class='ocrx_word' id='word_1_278' title='bbox 3242 1017 3434 1081; x_wconf 66' lang='lat' dir='ltr'><strong>opma</strong></span> 
     </span>
    </p>
   </div>
   <div class='ocr_carea' id='block_1_68' title="bbox 2334 1102 3285 1180">
    <p class='ocr_par' dir='ltr' id='par_1_68' title="bbox 2334 1102 3285 1180">
     <span class='ocr_line' id='line_1_68' title="bbox 2334 1102 3285 1180; baseline -0.007 -16"><span class='ocrx_word' id='word_1_279' title='bbox 2334 1109 2490 1180; x_wconf 88' lang='lat' dir='ltr'><strong>Spes,</strong></span> <span class='ocrx_word' id='word_1_280' title='bbox 2511 1117 2571 1161; x_wconf 92' lang='lat' dir='ltr'><strong>ut</strong></span> <span class='ocrx_word' id='word_1_281' title='bbox 2594 1106 2838 1161; x_wconf 88' lang='lat' dir='ltr'><strong>absolvat</strong></span> <span class='ocrx_word' id='word_1_282' title='bbox 2863 1102 3285 1160; x_wconf 80' lang='lat' dir='ltr'><strong>retinaculorum</strong></span> 
     </span>
    </p>
   </div>
   <div class='ocr_carea' id='block_1_69' title="bbox 2549 1197 3422 1267">
    <p class='ocr_par' dir='ltr' id='par_1_69' title="bbox 2549 1197 3422 1267">
     <span class='ocr_line' id='line_1_69' title="bbox 2549 1197 3422 1267; baseline -0.007 -16"><span class='ocrx_word' id='word_1_283' title='bbox 2549 1197 2738 1252; x_wconf 77' lang='lat' dir='ltr'><strong>Vincla</strong></span> <span class='ocrx_word' id='word_1_284' title='bbox 2767 1210 3033 1262; x_wconf 84' lang='lat' dir='ltr'><strong>meorum.</strong></span> <span class='ocrx_word' id='word_1_285' title='bbox 3419 1265 3422 1267; x_wconf 11' lang='grc' dir='ltr'><strong>Α</strong></span> 
     </span>
    </p>
   </div>
   <div class='ocr_carea' id='block_1_70' title="bbox 2337 1285 3321 1362">
    <p class='ocr_par' dir='ltr' id='par_1_70' title="bbox 2337 1285 3321 1362">
     <span class='ocr_line' id='line_1_70' title="bbox 2337 1285 3321 1362; baseline -0.006 -15"><span class='ocrx_word' id='word_1_286' title='bbox 2337 1291 2529 1347; x_wconf 88' lang='lat' dir='ltr'><strong>Sterne</strong></span> <span class='ocrx_word' id='word_1_287' title='bbox 2556 1301 2606 1346; x_wconf 93' lang='lat' dir='ltr'><strong>te</strong></span> <span class='ocrx_word' id='word_1_288' title='bbox 2636 1297 2805 1344; x_wconf 91' lang='lat' dir='ltr'><strong>totam</strong></span> <span class='ocrx_word' id='word_1_289' title='bbox 2827 1303 3089 1360; x_wconf 79' lang='lat' dir='ltr'><strong>generosa</strong></span> <span class='ocrx_word' id='word_1_290' title='bbox 3113 1285 3321 1362; x_wconf 58' lang='lat' dir='ltr'><strong>eunetis</strong></span> 
     </span>
    </p>
   </div>
   <div class='ocr_carea' id='block_1_71' title="bbox 2337 1365 3278 1451">
    <p class='ocr_par' dir='ltr' id='par_1_71' title="bbox 2337 1365 3278 1451">
     <span class='ocr_line' id='line_1_71' title="bbox 2337 1365 3278 1451; baseline -0.003 -12"><span class='ocrx_word' id='word_1_291' title='bbox 2337 1383 2540 1439; x_wconf 85' lang='lat' dir='ltr'><strong>Civitas</strong></span> <span class='ocrx_word' id='word_1_292' title='bbox 2567 1397 2778 1451; x_wconf 77' lang='lat' dir='ltr'><strong>mecum</strong></span> <span class='ocrx_word' id='word_1_293' title='bbox 2806 1365 3046 1448; x_wconf 78' lang='lat' dir='ltr'><strong>tumulis,</strong></span> <span class='ocrx_word' id='word_1_294' title='bbox 3069 1377 3278 1438; x_wconf 72' lang='lat' dir='ltr'><strong>deinde</strong></span> 
     </span>
    </p>
   </div>
   <div class='ocr_carea' id='block_1_72' title="bbox 2340 1455 3351 1544">
    <p class='ocr_par' dir='ltr' id='par_1_72' title="bbox 2340 1455 3351 1544">
     <span class='ocr_line' id='line_1_72' title="bbox 2340 1455 3351 1544; baseline 0 -14"><span class='ocrx_word' id='word_1_295' title='bbox 2340 1473 2461 1530; x_wconf 85' lang='lat' dir='ltr'><strong>Mox</strong></span> <span class='ocrx_word' id='word_1_296' title='bbox 2490 1482 2833 1544; x_wconf 83' lang='lat' dir='ltr'><strong>resurgentes</strong></span> <span class='ocrx_word' id='word_1_297' title='bbox 2861 1473 3091 1539; x_wconf 76' lang='lat' dir='ltr'><strong>animus,</strong></span> <span class='ocrx_word' id='word_1_298' title='bbox 3117 1480 3175 1538; x_wconf 70' lang='lat' dir='ltr'><strong>et</strong></span> <span class='ocrx_word' id='word_1_299' title='bbox 3197 1455 3351 1535; x_wconf 67' lang='lat' dir='ltr'><strong>arm</strong></span> 
     </span>
    </p>
   </div>
   <div class='ocr_carea' id='block_1_73' title="bbox 2545 1563 2968 1634">
    <p class='ocr_par' dir='ltr' id='par_1_73' title="bbox 2545 1563 2968 1634">
     <span class='ocr_line' id='line_1_73' title="bbox 2545 1563 2968 1634; baseline -0.005 -15"><span class='ocrx_word' id='word_1_300' title='bbox 2545 1565 2681 1621; x_wconf 89' lang='lat' dir='ltr'><strong>Tota</strong></span> <span class='ocrx_word' id='word_1_301' title='bbox 2704 1563 2968 1634; x_wconf 79' lang='lat' dir='ltr'><strong>sequeris.</strong></span> 
     </span>
    </p>
   </div>
   <div class='ocr_carea' id='block_1_74' title="bbox 2420 1671 3547 1748">
    <p class='ocr_par' dir='ltr' id='par_1_74' title="bbox 2420 1671 3547 1748">
     <span class='ocr_line' id='line_1_74' title="bbox 2420 1671 3547 1748; baseline -0.006 -16"><span class='ocrx_word' id='word_1_302' title='bbox 2420 1677 2570 1732; x_wconf 85' lang='lat' dir='ltr'><strong>Idem</strong></span> <span class='ocrx_word' id='word_1_303' title='bbox 2597 1678 2650 1731; x_wconf 84' lang='lat' dir='ltr'><strong>in</strong></span> <span class='ocrx_word' id='word_1_304' title='bbox 2683 1677 2788 1746; x_wconf 83' lang='lat' dir='ltr'><strong>ﬁne</strong></span> <span class='ocrx_word' id='word_1_305' title='bbox 2812 1675 3074 1748; x_wconf 58' lang='lat' dir='ltr'><strong>passionis</strong></span> <span class='ocrx_word' id='word_1_306' title='bbox 3097 1680 3295 1728; x_wconf 67' lang='lat' dir='ltr'><strong>tam</strong></span> <span class='ocrx_word' id='word_1_307' title='bbox 3315 1671 3547 1744; x_wconf 53' lang='lat' dir='ltr'><strong>Agnetis.</strong></span> 
     </span>
    </p>
   </div>
   <div class='ocr_carea' id='block_1_75' title="bbox 2417 1763 3281 1843">
    <p class='ocr_par' dir='ltr' id='par_1_75' title="bbox 2417 1763 3281 1843">
     <span class='ocr_line' id='line_1_75' title="bbox 2417 1763 3281 1843; baseline -0.009 -13"><span class='ocrx_word' id='word_1_308' title='bbox 2417 1773 2461 1830; x_wconf 93' lang='grc' dir='ltr'>Ο</span> <span class='ocrx_word' id='word_1_309' title='bbox 2493 1774 2647 1843; x_wconf 83' lang='lat' dir='ltr'><strong>virgo</strong></span> <span class='ocrx_word' id='word_1_310' title='bbox 2675 1772 2831 1836; x_wconf 67' lang='lat' dir='ltr'><strong>felix,</strong></span> <span class='ocrx_word' id='word_1_311' title='bbox 2858 1779 2892 1826; x_wconf 77' lang='grc' dir='ltr'><strong>ο</strong></span> <span class='ocrx_word' id='word_1_312' title='bbox 2914 1784 3051 1825; x_wconf 82' lang='lat' dir='ltr'><strong>nova</strong></span> <span class='ocrx_word' id='word_1_313' title='bbox 3087 1763 3281 1840; x_wconf 78' lang='lat' dir='ltr'><strong>gloria,</strong></span> 
     </span>
    </p>
   </div>
   <div class='ocr_carea' id='block_1_76' title="bbox 2423 1861 3293 1926">
    <p class='ocr_par' dir='ltr' id='par_1_76' title="bbox 2423 1861 3293 1926">
     <span class='ocr_line' id='line_1_76' title="bbox 2423 1861 3293 1926; baseline -0.008 -4"><span class='ocrx_word' id='word_1_314' title='bbox 2423 1865 2675 1922; x_wconf 79' lang='lat' dir='ltr'><strong>Caelestis</strong></span> <span class='ocrx_word' id='word_1_315' title='bbox 2699 1864 2844 1919; x_wconf 87' lang='lat' dir='ltr'><strong>arcis</strong></span> <span class='ocrx_word' id='word_1_316' title='bbox 2873 1863 3071 1918; x_wconf 79' lang='lat' dir='ltr'><strong>nobilis</strong></span> <span class='ocrx_word' id='word_1_317' title='bbox 3097 1861 3293 1926; x_wconf 69' lang='lat' dir='ltr'><strong>innuit,</strong></span> 
     </span>
    </p>
   </div>
   <div class='ocr_carea' id='block_1_77' title="bbox 2420 1957 3307 2022">
    <p class='ocr_par' dir='ltr' id='par_1_77' title="bbox 2420 1957 3307 2022">
     <span class='ocr_line' id='line_1_77' title="bbox 2420 1957 3307 2022; baseline -0.002 -6"><span class='ocrx_word' id='word_1_318' title='bbox 2420 1963 2641 2016; x_wconf 87' lang='lat' dir='ltr'><strong>Intende</strong></span> <span class='ocrx_word' id='word_1_319' title='bbox 2666 1961 2868 2017; x_wconf 80' lang='lat' dir='ltr'><strong>nostris</strong></span> <span class='ocrx_word' id='word_1_320' title='bbox 2895 1957 3307 2022; x_wconf 61' lang='lat' dir='ltr'><strong>collationibus,</strong></span> 
     </span>
    </p>
   </div>
   <div class='ocr_carea' id='block_1_78' title="bbox 2418 2051 3411 2124">
    <p class='ocr_par' dir='ltr' id='par_1_78' title="bbox 2418 2051 3411 2124">
     <span class='ocr_line' id='line_1_78' title="bbox 2418 2051 3411 2124; baseline -0.005 -14"><span class='ocrx_word' id='word_1_321' title='bbox 2418 2053 2636 2110; x_wconf 81' lang='lat' dir='ltr'><strong>Vultum</strong></span> <span class='ocrx_word' id='word_1_322' title='bbox 2664 2052 2892 2124; x_wconf 87' lang='lat' dir='ltr'><strong>gemello</strong></span> <span class='ocrx_word' id='word_1_323' title='bbox 2920 2067 3042 2107; x_wconf 83' lang='lat' dir='ltr'><strong>cum</strong></span> <span class='ocrx_word' id='word_1_324' title='bbox 3067 2051 3411 2115; x_wconf 79' lang='lat' dir='ltr'><strong>diademate;</strong></span> 
     </span>
    </p>
   </div>
   <div class='ocr_carea' id='block_1_79' title="bbox 2415 2142 3422 2215">
    <p class='ocr_par' dir='ltr' id='par_1_79' title="bbox 2415 2142 3422 2215">
     <span class='ocr_line' id='line_1_79' title="bbox 2415 2142 3422 2215; baseline -0.006 -14"><span class='ocrx_word' id='word_1_325' title='bbox 2415 2145 2512 2202; x_wconf 91' lang='lat' dir='ltr'><strong>Cui</strong></span> <span class='ocrx_word' id='word_1_326' title='bbox 2545 2161 2703 2215; x_wconf 88' lang='lat' dir='ltr'><strong>posse</strong></span> <span class='ocrx_word' id='word_1_327' title='bbox 2731 2145 2829 2199; x_wconf 91' lang='lat' dir='ltr'><strong>soli</strong></span> <span class='ocrx_word' id='word_1_328' title='bbox 2855 2143 3248 2213; x_wconf 83' lang='lat' dir='ltr'><strong>Cunctiparens</strong></span> <span class='ocrx_word' id='word_1_329' title='bbox 3273 2142 3422 2197; x_wconf 81' lang='lat' dir='ltr'><strong>dedit</strong></span> 
     </span>
    </p>
   </div>
   <div class='ocr_carea' id='block_1_80' title="bbox 2419 2231 3427 2304">
    <p class='ocr_par' dir='ltr' id='par_1_80' title="bbox 2419 2231 3427 2304">
     <span class='ocr_line' id='line_1_80' title="bbox 2419 2231 3427 2304; baseline -0.003 -14"><span class='ocrx_word' id='word_1_330' title='bbox 2419 2235 2553 2292; x_wconf 90' lang='lat' dir='ltr'><strong>Cum</strong></span> <span class='ocrx_word' id='word_1_331' title='bbox 2584 2235 2670 2289; x_wconf 91' lang='lat' dir='ltr'><strong>vel</strong></span> <span class='ocrx_word' id='word_1_332' title='bbox 2700 2235 2875 2304; x_wconf 83' lang='lat' dir='ltr'><strong>ipsum</strong></span> <span class='ocrx_word' id='word_1_333' title='bbox 2900 2235 3125 2288; x_wconf 84' lang='lat' dir='ltr'><strong>reddere</strong></span> <span class='ocrx_word' id='word_1_334' title='bbox 3146 2231 3427 2289; x_wconf 81' lang='lat' dir='ltr'><strong>fornicem.</strong></span> 
     </span>
    </p>
   </div>
   <div class='ocr_carea' id='block_1_81' title="bbox 2419 2323 3216 2395">
    <p class='ocr_par' dir='ltr' id='par_1_81' title="bbox 2419 2323 3216 2395">
     <span class='ocr_line' id='line_1_81' title="bbox 2419 2323 3216 2395; baseline -0.004 -14"><span class='ocrx_word' id='word_1_335' title='bbox 2419 2325 2709 2395; x_wconf 72' lang='lat' dir='ltr'><strong>Purgabor.</strong></span> <span class='ocrx_word' id='word_1_336' title='bbox 2725 2325 2836 2378; x_wconf 91' lang='lat' dir='ltr'><strong>oris</strong></span> <span class='ocrx_word' id='word_1_337' title='bbox 2858 2323 3216 2394; x_wconf 82' lang='lat' dir='ltr'><strong>propitiabilis</strong></span> 
     </span>
    </p>
   </div>
   <div class='ocr_carea' id='block_1_82' title="bbox 2416 2411 3431 2489">
    <p class='ocr_par' dir='ltr' id='par_1_82' title="bbox 2416 2411 3431 2489">
     <span class='ocr_line' id='line_1_82' title="bbox 2416 2411 3431 2489; baseline -0.002 -15"><span class='ocrx_word' id='word_1_338' title='bbox 2416 2418 2647 2489; x_wconf 86' lang='lat' dir='ltr'><strong>Fulgore</strong></span> <span class='ocrx_word' id='word_1_339' title='bbox 2668 2427 2912 2473; x_wconf 89' lang='lat' dir='ltr'><strong>nostrum</strong></span> <span class='ocrx_word' id='word_1_340' title='bbox 2938 2418 2980 2472; x_wconf 87' lang='lat' dir='ltr'><strong>si</strong></span> <span class='ocrx_word' id='word_1_341' title='bbox 3004 2419 3159 2488; x_wconf 86' lang='lat' dir='ltr'><strong>jecur</strong></span> <span class='ocrx_word' id='word_1_342' title='bbox 3185 2411 3431 2488; x_wconf 70' lang='lat' dir='ltr'><strong>impleas.</strong></span> 
     </span>
    </p>
   </div>
   <div class='ocr_carea' id='block_1_83' title="bbox 2416 2505 3534 2578">
    <p class='ocr_par' dir='ltr' id='par_1_83' title="bbox 2416 2505 3534 2578">
     <span class='ocr_line' id='line_1_83' title="bbox 2416 2505 3534 2578; baseline 0 -15"><span class='ocrx_word' id='word_1_343' title='bbox 2416 2507 2503 2563; x_wconf 87' lang='lat' dir='ltr'><strong>Nil</strong></span> <span class='ocrx_word' id='word_1_344' title='bbox 2527 2525 2633 2563; x_wconf 91' lang='lat' dir='ltr'><strong>non</strong></span> <span class='ocrx_word' id='word_1_345' title='bbox 2661 2508 2913 2577; x_wconf 89' lang='lat' dir='ltr'><strong>pudicum</strong></span> <span class='ocrx_word' id='word_1_346' title='bbox 2936 2517 3039 2574; x_wconf 86' lang='lat' dir='ltr'><strong>est,</strong></span> <span class='ocrx_word' id='word_1_347' title='bbox 3073 2509 3216 2578; x_wconf 79' lang='lat' dir='ltr'><strong>quod</strong></span> <span class='ocrx_word' id='word_1_348' title='bbox 3241 2510 3330 2578; x_wconf 79' lang='lat' dir='ltr'><strong>pia</strong></span> <span class='ocrx_word' id='word_1_349' title='bbox 3357 2505 3534 2564; x_wconf 78' lang='lat' dir='ltr'><strong>visere</strong></span> 
     </span>
    </p>
   </div>
   <div class='ocr_carea' id='block_1_84' title="bbox 2421 2595 3409 2672">
    <p class='ocr_par' dir='ltr' id='par_1_84' title="bbox 2421 2595 3409 2672">
     <span class='ocr_line' id='line_1_84' title="bbox 2421 2595 3409 2672; baseline -0.003 -16"><span class='ocrx_word' id='word_1_350' title='bbox 2421 2602 2690 2672; x_wconf 88' lang='lat' dir='ltr'><strong>Dignaris,</strong></span> <span class='ocrx_word' id='word_1_351' title='bbox 2719 2601 2861 2654; x_wconf 90' lang='lat' dir='ltr'><strong>almo</strong></span> <span class='ocrx_word' id='word_1_352' title='bbox 2887 2599 2973 2655; x_wconf 90' lang='lat' dir='ltr'><strong>vel</strong></span> <span class='ocrx_word' id='word_1_353' title='bbox 2992 2599 3137 2670; x_wconf 83' lang='lat' dir='ltr'><strong>pede</strong></span> <span class='ocrx_word' id='word_1_354' title='bbox 3165 2595 3409 2671; x_wconf 71' lang='lat' dir='ltr'><strong>tangere.</strong></span> 
     </span>
    </p>
   </div>
   <div class='ocr_carea' id='block_1_85' title="bbox 2212 2707 3801 2782">
    <p class='ocr_par' dir='ltr' id='par_1_85' title="bbox 2212 2707 3801 2782">
     <span class='ocr_line' id='line_1_85' title="bbox 2212 2707 3801 2782; baseline -0.004 -13"><span class='ocrx_word' id='word_1_355' title='bbox 2212 2713 2363 2770; x_wconf 85' lang='lat' dir='ltr'><strong>Idem</strong></span> <span class='ocrx_word' id='word_1_356' title='bbox 2393 2714 2449 2766; x_wconf 73' lang='lat' dir='ltr'><strong>in</strong></span> <span class='ocrx_word' id='word_1_357' title='bbox 2479 2713 2668 2782; x_wconf 83' lang='lat' dir='ltr'><strong>hymno</strong></span> <span class='ocrx_word' id='word_1_358' title='bbox 2714 2711 2982 2782; x_wconf 76' lang='lat' dir='ltr'><strong>beatorum</strong></span> <span class='ocrx_word' id='word_1_359' title='bbox 3003 2711 3334 2782; x_wconf 69' lang='lat' dir='ltr'><strong>martyrum,</strong></span> <span class='ocrx_word' id='word_1_360' title='bbox 3370 2707 3659 2782; x_wconf 59' lang='lat' dir='ltr'><strong>Fructuosi</strong></span> 
     </span>
    </p>
   </div>
   <div class='ocr_carea' id='block_1_86' title="bbox 2281 2779 3802 2868">
    <p class='ocr_par' dir='ltr' id='par_1_86' title="bbox 2281 2779 3802 2868">
     <span class='ocr_line' id='line_1_86' title="bbox 2281 2779 3802 2868; baseline -0.003 -29"><span class='ocrx_word' id='word_1_361' title='bbox 2281 2785 2423 2854; x_wconf 76' lang='lat' dir='ltr'><strong>scapi</strong></span> <span class='ocrx_word' id='word_1_362' title='bbox 2461 2779 2894 2868; x_wconf 54' lang='lat' dir='ltr'><strong>Tarraconensis,</strong></span> <span class='ocrx_word' id='word_1_363' title='bbox 2917 2791 2966 2836; x_wconf 86' lang='lat' dir='ltr'><strong>et</strong></span> <span class='ocrx_word' id='word_1_364' title='bbox 2999 2779 3228 2852; x_wconf 73' lang='lat' dir='ltr'><strong>Augurii</strong></span> <span class='ocrx_word' id='word_1_365' title='bbox 3256 2791 3410 2853; x_wconf 74' lang='lat' dir='ltr'><strong>atque</strong></span> <span class='ocrx_word' id='word_1_366' title='bbox 3447 2779 3651 2849; x_wconf 59' lang='lat' dir='ltr'><strong>Eulogi</strong></span> <span class='ocrx_word' id='word_1_367' title='bbox 3687 2780 3802 2835; x_wconf 77' lang='lat' dir='ltr'><strong>dia-</strong></span> 
     </span>
    </p>
   </div>
   <div class='ocr_carea' id='block_1_87' title="bbox 2283 2870 2552 2909">
    <p class='ocr_par' dir='ltr' id='par_1_87' title="bbox 2283 2870 2552 2909">
     <span class='ocr_line' id='line_1_87' title="bbox 2283 2870 2552 2909; baseline -0.015 0"><span class='ocrx_word' id='word_1_368' title='bbox 2283 2870 2552 2909; x_wconf 79' lang='grc' dir='ltr'><strong>εοηοηιηι.</strong></span> 
     </span>
    </p>
   </div>
   <div class='ocr_carea' id='block_1_88' title="bbox 2433 2928 3440 3018">
    <p class='ocr_par' dir='ltr' id='par_1_88' title="bbox 2433 2928 3440 3018">
     <span class='ocr_line' id='line_1_88' title="bbox 2433 2928 3440 3018; baseline 0.003 -21"><span class='ocrx_word' id='word_1_369' title='bbox 2433 2943 2567 2998; x_wconf 89' lang='lat' dir='ltr'><strong>Tum</strong></span> <span class='ocrx_word' id='word_1_370' title='bbox 2591 2943 2657 2997; x_wconf 89' lang='lat' dir='ltr'><strong>de</strong></span> <span class='ocrx_word' id='word_1_371' title='bbox 2679 2942 2996 3012; x_wconf 82' lang='lat' dir='ltr'><strong>corporibus</strong></span> <span class='ocrx_word' id='word_1_372' title='bbox 3022 2941 3193 2999; x_wconf 88' lang='lat' dir='ltr'><strong>sacris</strong></span> <span class='ocrx_word' id='word_1_373' title='bbox 3225 2928 3440 3018; x_wconf 64' lang='lat' dir='ltr'><strong>favillas,</strong></span> 
     </span>
    </p>
   </div>
   <div class='ocr_carea' id='block_1_89' title="bbox 2356 3032 3290 3106">
    <p class='ocr_par' dir='ltr' id='par_1_89' title="bbox 2356 3032 3290 3106">
     <span class='ocr_line' id='line_1_89' title="bbox 2356 3032 3290 3106; baseline 0.002 -16"><span class='ocrx_word' id='word_1_374' title='bbox 2356 3035 2422 3090; x_wconf 88' lang='lat' dir='ltr'><strong>Et</strong></span> <span class='ocrx_word' id='word_1_375' title='bbox 2449 3034 2666 3106; x_wconf 89' lang='lat' dir='ltr'><strong>perfusa</strong></span> <span class='ocrx_word' id='word_1_376' title='bbox 2691 3038 2842 3089; x_wconf 84' lang='lat' dir='ltr'><strong>mero</strong></span> <span class='ocrx_word' id='word_1_377' title='bbox 2866 3032 3118 3106; x_wconf 84' lang='lat' dir='ltr'><strong>leguntur</strong></span> <span class='ocrx_word' id='word_1_378' title='bbox 3148 3052 3290 3104; x_wconf 85' lang='lat' dir='ltr'><strong>ossa,</strong></span> 
     </span>
    </p>
   </div>
   <div class='ocr_carea' id='block_1_90' title="bbox 2356 3128 3446 3202">
    <p class='ocr_par' dir='ltr' id='par_1_90' title="bbox 2356 3128 3446 3202">
     <span class='ocr_line' id='line_1_90' title="bbox 2356 3128 3446 3202; baseline 0.006 -20"><span class='ocrx_word' id='word_1_379' title='bbox 2356 3128 2485 3196; x_wconf 82' lang='lat' dir='ltr'><strong>Quae</strong></span> <span class='ocrx_word' id='word_1_380' title='bbox 2515 3129 2711 3200; x_wconf 88' lang='lat' dir='ltr'><strong>raptim</strong></span> <span class='ocrx_word' id='word_1_381' title='bbox 2739 3130 2841 3184; x_wconf 91' lang='lat' dir='ltr'><strong>sibi</strong></span> <span class='ocrx_word' id='word_1_382' title='bbox 2868 3131 3096 3202; x_wconf 81' lang='lat' dir='ltr'><strong>quisque</strong></span> <span class='ocrx_word' id='word_1_383' title='bbox 3121 3131 3446 3199; x_wconf 75' lang='lat' dir='ltr'><strong>vindicabat.</strong></span> 
     </span>
    </p>
   </div>
   <div class='ocr_carea' id='block_1_91' title="bbox 2437 3222 3559 3293">
    <p class='ocr_par' dir='ltr' id='par_1_91' title="bbox 2437 3222 3559 3293">
     <span class='ocr_line' id='line_1_91' title="bbox 2437 3222 3559 3293; baseline 0.008 -17"><span class='ocrx_word' id='word_1_384' title='bbox 2437 3222 2690 3277; x_wconf 88' lang='lat' dir='ltr'><strong>Fratrum</strong></span> <span class='ocrx_word' id='word_1_385' title='bbox 2717 3232 2898 3279; x_wconf 88' lang='lat' dir='ltr'><strong>tantus</strong></span> <span class='ocrx_word' id='word_1_386' title='bbox 2927 3241 3080 3292; x_wconf 82' lang='lat' dir='ltr'><strong>amor</strong></span> <span class='ocrx_word' id='word_1_387' title='bbox 3109 3225 3329 3288; x_wconf 79' lang='lat' dir='ltr'><strong>domum</strong></span> <span class='ocrx_word' id='word_1_388' title='bbox 3354 3223 3559 3293; x_wconf 78' lang='lat' dir='ltr'><strong>referre</strong></span> 
     </span>
    </p>
   </div>
   <div class='ocr_carea' id='block_1_92' title="bbox 2139 3273 3354 3386">
    <p class='ocr_par' dir='ltr' id='par_1_92' title="bbox 2139 3273 3354 3386">
     <span class='ocr_line' id='line_1_92' title="bbox 2139 3273 3354 3386; baseline 0.002 -17"><span class='ocrx_word' id='word_1_389' title='bbox 2139 3273 2213 3348; x_wconf 50' lang='grc' dir='ltr'><strong>(ἴ)</strong></span> <span class='ocrx_word' id='word_1_390' title='bbox 2359 3315 2681 3370; x_wconf 87' lang='lat' dir='ltr'><strong>Sanctorum</strong></span> <span class='ocrx_word' id='word_1_391' title='bbox 2705 3315 2946 3378; x_wconf 77' lang='lat' dir='ltr'><strong>cinerum</strong></span> <span class='ocrx_word' id='word_1_392' title='bbox 2972 3310 3152 3375; x_wconf 82' lang='lat' dir='ltr'><strong>dicata</strong></span> <span class='ocrx_word' id='word_1_393' title='bbox 3188 3307 3354 3386; x_wconf 68' lang='lat' dir='ltr'><strong>dona,</strong></span> 
     </span>
    </p>
   </div>
   <div class='ocr_carea' id='block_1_93' title="bbox 2357 3397 3260 3480">
    <p class='ocr_par' dir='ltr' id='par_1_93' title="bbox 2357 3397 3260 3480">
     <span class='ocr_line' id='line_1_93' title="bbox 2357 3397 3260 3480; baseline 0.002 -18"><span class='ocrx_word' id='word_1_394' title='bbox 2357 3409 2465 3462; x_wconf 82' lang='lat' dir='ltr'><strong>Aut</strong></span> <span class='ocrx_word' id='word_1_395' title='bbox 2489 3414 2696 3478; x_wconf 86' lang='lat' dir='ltr'><strong>gestare</strong></span> <span class='ocrx_word' id='word_1_396' title='bbox 2718 3407 2836 3462; x_wconf 90' lang='lat' dir='ltr'><strong>s‘inu</strong></span> <span class='ocrx_word' id='word_1_397' title='bbox 2867 3397 3023 3476; x_wconf 74' lang='lat' dir='ltr'><strong>ﬁdele</strong></span> <span class='ocrx_word' id='word_1_398' title='bbox 3044 3401 3260 3480; x_wconf 82' lang='lat' dir='ltr'><strong>pignus.</strong></span> 
     </span>
    </p>
   </div>
   <div class='ocr_carea' id='block_1_94' title="bbox 2431 3491 3389 3572">
    <p class='ocr_par' dir='ltr' id='par_1_94' title="bbox 2431 3491 3389 3572">
     <span class='ocr_line' id='line_1_94' title="bbox 2431 3491 3389 3572; baseline 0.002 -16"><span class='ocrx_word' id='word_1_399' title='bbox 2431 3502 2538 3556; x_wconf 89' lang='lat' dir='ltr'><strong>Sed</strong></span> <span class='ocrx_word' id='word_1_400' title='bbox 2566 3516 2632 3555; x_wconf 90' lang='lat' dir='ltr'><strong>ne</strong></span> <span class='ocrx_word' id='word_1_401' title='bbox 2656 3501 2935 3572; x_wconf 79' lang='lat' dir='ltr'><strong>relliquias</strong></span> <span class='ocrx_word' id='word_1_402' title='bbox 2966 3491 3389 3572; x_wconf 81' lang='lat' dir='ltr'><strong>resuscitandas,</strong></span> 
     </span>
    </p>
   </div>
   <div class='ocr_carea' id='block_1_95' title="bbox 2357 3585 3543 3666">
    <p class='ocr_par' dir='ltr' id='par_1_95' title="bbox 2357 3585 3543 3666">
     <span class='ocr_line' id='line_1_95' title="bbox 2357 3585 3543 3666; baseline 0.003 -19"><span class='ocrx_word' id='word_1_403' title='bbox 2357 3593 2425 3648; x_wconf 87' lang='lat' dir='ltr'><strong>Et</strong></span> <span class='ocrx_word' id='word_1_404' title='bbox 2452 3609 2577 3647; x_wconf 87' lang='lat' dir='ltr'><strong>mox</strong></span> <span class='ocrx_word' id='word_1_405' title='bbox 2607 3609 2730 3648; x_wconf 92' lang='lat' dir='ltr'><strong>cum</strong></span> <span class='ocrx_word' id='word_1_406' title='bbox 2751 3585 2981 3648; x_wconf 80' lang='lat' dir='ltr'><strong>Domino</strong></span> <span class='ocrx_word' id='word_1_407' title='bbox 3009 3593 3169 3649; x_wconf 88' lang='lat' dir='ltr'><strong>simul</strong></span> <span class='ocrx_word' id='word_1_408' title='bbox 3205 3593 3434 3666; x_wconf 76' lang='lat' dir='ltr'><strong>futuras,</strong></span> <span class='ocrx_word' id='word_1_409' title='bbox 3539 3588 3543 3591; x_wconf 69' lang='grc'><em>’</em></span> 
     </span>
    </p>
   </div>
   <div class='ocr_carea' id='block_1_96' title="bbox 2360 3669 3348 3755">
    <p class='ocr_par' dir='ltr' id='par_1_96' title="bbox 2360 3669 3348 3755">
     <span class='ocr_line' id='line_1_96' title="bbox 2360 3669 3348 3755; baseline 0.003 -16"><span class='ocrx_word' id='word_1_410' title='bbox 2360 3685 2625 3741; x_wconf 85' lang='lat' dir='ltr'><strong>Discretis</strong></span> <span class='ocrx_word' id='word_1_411' title='bbox 2652 3686 2770 3741; x_wconf 90' lang='lat' dir='ltr'><strong>loca</strong></span> <span class='ocrx_word' id='word_1_412' title='bbox 2801 3684 3041 3739; x_wconf 86' lang='lat' dir='ltr'><strong>dividant</strong></span> <span class='ocrx_word' id='word_1_413' title='bbox 3063 3669 3348 3755; x_wconf 77' lang='lat' dir='ltr'><strong>sepulcris,</strong></span> 
     </span>
    </p>
   </div>
   <div class='ocr_carea' id='block_1_97' title="bbox 2428 3762 3354 3842">
    <p class='ocr_par' dir='ltr' id='par_1_97' title="bbox 2428 3762 3354 3842">
     <span class='ocr_line' id='line_1_97' title="bbox 2428 3762 3354 3842; baseline 0.002 -10"><span class='ocrx_word' id='word_1_414' title='bbox 2428 3778 2731 3833; x_wconf 82' lang='lat' dir='ltr'><strong>Cernentur</strong></span> <span class='ocrx_word' id='word_1_415' title='bbox 2759 3774 2931 3831; x_wconf 82' lang='lat' dir='ltr'><strong>niveis</strong></span> <span class='ocrx_word' id='word_1_416' title='bbox 2961 3762 3116 3831; x_wconf 81' lang='lat' dir='ltr'><strong>stoiis</strong></span> <span class='ocrx_word' id='word_1_417' title='bbox 3149 3776 3354 3842; x_wconf 82' lang='lat' dir='ltr'><strong>amicti,</strong></span> 
     </span>
    </p>
   </div>
   <div class='ocr_carea' id='block_1_98' title="bbox 2358 3865 3362 3939">
    <p class='ocr_par' dir='ltr' id='par_1_98' title="bbox 2358 3865 3362 3939">
     <span class='ocr_line' id='line_1_98' title="bbox 2358 3865 3362 3939; baseline -0.003 -14"><span class='ocrx_word' id='word_1_418' title='bbox 2358 3870 2614 3925; x_wconf 85' lang='lat' dir='ltr'><strong>Mandant</strong></span> <span class='ocrx_word' id='word_1_419' title='bbox 2647 3865 2880 3939; x_wconf 83' lang='lat' dir='ltr'><strong>restitui,</strong></span> <span class='ocrx_word' id='word_1_420' title='bbox 2907 3883 3149 3939; x_wconf 84' lang='lat' dir='ltr'><strong>cavoque</strong></span> <span class='ocrx_word' id='word_1_421' title='bbox 3186 3865 3362 3938; x_wconf 84' lang='lat' dir='ltr'><strong>claudi</strong></span> 
     </span>
    </p>
   </div>
   <div class='ocr_carea' id='block_1_99' title="bbox 2359 3959 3555 4032">
    <p class='ocr_par' dir='ltr' id='par_1_99' title="bbox 2359 3959 3555 4032">
     <span class='ocr_line' id='line_1_99' title="bbox 2359 3959 3555 4032; baseline 0 -17"><span class='ocrx_word' id='word_1_422' title='bbox 2359 3960 2568 4016; x_wconf 78' lang='lat' dir='ltr'><strong>llixtim</strong></span> <span class='ocrx_word' id='word_1_423' title='bbox 2601 3961 2873 4032; x_wconf 78' lang='lat' dir='ltr'><strong>marmore</strong></span> <span class='ocrx_word' id='word_1_424' title='bbox 2900 3960 3181 4032; x_wconf 89' lang='lat' dir='ltr'><strong>pulverem</strong></span> <span class='ocrx_word' id='word_1_425' title='bbox 3211 3959 3555 4030; x_wconf 80' lang='lat' dir='ltr'><strong>sacrandum.</strong></span> 
     </span>
    </p>
   </div>
   <div class='ocr_carea' id='block_1_100' title="bbox 2429 4049 3508 4126">
    <p class='ocr_par' dir='ltr' id='par_1_100' title="bbox 2429 4049 3508 4126">
     <span class='ocr_line' id='line_1_100' title="bbox 2429 4049 3508 4126; baseline 0.003 -21"><span class='ocrx_word' id='word_1_426' title='bbox 2429 4050 2473 4105; x_wconf 94' lang='grc' dir='ltr'><strong>Ο</strong></span> <span class='ocrx_word' id='word_1_427' title='bbox 2503 4050 2694 4119; x_wconf 76' lang='lat' dir='ltr'><strong>triplex</strong></span> <span class='ocrx_word' id='word_1_428' title='bbox 2714 4051 2918 4117; x_wconf 74' lang='lat' dir='ltr'><strong>&#39;iionor,</strong></span> <span class='ocrx_word' id='word_1_429' title='bbox 2940 4067 2973 4105; x_wconf 92' lang='lat'>0</span> <span class='ocrx_word' id='word_1_430' title='bbox 3001 4049 3250 4106; x_wconf 88' lang='lat' dir='ltr'><strong>triforme</strong></span> <span class='ocrx_word' id='word_1_431' title='bbox 3273 4050 3508 4126; x_wconf 62' lang='lat' dir='ltr'><strong>culmen,</strong></span> 
     </span>
    </p>
   </div>
   <div class='ocr_carea' id='block_1_101' title="bbox 2359 4133 3392 4214">
    <p class='ocr_par' dir='ltr' id='par_1_101' title="bbox 2359 4133 3392 4214">
     <span class='ocr_line' id='line_1_101' title="bbox 2359 4133 3392 4214; baseline 0.002 -18"><span class='ocrx_word' id='word_1_432' title='bbox 2359 4143 2477 4210; x_wconf 85' lang='lat' dir='ltr'><strong>Quo</strong></span> <span class='ocrx_word' id='word_1_433' title='bbox 2505 4153 2705 4198; x_wconf 75' lang='lat' dir='ltr'><strong>nostra:</strong></span> <span class='ocrx_word' id='word_1_434' title='bbox 2735 4153 2898 4214; x_wconf 90' lang='lat' dir='ltr'><strong>caput</strong></span> <span class='ocrx_word' id='word_1_435' title='bbox 2923 4143 3191 4198; x_wconf 80' lang='lat' dir='ltr'><strong>excitatur</strong></span> <span class='ocrx_word' id='word_1_436' title='bbox 3217 4133 3392 4212; x_wconf 84' lang='lat' dir='ltr'><strong>urbis,</strong></span> 
     </span>
    </p>
   </div>
   <div class='ocr_carea' id='block_1_102' title="bbox 2360 4215 3392 4292">
    <p class='ocr_par' dir='ltr' id='par_1_102' title="bbox 2360 4215 3392 4292">
     <span class='ocr_line' id='line_1_102' title="bbox 2360 4215 3392 4292; baseline -0.003 -1"><span class='ocrx_word' id='word_1_437' title='bbox 2360 4236 2580 4292; x_wconf 89' lang='lat' dir='ltr'><strong>Cunctis</strong></span> <span class='ocrx_word' id='word_1_438' title='bbox 2603 4236 2826 4290; x_wconf 90' lang='lat' dir='ltr'><strong>urbibus</strong></span> <span class='ocrx_word' id='word_1_439' title='bbox 2849 4236 3093 4290; x_wconf 89' lang='lat' dir='ltr'><strong>eminens</strong></span> <span class='ocrx_word' id='word_1_440' title='bbox 3117 4224 3318 4290; x_wconf 84' lang='lat' dir='ltr'><strong>lberis!</strong></span> <span class='ocrx_word' id='word_1_441' title='bbox 3387 4215 3392 4222; x_wconf 53' lang='grc'><em>’</em></span> 
     </span>
    </p>
   </div>
   <div class='ocr_carea' id='block_1_103' title="bbox 2428 4325 3366 4403">
    <p class='ocr_par' dir='ltr' id='par_1_103' title="bbox 2428 4325 3366 4403">
     <span class='ocr_line' id='line_1_103' title="bbox 2428 4325 3366 4403; baseline -0.002 -21"><span class='ocrx_word' id='word_1_442' title='bbox 2428 4328 2714 4382; x_wconf 79' lang='lat' dir='ltr'><strong>Exsultare</strong></span> <span class='ocrx_word' id='word_1_443' title='bbox 2741 4327 2912 4382; x_wconf 89' lang='lat' dir='ltr'><strong>tribus</strong></span> <span class='ocrx_word' id='word_1_444' title='bbox 2936 4325 3067 4381; x_wconf 91' lang='lat' dir='ltr'><strong>libet</strong></span> <span class='ocrx_word' id='word_1_445' title='bbox 3098 4327 3366 4403; x_wconf 66' lang='lat' dir='ltr'><strong>patronis,</strong></span> 
     </span>
    </p>
   </div>
   <div class='ocr_carea' id='block_1_104' title="bbox 2359 4416 3400 4490">
    <p class='ocr_par' dir='ltr' id='par_1_104' title="bbox 2359 4416 3400 4490">
     <span class='ocr_line' id='line_1_104' title="bbox 2359 4416 3400 4490; baseline 0.001 -19"><span class='ocrx_word' id='word_1_446' title='bbox 2359 4418 2600 4486; x_wconf 86' lang='lat' dir='ltr'><strong>Quorum</strong></span> <span class='ocrx_word' id='word_1_447' title='bbox 2625 4418 2876 4486; x_wconf 71' lang='lat' dir='ltr'><strong>praesidio</strong></span> <span class='ocrx_word' id='word_1_448' title='bbox 2909 4416 3160 4472; x_wconf 74' lang='lat' dir='ltr'><strong>ferentur</strong></span> <span class='ocrx_word' id='word_1_449' title='bbox 3188 4431 3400 4490; x_wconf 83' lang='lat' dir='ltr'><strong>omnes,</strong></span> 
     </span>
    </p>
   </div>
   <div class='ocr_carea' id='block_1_105' title="bbox 2361 4505 3296 4578">
    <p class='ocr_par' dir='ltr' id='par_1_105' title="bbox 2361 4505 3296 4578">
     <span class='ocr_line' id='line_1_105' title="bbox 2361 4505 3296 4578; baseline 0 -16"><span class='ocrx_word' id='word_1_450' title='bbox 2361 4508 2649 4563; x_wconf 86' lang='lat' dir='ltr'><strong>Terrarum</strong></span> <span class='ocrx_word' id='word_1_451' title='bbox 2673 4507 2857 4577; x_wconf 90' lang='lat' dir='ltr'><strong>populi</strong></span> <span class='ocrx_word' id='word_1_452' title='bbox 2894 4505 3296 4578; x_wconf 63' lang='lat' dir='ltr'><strong>Pyrenazaru&#39;r‘ri.</strong></span> 
     </span>
    </p>
   </div>
   <div class='ocr_carea' id='block_1_106' title="bbox 2140 4597 3773 4704">
    <p class='ocr_par' dir='ltr' id='par_1_106' title="bbox 2140 4617 3773 4704">
     <span class='ocr_line' id='line_1_106' title="bbox 2140 4617 3773 4704; baseline -0.002 -29"><span class='ocrx_word' id='word_1_453' title='bbox 2140 4629 2224 4704; x_wconf 29' lang='lat'><strong>1}“</strong></span> <span class='ocrx_word' id='word_1_454' title='bbox 2254 4621 2402 4675; x_wconf 86' lang='lat' dir='ltr'><strong>Idem</strong></span> <span class='ocrx_word' id='word_1_455' title='bbox 2427 4621 2484 4674; x_wconf 76' lang='lat' dir='ltr'><strong>in</strong></span> <span class='ocrx_word' id='word_1_456' title='bbox 2513 4620 2755 4690; x_wconf 81' lang='lat' dir='ltr'><strong>passione</strong></span> <span class='ocrx_word' id='word_1_457' title='bbox 2779 4621 2950 4674; x_wconf 79' lang='lat' dir='ltr'><strong>sancti</strong></span> <span class='ocrx_word' id='word_1_458' title='bbox 2992 4619 3236 4675; x_wconf 77' lang='lat' dir='ltr'><strong>Cassiani</strong></span> <span class='ocrx_word' id='word_1_459' title='bbox 3265 4617 3773 4696; x_wconf 62' lang='lat' dir='ltr'><strong>Forocorneliensis.</strong></span> 
     </span>
    </p>
   </div>
   <div class='ocr_carea' id='block_1_107' title="bbox 2201 4699 3808 4785">
    <p class='ocr_par' dir='ltr' id='par_1_107' title="bbox 2201 4699 3808 4785">
     <span class='ocr_line' id='line_1_107' title="bbox 2201 4699 3808 4785; baseline -0.002 -15"><span class='ocrx_word' id='word_1_460' title='bbox 2201 4699 2224 4705; x_wconf 34' lang='lat' dir='ltr'>ﬂ</span> <span class='ocrx_word' id='word_1_461' title='bbox 2296 4717 2396 4770; x_wconf 85' lang='lat' dir='ltr'><strong>llic</strong></span> <span class='ocrx_word' id='word_1_462' title='bbox 2423 4715 2575 4778; x_wconf 89' lang='lat' dir='ltr'><strong>mihi,</strong></span> <span class='ocrx_word' id='word_1_463' title='bbox 2601 4724 2724 4768; x_wconf 79' lang='lat' dir='ltr'><strong>eum</strong></span> <span class='ocrx_word' id='word_1_464' title='bbox 2752 4721 2993 4784; x_wconf 83' lang='lat' dir='ltr'><strong>peterem</strong></span> <span class='ocrx_word' id='word_1_465' title='bbox 3026 4715 3096 4780; x_wconf 88' lang='lat' dir='ltr'><strong>te,</strong></span> <span class='ocrx_word' id='word_1_466' title='bbox 3128 4721 3313 4780; x_wconf 84' lang='lat' dir='ltr'><strong>rerum</strong></span> <span class='ocrx_word' id='word_1_467' title='bbox 3349 4703 3587 4785; x_wconf 71' lang='lat' dir='ltr'><strong>maxima</strong></span> <span class='ocrx_word' id='word_1_468' title='bbox 3612 4711 3808 4778; x_wconf 84' lang='lat' dir='ltr'><strong>Roma,</strong></span> 
     </span>
    </p>
   </div>
   <div class='ocr_carea' id='block_1_108' title="bbox 2227 4789 3510 4880">
    <p class='ocr_par' dir='ltr' id='par_1_108' title="bbox 2227 4789 3510 4880">
     <span class='ocr_line' id='line_1_108' title="bbox 2227 4789 3510 4880; baseline -0.006 -16"><span class='ocrx_word' id='word_1_469' title='bbox 2227 4809 2361 4880; x_wconf 89' lang='lat' dir='ltr'><strong>Spes</strong></span> <span class='ocrx_word' id='word_1_470' title='bbox 2382 4817 2464 4862; x_wconf 89' lang='lat' dir='ltr'><strong>est</strong></span> <span class='ocrx_word' id='word_1_471' title='bbox 2491 4809 2684 4861; x_wconf 88' lang='lat' dir='ltr'><strong>oborta</strong></span> <span class='ocrx_word' id='word_1_472' title='bbox 2719 4821 3037 4877; x_wconf 91' lang='lat' dir='ltr'><strong>prosperum</strong></span> <span class='ocrx_word' id='word_1_473' title='bbox 3066 4801 3344 4878; x_wconf 79' lang='lat' dir='ltr'><strong>Christum</strong></span> <span class='ocrx_word' id='word_1_474' title='bbox 3373 4789 3510 4876; x_wconf 76' lang='lat' dir='ltr'><strong>fore.</strong></span> 
     </span>
    </p>
   </div>
   <div class='ocr_carea' id='block_1_109' title="bbox 2297 4887 3809 4984">
    <p class='ocr_par' dir='ltr' id='par_1_109' title="bbox 2297 4887 3809 4984">
     <span class='ocr_line' id='line_1_109' title="bbox 2297 4887 3809 4984; baseline -0.007 -26"><span class='ocrx_word' id='word_1_475' title='bbox 2297 4902 2514 4958; x_wconf 87' lang='lat' dir='ltr'><strong>Stratus</strong></span> <span class='ocrx_word' id='word_1_476' title='bbox 2539 4900 2712 4967; x_wconf 91' lang='lat' dir='ltr'><strong>humi,</strong></span> <span class='ocrx_word' id='word_1_477' title='bbox 2739 4897 2944 4954; x_wconf 87' lang='lat' dir='ltr'><strong>tumulo</strong></span> <span class='ocrx_word' id='word_1_478' title='bbox 2975 4895 3316 4964; x_wconf 83' lang='lat' dir='ltr'><strong>advolvebar,</strong></span> <span class='ocrx_word' id='word_1_479' title='bbox 3339 4911 3502 4984; x_wconf 79' lang='lat' dir='ltr'><strong>quem</strong></span> <span class='ocrx_word' id='word_1_480' title='bbox 3717 4908 3809 4948; x_wconf 81' lang='lat' dir='ltr'><strong>or-</strong></span> 
     </span>
    </p>
   </div>
   <div class='ocr_carea' id='block_1_110' title="bbox 2366 4979 3738 5133">
    <p class='ocr_par' dir='ltr' id='par_1_110' title="bbox 2366 4979 3738 5133">
     <span class='ocr_line' id='line_1_110' title="bbox 2366 4979 3738 5133; baseline -0.004 -17"><span class='ocrx_word' id='word_1_481' title='bbox 2366 5063 2567 5133; x_wconf 85' lang='lat' dir='ltr'><strong>Martyr</strong></span> <span class='ocrx_word' id='word_1_482' title='bbox 2598 5061 2778 5117; x_wconf 90' lang='lat' dir='ltr'><strong>dicato</strong></span> <span class='ocrx_word' id='word_1_483' title='bbox 2807 5059 3102 5117; x_wconf 86' lang='lat' dir='ltr'><strong>Cassianus</strong></span> <span class='ocrx_word' id='word_1_484' title='bbox 3128 5062 3381 5129; x_wconf 79' lang='lat' dir='ltr'><strong>corpore.</strong></span> <span class='ocrx_word' id='word_1_485' title='bbox 3615 4979 3738 5064; x_wconf 52' lang='lat' dir='ltr'><strong>In“</strong></span> 
     </span>
    </p>
   </div>
   <div class='ocr_carea' id='block_1_111' title="bbox 2296 5145 3812 5224">
    <p class='ocr_par' dir='ltr' id='par_1_111' title="bbox 2296 5145 3812 5224">
     <span class='ocr_line' id='line_1_111' title="bbox 2296 5145 3812 5224; baseline -0.007 -15"><span class='ocrx_word' id='word_1_486' title='bbox 2296 5155 2430 5209; x_wconf 89' lang='lat' dir='ltr'><strong>Dum</strong></span> <span class='ocrx_word' id='word_1_487' title='bbox 2478 5153 2786 5224; x_wconf 80' lang='lat' dir='ltr'><strong>lacrymans</strong></span> <span class='ocrx_word' id='word_1_488' title='bbox 2826 5166 3038 5209; x_wconf 88' lang='lat' dir='ltr'><strong>mecum</strong></span> <span class='ocrx_word' id='word_1_489' title='bbox 3081 5157 3276 5222; x_wconf 83' lang='lat' dir='ltr'><strong>reputo</strong></span> <span class='ocrx_word' id='word_1_490' title='bbox 3317 5153 3439 5205; x_wconf 76' lang='lat' dir='ltr'><strong>mea</strong></span> <span class='ocrx_word' id='word_1_491' title='bbox 3477 5145 3720 5222; x_wconf 75' lang='lat' dir='ltr'><strong>vulnera,</strong></span> <span class='ocrx_word' id='word_1_492' title='bbox 3753 5153 3812 5200; x_wconf 83' lang='lat' dir='ltr'><strong>et</strong></span> 
     </span>
    </p>
   </div>
   <div class='ocr_carea' id='block_1_112' title="bbox 3513 5227 3738 5294">
    <p class='ocr_par' dir='ltr' id='par_1_112' title="bbox 3513 5227 3738 5294">
     <span class='ocr_line' id='line_1_112' title="bbox 3513 5227 3738 5294; baseline -0.013 0"><span class='ocrx_word' id='word_1_493' title='bbox 3513 5267 3516 5269; x_wconf 54' lang='grc' dir='ltr'>λ</span> <span class='ocrx_word' id='word_1_494' title='bbox 3547 5227 3738 5294; x_wconf 71' lang='lat' dir='ltr'><strong>attines</strong></span> 
     </span>
    </p>
   </div>
   <div class='ocr_carea' id='block_1_113' title="bbox 2222 5332 3272 5401">
    <p class='ocr_par' dir='ltr' id='par_1_113' title="bbox 2222 5332 3272 5401">
     <span class='ocr_line' id='line_1_113' title="bbox 2222 5332 3272 5401; baseline -0.005 -10"><span class='ocrx_word' id='word_1_495' title='bbox 2222 5337 2356 5391; x_wconf 70' lang='lat' dir='ltr'><strong>Viue</strong></span> <span class='ocrx_word' id='word_1_496' title='bbox 2381 5335 2617 5401; x_wconf 89' lang='lat' dir='ltr'><strong>labores,</strong></span> <span class='ocrx_word' id='word_1_497' title='bbox 2641 5351 2704 5389; x_wconf 88' lang='lat' dir='ltr'><strong>ac</strong></span> <span class='ocrx_word' id='word_1_498' title='bbox 2730 5333 2975 5389; x_wconf 86' lang='lat' dir='ltr'><strong>dolorum</strong></span> <span class='ocrx_word' id='word_1_499' title='bbox 2998 5332 3272 5398; x_wconf 83' lang='lat' dir='ltr'><strong>acumina,</strong></span> 
     </span>
    </p>
   </div>
   <div class='ocr_carea' id='block_1_114' title="bbox 2293 5421 3601 5489">
    <p class='ocr_par' dir='ltr' id='par_1_114' title="bbox 2293 5421 3601 5489">
     <span class='ocr_line' id='line_1_114' title="bbox 2293 5421 3601 5489; baseline -0.004 -9"><span class='ocrx_word' id='word_1_500' title='bbox 2293 5427 2454 5480; x_wconf 88' lang='lat' dir='ltr'><strong>Erexi</strong></span> <span class='ocrx_word' id='word_1_501' title='bbox 2480 5427 2545 5480; x_wconf 90' lang='lat' dir='ltr'><strong>ad</strong></span> <span class='ocrx_word' id='word_1_502' title='bbox 2573 5425 2766 5480; x_wconf 72' lang='lat' dir='ltr'><strong>cmlum</strong></span> <span class='ocrx_word' id='word_1_503' title='bbox 2798 5425 3026 5489; x_wconf 87' lang='lat' dir='ltr'><strong>faciem;</strong></span> <span class='ocrx_word' id='word_1_504' title='bbox 3061 5424 3212 5478; x_wconf 88' lang='lat' dir='ltr'><strong>stetit</strong></span> <span class='ocrx_word' id='word_1_505' title='bbox 3233 5422 3394 5477; x_wconf 77' lang='lat' dir='ltr'><strong>alma</strong></span> <span class='ocrx_word' id='word_1_506' title='bbox 3415 5421 3601 5476; x_wconf 74' lang='lat' dir='ltr'><strong>euittra</strong></span> 
     </span>
    </p>
   </div>
   <div class='ocr_carea' id='block_1_115' title="bbox 2225 5513 3322 5586">
    <p class='ocr_par' dir='ltr' id='par_1_115' title="bbox 2225 5513 3322 5586">
     <span class='ocr_line' id='line_1_115' title="bbox 2225 5513 3322 5586; baseline -0.005 -13"><span class='ocrx_word' id='word_1_507' title='bbox 2225 5517 2384 5573; x_wconf 90' lang='lat' dir='ltr'><strong>Fucis</strong></span> <span class='ocrx_word' id='word_1_508' title='bbox 2405 5516 2640 5572; x_wconf 90' lang='lat' dir='ltr'><strong>colorum</strong></span> <span class='ocrx_word' id='word_1_509' title='bbox 2664 5517 2806 5586; x_wconf 82' lang='lat' dir='ltr'><strong>picta</strong></span> <span class='ocrx_word' id='word_1_510' title='bbox 2839 5515 3018 5585; x_wconf 85' lang='lat' dir='ltr'><strong>imago</strong></span> <span class='ocrx_word' id='word_1_511' title='bbox 3047 5527 3130 5570; x_wconf 84' lang='lat' dir='ltr'><strong>tua</strong></span> <span class='ocrx_word' id='word_1_512' title='bbox 3141 5513 3322 5585; x_wconf 83' lang='lat' dir='ltr'><strong>rtyris,</strong></span> 
     </span>
    </p>
   </div>
   <div class='ocr_carea' id='block_1_116' title="bbox 2295 5595 3638 5681">
    <p class='ocr_par' dir='ltr' id='par_1_116' title="bbox 2295 5595 3638 5681">
     <span class='ocr_line' id='line_1_116' title="bbox 2295 5595 3638 5681; baseline -0.006 -17"><span class='ocrx_word' id='word_1_513' title='bbox 2295 5609 2488 5681; x_wconf 88' lang='lat' dir='ltr'><strong>Plagas</strong></span> <span class='ocrx_word' id='word_1_514' title='bbox 2508 5609 2653 5664; x_wconf 90' lang='lat' dir='ltr'><strong>mille</strong></span> <span class='ocrx_word' id='word_1_515' title='bbox 2680 5624 2897 5678; x_wconf 87' lang='lat' dir='ltr'><strong>gerens,</strong></span> <span class='ocrx_word' id='word_1_516' title='bbox 2919 5615 3063 5662; x_wconf 89' lang='lat' dir='ltr'><strong>totos</strong></span> <span class='ocrx_word' id='word_1_517' title='bbox 3082 5595 3319 5661; x_wconf 77' lang='lat' dir='ltr'><strong>lacerata</strong></span> <span class='ocrx_word' id='word_1_518' title='bbox 3345 5617 3444 5674; x_wconf 86' lang='lat' dir='ltr'><strong>per</strong></span> <span class='ocrx_word' id='word_1_519' title='bbox 3471 5603 3638 5658; x_wconf 63' lang='lat' dir='ltr'><strong>unus.</strong></span> 
     </span>
    </p>
   </div>
   <div class='ocr_carea' id='block_1_117' title="bbox 2699 5697 3269 5771">
    <p class='ocr_par' dir='ltr' id='par_1_117' title="bbox 2699 5697 3269 5771">
     <span class='ocr_line' id='line_1_117' title="bbox 2699 5697 3269 5771; baseline -0.005 -14"><span class='ocrx_word' id='word_1_520' title='bbox 2699 5752 2709 5757; x_wconf 92' lang='lat'><em>_</em></span> <span class='ocrx_word' id='word_1_521' title='bbox 2752 5697 2904 5754; x_wconf 83' lang='lat' dir='ltr'><strong>Idem</strong></span> <span class='ocrx_word' id='word_1_522' title='bbox 2933 5710 3048 5771; x_wconf 80' lang='lat' dir='ltr'><strong>post</strong></span> <span class='ocrx_word' id='word_1_523' title='bbox 3081 5717 3269 5771; x_wconf 83' lang='lat' dir='ltr'><strong>pauca.</strong></span> 
     </span>
    </p>
   </div>
   <div class='ocr_carea' id='block_1_118' title="bbox 2298 5790 3724 5864">
    <p class='ocr_par' dir='ltr' id='par_1_118' title="bbox 2298 5790 3724 5864">
     <span class='ocr_line' id='line_1_118' title="bbox 2298 5790 3724 5864; baseline -0.005 -16"><span class='ocrx_word' id='word_1_524' title='bbox 2298 5791 2554 5848; x_wconf 65' lang='lat' dir='ltr'><strong>Edituus</strong></span> <span class='ocrx_word' id='word_1_525' title='bbox 2573 5792 2850 5847; x_wconf 84' lang='lat' dir='ltr'><strong>consultus</strong></span> <span class='ocrx_word' id='word_1_526' title='bbox 2877 5793 2953 5846; x_wconf 86' lang='lat' dir='ltr'><strong>ait</strong></span> <span class='ocrx_word' id='word_1_527' title='bbox 2977 5809 2989 5846; x_wconf 89' lang='lat'>:</span> <span class='ocrx_word' id='word_1_528' title='bbox 3015 5793 3170 5860; x_wconf 87' lang='lat' dir='ltr'><strong>Quod</strong></span> <span class='ocrx_word' id='word_1_529' title='bbox 3193 5793 3478 5864; x_wconf 78' lang='lat' dir='ltr'><strong>prospicis,</strong></span> <span class='ocrx_word' id='word_1_530' title='bbox 3512 5790 3724 5857; x_wconf 82' lang='lat' dir='ltr'><strong>hospes.</strong></span> 
     </span>
    </p>
   </div>
   <div class='ocr_carea' id='block_1_119' title="bbox 2225 5885 3269 5954">
    <p class='ocr_par' dir='ltr' id='par_1_119' title="bbox 2225 5885 3269 5954">
     <span class='ocr_line' id='line_1_119' title="bbox 2225 5885 3269 5954; baseline -0.004 -8"><span class='ocrx_word' id='word_1_531' title='bbox 2225 5886 2344 5946; x_wconf 80' lang='lat' dir='ltr'><strong>Non</strong></span> <span class='ocrx_word' id='word_1_532' title='bbox 2369 5895 2452 5944; x_wconf 86' lang='lat' dir='ltr'><strong>est</strong></span> <span class='ocrx_word' id='word_1_533' title='bbox 2480 5886 2673 5954; x_wconf 83' lang='lat' dir='ltr'><strong>inanis,</strong></span> <span class='ocrx_word' id='word_1_534' title='bbox 2707 5896 2799 5943; x_wconf 86' lang='lat' dir='ltr'><strong>aut</strong></span> <span class='ocrx_word' id='word_1_535' title='bbox 2818 5886 2978 5944; x_wconf 82' lang='lat' dir='ltr'><strong>anilis</strong></span> <span class='ocrx_word' id='word_1_536' title='bbox 3001 5885 3198 5944; x_wconf 80' lang='lat' dir='ltr'><strong>fabula.</strong></span> <span class='ocrx_word' id='word_1_537' title='bbox 3263 5925 3269 5932; x_wconf 66' lang='grc' dir='ltr'>ι</span> 
     </span>
    </p>
   </div>
  </div>
