4006 6444
215 413 313 484 525

221 507 227 514 ’
276 529 554 586 Historiam
577 532 787 604 pictura
815 535 999 606 refert,
1023 556 1141 614 quae
1171 527 1571 630 tradita'libris,

211 611 394 682 Veram
419 624 611 689 vetusti
639 631 894 700 temporis
920 611 1185 691 monstrat
1206 628 1385 706 fidem,

516 733 658 820 Idem
682 738 736 794 in
763 740 868 814 ﬁne
901 745 1134 815 ejusdem
1164 752 1443 822 passionis.

270 825 388 884 Haec
428 837 552 883 sunt
745 833 963 908 liquidis
1009 817 1267 912 expressa
1312 847 1616 915 coloribus,
1659 852 1762 910 ho-

203 975 400 1044 Miraris
425 1007 436 1043 :
464 985 566 1050 ista
590 995 674 1057 est
695 983 936 1060 Cassiani
966 1001 1156 1072 gloria.
1516 941 1686 1014 [θρεεν

266 1078 525 1154 Suggere,
566 1083 612 1140 si
641 1087 783 1158 quod
818 1087 983 1146 babes
1015 1091 1246 1170 justum,
1285 1083 1367 1153 vel
1407 1097 1636 1158 amabile
1660 1120 1754 1161 vo-

1525 1191 1683 1266 [tuti],

197 1253 321 1335 Spes
347 1263 389 1319 si
414 1279 520 1336 qua
555 1251 650 1324 tibi
673 1269 776 1338 est,
804 1271 848 1328 si
876 1274 1003 1346 quid
1029 1276 1173 1333 intus
1199 1289 1411 1336 aestuas.

256 1353 428 1423 Audit,
459 1361 639 1427 crede,
665 1379 852 1434 preces
875 1377 1082 1440 martyr
1107 1377 1507 1450 prosperrimus
1540 1391 1754 1448 omnes,

194 1437 448 1521 Ratusque
469 1438 662 1521 reddit,
687 1472 821 1528 quas
849 1459 996 1515 videt
1021 1437 1346 1536 probabiles.

251 1539 452 1610 Pareo,
494 1537 823 1626 complector
866 1555 1130 1620 tumulum
1161 1599 1175 1624 ,
1225 1558 1491 1634 lacry'mas
1539 1565 1752 1642 quoque

360 1696 370 1704 ‘
1457 1651 1674 1730 [fundo,

187 1723 325 1810 Altar
353 1727 579 1802 tepescit
606 1753 720 1808 ore,
749 1756 941 1804 saxum
973 1755 1212 1814 pectore.

247 1805 390 1877 Tunc
412 1838 612 1893 arcana
646 1829 752 1884 mei
773 1847 1072 1902 percenseo
1098 1841 1292 1893 cuncta
1314 1833 1537 1908 laboris;

183 1895 317 1964 Tunc
341 1913 486 1986 quod
506 1895 942 1992 petebam,.quod
976 1925 1225 1982 timebam
1252 1931 1546 1990 murmuro.

237 1991 300 2056 Et
325 2001 451 2074 post
480 2013 628 2078 terga
655 1991 869 2076 domum
897 2015 1055 2071 dubia
1087 2019 1186 2073 sub
1211 2030 1356 2077 sorte
1383 2023 1646 2094 relictam,

177 2087 236 2145 Et
259 2106 406 2162 spem
438 2094 607 2153 futuri
639 2099 778 2168 forte
807 2114 1087 2172 nutantem
1112 2109 1258 2175 boni.

232 2181 449 2252 Audior,
481 2183 677 2262 Urbem
703 2193 856 2262 adeo,
886 2181 1090 2264 dextris
1122 2197 1464 2263 successibus
1491 2205 1646 2280 utor;

169 2259 377 2331 Domum
404 2289 671 2350 revertor,
696 2284 1013 2345 Cassianum
1035 2289 1289 2362 praedico.

227 2364 554 2428 Fortunatus
595 2363 844 2434 similiter
871 2393 1108 2452 sanctos,
1139 2396 1192 2442 et
1222 2387 1409 2456 eorum
1444 2397 1737 2455 memorias

162 2451 409 2518 laudando
447 2473 511 2532 et
548 2457 886 2542 honorando,
929 2476 1042 2531 suis
1086 2467 1279 2550 devote
1321 2494 1375 2539 et
1423 2485 1654 2552 fideliter
1676 2506 1734 2547 se

160 2554 486 2622 orationibus
515 2567 960 2646 commendantes
983 2588 1141 2642 posse
1181 2563 1441 2648 adjuvare
1481 2591 1536 2644 et
1562 2586 1735 2642 credi-

158 2641 243 2710 dit,
268 2655 320 2702 et
343 2645 553 2722 docuit.
586 2641 724 2727 Hinc
748 2655 815 2716 de
839 2641 1067 2732 basilica
1096 2641 1271 2726 sancti
1300 2669 1548 2743 Gregorii
1574 2691 1733 2744 enar-

157 2748 269 2792 rans
292 2738 368 2796 ait
389 2741 408 2797 ξ

155 2819 243 2891 Qui
265 2829 454 2896 virtute
493 2831 685 2910 potens
708 2827 944 2927 Orientis
970 2831 1026 2916 in
1053 2866 1152 2914 axe
1179 2839 1444 2927 sepultus.

158 2991 172 2999 ξ
213 2913 343 2977 Ecce
373 2927 480 2983 sub
513 2929 741 2988 occiduo
769 2915 986 2994 cardine
1011 2944 1214 3011 praebet
1233 2961 1412 3018 opem.

154 3004 280 3082 Ergo
306 3029 580 3090 memento
603 3039 811 3094 preces,
838 3038 890 3083 et
923 3031 1146 3089 reddere
1177 3035 1318 3103 vota,
1353 3042 1543 3110 viator,

215 3099 423 3180 Obtinet
447 3101 544 3184 hic
570 3117 780 3185 meritis
802 3125 944 3192 quod
964 3127 1098 3196 petit
1125 3127 1264 3185 alma
1293 3099 1442 3196 fides.

157 3198 170 3290 ς
213 3214 357 3276 Idem
378 3225 443 3284 de
469 3239 654 3288 sancto
677 3213 959 3304 Mauricio,
974 3250 1023 3296 et
1053 3243 1164 3300 suis
1193 3247 1647 3308 commilitonibus.

150 3302 468 3404 Fo‘rtunatus
493 3323 636 3380 enim
665 3342 763 3397 per
785 3302 982 3402 fulgida
1013 3335 1153 3392 dona
1179 3302 1439 3404 Tonantis

212 3389 284 3468 Ne.
314 3411 558 3474 tenebris
583 3389 814 3485 cruciet",
842 3389 1049 3492 qvuzeso,
1071 3425 1264 3486 feratis
1291 3447 1468 3502 opem,

547 3523 696 3580 Idem
719 3528 784 3582 de
807 3542 989 3588 sancto
1021 3533 1302 3594 Hedardo.

143 3594 258 3660 Hec
281 3608 370 3676 pie
393 3626 570 3680 pauca
597 3614 778 3673 ferens
800 3633 904 3688 ego
927 3623 1258 3684 Fortunatus
1281 3635 1487 3697 amore,

197 3691 483 3762 Auxilium
506 3717 688 3771 posco,
712 3708 780 3763 da
810 3713 940 3767 mihi
963 3723 1111 3781 vota,
1134 3733 1346 3787 precor.

141 3799 280 3860 idem
330 3809 388 3863 in
434 3814 696 3888 epitaphio
748 3819 990 3906 Gregorii
1034 3828 1259 3901 episcopi
1313 3833 1538 3892 ciuitatis
1590 3837 1718 3894 Lin-

816 3910 1034 3964 gamus;

143 3959 196 4018 Si
221 3981 433 4036 qumras
456 3977 733 4045 meritum,
760 3959 996 4052 produnt
1029 3990 1288 4048 miracula
1319 4009 1534 4064 rerum,

204 4054 304 4112 Per
327 4077 492 4132 quem
521 4067 788 4128 debilibus
816 4073 992 4132 fertur
1016 4083 1189 4138 amica
1216 4085 1380 4144 salus.

143 4161 278 4222 idem
300 4173 355 4228 in
378 4177 644 4250 epitaphio
665 4181 910 4311 Calétrici
934 4191 1217 4314 :3hartetici
1242 4201 1466 4272 episcopi
1489 4205 1712 4264 civitatis

799 4276 930 4314 aruo
954 4279 1084 4314 enm.

799 4276 1084 4319 ατηοιεηω.

143 4322 255 4384 Haec
279 4335 390 4403 qui,
419 4350 611 4397 sancte
632 4342 814 4412 Pater,
844 4365 943 4419 pro
968 4355 1176 4425 magnis
1203 4371 1372 4428 parva
1403 4378 1645 4432 susurro,

203 4418 300 4481 Pro
321 4427 648 4502 Fortunato,
684 4418 886 4508 quaeso,
920 4418 1145 4512 precare
1169 4418 1279 4506 tuo.

334 4537 490 4597 Idem
521 4546 586 4601 de
615 4547 866 4621 Gregorio
904 4557 1142 4628 episcopo
1176 4560 1491 4622 Turonense.

145 4619 336 4686 Martini
363 4639 580 4695 meritis
606 4655 704 4713 per
722 4619 972 4717 tempora
1001 4619 1180 4724 longa,
1211 4656 1435 4730 Gregori
1457 4701 1472 4727 ,

202 4715 526 4785 Turonicum
559 4734 740 4790 foveas
766 4715 954 4808 pastor
988 4743 1041 4796 in
1083 4746 1214 4800 urbe
1241 4763 1487 4820 gregem;

143 4806 370 4874 Conciliis
401 4825 580 4880 sacris
615 4827 691 4881 sis
721 4839 907 4884 norma
939 4841 992 4889 et
1015 4835 1123 4889 vita
1152 4839 1428 4907 priorum,

203 4904 562 4988 Exemploque
588 4926 679 4974 tuo
707 4933 914 4977 crescat
939 4904 1168 4996 adeptus
1193 4931 1380 4985 honor.

144 4990 322 5058 Lumen
353 5011 714 5079 apostolicum
746 5016 955 5087 populis
985 4990 1070 5074 tua
1101 5020 1280 5093 lingua
1306 5025 1591 5098 ministret,

201 5088 262 5147 Et
283 5099 406 5154 caeli
433 5103 637 5158 donum
667 5113 718 5161 te
753 5105 994 5166 radiante
1019 5088 1200 5169 micet:

202 5203 443 5282 Legimus
466 5220 632 5274 etiam
655 5222 856 5279 electos
877 5221 1086 5283 Domini
1116 5246 1214 5300 per
1239 5232 1480 5304 priorum
1511 5237 1703 5293 merita

144 5305 429 5362 sanctorum
465 5303 750 5369 Dominum
783 5333 1056 5388 exorasse,
1083 5323 1223 5377 sicut
1252 5325 1305 5380 in
1337 5323 1554 5384 Daniele
1586 5346 1703 5385 rne-

139 5375 364 5449 moratur
391 5399 458 5456 de
487 5391 684 5459 Azaria
711 5407 786 5461 ita
823 5419 1022 5466 orante
1049 5429 1060 5463 :
1098 5411 1197 5482 Ne,
1227 5431 1525 5485 qmrsumus
1546 5461 1560 5486 ,
1593 5432 1704 5475 tra-

144 5474 226 5533 das
250 5499 338 5539 nos
363 5489 418 5544 in
444 5506 748 5564 perpetuum
779 5511 988 5570 propter
1013 5505 1198 5558 nomen
1229 5515 1394 5574 tamn,
1425 5521 1470 5562 et
1506 5527 1566 5564 ne
1594 5511 1704 5572 dis-

142 5561 261 5638 εἱρεε
284 5587 642 5642 testamentum
669 5597 838 5658 tuum,
867 5611 1026 5664 neque
1054 5597 1258 5667 auferes
1290 5601 1698 5660 misericordium

145 5665 272 5721 "tam
315 5688 348 5727 α
392 5667 538 5734 nobis
582 5691 791 5756 prapter
830 5665 1094 5742 Abraham
1126 5665 1380 5747 dilectum
1429 5707 1605 5764 tuum,
1648 5709 1696 5752 et

144 5748 284 5816 Ιεααε
304 5763 504 5826 seruum
536 5777 714 5844 tuum,
746 5783 794 5830 et
830 5775 1000 5846 Israel
1030 5792 1268 5837 sanctum
1304 5795 1477 5852 tuum,
1509 5789 1694 5861 quibus

147 5837 182 5861 Ιχ
199 5851 209 5861 ς
227 5853 232 5856 -
256 5855 263 5861 .
283 5858 290 5861 .

142 5837 327 5920 μνέαι
351 5862 403 5930 es
421 5899 436 5930 ,
473 5837 721 5936 pollicens
749 5868 888 5942 quod
916 5842 1285 5944 multiplicares
1313 5837 1484 5934 semen
1510 5837 1691 5938 eorum

1181 422 1308 487 LIB.
1352 432 1719 502 ADVERSUS
1755 441 2112 539 CLAUDIUM
2151 442 2427 504 TAURIN.

3336 459 3446 532 526.

1791 557 1845 628 Α
1867 556 2000 611 sicut
2032 561 2210 617 stellas
2246 563 2391 654 caeli,
2425 574 2475 619 et
2518 567 2650 652 sicut
2685 585 2901 654 arenam
2927 590 3045 647 qua:
3080 589 3157 653 est
3193 583 3248 637 in
3273 584 3448 654 littore

1861 650 2026 704 maris
2055 637 2225 740 (Dan.
2255 637 2372 754 iii).
2411 654 2562 732 Quod
2592 647 2794 754 procul
2816 637 2979 722 dubio
3016 637 3448 754 unusunus};

1859 728 2084 808 cissent,
2114 728 2240 810 nisi,
2269 728 2449 802 divino
2471 748 2742 806 re'velante
2772 752 2995 826 Spiritu,
3025 747 3327 823 ‘ccrtissime
3350 786 3442 827 co—

1859 829 2169 895 gnovissent
2201 833 2321 903 plus
2356 833 2494 906 apud
2531 833 2815 897 Dominum
2848 846 3030 902 Valere
3064 849 3309 924 s’anclos,
3342 861 3438 916 de-

1858 920 2034 988 posita
2083 926 2447 996 corruptibilis
2481 938 2534 984 et
2575 935 2818 991 mortalis
2861 941 3074 998 sarcina
3128 951 3327 1014 carnis,
3387 957 3437 1011 ei

1859 1006 2292 1080 inseparabiliter
2319 1018 2677 1088 adhaerentes,
2702 1039 2863 1094 quam
2893 1029 3025 1088 alios
3054 1034 3108 1088 in
3134 1036 3234 1096 hac
3261 1006 3437 1099 adhuc

1855 1114 2157 1160 mrumnosa
2183 1107 2292 1162 vita
2316 1111 2590 1182 degentes,
2616 1117 2707 1171 ubi
2735 1134 2864 1175 caro
2887 1125 3222 1198 concupiscit
3247 1133 3435 1192 adver-

1855 1207 1948 1247 sus
1970 1195 2238 1266 spiritum,
2264 1210 2319 1255 et
2341 1205 2565 1274 spiritus
2589 1209 2849 1270 adversus
2868 1229 3084 1274 carnem
3109 1238 3123 1288 ;
3154 1239 3290 1294 quos
3311 1225 3438 1285 licet

1853 1285 2080 1355 perfecti
2121 1290 2257 1359 sint,
2303 1297 2517 1352 terrena
2561 1307 2738 1358 tamen
2789 1320 3045 1379 aggravat
3083 1285 3437 1388 ave-deprimit

1853 1372 2146 1447 habitatio,
2178 1391 2232 1438 et
2269 1381 2336 1440 de
2367 1390 2670 1461 semetipsis
2702 1372 2917 1469 semper
2944 1393 3139 1460 debent
3171 1372 3290 1464 esse
3327 1412 3436 1468 sol-

1855 1465 2007 1556 liciti.
2046 1469 2199 1529 Unde
2240 1471 2529 1558 ApoStolus
2565 1465 2837 1555 queritur,
2873 1496 3119 1564 quamvis
3156 1514 3278 1556 eum
3309 1519 3433 1575 spes

1851 1547 2045 1653 littora:
2067 1547 2377 1624 consolatur
2397 1571 2679 1642 libertatis,
2703 1547 2916 1638 dicens-z
2937 1583 3276 1647 Condelector
3295 1547 3433 1653 ehim

2667 1631 2678 1642 ,
2904 1631 2916 1638 .
2941 1631 3264 1647 "nummo.
3295 1631 3432 1653 eum.

1851 1631 1952 1723 legi
1974 1647 2071 1709 Dei
2097 1659 2379 1714 secundum
2415 1661 2708 1722 interiorem
2744 1671 3025 1731 hominem.
3070 1677 3228 1737 Video
3257 1685 3432 1743 autem

1849 1742 2011 1798 aliam
2039 1747 2201 1816 legem
2226 1749 2280 1804 in
2305 1753 2545 1808 membris
2572 1759 2699 1813 meis
2725 1775 3098 1834 repugnantem
3123 1770 3431 1846 tegimentis

1847 1841 2008 1903 mete,
2040 1849 2086 1892 et
2123 1843 2464 1912 captivantem
2500 1863 2580 1903 me
2613 1852 2668 1904 in
2715 1852 2824 1924 lege
2857 1860 3054 1926 peccati
3091 1841 3208 1931 quia
3248 1869 3324 1925 est
3376 1871 3432 1924 in

1773 1916 1822 1989 Β
1849 1931 2092 1985 membris
2116 1934 2264 1988 meis.
2299 1923 2497 2007 infelix
2520 1957 2612 2012 ego
2632 1916 2784 1999 homo
2807 1989 2820 2011 ,
2850 1916 2966 2020 quis
2994 1969 3075 2007 me
3101 1916 3338 2013 liberabit

1845 2031 2060 2093 corpore
2080 2028 2262 2084 inor‘tis
2284 2029 2482 2102 hujus?
2508 2035 2692 2092 Gratia
2715 2039 2814 2095 Dei
2833 2060 2926 2113 per
2953 2045 3136 2102 Iesum
3163 2049 3428 2110 Christum

1840 2101 2126 2172 Dominum
2156 2127 2387 2200 nostrum
2420 2125 2595 2198 (Rom.
2630 2131 2747 2204 vn).
2779 2101 2894 2189 ne...
2921 2138 3094 2194 solum
3125 2141 3304 2208 autem
3345 2147 3428 2210 di-

1839 2206 2014 2263 versis
2054 2211 2296 2270 vivorum
2339 2221 2833 2284 necessitudinibus
2871 2229 3260 2292 intercessione
3293 2255 3423 2296 san-

1839 2304 2050 2354 ctorum
2068 2317 2098 2356 a
2113 2301 2341 2362 Domino
2362 2311 2680 2374 mirabilltcr
2695 2325 2747 2370 et
2770 2321 3183 2386 praesentialiter
3204 2329 3414 2385 succor.

1837 2380 1998 2455 ritur,
2043 2407 2227 2448 verum
2261 2395 2422 2453 etiam
2453 2399 2720 2460 def’u'dcﬁs
2749 2380 3176 2481 fidelibusJiiita
3203 2431 3421 2476 eorum-

1837 2473 1958 2535 dem
1988 2487 2280 2543 memorias
2301 2491 2556 2561 humatis,
2589 2495 2764 2552 divina
2804 2473 3077 2560 credimus
3104 2509 3157 2562 et
3195 2501 3424 2581 legimus

1834 2566 2082 2639 praestari
2123 2573 2376 2649 suffragia
2395 2620 2409 2644 ,
2438 2579 2524 2637 his
2553 2581 2802 2643 videlicet
2831 2589 2922 2660 qui
2951 2591 3055 2649 hoc
3093 2596 3190 2667 'pei'
3227 2566 3424 2672 corpus

1834 2671 1961 2716 ante
1988 2671 2318 2734 paraverunt
2345 2677 2399 2725 et
2432 2676 2881 2752 promeruerunt,
2911 2683 2972 2737 ilt
2996 2681 3051 2739 et
3077 2681 3340 2770 sacrificia
3368 2701 3424 2748 et

1831 2755 2108 2814 orationes
2136 2767 2298 2832 atque
2322 2761 2677 2838 elee‘mosynze
2703 2771 2822 2841 qua!
2848 2775 2949 2844 pro
2973 2776 3053 2832 eis
3083 2759 3153 2833 ab
3177 2777 3419 2837 Ecclesia

1829 2846 1914 2902 vel
1956 2847 2023 2903 ab
2067 2852 2256 2908 amicis
2291 2855 2619 2925 auibuslibet
2658 2863 3037 2952 Superstitlbii‘s'
3078 2863 3245 2951 fiunt,
3285 2875 3419 2952 ipsis

1827 2945 1950 3013 post
1987 2942 2192 2999 obitum
2233 2945 2447 3004 valeant
2481 2945 2765 3021 proficere.
2806 2951 2958 3015 Unde
2992 2942 3324 3034 Augustinus
3362 2968 3418 3024 in

1826 3027 1967 3088 libro
1994 3035 2060 3091 de
2083 3053 2212 3092 cura
2242 3053 2340 3111 pro
2367 3045 2596 3100 mortuis
2623 3047 2862 3118 gerenda
2893 3053 2961 3108 ad
2991 3027 3274 3112 Paulinum
3303 3061 3417 3132 epi-

1826 3135 2066 3194 scopum.
2105 3145 2124 3180 s
2162 3127 2438 3202 Scripsiin
2474 3137 2606 3191 mihi
2633 3143 2879 3208 qnaerens
2904 3155 2935 3198 a
2969 3147 3055 3201 me
3081 3147 3261 3218 utrum
3290 3127 3415 3221 pro-

1825 3215 1898 3270 sit
1920 3218 2115 3288 cuique
2132 3225 2256 3291 post
2278 3233 2509 3281 mortem
2538 3231 2680 3299 quod
2704 3237 2900 3302 corpus
2927 3235 3043 3306 ejus
3066 3215 3205 3309 apud
3239 3215 3413 3300 sancti

1748 3285 1796 3364 (ἶ
1828 3285 2057 3380 alicujus
2077 3285 2394 3371 memoriam
2418 3285 2693 3388 sepelitur.
2721 3285 2828 3379 IE‘l
2847 3285 2974 3396 post
2991 3285 3161 3398 pauca
3189 3351 3201 3385 :
3227 3351 3245 3383 ‹
3272 3325 3408 3390 Nam

1826 3401 1962 3458 dicis
2002 3405 2173 3461 videri
2221 3409 2317 3464 tibi
2352 3425 2460 3465 non
2493 3426 2613 3469 esse
2658 3414 2848 3473 inanes
2885 3431 3064 3478 motus
3108 3426 3411 3483 animorum

1823 3582 2086 3654 Adjungis
2113 3591 2277 3644 etiam
2308 3595 2489 3650 vacari
2521 3603 2628 3651 non
2650 3603 2828 3668 posse,
2858 3606 3002 3674 quod
3036 3607 3284 3666 universa
3311 3628 3412 3683 pro

1824 3673 2090 3733 defunctis
2125 3679 2368 3739 Ecclesia
2399 3687 2702 3758 supplicare
2741 3673 3064 3752 consuevit:
3099 3707 3157 3754 ut
3190 3673 3330 3759 hinc
3353 3712 3410 3760 et

1821 3762 1954 3819 illud
1980 3769 2172 3839 conjici
2197 3775 2398 3842 possit,
2426 3777 2631 3838 homini
2656 3783 2914 3852 prodesse
2947 3796 3071 3858 post
3104 3797 3330 3849 mortem
3358 3797 3405 3851 si

1819 3853 1926 3910 fide
1953 3873 2172 3918 suorum
2205 3864 2480 3926 humando
2510 3869 2630 3942 ejus
2661 3878 2873 3946 corpori
2906 3853 3028 3936 talis
3055 3884 3406 3953 provideatur

1818 3943 1996 4013 locus,
2034 3949 2087 4004 in
2124 3968 2232 4022 quo
2259 3968 2516 4028 appareat
2549 3943 2868 4036 opitulatio,
2905 3943 3075 4030 etiam
3108 3975 3210 4032 isto
3242 3979 3405 4035 modo

1817 4039 2063 4106 quaesita,
2086 4054 2416 4118 sanctorum.
2450 4049 2558 4107 Sed
2587 4071 2708 4110 cum
2739 4057 2854 4114 btec
2882 4061 2956 4116 ita
2983 4064 3111 4130 sint,
3134 4071 3403 4140 quomodo

1814 4126 1942 4210 liuic
1976 4135 2212 4204 opinioni
2249 4147 2582 4203 contrarium
2623 4163 2732 4205 non
2789 4155 2860 4208 slt
2896 4149 3036 4225 quod
3075 4126 3405 4234 ait'Aposto-

2789 4205 2857 4208 γ-
2900 4205 2983 4225 Γ-
3008 4205 3036 4211 _
3075 4205 3376 4234 -.-.-,,ν.,.ν

1813 4205 1898 4278 lus
1929 4239 1943 4277 :
1975 4225 2164 4283 Omnes
2188 4235 2474 4291 astabimus
2508 4250 2628 4296 ante
2657 4245 2889 4299 tribunal
2925 4247 3150 4317 Christi,
3182 4251 3237 4306 ut
3271 4256 3404 4326 refe-

1814 4316 1899 4367 rat
1929 4321 2279 4394 unusquisque
2315 4329 2602 4384 secundum
2640 4349 2701 4386 ea
2733 4351 2849 4406 qua:
2882 4353 2976 4409 per
3005 4357 3191 4415 corpus
3219 4339 3399 4416 gessit,

1812 4408 1918 4463 sive
1956 4410 2145 4467 bonum
2177 4417 2282 4472 sive
2322 4421 2520 4476 malum
2552 4423 2635 4498 (II
2672 4424 2794 4484 Cor.
2824 4431 3019 4508 v,lO),
3051 4408 3157 4494 non
3189 4408 3242 4510 te
3269 4408 3400 4502 satis

1813 4499 1998 4558 videre
2035 4506 2325 4578 significas.
2368 4507 2495 4569 Hcce
2544 4519 2740 4594 quippe
2788 4499 3080 4594 apostolica
3127 4499 3398 4591 sententia

1815 4602 1943 4650 ante
1981 4601 2208 4655 mortem
2251 4601 2505 4662 admonet
2551 4609 2694 4678 lleri,
2744 4615 2886 4684 quod
2929 4621 3099 4690 possit
3140 4625 3399 4695 prodesse

1810 4697 1935 4757 post
1967 4700 2226 4761 mortem;
2259 4713 2365 4752 non
2397 4707 2524 4756 tunc
2550 4706 2763 4774 quando
2778 4707 2891 4777 jam
2921 4715 3287 4786 recipiendum
3312 4730 3396 4777 est

1810 4781 1952 4850 quod
1988 4784 2215 4854 quisque
2245 4793 2470 4859 gesserit
2495 4805 2621 4852 ante
2654 4811 2904 4858 mortem.
2940 4781 3137 4865 Verum
3176 4812 3290 4867 haec
3321 4815 3394 4868 ita

1809 4870 2036 4927 Solvitur
2056 4880 2301 4944 qutestio,
2325 4885 2574 4950 quoniam
2597 4890 2827 4959 quodam
2851 4894 2973 4950 vitae
2995 4914 3194 4970 genere
3215 4905 3394 4974 acqui-

1805 4959 1968 5026 ritur,
1996 4963 2123 5018 dum
2146 4967 2198 5020 in
2217 4965 2319 5023 hoc
2339 4987 2565 5042 corpore
2586 4977 2800 5049 vivittir,
2826 4991 2886 5038 ut
2916 4959 3115 5060 aliquid
3138 4959 3394 5061 adjuvant

1806 5050 1908 5106 ista
1940 5053 2251 5124 defunctos;
2285 5075 2348 5115 ac
2395 5080 2492 5134 per
2546 5067 2647 5124 hoc
2698 5077 2990 5148 secundum
3038 5096 3100 5150 ea
3148 5096 3268 5151 quae
3294 5097 3392 5150 per

1809 5159 2004 5214 corpus
2033 5159 2348 5220 gesserunt,
2391 5157 2470 5212 eis
2505 5175 2624 5229 quze
2658 5167 2755 5234 per
2786 5183 2982 5240 corpus
3015 5170 3261 5241 religiose
3291 5190 3390 5244 pro

1807 5233 1914 5290 illis
1933 5235 2077 5292 facta
2104 5239 2324 5311 fuerint,
2353 5233 2694 5320 adjuvantur.
2733 5233 3045 5328 Sunt-enim
3085 5233 3220 5332 quos
3255 5233 3389 5322 nihil

1807 5330 2029 5385 omnino
2055 5331 2310 5402 adjuvant
2335 5335 2468 5407 ista;
2499 5345 2613 5400 sive
2639 5361 2736 5415 pro
2756 5349 2835 5404 eis
2861 5347 2992 5404 ﬁant
3021 5368 3248 5422 quorum
3275 5364 3384 5412 tam

1806 5421 1944 5475 mala
1978 5433 2104 5480 sunt
2138 5429 2358 5498 merita,
2387 5429 2445 5487 'u'l
2475 5451 2650 5518 neque
2689 5438 2886 5494 talibus
2909 5421 3052 5512 digni
3097 5443 3206 5499 sint
3231 5447 3385 5518 adju-

1805 5511 1921 5564 vari
1947 5530 1958 5565 :
1992 5514 2106 5570 sive
2134 5527 2233 5588 pro
2253 5522 2333 5576 eis
2359 5511 2588 5598 quorum
2622 5534 2730 5581 tam
2761 5529 2921 5598 bona,
2959 5535 3017 5587 ut
3058 5533 3253 5594 talibus
3275 5555 3383 5596 non

1804 5601 2082 5675 indigeant
2121 5597 2467 5680 adjumcntis.
2501 5613 2710 5670 Genere
2735 5617 2899 5686 igitur
2929 5621 3073 5690 vitae,
3100 5628 3241 5696 quod
3262 5646 3382 5703 ges-

1802 5697 1874 5751 sit
1909 5701 2137 5771 quisque
2163 5715 2262 5773 per
2290 5719 2485 5775 corpus
2505 5746 2520 5774 ,
2565 5706 2795 5766 efﬁcitur
2823 5719 2881 5768 ut
2907 5717 3116 5788 prosint
3152 5719 3235 5795 vel
3267 5697 3383 5802 non

1801 5792 2011 5861 prosint
2033 5809 2365 5867 qumcunque
2396 5813 2494 5871 pro
2519 5799 2610 5855 illo
2638 5803 2722 5875 pie
2759 5803 2922 5872 fiunt,
2956 5827 3075 5867 cum
3104 5792 3383 5885 reliquerit

1801 5889 2018 5956 corpus.
2054 5885 2187 5942 Nam
2217 5889 2471 5949 meritum
2497 5909 2596 5968 per
2625 5899 2765 5970 quod
2793 5899 2894 5957 ista
2925 5905 3154 5976 prosint,
3187 5903 3231 5964 si
3260 5905 3381 5961 nul-
