4006 6484
562 493 666 551 δῒι

1869 458 2172 554 DUNGALl
2201 453 2502 580 nncwsn

3733 452 3838 549 sas

563 611 677 670 lum
698 619 1072 684 comparatum
1095 623 1181 671 est
1204 614 1259 670 in
1287 615 1391 672 hac
1413 615 1558 683 vita,
1601 614 1806 671 frustra
1843 624 1970 687 post
2004 618 2145 671 hanc
2171 616 2225 677 Α
2247 627 2371 668 rum
2410 606 2752 667 adversarius
2795 612 2852 662 et
2879 603 3316 677 blasphemator,
3354 604 3612 661 inimicus
3655 613 3843 668 crucis

564 704 828 778 quaeritur
849 704 1037 760 vitam.
1067 705 1146 761 lta
1174 704 1236 761 lit
1262 714 1322 760 ut
1343 721 1518 777 neque
1545 704 1778 761 inaniter
1797 705 2039 761 Ecclesia
2061 705 2148 761 vel

563 812 787 854 suorum
814 810 946 852 cura
970 811 1070 868 pro
1096 794 1381 864 defunctis,
1412 798 1554 868 quod
1589 798 1840 868 potuerit,
1871 797 2148 869 religionis

565 891 872 962 impendat;
913 898 968 944 et
997 898 1177 946 tamen
1206 889 1344 946 ferat
1370 891 1737 961 unusquisque
1767 892 2062 947 secundum
2082 906 2146 945 ea

565 997 684 1052 qua:
712 996 812 1052 per
841 996 1037 1051 corpus
1061 983 1242 1052 gessit,
1282 983 1396 1037 sive
1421 984 1617 1039 bonum
1640 984 1752 1039 sive
1779 983 2000 1050 malum,
2022 983 2148 1050 red-

566 1077 727 1132 dente
767 1075 1004 1131 Domino
1030 1077 1318 1147 unicuique
1363 1080 1655 1134 secundum
1695 1093 1858 1150 opera
1897 1077 2034 1148 ejus.
2077 1075 2150 1132 Ut

564 1167 712 1223 enim
751 1169 855 1224 hoc
885 1169 1026 1240 quod
1065 1169 1422 1240 impenditur,
1468 1172 1640 1240 possit
1671 1171 1721 1224 ei
1747 1171 2002 1240 prodesse
2026 1177 2149 1239 post

563 1273 779 1331 corpus,
814 1261 870 1316 in
904 1275 967 1316 ea
987 1261 1097 1315 vita
1125 1262 1447 1330 acquisitnm
1473 1269 1553 1317 est
1579 1271 1738 1332 quam
1766 1262 1933 1330 gessit
1955 1263 2009 1316 in
2030 1277 2149 1316 cor-

566 1363 720 1419 pore.
760 1369 778 1402 ι
812 1351 879 1404 Et
906 1359 1028 1421 post
1063 1351 1269 1405 multa:
1319 1370 1337 1402 ί
1380 1351 1635 1406 Provisus
1665 1350 1990 1420 sepeliendis
2029 1367 2150 1406 cor-

561 1441 783 1510 poribus
812 1442 950 1512 apud
976 1444 1295 1498 memoriam
1321 1452 1628 1499 sanctorum
1651 1443 1820 1508 locus,
1843 1444 2000 1498 bonae
2019 1443 2151 1497 affe-

562 1531 757 1588 ctionis
784 1533 1034 1589 humanm
1062 1543 1150 1589 est
1193 1549 1323 1606 erga
1365 1535 1554 1590 funera
1601 1550 1860 1590 suorum:
1892 1534 2149 1605 quoniam

562 1622 606 1676 si
658 1624 914 1678 nonnulla
943 1624 1133 1695 religio
1173 1633 1258 1681 est
1302 1633 1361 1680 ut
1387 1702 1389 1704 η
1414 1625 1774 1696 sepeliantur,
1821 1641 1926 1682 non
1970 1633 2151 1698 potest

561 1713 710 1768 nulla
748 1731 872 1772 esse
916 1705 1132 1787 quando
1171 1719 1264 1774 ubi
1314 1719 1642 1788 sepeliantur
1679 1719 1995 1776 attenditur.
2043 1719 2150 1776 Sed

563 1823 687 1864 cum
708 1809 836 1865 talia
863 1810 1106 1866 vivorum
1132 1812 1324 1868 solatia
1346 1815 1714 1883 requiruntur,
1735 1813 1932 1884 quibus
1958 1829 2149 1870 eorum

561 1899 684 1970 pius
709 1900 765 1954 in
791 1917 918 1958 suos
945 1902 1158 1958 animus
1184 1911 1473 1973 appareat,
1520 1922 1628 1962 non
1672 1906 1830 1961 video
1872 1921 1992 1976 quae
2043 1907 2152 1961 sint

2249 703 2476 770 Christi,
2501 710 2811 769 sanctarque
2838 699 2957 770 ejus
2980 699 3291 753 destructor
3319 705 3376 752 et
3416 696 3685 753 caullator
3715 700 3845 756 ima-

2249 797 2408 869 ginis,
2442 811 2508 851 ac
2545 809 2644 865 per
2674 794 2778 848 hoc
2804 791 3068 864 gradatim
3093 790 3416 856 ascendens,
3448 791 3844 851 incarnationis

2248 899 2305 946 et
2328 887 2594 960 passionis
2617 887 2734 958 ejus
2772 874 2983 940 derisor
3025 893 3081 939 et
3112 892 3472 954 contemptor.
3515 883 3845 956 Ubicunque

2249 983 2394 1039 enim
2432 977 2686 1036 Crucilixi
2715 993 2925 1033 sacram
2956 975 3194 1031 intuetur
3229 972 3482 1045 efﬁgiem,
3513 990 3643 1032 suos
3669 977 3842 1032 strin-

2250 1088 2381 1145 gens
2420 1071 2606 1128 oculos
2650 1084 2819 1139 osque
2867 1067 3054 1124 buccis
3091 1074 3459 1136 contorquens
3502 1069 3842 1126 tumentibus

2251 1165 2632 1223 subsannando
2643 1172 2700 1219 et
2719 1161 3096 1219 cachinnando
3115 1159 3583 1230 perstr'epitatque
3604 1159 3838 1216 clamat:

2249 1256 2390 1313 Ecce
2416 1255 2665 1311 Christus
2693 1261 2958 1316 mortuus,
2982 1259 3040 1306 et
3062 1258 3258 1306 tortus.
3302 1249 3474 1318 Quem
3515 1251 3583 1306 ob
3615 1251 3726 1306 hoc
3757 1252 3844 1308 Ju-

2251 1349 2352 1404 daei
2379 1364 2493 1420 prae
2529 1346 2742 1402 caeteris
2788 1346 2843 1399 in
2888 1344 2990 1400 hac
3039 1343 3260 1414 regione
3293 1342 3635 1409 collaudant,
3665 1345 3842 1400 omni-

2249 1441 2460 1513 busque
2489 1440 2808 1512 proferunt;
2846 1447 2902 1494 et
2928 1437 3053 1508 quia
3087 1437 3141 1492 in
3169 1435 3313 1492 nullo
3344 1439 3413 1492 ab
3442 1452 3630 1493 eorum
3658 1441 3835 1496 tradi-

2249 1531 2400 1587 tione
2417 1539 2472 1587 et
2493 1531 2751 1602 religione
2777 1529 3042 1596 dissonat,
3059 1529 3517 1601 sapientissimum
3545 1546 3668 1587 eum
3687 1532 3840 1588 Chri-

2252 1625 2553 1680 stianorum
2577 1631 2805 1690 vocant,
2855 1638 2992 1694 quos
3031 1623 3198 1678 veluti
3239 1623 3518 1694 imperitos
3551 1632 3607 1680 et
3639 1625 3838 1682 inscios

2251 1719 2321 1774 ab
2349 1733 2414 1774 eo
2462 1717 2671 1774 discere
2716 1723 2774 1770 et
2815 1730 2944 1772 suos
2982 1715 3100 1772 fieri
3133 1715 3427 1786 discipulos
3455 1717 3760 1774 deridenda
3791 1728 3836 1774 et

2250 1807 2560 1866 insultando
2598 1809 2987 1873 exhortantur;
3038 1808 3154 1879 ipso
3199 1806 3554 1864 nihilominus
3598 1809 3834 1866 vicissim

2251 1917 2366 1969 eos,
2404 1909 2460 1958 et
2487 1902 2723 1958 maxime
2753 1917 2882 1958 suos
2919 1899 3109 1956 alliues
3138 1899 3459 1966 Saracenos,
3504 1902 3686 1958 nimiis
3745 1904 3835 1974 hy-

563 1987 876 2060 adjumenta
900 2002 1256 2060 mortuorum,
1285 1997 1390 2050 niSi
1422 1998 1489 2051 ad
1513 1998 1616 2053 hoc
1647 2007 1707 2052 ut
1737 1998 1863 2053 dum
1902 1999 2150 2056 recolunt
2175 1979 2224 2041 Β
2250 1991 2649 2064 perbolicisque
2671 1990 2932 2047 efferente
2958 1992 3264 2062 praeconiis.
3311 1991 3411 2047 Hie
3441 1992 3603 2064 igitur
3629 2003 3832 2050 tantum

564 2079 661 2134 ubi
685 2081 794 2136 sint
815 2084 992 2153 posita
1016 2100 1204 2140 eorum
1235 2103 1372 2156 quos
1409 2088 1638 2159 diligunt
1661 2104 1912 2161 corpora,
1944 2093 2148 2148 eisdem

566 2171 772 2227 sanctis
793 2172 916 2229 illos
943 2183 1199 2246 tanquam
1227 2180 1471 2249 patronis
1495 2188 1772 2252 susceptos
1798 2183 1938 2252 apud
1970 2184 2150 2238 Domi-

564 2277 696 2320 num
725 2265 1058 2340 adjuvandos
1081 2272 1287 2327 orando
1313 2275 1710 2330 commendent.
1751 2275 1903 2343 Quod
1931 2277 2150 2347 quidam

564 2353 744 2413 facere
769 2368 1010 2428 possent,
1034 2361 1247 2420 etiamsi
1275 2365 1473 2421 talibus
1507 2366 1640 2422 locis
1665 2382 1760 2424 eos
1787 2370 2013 2424 humare
2041 2385 2149 2425 non

559 2457 803 2518 possent.
854 2471 873 2504 ι
918 2451 987 2506 Et
1032 2468 1195 2509 mox:
1244 2474 1262 2506 ι
1292 2455 1427 2512 Cum
1477 2458 1660 2528 itaque
1703 2459 1894 2514 recolit
1934 2461 2148 2517 animus

561 2541 653 2597 ubi
685 2543 952 2613 sepultum
983 2545 1053 2600 sit
1075 2547 1378 2605 charissimi
1407 2566 1628 2623 corpus,
1663 2561 1718 2608 et
1739 2555 1979 2610 occurrit
1999 2555 2149 2612 locus

561 2632 779 2688 nomine
809 2637 1066 2706 martyris
1091 2640 1438 2706 venerabilis,
1461 2642 1635 2698 eidem
1663 2645 1888 2716 martyri
1910 2646 2148 2701 animam

561 2723 810 2780 dilectam
832 2729 1172 2785 commendat
1187 2734 1523 2790 recordantis
1535 2744 1591 2791 et
1607 2738 1882 2806 precantis
1896 2739 2145 2796 allectus.

564 2816 667 2881 Qui
695 2833 818 2872 cum
848 2815 1124 2877 defunctis
1143 2838 1176 2877 a
1202 2823 1450 2881 fidelibus
1474 2828 1814 2886 charissimis
1834 2833 2143 2900 exhibetur,

561 2919 686 2960 eum
731 2908 990 2977 prodesse
1015 2927 1124 2968 non
1172 2914 1393 2970 dubium
1420 2926 1503 2973 est
1543 2919 1610 2974 iis
1641 2920 1756 2991 qui,
1789 2935 1911 2976 eum
1945 2924 1998 2978 in
2027 2940 2150 2979 eor-

560 3010 694 3066 pore
729 2998 1000 3069 viverent,
1032 3004 1162 3060 talia
1202 3005 1304 3062 sibi
1349 3017 1472 3079 post
1514 3010 1654 3067 hanc
1681 3012 1847 3068 vitam
1889 3017 2148 3085 prodesse

561 3098 898 3146 meruerunt.
934 3113 953 3146 ›
985 3093 1222 3162 Idcirco,
1249 3106 1308 3153 ut
1333 3100 1600 3169 arbitror,
1647 3103 1966 3163 Ambrosius
1991 3123 2146 3163 suum

563 3175 788 3236 fratrem
813 3181 1263 3258 Satyrum,quem
1288 3191 1512 3248 nimium
1544 3194 1824 3264 dilexerat,
1842 3196 1998 3267 juxta
2021 3216 2146 3256 san-

563 3279 708 3326 ctum
725 3283 1014 3347 martyrem
1042 3279 1313 3338 Victorem
1337 3284 1602 3354 sepelivit,
1625 3287 1692 3344 de
1713 3301 1820 3359 quo
1843 3297 1954 3345 tres
1979 3290 2146 3347 libros

562 3363 729 3420 edidit
755 3367 1000 3438 egregios
1024 3385 1040 3424 :
1072 3387 1237 3427 unum
1265 3374 1330 3429 de
1357 3375 1473 3446 ejus
1497 3377 1711 3448 planctu
1729 3421 1744 3444 ,
1777 3380 1977 3438 alteros
2004 3383 2141 3440 duos

564 3458 954 3517 consolatorios
1003 3463 1070 3518 de
1117 3469 1514 3526 resurrectione
1556 3479 1611 3527 et
1655 3474 1927 3544 paradiso.
1976 3475 2142 3548 Cujus

559 3549 893 3620 epitaphium
916 3553 1019 3611 hoc
1042 3555 1279 3614 dictatur
1309 3563 1649 3620 tetrasticho.

634 3681 837 3741 Uranio
867 3686 1061 3761 Satyro
1085 3706 1394 3763 supremum
1417 3695 1589 3754 frater
1611 3700 1872 3756 honorem

702 3775 955 3848 Martyris
983 3782 1051 3838 ad
1079 3784 1265 3841 laevam
1293 3788 1485 3845 detulit
1513 3791 1853 3850 Ambrosius.

633 3866 758 3924 Haec
782 3874 962 3928 meriti
991 3891 1200 3935 merces
1223 3889 1282 3934 ut
1309 3883 1450 3937 sacri
1483 3886 1764 3956 sanguinis
1786 3888 1985 3946 humor
2069 3872 2076 3878 ’

703 3962 989 4024 Finitimas
1011 3982 1304 4040 penetrans
1331 3975 1498 4031 alluat
1522 3979 1766 4034 exuvias.

592 4136 600 4142 -
632 4099 938 4160 Concordat
961 4116 1141 4164 autem
1169 4110 1296 4166 huic
1316 4112 1510 4168 rationi
1532 4114 1674 4184 quod
1699 4114 1897 4187 legitur
1923 4117 1976 4173 in
2002 4117 2140 4178 libro

560 4196 784 4268 Regum,
817 4199 1048 4257 cadaver
1075 4203 1355 4273 cujusdam
1389 4207 1651 4274 hominis,
1699 4219 1760 4265 ut
1803 4226 1926 4267 ossa
1962 4212 2140 4270 Elisaei

558 4291 834 4360 prophetae
883 4295 1139 4367 tetigerit,
1183 4285 1369 4354 statim
1416 4299 1582 4358 fuisse
1620 4305 2023 4362 resuscitatum.
2061 4306 2139 4362 lta

556 4383 700 4436 enim
728 4383 801 4438 ibi
827 4388 1170 4443 continetur:
1202 4389 1445 4446 Mortuus
1470 4402 1545 4447 est
1571 4410 1692 4465 ergo
1718 4394 1945 4451 Elistrus
1977 4406 2027 4452 et
2059 4414 2140 4453 se-

557 4472 815 4542 pelierunt
854 4493 993 4531 eum.
1026 4478 1337 4536 Latrunculi
1373 4501 1576 4555 quoque
1602 4485 1666 4539 de
1694 4485 1852 4541 Moab
1893 4498 2140 4544 uenerunt

557 4565 613 4617 in
640 4574 832 4621 terram
859 4569 915 4622 in
941 4571 1052 4640 ipso
1077 4589 1235 4627 anno.
1263 4573 1491 4640 Quidam
1513 4586 1686 4631 autem
1716 4578 2017 4649 sepelientes
2040 4580 2138 4636 Ito-

558 4652 752 4708 minem
778 4657 1018 4712 viderunt
1048 4658 1374 4718 latrunculos
1399 4673 1448 4718 et
1477 4665 1810 4735 projecerunt
1835 4667 2060 4724 cadaver
2081 4669 2138 4724 in

556 4745 853 4815 sepulcrum
875 4749 1080 4816 Elistri,
1104 4756 1242 4824 quod
1264 4756 1506 4820 adlursit,
1530 4767 1578 4810 et
1597 4759 1761 4828 tetigit
1788 4775 1904 4813 ossa
1928 4758 2132 4828 Elisrei,

554 4845 602 4890 et
626 4839 807 4892 revixit
829 4839 1001 4904 homo,
1019 4853 1067 4896 et
1082 4846 1218 4899 stetit
1241 4861 1396 4915 super
1412 4845 1566 4916 pedes
1583 4864 1705 4901 suos
1721 4846 1775 4919 (I
1792 4847 1829 4901 V
1846 4839 1974 4921 Reg.
1989 4851 2133 4923 xm).

555 4926 650 4982 llis
675 4944 803 4999 ergo
828 4932 1080 4990 omnibus
1105 4936 1355 5006 superius
1379 4940 1808 5008 comprehensis,
1835 4943 2138 5000 certissime

553 5027 607 5073 et
633 5020 1037 5079 evidentissime
1065 5035 1215 5096 patet
1240 5029 1480 5097 picturas
1506 5041 1727 5088 sanctas
1746 5073 1761 5098 ,
1805 5043 1858 5088 et
1889 5044 2136 5091 sanctam

552 5109 765 5167 Domini
796 5129 1045 5182 crucem,
1083 5126 1138 5171 et
1179 5134 1361 5174 sacras
1399 5121 1692 5177 electorum
1741 5123 1835 5180 Dei
1878 5125 2138 5196 reliquias

551 5203 728 5273 dignis
756 5213 812 5261 et
841 5209 1094 5278 congruis
1132 5210 1427 5268 honoribus
1474 5231 1504 5268 a
1549 5204 1830 5273 catholicis
1862 5227 1917 5273 et
1944 5219 2133 5273 ortho-

555 5292 708 5349 doxis
730 5295 783 5348 in
809 5297 916 5351 Deo
939 5306 992 5352 et
1021 5309 1242 5370 propter
1266 5302 1436 5358 Deum
1461 5307 1708 5361 venerari
1736 5317 2006 5378 oportere,
2029 5325 2135 5364 non

551 5392 612 5439 ut
637 5389 995 5447 sacrificando
1026 5395 1107 5448 eis
1139 5395 1350 5450 divinus
1379 5397 1570 5462 honor,
1605 5409 1661 5454 et
1688 5399 1865 5455 cultus
1894 5400 1996 5455 soli
2023 5400 2134 5458 Deo

550 5479 792 5531 omnium
820 5483 1052 5538 creatori
1082 5485 1293 5539 debitus
1322 5485 1392 5539 sit
1418 5501 1447 5540 a
1474 5502 1746 5557 quoquam
1777 5486 2132 5556 deferendus,

550 5570 646 5625 sed
670 5571 808 5626 utin
846 5573 962 5642 ejus
1000 5590 1183 5630 amore
1205 5617 1218 5641 ,
1263 5576 1499 5644 honore,
1531 5577 1721 5642 laude,
1755 5586 1811 5632 et
1837 5578 2008 5648 gloria
2036 5594 2131 5635 sua

550 5668 757 5727 sancta,
799 5663 1052 5733 insignia,
1081 5674 1134 5720 et
1169 5667 1497 5722 venerabilia
1538 5681 1700 5732 vasa,
1747 5674 1910 5738 prout
1947 5667 2130 5736 decet,

550 5752 762 5824 singula
782 5770 971 5812 eorum
992 5757 1061 5812 ab
1078 5761 1332 5815 omnibus
1352 5759 1600 5816 ﬁdelibus
1623 5768 1676 5816 et
1696 5761 1963 5833 religiosis
1982 5761 2128 5818 salva

551 5844 655 5901 fide
689 5855 743 5903 et
781 5862 889 5903 non
935 5847 1059 5904 ﬁcta
1106 5850 1445 5907 honorentur
1486 5862 1542 5907 et
1579 5853 1996 5923 amplectantur.
2036 5855 2129 5913 Ille

550 5952 680 5992 vero
708 5938 1073 5998 Eunomianus
1107 5949 1162 5996 et
1187 5941 1602 6013 Vigilantianus,
1632 5947 1873 6004 omnium
1912 5951 2127 6007 saneto—

2249 2092 2307 2139 et
2334 2084 2516 2139 taliter
2542 2092 2744 2139 sancta:
2771 2091 2828 2138 et
2854 2083 3134 2138 catholicae
3163 2083 3286 2138 fidei
3315 2092 3370 2137 et
3397 2098 3544 2138 sanze
3581 2084 3834 2139 doctrina:

2251 2173 2678 2229 obstinatissime
2703 2174 2982 2240 resistens,
3005 2181 3059 2228 et
3080 2182 3269 2229 contra
3291 2174 3430 2228 hanc
3455 2174 3833 2244 procacissime

2249 2267 2499 2339 garriens
2525 2278 2580 2323 et
2608 2269 2977 2335 contendens,
3008 2275 3068 2320 ut
3105 2267 3549 2338 perversissimus
3578 2267 3833 2322 schisma-

2251 2361 2420 2424 ticus,
2471 2359 2935 2430 pravissimusque
2987 2359 3278 2414 haereticus
3327 2358 3747 2428 corripiendus;
3787 2367 3831 2413 et

2250 2451 2404 2522 quasi
2431 2467 2528 2507 vas
2556 2452 2747 2508 inutile
2762 2452 3102 2508 amarissimo
3119 2451 3261 2517 felle,
3280 2459 3337 2506 et
3356 2466 3564 2506 veneno
3592 2451 3830 2507 lethifem

2248 2540 2489 2612 plenum,
2517 2541 2825 2612 apostolicm
2861 2551 2918 2597 et
2957 2542 3231 2597 canonicaa
3265 2541 3608 2596 auctoritatis
3636 2556 3832 2612 prmva-

2250 2631 2358 2687 lida
2389 2634 2772 2698 conterendus,
2813 2634 2924 2688 imo
2971 2631 3388 2704 confringendus
3433 2641 3520 2688 est
3561 2634 3733 2704 virga.
3771 2632 3828 2688 Ut

2249 2725 2395 2780 enim
2431 2735 2626 2780 cmtera
2653 2726 2921 2791 omittam,
2949 2727 3218 2795 quomodo
3242 2734 3336 2780 aut
3365 2726 3604 2796 qualiter
3630 2728 3830 2798 episco-

2248 2831 2352 2888 pus
2380 2832 2596 2873 crucem
2628 2818 2841 2873 Domini
2872 2820 3192 2884 abhorrens,
3222 2820 3570 2885 conculcans,
3599 2819 3818 2884 violans,

2249 2922 2315 2964 ac
2336 2908 2622 2965 destruens
2651 2909 3022 2966 ecclesiastica
3043 2909 3236 2976 ollicia,
3268 2912 3372 2968 hoc
3413 2920 3498 2968 est
3530 2912 3823 2981 baptizare,

2249 3003 2488 3058 chrisma
2513 3004 2800 3070 conficere,
2830 3019 3022 3060 manus
3059 3004 3477 3074 impositionem,
3504 3005 3822 3060 benedictio-

2249 3112 2442 3153 nemve
2466 3097 2703 3168 aliquam
2735 3099 2897 3165 dare,
2926 3106 3020 3153 aut
3045 3098 3314 3169 quaslibet
3347 3098 3528 3154 facere
3553 3113 3824 3155 consecra-

2252 3191 2446 3257 tiones,
2474 3198 2568 3246 aut
2598 3191 2818 3247 missam
2854 3190 3131 3248 celebrare
3165 3193 3284 3249 sine
3309 3191 3454 3249 illius
3481 3192 3820 3262 inscriptione

2251 3282 2516 3338 salutiferi
2545 3291 2723 3354 potest
2751 3283 3034 3356 signaculi,
3067 3285 3184 3341 sine
3207 3301 3313 3356 quo
3344 3285 3446 3341 ista
3471 3286 3656 3340 omnia
3683 3299 3820 3342 sacra

2249 3373 2352 3428 rite
2376 3388 2440 3429 ac
2470 3372 2674 3430 illihate
2695 3375 2878 3446 peragi
2903 3375 3210 3446 nequeunt?
3247 3372 3384 3430 llinc
3407 3383 3634 3430 sanctus
3659 3374 3821 3446 Augu-

2244 3465 2419 3521 stinus
2445 3465 2521 3520 ait
2550 3466 2604 3520 in
2647 3467 2986 3538 expositione
3018 3466 3294 3539 Evangelii
3339 3467 3636 3523 secundum
3682 3465 3821 3523 δοκι·

2243 3571 2366 3612 nem
2395 3575 2407 3610 :
2457 3577 2475 3607 ε
2511 3556 2792 3614 Postremo
2814 3558 2943 3628 quid
2966 3565 3051 3613 est
3086 3557 3232 3628 quod
3256 3571 3444 3613 omnes
3472 3568 3736 3612 noverunt
3761 3556 3820 3612 si.

2243 3667 2406 3724 gnum
2438 3650 2670 3716 Christi,
2719 3651 2824 3706 nisi
2857 3667 2988 3707 crux
3022 3650 3264 3706 Christi?
3298 3650 3452 3718 Quod
3491 3651 3706 3723 signum
3734 3649 3819 3705 nisi

2245 3743 2568 3799 adhibeatur
2591 3745 2704 3799 sive
2731 3743 3000 3799 frontibus
3024 3742 3380 3806 credentium,
3421 3743 3539 3798 sive
3563 3743 3661 3811 ipsi
3685 3753 3818 3810 aqua

2165 3887 2173 3895 .
2243 3851 2310 3891 ex
2343 3851 2451 3906 qua
2492 3847 2920 3908 regenerantur,
2960 3837 3076 3892 sive
3123 3835 3245 3891 oleo
3273 3851 3380 3906 quo
3418 3836 3711 3891 chrismate
3737 3851 3818 3888 un-

2243 3935 2459 3996 gantur,
2491 3927 2610 3982 sive
2635 3926 2906 3982 sacriﬁcio
2931 3941 3038 3997 quo
3063 3924 3282 3981 aluntur
3300 3965 3314 3989 ,
3361 3925 3492 3980 nihil
3516 3940 3705 3980 eorum
3732 3925 3818 3979 rite

2241 4015 2542 4089 perficitur.
2575 4017 2852 4084 Quomodo
2876 4032 3004 4089 ergo
3037 4032 3137 4088 per
3164 4017 3217 4072 id
3254 4017 3399 4087 quod
3429 4014 3556 4070 mali
3601 4015 3813 4079 faciunt,

2241 4110 2377 4166 nihil
2407 4109 2537 4165 boni
2566 4110 2935 4182 significatur,
2979 4111 3194 4180 quando
3244 4125 3344 4180 per
3381 4124 3600 4165 crucem
3629 4107 3814 4165 Christi

2241 4217 2404 4273 quam
2439 4201 2685 4259 fecerunt
2725 4203 2849 4258 mali
2880 4205 2934 4258 in
2972 4203 3335 4260 celebratione
3367 4212 3813 4260 sacramentorum

2241 4295 2376 4365 ejus,
2400 4297 2599 4354 bonum
2632 4298 2788 4353 nobis
2813 4312 2974 4353 omne
3012 4296 3301 4368 signatur?
3343 4317 3362 4350 ι
3404 4295 3716 4364 Quomodo,
3743 4295 3814 4350 in-

2241 4403 2421 4458 quam,
2455 4389 2598 4444 inter
2626 4387 2979 4446 Christicolas
3009 4391 3278 4445 veraciter
3319 4389 3518 4459 poterit
3555 4389 3809 4459 reputari,

2241 4481 2367 4536 dum
2399 4495 2463 4537 ea
2491 4497 2611 4552 qua:
2651 4482 2918 4539 catholica
2975 4492 3195 4540 exercet
3243 4482 3487 4539 Ecclesia
3536 4481 3736 4538 refutat
3759 4495 3814 4536 ac

2240 4574 2583 4630 detestatur?
2618 4573 2677 4628 In
2719 4574 2926 4631 litaniis
2955 4576 3100 4632 enim
3147 4582 3204 4631 et
3241 4575 3296 4630 in
3331 4575 3546 4630 caeteris
3573 4573 3812 4629 Ecclesia:

2164 4700 2217 4761 Β
2243 4664 2440 4724 ofﬁciis
2469 4667 2674 4721 nullum
2701 4679 3014 4724 sanctorum
3038 4668 3156 4724 vult
3179 4682 3503 4734 memorare,
3535 4674 3632 4723 aut
3656 4665 3813 4761 uomit

2246 4771 2402 4822 nare,
2427 4756 2515 4812 vel
2558 4772 2748 4812 eorum
2787 4759 3150 4815 anniversaria
3198 4758 3473 4814 celebrare
3518 4756 3692 4822 festa,
3734 4755 3814 4812 sed

2244 4845 2390 4900 velut
2417 4861 2613 4900 vanam
2651 4848 3083 4904 observationem
3111 4858 3166 4904 et
3191 4847 3436 4905 inutilem
3482 4848 3815 4904 consuetudi-

2243 4951 2367 4991 nem
2397 4938 2718 5009 despiciens,
2765 4940 2947 4996 omnia
2989 4942 3376 5012 praetermittit.
3408 4940 3487 4997 Ne
3531 4943 3692 5013 quasi
3734 4954 3817 5012 per

2241 5043 2431 5109 eorum
2457 5030 2874 5088 intercessiones
2903 5031 3103 5102 aliquid
3138 5048 3170 5086 a
3203 5033 3314 5087 Deo
3348 5032 3630 5104 postulare
3653 5032 3818 5087 vidca-

2243 5129 2354 5187 tur,
2402 5123 2598 5192 quibus
2623 5127 2856 5196 seipsum
2887 5125 3126 5196 prmfert,
3157 5126 3371 5181 illorum
3400 5124 3665 5196 reliquias
3695 5123 3817 5181 ossi-

2239 5210 2338 5266 bus
2371 5227 2658 5281 pecorum,
2701 5215 2976 5285 aridisque
3017 5217 3175 5287 lignis
3203 5232 3267 5271 ac
3296 5215 3568 5286 lapidibus
3606 5228 3816 5286 compa-

2239 5301 2441 5369 rando,
2489 5303 2759 5373 lampades
2808 5321 3100 5376 cereosque
3151 5308 3205 5362 in
3256 5306 3499 5362 Ecclesia
3545 5321 3650 5377 per
3688 5305 3819 5360 diem

2237 5392 2437 5460 lucere,
2470 5396 2763 5466 oculosque
2790 5399 2996 5470 orando
3026 5401 3090 5455 ad
3123 5411 3322 5456 terram
3354 5399 3620 5455 inclinare
3647 5398 3820 5471 prohi-

2237 5485 2348 5551 bet,
2385 5488 2540 5557 quasi
2570 5488 2712 5543 Deus
2738 5489 2939 5560 ubique
2969 5508 3074 5545 non
3103 5502 3242 5546 esset
3266 5533 3282 5556 ,
3324 5500 3381 5546 et
3409 5491 3566 5561 quasi
3590 5491 3699 5546 hoc
3725 5491 3818 5544 hu-

2240 5580 2485 5635 militatis
2505 5597 2571 5636 ac
2597 5581 2804 5637 devota:
2831 5585 3092 5639 orationis
3115 5584 3370 5640 indicium
3402 5583 3520 5638 fore
3539 5598 3654 5638 non
3681 5581 3820 5635 vide-

2239 5680 2408 5727 retur.
2436 5671 2570 5728 Cum
2600 5673 2655 5728 in
2683 5674 2974 5747 Evangelia
3009 5675 3076 5732 de
3109 5677 3396 5747 publicano
3428 5675 3632 5747 legitur
3658 5691 3672 5728 :
3714 5669 3818 5726 Nec

2239 5762 2416 5819 oculos
2445 5765 2668 5820 audebat
2698 5767 2767 5821 ad
2795 5767 2979 5822 caelum
3010 5767 3178 5824 levare
3205 5767 3356 5841 (Luc.
3386 5783 3544 5832 xvut,
3565 5765 3680 5839 l0).
3705 5763 3819 5820 Ste-

2235 5855 2551 5927 phanusque
2579 5873 2677 5928 pro
2703 5858 3064 5929 lapidantibus
3087 5875 3146 5918 se
3175 5876 3337 5917 orans
3360 5875 3535 5933 genua
3557 5856 3743 5932 posuit
3765 5852 3817 5910 in

2219 5947 2601 6030 .terram'uct.
2629 5967 2725 6020 vn,
2755 5949 2863 6024 60).
2901 5951 3008 6035 Sed
3027 5962 3082 6011 et
3107 5953 3303 6011 Paulus
3341 5952 3561 6013 Simone
3596 5951 3757 6027 Ἀίδαο
3787 5963 3816 6009 a
