4006 6446
1676 381 2002 441 CARMINA.

3366 387 3471 445 530

199 503 539 565 dmonibus
563 503 617 560 in
640 513 767 560 aera
789 503 1048 561 subvecto
1069 518 1273 576 pronus
1293 505 1361 561 ad
1383 513 1585 561 terram
1605 516 1793 561 orasse
1817 506 1871 569 Α
1894 504 2010 562 haec
2053 503 2254 561 diutius
2290 502 2632 561 dissimulare
2679 520 2785 560 non
2827 505 3163 571 debuerant;
3191 518 3365 577 neque
3405 508 3475 564 ad

199 597 551 655 describitur.
582 594 709 651 Haec
732 605 913 652 autem
935 597 1149 652 interim
1175 596 1376 652 dixisse
1396 596 1648 653 sufficiat.
1674 594 1790 653 Cae-

196 699 321 747 tera
342 704 475 745 vero
500 703 663 759 quam
688 687 921 758 plurima
949 704 1069 760 quae
1104 704 1202 760 per
1231 690 1365 745 alios
1402 688 1587 745 fideles
1614 690 1790 745 homi-

196 798 299 840 nes
325 791 382 838 et
411 796 632 837 veraces
675 781 743 836 ab
769 795 836 835 eo
860 779 1069 851 prolata
1110 781 1390 837 audientes
1423 791 1477 837 et
1514 782 1671 836 nobis
1701 796 1791 837 re-

198 875 515 930 nuntiantes
554 872 875 937 didicimus,
921 880 1031 927 tam
1072 873 1235 944 impia
1281 882 1334 928 et
1370 879 1479 927 tam
1523 873 1788 943 sacrilega

198 968 503 1033 habentur,
552 974 611 1020 ut
639 966 851 1021 animus
887 954 1229 1022 Christianus
1252 966 1335 1021 vel
1361 981 1423 1020 ea
1451 965 1648 1020 litteris
1678 973 1788 1019 tra-

200 1062 353 1126 dere,
385 1060 468 1114 vel
513 1058 634 1114 aliis
676 1057 883 1113 referre
915 1066 1126 1112 recuset
1168 1065 1223 1111 et
1269 1065 1548 1126 cxpaveat.
1581 1054 1786 1109 Idcirco

202 1152 295 1207 illa
328 1151 562 1205 scribere
597 1150 907 1205 omittentes
941 1149 1008 1203 ad
1043 1148 1241 1211 verba,
1275 1146 1644 1201 tantummodo
1674 1160 1786 1201 sua;

200 1243 446 1314 epistolze
471 1240 793 1312 respondere
814 1240 1140 1295 curavimus.
1167 1239 1393 1308 Propter
1417 1238 1575 1293 istam
1604 1244 1786 1291 autem

202 1335 609 1389 insanissimam
659 1330 1073 1402 perversitatem
1125 1332 1305 1386 renuit
1352 1330 1418 1384 ad
1465 1336 1789 1384 conventum

200 1437 492 1479 occurrere
543 1424 957 1493 episcoporum,
1006 1438 1207 1477 vocans
1256 1422 1471 1477 illorum
1524 1419 1789 1491 synodum

199 1531 373 1588 congr
407 1516 677 1591 gationem
699 1515 997 1573 asinorum.
1015 1515 1122 1572 Sed
1144 1515 1221 1571 illi
1246 1515 1470 1570 nimium
1496 1513 1787 1584 patientes,

1893 595 2089 651 damna
2116 596 2418 651 animarum
2438 596 2760 652 cumulanda
2781 605 2837 652 et
2856 612 3113 652 cancrum
3134 596 3475 655 mortiferum

1892 687 2258 753 nutriendum,
2292 686 2386 742 tali
2416 696 2533 742 erat
2560 688 2890 759 parcendum
2912 686 3143 753 homini,
3173 687 3287 757 qui,
3311 696 3372 743 ut
3396 689 3475 744 ait

1891 778 2203 850 Apostolus,
2225 778 2338 835 Deo
2360 794 2467 834 non
2490 779 2687 850 placet,
2710 789 2766 834 et
2780 778 3029 834 omnibus
3049 778 3357 834 hominibus
3380 778 3478 835 ad-

1894 876 2159 924 versatur.
2211 868 2323 940 Ego
2361 884 2492 924 vero
2536 872 2605 925 ob
2649 871 2843 926 divina:
2886 872 3065 928 crucis
3108 879 3473 943 contemptum

1894 959 2108 1025 zelans,
2135 967 2190 1015 et
2228 960 2450 1016 zelando
2480 971 2804 1027 commotus,
2826 963 3329 1035 blasphemiamque
3353 978 3473 1019 san-

1894 1061 2107 1107 ctorum
2140 1052 2304 1106 surda
2335 1054 2465 1107 aure
2494 1054 2731 1109 transire
2752 1056 3031 1125 nequiens,
3054 1055 3177 1124 quia
3203 1054 3476 1110 membro-

1894 1158 2014 1197 rum
2040 1141 2325 1212 despectus
2353 1144 2421 1197 ad
2448 1145 2642 1214 capitis
2680 1146 2763 1200 sui
2804 1147 3067 1201 redundat
3106 1146 3379 1216 injuriam,
3409 1160 3475 1201 eo

1893 1235 2133 1291 dicente:
2167 1234 2270 1301 Qui
2293 1254 2379 1291 vos
2401 1240 2617 1307 spernit,
2634 1257 2714 1294 me
2736 1242 2931 1312 spernit
2958 1240 3107 1311 (Luc.
3132 1256 3186 1305 χ,
3212 1239 3323 1311 16).
3349 1239 3475 1296 Haec

1892 1342 2064 1397 pauca
2092 1329 2159 1384 de
2186 1329 2391 1383 sanctis
2417 1329 2569 1384 libris
2598 1346 2899 1396 assumens,
2927 1332 3112 1403 collegi
3136 1374 3149 1396 ,
3182 1333 3226 1387 si
3254 1346 3473 1386 necesse,

1892 1418 2057 1474 fuerit
2102 1419 2168 1474 ad
2216 1420 2575 1476 resistendum
2612 1422 2861 1489 diabolo,
2895 1422 3111 1479 Christo
3154 1423 3470 1494 opitulante,

1892 1511 1980 1567 his
2016 1510 2143 1578 alia,
2168 1520 2331 1583 prout
2358 1513 2473 1584 ipse
2504 1513 2734 1581 dederit,
2760 1513 3130 1584 adjuncturus.

208 1660 3453 1689 *ψ’-Μ

1126 1804 1754 1921 DUNGALI
1840 1801 2519 1919 CARMINA.

1178 2027 1439 2091 (Martem,
1464 2026 1680 2092 smptiss.
1703 2024 1929 2089 Collect.,
1953 2029 2075 2077 tom.
2100 2026 2327 2091 VI,’psg.
2350 2026 2484 2091 811.)

626 2240 931 2299 CARMINA
969 2240 1015 2307 I,
1044 2239 1110 2308 II,
1140 2240 1228 2306 III,
1261 2240 1352 2297 IV.

713 2349 778 2389 DE
812 2348 1021 2390 CAROLO
1059 2348 1258 2389 IACNO.

352 2422 514 2500 (Vide
538 2422 860 2499 Patrologia:
897 2434 1025 2480 tam.
1058 2421 1289 2490 XCVIII,
1316 2422 1419 2478 col.
1452 2419 1635 2490 1M5.)

748 2609 939 2666 Versus
969 2610 1038 2665 ad
1066 2610 1362 2666 ecclesiam.

195 2707 329 2766 Haec
357 2714 441 2763 est
462 2705 600 2761 mira
628 2703 821 2759 domus
845 2703 996 2757 vario
1022 2702 1235 2773 depicta
1268 2700 1508 2769 metallo,

273 2797 481 2855 Nobilis
512 2796 566 2851 in
594 2793 766 2861 clero,
796 2793 1046 2865 dogmate
1076 2791 1222 2848 ciara
1251 2793 1363 2863 pio.

194 2894 349 2949 Auro
378 2899 517 2948 tecta
547 2890 744 2958 nitent,
772 2890 957 2962 paries
986 2898 1277 2961 argenteus
1308 2888 1477 2954 albet,

271 2985 352 3040 Ex
380 2984 551 3039 nitido
577 2997 764 3055 pressa
798 2996 1072 3038 marmore
1099 2989 1245 3037 terra
1274 2979 1460 3051 gemit.

196 3076 327 3133 Ilaec
358 3077 594 3132 formosa
624 3077 837 3142 domus,
869 3077 1046 3132 victor
1068 3088 1399 3145 cognoscere
1426 3069 1617 3141 debes,

273 3171 510 3244 Corpora
536 3181 847 3227 sanctorum
879 3172 1120 3227 continet
1148 3186 1256 3225 una
1286 3168 1471 3225 trium.

950 3284 1041 3340 VI.

753 3377 935 3432 Versus
967 3378 1035 3431 ad
1069 3378 1257 3448 fontes.

197 3469 301 3527 Hic
331 3470 451 3527 fons
479 3470 714 3543 irriguus
741 3471 927 3526 vitalia
958 3472 1098 3527 dona
1129 3471 1426 3535 ministrat,

265 3562 334 3618 Et
365 3577 633 3619 renovans
659 3562 883 3633 populos
912 3563 1078 3617 mittit
1110 3563 1175 3617 ad
1207 3570 1355 3617 astra
1387 3561 1517 3615 Deo.

194 3653 280 3711 En
311 3655 385 3708 ibi
423 3652 672 3709 Christus
703 3655 871 3717 adest,
909 3654 1002 3725 qui
1034 3654 1192 3723 primi
1224 3652 1388 3707 fontis
1416 3652 1569 3723 origo

274 3746 468 3803 Abluit
498 3763 656 3802 omne
681 3748 875 3813 scelus,
905 3758 1101 3818 purgat
1126 3755 1181 3802 ct
1211 3761 1369 3802 omne
1399 3744 1572 3800 nefas.

198 3842 421 3898 Currite
452 3856 617 3907 nunc,
649 3842 822 3912 pueri,
849 3841 916 3897 ad
946 3839 1136 3896 latices
1160 3840 1442 3910 undasque
1463 3846 1707 3897 sacratas

268 3930 535 3988 Sardibus
566 3932 836 3989 immersis
863 3947 1091 3988 munera
1121 3931 1255 3987 ferte
1279 3931 1414 3988 Deo.

930 4041 1036 4099 VII.

690 4135 881 4191 Versus
906 4138 975 4190 ad
1002 4138 1305 4207 fenestram.

206 4226 287 4283 Ne
317 4225 487 4281 David
520 4227 801 4298 grabatum
836 4236 1070 4283 tentator
1094 4228 1320 4284 callidus
1352 4229 1537 4295 intret,

276 4321 535 4394 Signetur
567 4320 777 4375 Domini
816 4321 919 4376 ista
956 4320 1196 4377 fenestra
1224 4337 1422 4386 manu;

204 4414 459 4485 Quadrus
480 4413 745 4485 evangelii
776 4413 1033 4471 defendat
1062 4430 1318 4471 numerus
1348 4431 1508 4471 omne

280 4506 487 4576 Corpus
514 4515 571 4562 et
595 4506 821 4564 interius
846 4508 1222 4579 cunctipotens
1246 4506 1503 4568 animam.

933 4620 1060 4675 VIII.

743 4711 935 4770 Versus
966 4714 1034 4767 ad
1064 4716 1276 4769 ostium.

203 4805 309 4874 Qui
341 4801 628 4877 Egyptios
649 4806 771 4875 agni
799 4805 1000 4861 dudum
1025 4808 1089 4861 de
1120 4805 1382 4878 sanguine
1404 4813 1589 4877 postes
1632 4834 1633 4837 η

278 4897 551 4971 Signavit,
580 4907 795 4955 nostros
815 4898 993 4970 signet
1018 4907 1073 4953 et
1100 4899 1216 4969 ipse
1243 4897 1410 4955 Deus.

952 5009 1045 5065 IX.

649 5102 840 5157 Versus
877 5103 946 5157 ad
976 5104 1345 5159 ministerium.

200 5195 309 5266 Qui
334 5211 404 5251 ex
442 5195 579 5251 duro
612 5194 803 5251 latices
826 5194 990 5267 jussit
1016 5194 1315 5265 producere
1342 5211 1495 5263 saxo,

274 5289 375 5345 IIic
396 5288 588 5361 jubeat
610 5303 807 5361 purum
838 5287 1063 5343 fundere
1094 5302 1234 5358 saepe
1261 5303 1491 5343 merum.

199 5378 288 5436 Sit
317 5380 415 5435 tibi
444 5394 653 5435 summa
683 5378 829 5435 salus
856 5392 1069 5448 semper
1096 5379 1215 5434 sine
1242 5377 1349 5434 ﬁne
1372 5379 1551 5443 beata,

198 5474 318 5530 Hoc
343 5482 498 5544 optat
527 5472 722 5528 Martin
752 5479 1057 5541 vestraeque
1083 5470 1273 5526 salutis
1304 5481 1535 5536 amator,

197 5566 455 5622 Assiduis
495 5565 783 5621 Dominum
821 5563 1181 5635 precibusque
1220 5562 1525 5633 p0poscerit
1556 5562 1777 5618 almum.

201 5655 605 5727 Eternamque
628 5656 789 5712 simul
812 5655 975 5720 faciat
1000 5664 1051 5711 te
1074 5669 1289 5710 sumere
1311 5654 1546 5726 palmam

202 5747 439 5806 Pectore
469 5764 593 5805 nam
621 5763 759 5820 puro
793 5748 1080 5803 Dominum
1108 5756 1329 5819 portare
1355 5755 1628 5803 memento

207 5842 286 5900 Ut
314 5842 470 5899 illum
489 5843 675 5901 valeas
695 5850 964 5901 rectorem
987 5855 1205 5911 semper
1228 5840 1448 5909 habere,
1478 5849 1584 5896 etc.

1814 2243 1862 2303 B

2643 2238 2710 2297 Χ.

2047 2332 2391 2426 Epitaphium
2434 2352 2661 2410 Folradi
2690 2353 2918 2427 (abbatis
2946 2355 3009 2413 S.
3034 2356 3318 2433 Dionysii).

1888 2467 2043 2525 Felix
2082 2467 2174 2522 illa
2214 2468 2497 2523 hominum
2527 2476 2613 2523 est
2638 2483 2789 2524 mors
2823 2478 2878 2524 et
2908 2471 3149 2539 pretiosa
3184 2474 3471 2538 bonorum,

1961 2558 2146 2615 Gloria
2174 2574 2337 2630 quam
2364 2560 2631 2630 sequitur,
2667 2560 2803 2625 vita,
2840 2560 3118 2631 salusque,
3152 2565 3327 2633 quies.

1890 2651 1993 2720 Qui
2023 2651 2258 2723 patriam
2289 2659 2543 2722 repetunt
2571 2651 2883 2722 linquentes
2910 2662 3097 2708 extera
3124 2655 3333 2718 mundi,

1957 2740 2087 2797 Post
2114 2741 2343 2797 miseros
2368 2740 2547 2797 luctus
2571 2742 2766 2812 gaudia
2791 2741 2948 2812 longa
2981 2750 3188 2798 tenent.

1888 2832 1967 2888 Ex
1997 2848 2229 2903 quorum
2258 2848 2485 2889 numero
2513 2834 2694 2889 clarus
2715 2834 2829 2905 jam
2856 2833 2981 2904 jure
3012 2836 3266 2892 sacerdos

1954 2922 2197 2994 Corpore
2227 2924 2475 2994 deposito
2500 2925 2605 2980 hoc
2624 2923 2773 2993 jacet
2801 2925 2856 2979 in
2885 2926 3113 2980 tumulo.

1885 3013 2076 3071 Clarus
2102 3016 2195 3086 qui
2221 3016 2433 3071 meritis
2454 3016 2596 3082 vitae,
2631 3031 2743 3088 spe,
2773 3018 2996 3073 nomine
3030 3016 3190 3085 fulsit,

1958 3108 2228 3164 Virtutum
2256 3108 2445 3174 radiis,
2473 3107 2731 3179 splendor
2756 3108 2956 3181 ubique
2986 3111 3120 3166 suis.

1885 3198 1987 3269 Qui
2012 3200 2281 3271 probitate
2306 3209 2462 3270 pater
2482 3200 2586 3255 fuit
2615 3202 2870 3257 omnibus
2897 3210 3059 3274 atque
3090 3202 3366 3275 magister,

1951 3294 2077 3350 Illos
2105 3303 2223 3349 arte
2252 3310 2501 3362 monens,
2532 3295 2637 3352 hos
2663 3297 2868 3367 pietate
2896 3314 3109 3370 regens.

1888 3386 2145 3442 Ecclesia:
2174 3387 2371 3453 cultor,
2404 3387 2585 3443 fautor
2609 3404 2916 3460 peregrum,
2945 3392 3088 3445 ultor
3116 3400 3386 3464 egenlum.

1961 3476 2225 3533 Proderat
2253 3494 2350 3534 ore
2378 3480 2589 3534 cunctis
2616 3480 2703 3535 hic
2731 3481 2931 3551 pietate
2960 3483 3074 3551 pari
3103 3501 3115 3535 :

1812 3607 1857 3670 Ο
1887 3569 2116 3640 Eloquio
2141 3571 2332 3636 dulcis,
2365 3571 2523 3629 factis
2550 3573 2773 3643 probus,
2811 3589 2906 3629 ore
2935 3591 3177 3641 serenus,

1960 3662 2184 3718 Pectore
2208 3671 2486 3729 nectareo,
2513 3673 2797 3734 promptus
2825 3665 2893 3719 ad
2922 3682 3081 3722 omne
3108 3668 3327 3723 bonum.

1890 3753 1996 3811 Sed
2024 3756 2149 3826 quia
2189 3765 2397 3811 certum
2438 3767 2521 3813 est
2550 3766 2605 3813 te
2632 3758 2869 3829 palmam
2906 3763 3172 3818 meruisse
3221 3770 3471 3835 patrone,

1954 3846 2062 3905 Pro
2086 3849 2376 3920 peregrino
2397 3864 2485 3906 me
2509 3866 2677 3923 posco
2700 3867 2928 3922 precare
2952 3860 3065 3909 tuo.

2610 3986 2702 4043 XI.

2044 4080 2387 4153 Epitaphium
2417 4081 2668 4153 Fardul/i
2698 4081 2925 4154 (abbatis
2950 4082 3009 4139 S.
3040 4082 3321 4156 Dionysii).

1885 4194 1987 4262 Qui
2013 4195 2215 4266 pietate
2245 4204 2419 4265 pater,
2451 4204 2657 4267 pastor,
2687 4212 2928 4266 curaque
2954 4196 3235 4266 magister,

1955 4286 2324 4355 Tranquillus,
2354 4286 2620 4357 placidus,
2652 4295 2939 4358 promptus
2969 4287 3036 4341 ad
3059 4302 3218 4342 omne
3244 4286 3469 4353 bonum,

1888 4377 2145 4434 Ecclesia
2172 4378 2371 4444 cultor,
2398 4377 2583 4450 largus
2610 4379 2901 4434 miserator
2927 4394 3156 4451 egenum

1950 4470 2237 4528 Fardulfus
2268 4472 2445 4529 fuerat
2474 4488 2488 4527 :
2519 4474 2621 4531 hoc
2638 4471 2785 4543 jacet
2807 4473 2862 4529 in
2890 4474 3118 4542 tumulo,

1886 4562 1945 4619 In
1968 4562 2075 4618 hac
2102 4563 2217 4619 aede
2246 4562 2343 4619 Dei
2368 4564 2483 4619 tolli
2508 4565 2598 4635 qui
2628 4563 2846 4621 nomine
2870 4562 3019 4621 claro

1953 4655 2199 4714 Eternis
2225 4658 2429 4715 meruit
2450 4658 2700 4715 laudibus
2725 4666 2783 4714 et
2806 4657 3082 4730 precibus.

2620 4768 2734 4825 XII.

2513 4858 2619 4913 Alii
2644 4875 2845 4914 versus.

1810 4982 1861 5042 ι)
1886 4972 2101 5044 Egregii
2123 4986 2378 5042 proceres
2405 4971 2719 5027 Clotharius
2745 4987 2811 5027 ac
2838 4971 3194 5045 Dagobertus,

1890 5063 2059 5117 Filius
2086 5072 2142 5117 et
2168 5071 2325 5133 pater
2352 5063 2443 5118 hic
2471 5072 2842 5119 memorantur
2864 5064 3021 5120 laude
3046 5064 3289 5135 perenni.

1889 5153 1995 5209 Sed
2020 5153 2193 5224 magis
2223 5153 2508 5209 ecclesiam
2540 5155 2734 5211 ditavit
2760 5155 2903 5211 hanc
2928 5155 3266 5225 Dagobertus

1886 5245 2023 5301 Cum
2058 5244 2347 5302 Nanthilde
2377 5262 2475 5303 sua
2505 5263 2666 5319 quem
2696 5255 2967 5304 exornant
2993 5260 3158 5301 aurea
3181 5245 3358 5301 busta.

2598 5358 2729 5415 XIII.

2425 5451 2561 5507 Item
2594 5450 2689 5505 alii
2722 5466 2923 5506 versus.

1883 5562 2097 5637 Efﬁgies
2119 5578 2309 5638 regum
2336 5565 2428 5619 hic
2451 5573 2508 5620 et
2532 5564 2749 5618 nomina
2778 5562 2936 5618 clara’
2948 5562 3216 5637 refulgent

1884 5656 2148 5727 Ρηθείρυί
2173 5656 2351 5711 Caroli
2375 5663 2430 5708 et
2458 5653 2673 5723 Pippini
2700 5652 2855 5709 fortis
2882 5653 3106 5722 alumni,

1885 5747 2134 5820 Optimus
2158 5749 2433 5819 Augustus
2456 5761 2669 5802 summo
2697 5761 2804 5815 quo
2828 5755 2979 5819 patre
3006 5760 3253 5806 coruscat

1887 5842 2086 5911 Caesar,
2119 5856 2278 5911 quem
2305 5841 2513 5912 peperit
2539 5840 2699 5895 Berta
2727 5841 3088 5910 pulcherrima
3116 5836 3311 5899 matei';
