4006 6446
249 326 372 394 83³1·

1287 324 1613 389 ΒἸἍἸἯΤΑ
1650 325 1794 389 PRO
1826 324 2176 390 IONACHJS
2216 324 2393 387 SUIS.

3386 324 3496 389 538

247 459 369 508 tres.
417 440 547 502 Aliae
565 453 704 501 vero
727 444 1086 505 necessitates
1119 459 1258 518 quas
1291 443 1477 504 clerici
1507 445 1688 504 facere
1712 447 1804 505 de-
1830 449 1878 511 Α
1909 446 2154 510 Domini,
2199 445 2260 502 s.
2291 442 2685 516 Theopnaniae,
2732 440 2896 501 Missa
2925 440 3139 500 domum
3170 439 3453 506 Balthtldae
3481 487 3501 518 ,

249 545 402 604 bent,
449 551 546 609 per
587 535 864 608 pulsantes
895 538 1045 595 flant.
1105 538 1173 595 Et
1221 540 1342 595 ideo
1380 554 1606 596 necesse
1641 549 1724 596 est
1750 550 1811 596 ut

250 633 376 691 tales
399 630 466 686 ibi
492 639 786 700 ponantur,
814 633 903 702 qui
928 649 1118 689 omnes
1144 633 1498 689 necessitates
1523 633 1812 690 interiores

250 729 412 784 facere
435 724 662 795 possint.
685 734 741 779 et
768 725 834 780 de
863 725 1064 782 familia
1095 735 1278 782 nostra
1301 727 1441 792 sint;
1472 741 1574 781 nec
1599 735 1812 781 contra-

250 818 417 874 dicere
446 814 736 886 quidquam
768 816 1024 882 audeant,
1057 826 1111 871 et
1130 817 1287 888 juxta
1316 817 1459 887 quod
1487 831 1606 871 esse
1636 823 1814 886 potest

247 921 302 969 ut
321 909 572 968 ofﬁciales
597 910 726 977 sint,
749 920 804 967 et
830 911 896 966 de
923 913 1040 981 ipso
1065 908 1267 973 officio,
1292 907 1378 964 vel
1408 907 1667 978 religione
1692 923 1808 972 sua,

246 1013 358 1078 post
387 1004 732 1076 praepositum
772 1013 828 1059 et
863 1002 1159 1065 decanum,
1203 1001 1272 1056 ad
1314 999 1595 1057 custodem
1639 998 1814 1055 sancti

245 1096 453 1153 Joannis
482 1096 780 1166 respiciant
805 1113 817 1149 :
853 1110 956 1152 nec
979 1095 1202 1150 omnino
1229 1093 1348 1148 sine
1377 1091 1621 1148 custodia
1654 1090 1816 1145 relin-

246 1195 492 1260 quantur,
538 1203 606 1243 ne
646 1195 867 1258 propter
900 1185 1134 1256 aliquam
1173 1184 1564 1256 turpitudinem
1602 1182 1816 1239 illorum

245 1281 419 1352 religio
445 1279 761 1334 monasterii
791 1279 1217 1350 blasphemetnr.

308 1371 436 1426 Item
465 1372 532 1426 de
559 1370 729 1426 laicis.
775 1371 1127 1427 Matricularii
1149 1384 1175 1412 ι
1208 1370 1491 1427 duodecim
1512 1411 1527 1435 ,
1565 1370 1690 1427 laici
1722 1370 1821 1426 tri-

244 1461 400 1534 ginta.
451 1460 533 1515 Ad
564 1462 794 1532 primam
824 1477 1098 1518 cameram
1129 1477 1222 1517 sex
1242 1503 1257 1527 ,
1287 1471 1502 1517 sutores
1531 1470 1673 1527 tres;
1723 1478 1819 1518 ca-

243 1554 423 1610 valarii
474 1556 620 1621 duo;
679 1556 808 1611 fullo
855 1572 1015 1612 unus.
1073 1556 1156 1612 Ad
1205 1558 1498 1613 secundam
1545 1571 1820 1613 cameram

242 1649 664 1719 quatuordecim.
701 1649 776 1705 Ex
801 1649 886 1705 his
907 1650 975 1706 ad
994 1666 1269 1707 cameram
1299 1667 1471 1716 unus;
1507 1649 1645 1706 fabri
1670 1667 1823 1722 gros-

243 1741 364 1796 sarii
396 1756 524 1807 sex;
564 1740 820 1797 auriﬁces
849 1743 982 1810 duo;
1014 1755 1230 1800 sutores
1255 1745 1394 1810 duo;
1427 1745 1649 1800 scutarii
1677 1745 1816 1810 duo;

1911 538 2228 596 Purificatio
2260 536 2317 594 8.
2351 536 2567 602 Mariae,
2618 535 2802 591 Primo
2851 535 2937 592 die
2973 533 3305 604 jejuniorum
3344 538 3496 608 Qua-

1915 631 2232 702 dragesimte
2256 670 2270 694 ,
2319 628 2453 684 adeo
2492 634 2550 681 ut
2588 627 2820 699 spatium
2861 625 3096 680 habeant
3125 626 3505 687 confessiones

1913 739 2042 779 suas
2071 739 2373 788 renovare;
2414 721 2583 777 C(ena
2611 720 2856 784 Domini,
2888 718 3221 784 Parasceve,
3256 720 3504 779 Sabbato

1914 827 2130 885 sancto,
2176 818 2378 886 Quarta
2423 815 2555 872 feria
2605 816 2658 870 in
2703 815 2946 878 Pascha,
2998 815 3359 886 Rogationes,
3403 818 3505 873 tri-

1913 911 2053 975 duo;
2082 910 2344 966 Ascensio
2365 909 2602 974 Domini,
2622 907 2660 964 S
2698 905 2924 963 Joannis
2946 908 3224 979 Baptistze,
3251 908 3310 964 S.
3333 909 3502 976 Petri,

1915 1000 1972 1058 S.
2013 1001 2339 1063 Marcellini,
2381 1000 2440 1056 S.
2471 1001 2734 1066 Firmini,
2769 999 2826 1055 S.
2859 1001 3108 1066 Martini,
3147 999 3205 1056 S.
3240 1001 3501 1069 Andreae,

1915 1095 2110 1166 Vigilia
2143 1093 2347 1151 Natalis
2379 1095 2614 1151 Domini.
2650 1095 2717 1150 Et
2751 1095 2830 1150 illi
2857 1095 2975 1151 dies
3010 1095 3075 1152 de
3105 1103 3340 1167 quatuor
3367 1105 3504 1152 teme

1913 1192 2153 1266 poribus.

2539 1283 2768 1341 CAPUT
2804 1283 2892 1340 III.

1987 1377 2116 1433 Haec
2159 1383 2285 1432 sunt
2334 1390 2456 1446 quae
2502 1376 2716 1432 clericis
2763 1377 2963 1432 nostris
3012 1378 3296 1436 canonicis
3339 1395 3504 1451 supra

1919 1469 2176 1539 scriptis,
2231 1468 2324 1538 qui
2376 1467 2686 1538 specialiter
2731 1467 3015 1538 pulsantes
3064 1469 3340 1536 dicuntur,
3385 1471 3506 1526 dari

1919 1561 2136 1616 debent.
2166 1560 2242 1616 De
2263 1561 2618 1616 vestimento:
2645 1559 2859 1616 tunicas
2882 1561 3018 1617 duas
3037 1561 3190 1619 albas
3212 1572 3268 1618 et
3291 1564 3509 1620 tertiam

1920 1651 1988 1708 de
2017 1651 2124 1707 alio
2151 1652 2373 1708 colore:
2425 1660 2479 1707 et
2523 1651 2724 1724 caligas
2754 1660 3007 1722 quatuor,
3062 1652 3342 1709 femoralia
3375 1655 3507 1723 duo,

1924 1761 2116 1803 soccos
2147 1745 2378 1801 filtrinos
2397 1744 2424 1785 ἀ
2453 1745 2610 1811 duos,
2643 1745 2940 1803 calcearios
2971 1755 3206 1816 quatuor
3230 1762 3354 1802 cum
3380 1745 3511 1803 solis

238 1833 669 1904 pergaminarius
696 1849 868 1900 unus;
916 1835 1220 1890 saminator
1248 1850 1416 1901 unus;
1465 1832 1656 1890 fusarii
1687 1843 1816 1891 tres.
1848 1821 1896 1882 Β
1927 1841 2078 1895 novis
2105 1880 2121 1904 ,
2171 1839 2416 1910 exceptis
2463 1839 2702 1894 denariis
2746 1847 2869 1895 octo
2919 1839 2989 1894 ad
3035 1839 3466 1896 calceamentum
3489 1879 3508 1907 ,

237 1924 311 1980 Ad
335 1926 552 1981 tertiam
575 1941 870 1991 cameram,
888 1936 1027 1983 tres:
1053 1929 1119 1983 ad
1141 1927 1419 1983 cellarium
1443 1936 1498 1982 et
1517 1929 1822 1999 dispensam

238 2021 464 2093 portarii
496 2022 636 2087 duo;
687 2022 753 2078 ad
783 2023 1001 2077 domum
1031 2006 1368 2078 infirmarum
1414 2039 1580 2087 unus,
1621 2023 1823 2096 gatarii

239 2114 371 2178 duo;
408 2115 476 2168 ad
504 2114 797 2185 lignarium
831 2116 882 2170 in
911 2115 1142 2186 pistrino
1167 2130 1340 2180 unus;
1374 2115 1441 2170 ad
1469 2124 1680 2186 portam
1708 2131 1824 2171 me-

237 2204 448 2261 dianam
478 2221 650 2272 unus;
689 2206 1021 2278 carpentarii
1049 2215 1313 2276 quatuor;
1364 2206 1657 2262 mattiones
1686 2222 1822 2278 qua-

238 2307 379 2363 tuor;
424 2298 624 2355 medici
653 2299 788 2366 duo;
838 2302 906 2355 ad
948 2315 1131 2356 casam
1159 2299 1516 2356 vassallorum
1543 2300 1671 2357 duo.
1723 2301 1820 2357 lsti

237 2400 351 2446 sunt
379 2389 522 2446 infra
553 2392 966 2449 monasterium.

302 2484 400 2542 Isti
431 2503 552 2542 vero
581 2499 730 2542 extra
758 2489 1158 2543 monasterium.
1206 2487 1288 2543 Ad
1325 2486 1588 2543 molinum
1619 2488 1824 2544 duode-

237 2574 334 2631 cim
360 2594 372 2629 :
402 2577 467 2633 ad
498 2578 795 2648 piscariam
826 2593 950 2644 sex;
984 2579 1051 2633 ad
1077 2577 1348 2633 stabulum
1372 2578 1509 2645 duo;
1543 2579 1609 2634 ad
1634 2579 1823 2636 hortos

235 2678 378 2735 octo;
406 2670 471 2725 ad
497 2670 575 2726 Du
585 2671 720 2726 riam
733 2669 763 2711 1³
782 2680 986 2743 septem
1006 2687 1020 2737 ;
1045 2671 1114 2726 ad
1132 2670 1442 2726 arboretam
1463 2685 1661 2727 novam
1682 2671 1819 2740 duo;

235 2758 524 2817 berbicarii
553 2762 689 2828 duo;
722 2763 789 2817 ad
815 2763 1081 2818 vivarium
1109 2763 1368 2834 quinque.

855 2857 1085 2913 CAPUT
1123 2857 1186 2912 ll.

300 2945 390 3003 Isti
424 2957 612 3004 autem
643 2961 767 3004 sunt
795 2950 912 3006 dies
941 2949 1200 3006 tredecim
1220 2991 1232 3013 ,
1271 2949 1325 3006 in
1355 2950 1553 3021 quibus
1583 2949 1662 3006 eis
1695 2965 1822 3020 pro-

238 3052 352 3112 pter
383 3059 628 3100 amorem
677 3044 767 3100 Dei
823 3054 876 3100 et
926 3045 1186 3100 honorem
1227 3054 1539 3102 sanctorum
1567 3045 1776 3102 dierum
1801 3086 1816 3108 ,

237 3146 458 3206 excepto
491 3138 766 3205 provcn'a
814 3151 909 3191 sua
938 3177 952 3200 ,
1003 3137 1047 3191 si
1097 3151 1205 3192 non
1253 3137 1520 3208 amplius,
1562 3137 1648 3191 vel
1695 3135 1820 3192 talis

238 3228 534 3284 consolatio
563 3228 736 3284 dan"a
769 3239 851 3285 est
877 3245 891 3285 :
933 3231 983 3285 id
1015 3239 1097 3286 est
1129 3231 1272 3286 inter
1303 3231 1456 3294 duos,
1494 3231 1650 3300 panis
1678 3246 1819 3286 unus

238 3321 592 3376 vassallorum
639 3321 759 3376 talis
787 3322 879 3392 qui
913 3323 1046 3376 fiunt
1085 3337 1151 3376 ex
1199 3322 1378 3377 modio
1416 3337 1524 3377 uno
1557 3323 1816 3394 triginta;

236 3419 289 3466 et
315 3413 610 3484 unicuique
639 3413 926 3484 cujuslibet
974 3414 1188 3484 generis
1229 3412 1492 3484 pulmenti
1538 3413 1714 3467 media
1758 3413 1823 3467 li-

235 3502 372 3557 bra:
421 3513 477 3559 et
516 3504 807 3573 unicuique
849 3503 1040 3574 plenus
1080 3504 1241 3568 calix,
1277 3504 1323 3558 si
1365 3502 1530 3557 fuerit
1562 3504 1726 3568 unde,
1757 3505 1823 3559 de

233 3595 387 3660 vino,
433 3596 519 3649 sin
565 3605 746 3649 autem
777 3595 842 3651 de
874 3596 1082 3650 cervisa
1121 3595 1371 3649 fratrum.
1426 3593 1691 3650 Nativitas
1719 3595 1825 3650 Do-

236 3687 394 3752 mini,
429 3684 801 3755 Theophania,
836 3687 997 3742 Missa
1029 3688 1240 3760 domum
1267 3685 1578 3752 Balthildre;
1622 3695 1677 3742 et
1706 3688 1824 3759 ipso

233 3778 324 3834 die
349 3778 418 3833 de
447 3779 754 3834 ministerio
783 3779 1104 3844 camerarii;
1137 3778 1455 3834 Puriticatio
1484 3786 1685 3834 sancta:
1714 3778 1825 3834 Ma-

233 3867 362 3932 riae,
411 3866 501 3923 die
547 3867 825 3924 Dominica
874 3869 1089 3924 initium
1132 3868 1607 3940 Quadragesimae,
1653 3868 1823 3926 Coena

232 3959 475 4026 Domini,
497 3960 727 4028 Pascha,
752 3962 1016 4018 Ascensio
1036 3965 1271 4030 Domini,
1294 3963 1634 4032 Pentecoste,
1661 3965 1823 4022 Missa

237 4054 408 4110 sancti
430 4051 654 4110 Joannis
673 4053 950 4127 Baptistae,
981 4054 1153 4111 sancti
1175 4055 1343 4123 Petri,
1368 4058 1541 4113 sancti
1573 4057 1814 4126 Martini,

239 4147 410 4202 sancti
439 4147 690 4202 Andreae.

309 4238 576 4294 Similiter
602 4239 766 4294 etiam
810 4239 900 4296 isti
930 4249 1060 4296 sunt
1084 4241 1201 4297 dies
1230 4241 1428 4312 quibus
1457 4242 1538 4297 eis
1567 4243 1636 4298 ab
1660 4258 1824 4313 opere

239 4325 523 4386 Dominico
548 4340 570 4368 °
600 4329 935 4400 parcendum
967 4340 1050 4386 est
1081 4331 1332 4402 (excepto
1362 4331 1490 4387 illud
1527 4332 1594 4386 ad
1621 4333 1823 4388 victum

239 4421 655 4492 praeparandum
685 4422 983 4494 pertinet):
1021 4421 1287 4478 Nativitas
1331 4423 1564 4491 Domini,
1616 4422 1673 4478 8.
1705 4423 1828 4482 Ste-

238 4511 440 4580 phani,
492 4509 556 4568 8.
599 4509 864 4580 Joannis,
915 4511 1107 4569 Natale
1151 4513 1522 4570 Innocentium
1549 4555 1564 4580 ,
1621 4513 1824 4570 Octaba

308 4651 745 4724 II.-llatrit:ularii.
772 4651 1007 4724 Nomina
1052 4653 1283 4709 obscura
1329 4650 1605 4723 explicare
1647 4655 1826 4724 pergit

237 4721 520 4780 Acherius.
544 4723 911 4785 Matricularii.
939 4725 1312 4794 margttilliers,
1341 4721 1696 4779 ecclesiarum
1724 4721 1820 4779 cit-

241 4797 448 4861 sto.!es,
479 4804 580 4850 aut
610 4795 1110 4858 adtuinistratores,
1149 4796 1262 4850 sive
1293 4803 1456 4849 etiam
1499 4796 1590 4864 qui
1635 4811 1820 4849 curam

274 4877 428 4920 erunt
481 4863 817 4937 pauperum.
854 4865 1146 4929 Cavalarii,
1189 4865 1400 4934 equites
1452 4863 1546 4937 aut
1597 4867 1818 4937 aurigae.

241 4878 428 4987 g’eruut
481 4881 804 4937 pauperum.
854 4878 1146 4929 navatam,
1189 4878 1400 4934 equites
1452 4878 1546 4920 aut
1597 4880 1818 4936 aurtgze.

281 4937 705 5006 ergaminarius,
732 4935 822 5004 qui
850 4951 1237 5006 pergamenum
1260 4944 1438 5006 aptat.
1483 4933 1820 5001 Saminator,

242 5005 670 5076 aut’santiator,
723 5007 815 5076 qui
860 5005 987 5062 eote
1037 5007 1201 5060 acuit.
1256 5005 1467 5060 Fusarii
1517 5006 1680 5059 iidem
1730 5009 1823 5076 qui

245 5072 467 5132 fusores.
519 5072 766 5141 Cararii,
810 5093 946 5147 quos
975 5078 1204 5132 dicimus
1229 5093 1468 5147 gruyers.
1508 5076 1598 5147 qui
1634 5072 1822 5130 neuio-

246 5147 388 5202 ribus
423 5149 676 5206 secandis
713 5157 972 5220 prtesunt.
1011 5148 1318 5214 Mattiones,
1345 5148 1438 5219 qui
1472 5147 1651 5202 edulia
1688 5162 1828 5218 prte-

279 5231 452 5274 arant.

244 5229 611 5359 ῳὶλὲἒλνὶωη.
651 5288 834 5353 Buria,
856 5288 1035 5359 pergit
1057 5287 1343 5354 Acherius,
1370 5287 1521 5343 locus
1543 5289 1632 5359 ubi
1661 5288 1826 5359 lintea

249 5356 590 5422 dealbantur,
632 5376 725 5416 seu
771 5356 956 5414 lixi‘vio
972 5356 1174 5413 sordes
1199 5359 1511 5422 abluuntur,
1540 5357 1658 5412 Gal.
1686 5357 1827 5413 Bue-

250 5429 341 5483 πίε.
381 5433 670 5495 Arboreta,
704 5433 853 5486 locus
880 5431 1166 5484 arboribus
1194 5430 1458 5484 consitus.
1500 5428 1820 5496 Berbicarii,

251 5513 493 5568 pastores
521 5503 724 5567 ovium,
755 5502 982 5572 bergers.
1039 5499 1315 5554 V’ivarium
1364 5500 1453 5554 ubi
1500 5501 1676 5570 pisces
1719 5516 1822 5556 nu-

252 5573 503 5636 triuntur,
539 5575 714 5629 ririer.

321 5652 342 5681 ε
375 5640 419 5698 0
457 5661 543 5699 ere
571 5645 851 5699 dominico.
907 5639 1182 5714 Obsequio
1224 5641 1474 5703 dominis~
1500 5639 1714 5710 debito,
1762 5651 1823 5700 ut

289 5712 384 5767 idit
408 5663 694 5769 cherius.

251 5716 384 5767 vidit
408 5716 694 5771 Acberius.

319 5781 348 5826 σι
372 5781 563 5846 Saccas
589 5785 836 5857 ﬁltrinos.
875 5782 1008 5854 Quae
1042 5783 1147 5842 hoc
1174 5783 1352 5856 capite
1380 5783 1694 5844 obscuriora
1721 5798 1825 5842 no-

1925 1941 2155 1986 vuantos
2193 1931 2368 1996 duos,
2422 1930 2675 1986 mulfolas
2724 1931 2879 1986 duas.
2944 1931 3071 1987 Hmc
3115 1932 3295 1987 omnia
3343 1948 3507 1989 anno.

1924 2022 2162 2094 Cappam
2190 2036 2318 2077 vero
2343 2022 2409 2077 de
2440 2038 2598 2094 sago,
2641 2031 2694 2076 et
2723 2023 2989 2094 pelliciam
3014 2064 3030 2090 ,
3077 2033 3280 2080 cottum
3314 2034 3409 2080 aut
3434 2024 3511 2080 le-

1923 2116 2186 2180 ctarium,
2217 2115 2331 2170 sive
2359 2129 2578 2186 sagum,
2613 2115 2667 2170 in
2702 2116 2864 2171 tertio
2891 2131 3034 2171 anno
3063 2117 3352 2189 accipiant.
3402 2116 3512 2173 Ista

1923 2209 2104 2264 omnia
2134 2207 2202 2262 de
2231 2207 2323 2263 illo
2350 2209 2675 2264 vestimento
2705 2209 2905 2263 debent
2935 2209 3201 2280 accipere,
3231 2208 3376 2280 quod
3406 2209 3512 2265 fra-

1924 2309 2033 2356 tres
2062 2299 2296 2356 redJunt
2323 2300 2450 2355 dum
2481 2301 2759 2370 accipiunt
2785 2315 2982 2356 novum
3008 2342 3023 2366 ,
3072 2309 3129 2356 et
3165 2300 3291 2357 talia
3323 2302 3390 2358 de
3423 2302 3510 2358 his

1924 2391 2194 2465 eligantur
2213 2390 2321 2448 illis
2344 2391 2522 2462 qualia
2552 2392 2785 2448 inveniri
2810 2402 3034 2465 possunt
3063 2394 3301 2450 utiliora.
3340 2393 3510 2450 Caete-

1923 2499 2046 2539 rum
2074 2483 2327 2554 capellae,
2372 2483 2637 2550 broccus,
2681 2484 2798 2540 sive
2836 2482 3044 2539 cuculla
3086 2484 3152 2539 de
3193 2499 3326 2555 sago
3365 2483 3508 2540 unde

1923 2578 2158 2634 hroccus
2185 2576 2302 2633 ﬁeri
2331 2577 2522 2648 possit,
2552 2578 2620 2632 ad
2647 2577 2930 2632 arbitrium
2957 2576 3156 2647 prioris
3180 2576 3303 2632 erit.

2536 2668 2766 2726 CAPUT
2803 2669 2892 2725 1V.
3363 2675 3366 2678 ’

1995 2759 2392 2816 Constituimus
2436 2760 2503 2816 ad
2552 2759 2876 2832 hospitalem
2923 2775 3222 2832 pauperum
3271 2763 3512 2832 quotidie

1927 2851 2057 2908 dare
2076 2868 2244 2922 panes
2265 2852 2329 2907 de
2351 2853 2588 2907 mixtura
2610 2863 2634 2892 ο
2661 2852 2850 2917 factos,
2875 2853 3230 2924 quadraginta
3249 2855 3512 2926 quinque,

1923 2941 2182 2996 librarum
2211 2941 2374 2996 trium
2397 2951 2453 2996 et
2475 2941 2728 3006 dimidiae,
2754 2952 2807 2997 et
2834 2943 2900 2998 de
2930 2942 3203 2999 frumento
3227 2945 3311 2999 vel
3342 2947 3514 3018 spelta

1922 3047 2092 3104 panes
2122 3033 2394 3103 quinque,
2441 3034 2632 3104 quales
2658 3033 2878 3089 vassalli
2922 3034 3229 3106 accipiunt,
3276 3045 3337 3091 ut
3379 3039 3514 3093 fiant

1923 3128 2085 3184 simul
2115 3127 2529 3200 quinquaginta.
2576 3128 2682 3199 Ipsi
2712 3144 2842 3183 vero
2867 3144 3038 3201 panes
3067 3131 3172 3186 isto
3202 3131 3362 3186 modo
3391 3147 3514 3202 par-

1931 3222 2156 3286 tiantttr,
2184 3229 2246 3275 ut
2271 3221 2555 3276 duodecim
2583 3237 2870 3292 pauperes,
2896 3223 2986 3292 qui
3015 3238 3177 3294 supra
3203 3233 3414 3280 noctem
3441 3223 3514 3280 ibi

1931 3320 2175 3376 manent,
2198 3311 2467 3382 accipiant
2496 3311 2690 3383 singuli
2715 3313 3086 3383 unusquisque
3114 3329 3308 3384 panem
3333 3331 3512 3382 suum,

1930 3417 1986 3465 et
2014 3409 2068 3463 in
2097 3407 2393 3463 crastinum
2424 3407 2794 3477 unusquisque
2822 3407 2888 3461 ad
2916 3407 3176 3462 viaticum
3205 3407 3510 3463 dimidium.

1932 3503 2278 3574 Hospitalarii
2307 3511 2486 3558 autem
2515 3504 2642 3568 duo,
2673 3503 2764 3573 qui
2796 3503 2870 3559 ibi
2899 3502 3232 3566 deserviunt,
3259 3502 3326 3557 de
3351 3516 3515 3572 supra

1933 3595 2133 3664 scripto
2184 3610 2412 3650 numero
2459 3593 2832 3664 unusquisque
2877 3607 3070 3664 panem
3118 3608 3284 3647 unum
3322 3610 3336 3646 :
3388 3605 3516 3647 nam

1914 3693 2101 3758 'panes
2132 3687 2372 3758 quinque
2411 3685 2752 3740 frumentacii
2792 3687 2988 3741 debent
3023 3684 3216 3757 partiri
3250 3685 3394 3741 inter
3418 3699 3517 3756 pe-

1933 3780 2180 3850 regrinos
2230 3779 2458 3834 clericos
2502 3779 2593 3848 qui
2644 3778 2697 3833 in
2746 3777 3092 3834 refectorium
3137 3777 3410 3833 ducuntur
3447 3776 3518 3834 ad

1931 3871 2227 3938 viaticum,
2274 3880 2331 3927 et
2369 3870 2615 3926 infirmos
2641 3871 2736 3942 qui
2769 3871 2842 3927 ibi
2872 3878 3251 3927 sustentantur
3279 3889 3292 3926 :
3342 3871 3516 3942 ipsam

1931 3971 2114 4019 tamen
2153 3963 2590 4020 distributionem
2626 3978 2829 4034 panum
2859 3963 3087 4020 arbitrio
3119 3965 3514 4020 committimus

1929 4056 2302 4128 hospitalarii;
2335 4072 2398 4112 ea
2418 4056 2670 4114 videlicet
2698 4057 2925 4123 ratione,
2949 4065 3008 4111 ut
3035 4057 3080 4112 si
3101 4057 3313 4113 venerit
3340 4054 3515 4123 major

1931 4165 2190 4204 numerus
2219 4163 2516 4219 pauperum
2538 4190 2552 4214 ,
2589 4157 2681 4203 aut
2709 4149 2831 4219 plus
2859 4156 2954 4202 aut
2981 4149 3159 4202 minus
3188 4148 3513 4217 indigentes,

1933 4239 2074 4294 sicut
2103 4249 2229 4294 sunt
2257 4240 2434 4294 inedia
2463 4238 2691 4303 defecti,
2735 4247 2827 4292 aut
2863 4239 3074 4310 pueruli
3110 4239 3354 4310 parvuli,
3400 4240 3517 4312 ipse

1933 4331 2250 4396 discernat,
2289 4330 2447 4399 juxta
2493 4331 2635 4402 quod
2663 4339 2898 4402 oportet.
2950 4330 3104 4398 Quod
3143 4333 3189 4386 si
3228 4332 3519 4405 contigerit

1934 4422 2116 4492 aliquo
2148 4430 2388 4492 tempore
2419 4421 2600 4478 minus
2625 4423 2811 4478 venire
2841 4436 3134 4494 pauperes,
3182 4425 3298 4494 ipse
3333 4424 3516 4497 hospi-

1935 4515 2179 4582 talarius,
2211 4523 2267 4570 et
2298 4515 2559 4586 magister
2583 4513 2699 4584 ejus
2730 4516 2913 4570 senior
2940 4516 3216 4588 portarius
3236 4557 3251 4583 ,
3299 4516 3353 4572 in
3396 4532 3512 4572 tne-

1930 4654 2073 4709 mina
2102 4660 2417 4718 occurrunt,
2448 4653 2523 4724 ita
2553 4652 2940 4724 interpretatur
2965 4651 3252 4724 Acherius.
3308 4651 3464 4709 Socci
3491 4695 3507 4720 ,

1929 4741 2098 4795 genus
2129 4723 2505 4787 calceamenti,
2537 4722 2655 4779 Gal.
2687 4722 2871 4796 suque:
2905 4738 2923 4777 :
2961 4723 2997 4778 ii
3029 4725 3230 4796 debent
3276 4740 3395 4779 esse
3442 4739 3508 4780 ex

1930 4797 2092 4860 Iiltro,
2122 4797 2223 4850 hoc
2250 4804 2354 4857 est,
2384 4795 2642 4863 grossiori
2673 4795 2874 4865 panno,
2903 4811 3063 4865 quem
3092 4795 3263 4864 feutre
3290 4803 3506 4849 vocant.

1930 4867 2091 4930 Solae,
2122 4868 2441 4936 pantouﬂes.
2461 4865 2692 4936 _Vuanti,
2722 4867 2841 4936 sive
2869 4866 3076 4934 guanti,
3104 4875 3274 4935 gaius.
3314 4865 3507 4936 Iisdem

1928 4934 2610 5008 adjnng‘unturmulfolae,
2662 4935 2796 4990 alias
2848 4934 3124 5001 mulfulze,
3175 4935 3510 5008 quas__dicas

1931 5003 2184 5078 mouﬂfes,
2206 5006 2586 5078 aututitaines,
2610 5017 2664 5061 et
2687 5015 2812 5061 sunt
2839 5008 3170 5062 chirothecae
3195 5003 3506 5078 ampliores.

1933 5074 2194 5148 Sequitur
2221 5074 2455 5146 pellicia,
2488 5093 2608 5147 que
2638 5078 2854 5132 videtur
2879 5089 2972 5132 aut
3003 5078 3167 5131 vestis
3197 5089 3227 5128 e
3257 5074 3506 5148 pellibus,

1928 5143 2114 5219 vulgo,
2143 5143 2424 5219 pellisson,
2469 5143 2561 5201 aut
2591 5163 2712 5218 qua:
2738 5149 2940 5204 dicitttr
2970 5161 3232 5219 animasse.
3260 5143 3502 5219 Cottum

1929 5215 2086 5296 vero,
2117 5215 2259 5290 quod
2293 5218 2434 5296 idem
2464 5215 2666 5296 dicitur
2691 5219 2971 5274 lectarium
3004 5218 3118 5296 sive
3147 5230 3358 5296 sagum,
3392 5215 3505 5284 pal-

1929 5289 2060 5344 lium
2089 5285 2172 5346 est
2198 5289 2542 5359 quadratum,
2573 5293 2686 5347 sive
2717 5289 3127 5359 coopertorium
3147 5285 3300 5340 lectis
3330 5285 3506 5359 inser-

1928 5361 2101 5415 viens.
2151 5355 2397 5430 Capella,
2428 5377 2611 5432 cappm
2641 5355 3038 5414 diminutivum.
3087 5355 3359 5420 Hroccus,
3391 5357 3508 5432 sive

1929 5432 2172 5498 cuculla,
2218 5428 2384 5487 vestis
2427 5428 2841 5500 esi-suprema,
2893 5443 3013 5498 quae
3061 5436 3232 5482 totum
3267 5443 3296 5480 a
3330 5428 3506 5498 capite

1928 5517 2127 5576 corpus
2157 5505 2307 5576 tegit,
2339 5513 2500 5572 atque
2526 5503 2652 5576 inde
2662 5500 2873 5576 factum
2900 5508 2984 5576 est
3013 5500 3313 5576 rochetum.
3375 5559 3377 5562 ,

2003 5567 2040 5614 θ’
2055 5575 2127 5630 De
2155 5567 2428 5629 ηιῖεειιιναξ
2447 5576 2593 5640 Quos
2622 5569 2851 5625 dicimus
2890 5570 2954 5625 de
2981 5569 3151 5626 méteil
3172 5610 3189 5636 ,
3232 5567 3507 5625 miscellos

1925 5661 2112 5718 panes.
2159 5645 2344 5715 Spelta
2369 5659 2500 5702 vero
2525 5640 2787 5699 frumenti
2824 5655 3024 5712 genus;
3064 5641 3504 5718 quidam_viciam

1925 5717 2218 5792 appellant.
