  <div class='ocr_page' id='page_1' title='image "/cluster/home/n/w/nwhite01/storage/ocr_20150623/105/hvd.32044021109350/273.png"; bbox 0 0 4006 6454; ppageno 0'>
   <div class='ocr_carea' id='block_1_1' title="bbox 492 309 2055 390">
    <p class='ocr_par' dir='ltr' id='par_1_1' title="bbox 492 309 2055 390">
     <span class='ocr_line' id='line_1_1' title="bbox 492 309 2055 390; baseline -0.006 0"><span class='ocrx_word' id='word_1_1' title='bbox 492 309 600 390; x_wconf 65' lang='lat' dir='ltr'><strong>est</strong></span> <span class='ocrx_word' id='word_1_2' title='bbox 1442 326 1502 385; x_wconf 90' lang='lat' dir='ltr'><strong>s.</strong></span> <span class='ocrx_word' id='word_1_3' title='bbox 1539 315 2055 384; x_wconf 64' lang='lat' dir='ltr'><strong>Autumn!</strong></span> 
     </span>
    </p>
   </div>
   <div class='ocr_carea' id='block_1_2' title="bbox 2159 309 3767 390">
    <p class='ocr_par' dir='ltr' id='par_1_2' title="bbox 2159 314 3767 387">
     <span class='ocr_line' id='line_1_2' title="bbox 2159 314 3767 387; baseline 0.002 -6"><span class='ocrx_word' id='word_1_4' title='bbox 2159 320 2733 383; x_wconf 65' lang='lat' dir='ltr'><strong>&quot;ranas</strong></span> <span class='ocrx_word' id='word_1_5' title='bbox 3612 314 3767 387; x_wconf 62' lang='lat' dir='ltr'><strong>5N!</strong></span> 
     </span>
    </p>
   </div>
   <div class='ocr_carea' id='block_1_3' title="bbox 484 425 3769 510">
    <p class='ocr_par' dir='ltr' id='par_1_3' title="bbox 484 425 3769 510">
     <span class='ocr_line' id='line_1_3' title="bbox 484 425 3769 510; baseline -0.001 -9"><span class='ocrx_word' id='word_1_6' title='bbox 484 425 1059 503; x_wconf 60' lang='lat' dir='ltr'><strong>moriam&#39;oﬁmimfs</strong></span> <span class='ocrx_word' id='word_1_7' title='bbox 1079 429 1557 509; x_wconf 62' lang='lat' dir='ltr'><strong>Mhiintﬂjuantn</strong></span> <span class='ocrx_word' id='word_1_8' title='bbox 1579 435 1830 510; x_wconf 57' lang='lat' dir='ltr'><strong>de‘éup‘ra</strong></span> <span class='ocrx_word' id='word_1_9' title='bbox 1855 436 2135 507; x_wconf 66' lang='lat' dir='ltr'><strong>Scripr</strong></span> <span class='ocrx_word' id='word_1_10' title='bbox 2156 444 2338 495; x_wconf 77' lang='lat' dir='ltr'><strong>metm</strong></span> <span class='ocrx_word' id='word_1_11' title='bbox 2384 437 2629 495; x_wconf 57' lang='lat' dir='ltr'><strong>{mamm-</strong></span> <span class='ocrx_word' id='word_1_12' title='bbox 2648 440 2869 503; x_wconf 57' lang='lat' dir='ltr'><strong>meum</strong></span> <span class='ocrx_word' id='word_1_13' title='bbox 2902 436 3255 508; x_wconf 61' lang='lat' dir='ltr'><strong>Ws</strong></span> <span class='ocrx_word' id='word_1_14' title='bbox 3633 452 3769 499; x_wconf 57' lang='grc' dir='ltr'><strong>ει·</strong></span> 
     </span>
    </p>
   </div>
   <div class='ocr_carea' id='block_1_4' title="bbox 487 520 2070 605">
    <p class='ocr_par' dir='ltr' id='par_1_4' title="bbox 487 520 2070 605">
     <span class='ocr_line' id='line_1_4' title="bbox 487 520 2070 605; baseline -0.006 -11"><span class='ocrx_word' id='word_1_15' title='bbox 487 526 712 595; x_wconf 84' lang='lat' dir='ltr'><strong>numero</strong></span> <span class='ocrx_word' id='word_1_16' title='bbox 745 521 968 605; x_wconf 81' lang='lat' dir='ltr'><strong>propter</strong></span> <span class='ocrx_word' id='word_1_17' title='bbox 991 520 1323 603; x_wconf 83' lang='lat' dir='ltr'><strong>paucitatem</strong></span> <span class='ocrx_word' id='word_1_18' title='bbox 1351 527 1682 587; x_wconf 71' lang='lat' dir='ltr'><strong>venientium</strong></span> <span class='ocrx_word' id='word_1_19' title='bbox 1723 531 1901 585; x_wconf 87' lang='lat' dir='ltr'><strong>minus</strong></span> <span class='ocrx_word' id='word_1_20' title='bbox 1946 529 2070 584; x_wconf 85' lang='lat' dir='ltr'><strong>dis-&#39;</strong></span> 
     </span>
    </p>
   </div>
   <div class='ocr_carea' id='block_1_5' title="bbox 485 621 2053 702">
    <p class='ocr_par' dir='ltr' id='par_1_5' title="bbox 485 621 2053 702">
     <span class='ocr_line' id='line_1_5' title="bbox 485 621 2053 702; baseline -0.005 -18"><span class='ocrx_word' id='word_1_21' title='bbox 485 637 769 702; x_wconf 72' lang='lat' dir='ltr'><strong>pensatur,</strong></span> <span class='ocrx_word' id='word_1_22' title='bbox 798 632 861 681; x_wconf 94' lang='lat' dir='ltr'><strong>ut</strong></span> <span class='ocrx_word' id='word_1_23' title='bbox 896 623 1095 682; x_wconf 89' lang='lat' dir='ltr'><strong>iterum</strong></span> <span class='ocrx_word' id='word_1_24' title='bbox 1126 640 1251 680; x_wconf 90' lang='lat' dir='ltr'><strong>cum</strong></span> <span class='ocrx_word' id='word_1_25' title='bbox 1274 623 1457 697; x_wconf 85' lang='lat' dir='ltr'><strong>plures</strong></span> <span class='ocrx_word' id='word_1_26' title='bbox 1482 624 1761 688; x_wconf 77' lang='lat' dir='ltr'><strong>venerint,</strong></span> <span class='ocrx_word' id='word_1_27' title='bbox 1792 621 1935 692; x_wconf 86' lang='lat' dir='ltr'><strong>quod</strong></span> <span class='ocrx_word' id='word_1_28' title='bbox 1963 636 2053 677; x_wconf 91' lang='lat' dir='ltr'><strong>re-</strong></span> 
     </span>
    </p>
   </div>
   <div class='ocr_carea' id='block_1_6' title="bbox 485 719 1098 788">
    <p class='ocr_par' dir='ltr' id='par_1_6' title="bbox 485 719 1098 788">
     <span class='ocr_line' id='line_1_6' title="bbox 485 719 1098 788; baseline -0.008 -12"><span class='ocrx_word' id='word_1_29' title='bbox 485 720 709 785; x_wconf 83' lang='lat' dir='ltr'><strong>mansit,</strong></span> <span class='ocrx_word' id='word_1_30' title='bbox 735 719 1098 788; x_wconf 88' lang='lat' dir='ltr'><strong>dispensetur.</strong></span> 
     </span>
    </p>
   </div>
   <div class='ocr_carea' id='block_1_7' title="bbox 557 806 2056 879">
    <p class='ocr_par' dir='ltr' id='par_1_7' title="bbox 557 806 2056 879">
     <span class='ocr_line' id='line_1_7' title="bbox 557 806 2056 879; baseline -0.003 -11"><span class='ocrx_word' id='word_1_31' title='bbox 557 812 781 868; x_wconf 77' lang='lat' dir='ltr'><strong>Cmteris</strong></span> <span class='ocrx_word' id='word_1_32' title='bbox 812 822 944 866; x_wconf 83' lang='lat' dir='ltr'><strong>vero</strong></span> <span class='ocrx_word' id='word_1_33' title='bbox 985 808 1310 879; x_wconf 81' lang='lat' dir='ltr'><strong>pauperibus</strong></span> <span class='ocrx_word' id='word_1_34' title='bbox 1347 806 1721 872; x_wconf 86' lang='lat' dir='ltr'><strong>venientibus,</strong></span> <span class='ocrx_word' id='word_1_35' title='bbox 1772 816 1827 860; x_wconf 91' lang='lat' dir='ltr'><strong>et</strong></span> <span class='ocrx_word' id='word_1_36' title='bbox 1866 808 2056 863; x_wconf 86' lang='lat' dir='ltr'><strong>eadem</strong></span> 
     </span>
    </p>
   </div>
   <div class='ocr_carea' id='block_1_8' title="bbox 486 895 2059 966">
    <p class='ocr_par' dir='ltr' id='par_1_8' title="bbox 486 895 2059 966">
     <span class='ocr_line' id='line_1_8' title="bbox 486 895 2059 966; baseline -0.003 -9"><span class='ocrx_word' id='word_1_37' title='bbox 486 900 578 958; x_wconf 85' lang='lat' dir='ltr'><strong>die</strong></span> <span class='ocrx_word' id='word_1_38' title='bbox 609 897 1007 964; x_wconf 83' lang='lat' dir='ltr'><strong>recedentibus,</strong></span> <span class='ocrx_word' id='word_1_39' title='bbox 1039 898 1177 953; x_wconf 89' lang='lat' dir='ltr'><strong>solet</strong></span> <span class='ocrx_word' id='word_1_40' title='bbox 1212 895 1330 952; x_wconf 88' lang='lat' dir='ltr'><strong>dari</strong></span> <span class='ocrx_word' id='word_1_41' title='bbox 1367 896 1712 966; x_wconf 83' lang='lat' dir='ltr'><strong>quartarius,</strong></span> <span class='ocrx_word' id='word_1_42' title='bbox 1754 896 1873 961; x_wconf 92' lang='lat' dir='ltr'><strong>vel,</strong></span> <span class='ocrx_word' id='word_1_43' title='bbox 1917 899 2059 953; x_wconf 88' lang='lat' dir='ltr'><strong>sicut</strong></span> 
     </span>
    </p>
   </div>
   <div class='ocr_carea' id='block_1_9' title="bbox 484 986 2059 1061">
    <p class='ocr_par' dir='ltr' id='par_1_9' title="bbox 484 986 2059 1061">
     <span class='ocr_line' id='line_1_9' title="bbox 484 986 2059 1061; baseline -0.006 -12"><span class='ocrx_word' id='word_1_44' title='bbox 484 993 745 1057; x_wconf 82' lang='lat' dir='ltr'><strong>diximus,</strong></span> <span class='ocrx_word' id='word_1_45' title='bbox 766 989 921 1061; x_wconf 87' lang='lat' dir='ltr'><strong>juxta</strong></span> <span class='ocrx_word' id='word_1_46' title='bbox 946 988 1093 1060; x_wconf 89' lang='lat' dir='ltr'><strong>quod</strong></span> <span class='ocrx_word' id='word_1_47' title='bbox 1119 986 1501 1057; x_wconf 86' lang='lat' dir='ltr'><strong>hospitalarius</strong></span> <span class='ocrx_word' id='word_1_48' title='bbox 1528 986 1837 1057; x_wconf 84' lang='lat' dir='ltr'><strong>praeviderit</strong></span> <span class='ocrx_word' id='word_1_49' title='bbox 1862 987 1914 1041; x_wconf 91' lang='lat' dir='ltr'><strong>in</strong></span> <span class='ocrx_word' id='word_1_50' title='bbox 1943 1002 2059 1041; x_wconf 90' lang='lat' dir='ltr'><strong>ma-</strong></span> 
     </span>
    </p>
   </div>
   <div class='ocr_carea' id='block_1_10' title="bbox 478 1076 2053 1155">
    <p class='ocr_par' dir='ltr' id='par_1_10' title="bbox 478 1076 2053 1155">
     <span class='ocr_line' id='line_1_10' title="bbox 478 1076 2053 1155; baseline -0.006 -16"><span class='ocrx_word' id='word_1_51' title='bbox 478 1084 591 1155; x_wconf 74' lang='lat' dir='ltr'><strong>jori</strong></span> <span class='ocrx_word' id='word_1_52' title='bbox 619 1081 703 1137; x_wconf 90' lang='lat' dir='ltr'><strong>vel</strong></span> <span class='ocrx_word' id='word_1_53' title='bbox 731 1079 928 1151; x_wconf 87' lang='lat' dir='ltr'><strong>minpri</strong></span> <span class='ocrx_word' id='word_1_54' title='bbox 955 1093 1182 1134; x_wconf 89' lang='lat' dir='ltr'><strong>numero</strong></span> <span class='ocrx_word' id='word_1_55' title='bbox 1223 1084 1318 1133; x_wconf 90' lang='lat' dir='ltr'><strong>aut</strong></span> <span class='ocrx_word' id='word_1_56' title='bbox 1357 1077 1681 1134; x_wconf 80' lang='lat' dir='ltr'><strong>necessitate</strong></span> <span class='ocrx_word' id='word_1_57' title='bbox 1724 1076 2053 1145; x_wconf 88' lang='lat' dir='ltr'><strong>compedire,</strong></span> 
     </span>
    </p>
   </div>
   <div class='ocr_carea' id='block_1_11' title="bbox 490 1168 2062 1245">
    <p class='ocr_par' dir='ltr' id='par_1_11' title="bbox 490 1168 2062 1245">
     <span class='ocr_line' id='line_1_11' title="bbox 490 1168 2062 1245; baseline -0.003 -14"><span class='ocrx_word' id='word_1_58' title='bbox 490 1172 925 1245; x_wconf 87' lang='lat' dir='ltr'><strong>companaticus,</strong></span> <span class='ocrx_word' id='word_1_59' title='bbox 969 1178 1063 1226; x_wconf 89' lang='lat' dir='ltr'><strong>aut</strong></span> <span class='ocrx_word' id='word_1_60' title='bbox 1103 1169 1400 1227; x_wconf 91' lang='lat' dir='ltr'><strong>secundum</strong></span> <span class='ocrx_word' id='word_1_61' title='bbox 1429 1171 1876 1237; x_wconf 78' lang='lat' dir='ltr'><strong>consuetudinem</strong></span> <span class='ocrx_word' id='word_1_62' title='bbox 1899 1210 1916 1236; x_wconf 89' lang='lat'><strong>,</strong></span> <span class='ocrx_word' id='word_1_63' title='bbox 1960 1168 2062 1227; x_wconf 86' lang='lat' dir='ltr'><strong>tri-</strong></span> 
     </span>
    </p>
   </div>
   <div class='ocr_carea' id='block_1_12' title="bbox 488 1267 1301 1324">
    <p class='ocr_par' dir='ltr' id='par_1_12' title="bbox 488 1267 1301 1324">
     <span class='ocr_line' id='line_1_12' title="bbox 488 1267 1301 1324; baseline -0.004 0"><span class='ocrx_word' id='word_1_64' title='bbox 488 1267 704 1324; x_wconf 90' lang='lat' dir='ltr'><strong>buatur.</strong></span> <span class='ocrx_word' id='word_1_65' title='bbox 1294 1274 1301 1279; x_wconf 86' lang='lat'><strong><em>&#39;</em></strong></span> 
     </span>
    </p>
   </div>
   <div class='ocr_carea' id='block_1_13' title="bbox 557 1351 2056 1427">
    <p class='ocr_par' dir='ltr' id='par_1_13' title="bbox 557 1351 2056 1427">
     <span class='ocr_line' id='line_1_13' title="bbox 557 1351 2056 1427; baseline -0.005 -14"><span class='ocrx_word' id='word_1_66' title='bbox 557 1357 637 1414; x_wconf 84' lang='lat' dir='ltr'><strong>De</strong></span> <span class='ocrx_word' id='word_1_67' title='bbox 672 1361 801 1427; x_wconf 81' lang='lat' dir='ltr'><strong>potu</strong></span> <span class='ocrx_word' id='word_1_68' title='bbox 836 1359 1022 1417; x_wconf 64' lang='lat' dir='ltr'><strong>autem</strong></span> <span class='ocrx_word' id='word_1_69' title='bbox 1048 1351 1291 1423; x_wconf 66' lang='lat' dir='ltr'><strong>Quotidie</strong></span> <span class='ocrx_word' id='word_1_70' title='bbox 1328 1351 1488 1413; x_wconf 80' lang='lat' dir='ltr'><strong>detur</strong></span> <span class='ocrx_word' id='word_1_71' title='bbox 1517 1351 1733 1413; x_wconf 85' lang='lat' dir='ltr'><strong>modius</strong></span> <span class='ocrx_word' id='word_1_72' title='bbox 1766 1351 2056 1418; x_wconf 88' lang='lat' dir='ltr'><strong>dimidius,</strong></span> 
     </span>
    </p>
   </div>
   <div class='ocr_carea' id='block_1_14' title="bbox 488 1445 2058 1516">
    <p class='ocr_par' dir='ltr' id='par_1_14' title="bbox 488 1445 2058 1516">
     <span class='ocr_line' id='line_1_14' title="bbox 488 1445 2058 1516; baseline -0.001 -13"><span class='ocrx_word' id='word_1_73' title='bbox 488 1447 544 1503; x_wconf 88' lang='lat' dir='ltr'><strong>id</strong></span> <span class='ocrx_word' id='word_1_74' title='bbox 580 1455 666 1505; x_wconf 87' lang='lat' dir='ltr'><strong>est</strong></span> <span class='ocrx_word' id='word_1_75' title='bbox 702 1446 936 1508; x_wconf 76' lang='lat' dir='ltr'><strong>sextarla</strong></span> <span class='ocrx_word' id='word_1_76' title='bbox 970 1462 1092 1513; x_wconf 77' lang='lat' dir='ltr'><strong>vui,</strong></span> <span class='ocrx_word' id='word_1_77' title='bbox 1129 1446 1199 1507; x_wconf 86' lang='lat' dir='ltr'><strong>de</strong></span> <span class='ocrx_word' id='word_1_78' title='bbox 1228 1447 1427 1516; x_wconf 84' lang='lat' dir='ltr'><strong>quibus</strong></span> <span class='ocrx_word' id='word_1_79' title='bbox 1467 1445 1783 1505; x_wconf 87' lang='lat' dir='ltr'><strong>dividuntur</strong></span> <span class='ocrx_word' id='word_1_80' title='bbox 1820 1445 2058 1501; x_wconf 78' lang='lat' dir='ltr'><strong>sextaria</strong></span> 
     </span>
    </p>
   </div>
   <div class='ocr_carea' id='block_1_15' title="bbox 471 1540 2061 1611">
    <p class='ocr_par' dir='ltr' id='par_1_15' title="bbox 471 1540 2061 1611">
     <span class='ocr_line' id='line_1_15' title="bbox 471 1540 2061 1611; baseline -0.001 -9"><span class='ocrx_word' id='word_1_81' title='bbox 471 1549 725 1611; x_wconf 82' lang='lat' dir='ltr'><strong>.quatuor</strong></span> <span class='ocrx_word' id='word_1_82' title='bbox 747 1542 893 1599; x_wconf 79' lang='lat' dir='ltr'><strong>inter</strong></span> <span class='ocrx_word' id='word_1_83' title='bbox 924 1540 1045 1598; x_wconf 81' lang='lat' dir='ltr'><strong>illos</strong></span> <span class='ocrx_word' id='word_1_84' title='bbox 1078 1541 1361 1599; x_wconf 88' lang='lat' dir='ltr'><strong>duodecim</strong></span> <span class='ocrx_word' id='word_1_85' title='bbox 1390 1557 1555 1611; x_wconf 83' lang='lat' dir='ltr'><strong>supra</strong></span> <span class='ocrx_word' id='word_1_86' title='bbox 1589 1541 1838 1611; x_wconf 87' lang='lat' dir='ltr'><strong>scriptos,</strong></span> <span class='ocrx_word' id='word_1_87' title='bbox 1885 1541 1960 1597; x_wconf 90' lang='lat' dir='ltr'><strong>ita</strong></span> <span class='ocrx_word' id='word_1_88' title='bbox 2000 1551 2061 1601; x_wconf 86' lang='lat' dir='ltr'><strong>ut</strong></span> 
     </span>
    </p>
   </div>
   <div class='ocr_carea' id='block_1_16' title="bbox 485 1632 2060 1704">
    <p class='ocr_par' dir='ltr' id='par_1_16' title="bbox 485 1632 2060 1704">
     <span class='ocr_line' id='line_1_16' title="bbox 485 1632 2060 1704; baseline -0.001 -14"><span class='ocrx_word' id='word_1_89' title='bbox 485 1634 858 1704; x_wconf 77' lang='lat' dir='ltr'><strong>unusquisque</strong></span> <span class='ocrx_word' id='word_1_90' title='bbox 888 1634 1122 1704; x_wconf 73' lang='lat' dir='ltr'><strong>accipiat</strong></span> <span class='ocrx_word' id='word_1_91' title='bbox 1150 1632 1348 1691; x_wconf 83' lang='lat' dir='ltr'><strong>calices</strong></span> <span class='ocrx_word' id='word_1_92' title='bbox 1381 1633 1540 1693; x_wconf 82' lang='lat' dir='ltr'><strong>duos.</strong></span> <span class='ocrx_word' id='word_1_93' title='bbox 1584 1632 1665 1688; x_wconf 81' lang='lat' dir='ltr'><strong>Ex</strong></span> <span class='ocrx_word' id='word_1_94' title='bbox 1701 1632 1824 1687; x_wconf 88' lang='lat' dir='ltr'><strong>aliis</strong></span> <span class='ocrx_word' id='word_1_95' title='bbox 1848 1647 2060 1702; x_wconf 86' lang='lat' dir='ltr'><strong>quoque</strong></span> 
     </span>
    </p>
   </div>
   <div class='ocr_carea' id='block_1_17' title="bbox 2155 522 3732 605">
    <p class='ocr_par' dir='ltr' id='par_1_17' title="bbox 2155 522 3732 605">
     <span class='ocr_line' id='line_1_17' title="bbox 2155 522 3732 605; baseline 0 -18"><span class='ocrx_word' id='word_1_96' title='bbox 2155 532 2390 587; x_wconf 87' lang='lat' dir='ltr'><strong>cundum</strong></span> <span class='ocrx_word' id='word_1_97' title='bbox 2430 530 2890 587; x_wconf 83' lang='lat' dir='ltr'><strong>consuetudinem.</strong></span> <span class='ocrx_word' id='word_1_98' title='bbox 2940 522 3299 587; x_wconf 75' lang='lat' dir='ltr'><strong>Obsecremus</strong></span> <span class='ocrx_word' id='word_1_99' title='bbox 3333 529 3500 605; x_wconf 81' lang='lat' dir='ltr'><strong>igitur</strong></span> <span class='ocrx_word' id='word_1_100' title='bbox 3530 545 3732 599; x_wconf 78' lang='lat' dir='ltr'><strong>omnes</strong></span> 
     </span>
    </p>
   </div>
   <div class='ocr_carea' id='block_1_18' title="bbox 2155 619 3734 696">
    <p class='ocr_par' dir='ltr' id='par_1_18' title="bbox 2155 619 3734 696">
     <span class='ocr_line' id='line_1_18' title="bbox 2155 619 3734 696; baseline -0.001 -16"><span class='ocrx_word' id='word_1_101' title='bbox 2155 624 2352 696; x_wconf 77' lang='lat' dir='ltr'><strong>quibus</strong></span> <span class='ocrx_word' id='word_1_102' title='bbox 2403 623 2710 679; x_wconf 87' lang='lat' dir='ltr'><strong>ordinatum</strong></span> <span class='ocrx_word' id='word_1_103' title='bbox 2761 620 2923 678; x_wconf 75' lang='lat' dir='ltr'><strong>fuerit</strong></span> <span class='ocrx_word' id='word_1_104' title='bbox 2972 619 3211 683; x_wconf 80' lang='lat' dir='ltr'><strong>ofﬁcium</strong></span> <span class='ocrx_word' id='word_1_105' title='bbox 3268 621 3326 679; x_wconf 90' lang='lat' dir='ltr'><strong>in</strong></span> <span class='ocrx_word' id='word_1_106' title='bbox 3380 622 3487 679; x_wconf 87' lang='lat' dir='ltr'><strong>hoc</strong></span> <span class='ocrx_word' id='word_1_107' title='bbox 3541 636 3734 681; x_wconf 69' lang='lat' dir='ltr'><strong>mima-</strong></span> 
     </span>
    </p>
   </div>
   <div class='ocr_carea' id='block_1_19' title="bbox 2154 711 3733 784">
    <p class='ocr_par' dir='ltr' id='par_1_19' title="bbox 2154 711 3733 784">
     <span class='ocr_line' id='line_1_19' title="bbox 2154 711 3733 784; baseline -0.001 -12"><span class='ocrx_word' id='word_1_108' title='bbox 2154 716 2349 779; x_wconf 87' lang='lat' dir='ltr'><strong>sterio,</strong></span> <span class='ocrx_word' id='word_1_109' title='bbox 2395 723 2457 769; x_wconf 92' lang='lat' dir='ltr'><strong>ut</strong></span> <span class='ocrx_word' id='word_1_110' title='bbox 2498 714 2553 770; x_wconf 92' lang='lat' dir='ltr'><strong>in</strong></span> <span class='ocrx_word' id='word_1_111' title='bbox 2597 712 2851 784; x_wconf 79' lang='lat' dir='ltr'><strong>largitate</strong></span> <span class='ocrx_word' id='word_1_112' title='bbox 2886 728 2953 769; x_wconf 84' lang='lat' dir='ltr'><strong>ac</strong></span> <span class='ocrx_word' id='word_1_113' title='bbox 2990 712 3371 779; x_wconf 79' lang='lat' dir='ltr'><strong>distributione</strong></span> <span class='ocrx_word' id='word_1_114' title='bbox 3411 711 3507 769; x_wconf 85' lang='lat' dir='ltr'><strong>Dei</strong></span> <span class='ocrx_word' id='word_1_115' title='bbox 3544 714 3733 784; x_wconf 77' lang='lat' dir='ltr'><strong>potius</strong></span> 
     </span>
    </p>
   </div>
   <div class='ocr_carea' id='block_1_20' title="bbox 2156 806 3735 879">
    <p class='ocr_par' dir='ltr' id='par_1_20' title="bbox 2156 806 3735 879">
     <span class='ocr_line' id='line_1_20' title="bbox 2156 806 3735 879; baseline 0 -16"><span class='ocrx_word' id='word_1_116' title='bbox 2156 808 2435 864; x_wconf 88' lang='lat' dir='ltr'><strong>attendant</strong></span> <span class='ocrx_word' id='word_1_117' title='bbox 2454 806 2804 873; x_wconf 83' lang='lat' dir='ltr'><strong>voluntatem,</strong></span> <span class='ocrx_word' id='word_1_118' title='bbox 2827 821 2990 879; x_wconf 87' lang='lat' dir='ltr'><strong>quam</strong></span> <span class='ocrx_word' id='word_1_119' title='bbox 3014 814 3216 863; x_wconf 72' lang='lat' dir='ltr'><strong>nostra:</strong></span> <span class='ocrx_word' id='word_1_120' title='bbox 3243 806 3530 877; x_wconf 68' lang='lat' dir='ltr'><strong>paucitatis</strong></span> <span class='ocrx_word' id='word_1_121' title='bbox 3552 822 3735 863; x_wconf 75' lang='lat' dir='ltr'><strong>exem-</strong></span> 
     </span>
    </p>
   </div>
   <div class='ocr_carea' id='block_1_21' title="bbox 2154 896 3735 970">
    <p class='ocr_par' dir='ltr' id='par_1_21' title="bbox 2154 896 3735 970">
     <span class='ocr_line' id='line_1_21' title="bbox 2154 896 3735 970; baseline 0.001 -17"><span class='ocrx_word' id='word_1_122' title='bbox 2154 898 2324 970; x_wconf 90' lang='lat' dir='ltr'><strong>plum,</strong></span> <span class='ocrx_word' id='word_1_123' title='bbox 2367 897 2621 968; x_wconf 90' lang='lat' dir='ltr'><strong>quoniam</strong></span> <span class='ocrx_word' id='word_1_124' title='bbox 2662 897 3033 968; x_wconf 81' lang='lat' dir='ltr'><strong>unusquisque</strong></span> <span class='ocrx_word' id='word_1_125' title='bbox 3069 904 3155 955; x_wconf 84' lang='lat' dir='ltr'><strong>est</strong></span> <span class='ocrx_word' id='word_1_126' title='bbox 3190 912 3294 967; x_wconf 89' lang='lat' dir='ltr'><strong>pro</strong></span> <span class='ocrx_word' id='word_1_127' title='bbox 3326 912 3386 954; x_wconf 87' lang='lat' dir='ltr'><strong>se</strong></span> <span class='ocrx_word' id='word_1_128' title='bbox 3418 896 3735 957; x_wconf 79' lang='lat' dir='ltr'><strong>redditurus</strong></span> 
     </span>
    </p>
   </div>
   <div class='ocr_carea' id='block_1_22' title="bbox 2156 994 2437 1049">
    <p class='ocr_par' dir='ltr' id='par_1_22' title="bbox 2156 994 2437 1049">
     <span class='ocr_line' id='line_1_22' title="bbox 2156 994 2437 1049; baseline -0.004 0"><span class='ocrx_word' id='word_1_129' title='bbox 2156 994 2437 1049; x_wconf 85' lang='lat' dir='ltr'><strong>rationem.</strong></span> 
     </span>
    </p>
   </div>
   <div class='ocr_carea' id='block_1_23' title="bbox 2759 1082 3121 1141">
    <p class='ocr_par' dir='ltr' id='par_1_23' title="bbox 2759 1082 3121 1141">
     <span class='ocr_line' id='line_1_23' title="bbox 2759 1082 3121 1141; baseline -0.003 -2"><span class='ocrx_word' id='word_1_130' title='bbox 2759 1082 2987 1140; x_wconf 78' lang='lat' dir='ltr'><strong>CAPUT</strong></span> <span class='ocrx_word' id='word_1_131' title='bbox 3033 1083 3121 1141; x_wconf 83' lang='lat' dir='ltr'><strong>VI.</strong></span> 
     </span>
    </p>
   </div>
   <div class='ocr_carea' id='block_1_24' title="bbox 2226 1173 3737 1249">
    <p class='ocr_par' dir='ltr' id='par_1_24' title="bbox 2226 1173 3737 1249">
     <span class='ocr_line' id='line_1_24' title="bbox 2226 1173 3737 1249; baseline 0.001 -17"><span class='ocrx_word' id='word_1_132' title='bbox 2226 1176 2403 1241; x_wconf 79' lang='lat' dir='ltr'><strong>Ratio,</strong></span> <span class='ocrx_word' id='word_1_133' title='bbox 2437 1176 2523 1232; x_wconf 88' lang='lat' dir='ltr'><strong>vel</strong></span> <span class='ocrx_word' id='word_1_134' title='bbox 2548 1190 2808 1232; x_wconf 87' lang='lat' dir='ltr'><strong>numerus</strong></span> <span class='ocrx_word' id='word_1_135' title='bbox 2838 1188 3095 1241; x_wconf 64' lang='lat' dir='ltr'><strong>annonas,</strong></span> <span class='ocrx_word' id='word_1_136' title='bbox 3135 1189 3230 1231; x_wconf 88' lang='lat' dir='ltr'><strong>seu</strong></span> <span class='ocrx_word' id='word_1_137' title='bbox 3252 1173 3442 1245; x_wconf 82' lang='lat' dir='ltr'><strong>panis,</strong></span> <span class='ocrx_word' id='word_1_138' title='bbox 3474 1175 3737 1249; x_wconf 82' lang='lat' dir='ltr'><strong>qualiter,</strong></span> 
     </span>
    </p>
   </div>
   <div class='ocr_carea' id='block_1_25' title="bbox 2155 1267 3738 1337">
    <p class='ocr_par' dir='ltr' id='par_1_25' title="bbox 2155 1267 3738 1337">
     <span class='ocr_line' id='line_1_25' title="bbox 2155 1267 3738 1337; baseline 0.001 -13"><span class='ocrx_word' id='word_1_139' title='bbox 2155 1268 2242 1324; x_wconf 89' lang='lat' dir='ltr'><strong>vel</strong></span> <span class='ocrx_word' id='word_1_140' title='bbox 2266 1269 2425 1332; x_wconf 88' lang='lat' dir='ltr'><strong>unde,</strong></span> <span class='ocrx_word' id='word_1_141' title='bbox 2455 1267 2539 1322; x_wconf 90' lang='lat' dir='ltr'><strong>vel</strong></span> <span class='ocrx_word' id='word_1_142' title='bbox 2567 1275 2829 1337; x_wconf 85' lang='lat' dir='ltr'><strong>quantum</strong></span> <span class='ocrx_word' id='word_1_143' title='bbox 2852 1268 2919 1329; x_wconf 83' lang='lat' dir='ltr'><strong>ad</strong></span> <span class='ocrx_word' id='word_1_144' title='bbox 2942 1267 3330 1323; x_wconf 72' lang='lat' dir='ltr'><strong>monasterium</strong></span> <span class='ocrx_word' id='word_1_145' title='bbox 3354 1268 3551 1325; x_wconf 82' lang='lat' dir='ltr'><strong>debeat</strong></span> <span class='ocrx_word' id='word_1_146' title='bbox 3574 1269 3738 1325; x_wconf 77' lang='lat' dir='ltr'><strong>annis</strong></span> 
     </span>
    </p>
   </div>
   <div class='ocr_carea' id='block_1_26' title="bbox 2157 1359 3738 1431">
    <p class='ocr_par' dir='ltr' id='par_1_26' title="bbox 2157 1359 3738 1431">
     <span class='ocr_line' id='line_1_26' title="bbox 2157 1359 3738 1431; baseline -0.001 -12"><span class='ocrx_word' id='word_1_147' title='bbox 2157 1360 2382 1431; x_wconf 85' lang='lat' dir='ltr'><strong>singulis</strong></span> <span class='ocrx_word' id='word_1_148' title='bbox 2400 1361 2616 1426; x_wconf 89' lang='lat' dir='ltr'><strong>venire;</strong></span> <span class='ocrx_word' id='word_1_149' title='bbox 2642 1359 2728 1415; x_wconf 87' lang='lat' dir='ltr'><strong>vel</strong></span> <span class='ocrx_word' id='word_1_150' title='bbox 2747 1359 2982 1430; x_wconf 77' lang='lat' dir='ltr'><strong>qualiter</strong></span> <span class='ocrx_word' id='word_1_151' title='bbox 3001 1368 3185 1417; x_wconf 84' lang='lat' dir='ltr'><strong>custos</strong></span> <span class='ocrx_word' id='word_1_152' title='bbox 3200 1359 3363 1431; x_wconf 80' lang='lat' dir='ltr'><strong>panis</strong></span> <span class='ocrx_word' id='word_1_153' title='bbox 3386 1359 3522 1421; x_wconf 77' lang='lat' dir='ltr'><strong>illud</strong></span> <span class='ocrx_word' id='word_1_154' title='bbox 3543 1360 3738 1419; x_wconf 81' lang='lat' dir='ltr'><strong>debeat</strong></span> 
     </span>
    </p>
   </div>
   <div class='ocr_carea' id='block_1_27' title="bbox 2158 1452 2489 1522">
    <p class='ocr_par' dir='ltr' id='par_1_27' title="bbox 2158 1452 2489 1522">
     <span class='ocr_line' id='line_1_27' title="bbox 2158 1452 2489 1522; baseline -0.006 -14"><span class='ocrx_word' id='word_1_155' title='bbox 2158 1452 2489 1522; x_wconf 83' lang='lat' dir='ltr'><strong>dispensare.</strong></span> 
     </span>
    </p>
   </div>
   <div class='ocr_carea' id='block_1_28' title="bbox 2230 1538 3738 1612">
    <p class='ocr_par' dir='ltr' id='par_1_28' title="bbox 2230 1538 3738 1612">
     <span class='ocr_line' id='line_1_28' title="bbox 2230 1538 3738 1612; baseline 0.001 -17"><span class='ocrx_word' id='word_1_156' title='bbox 2230 1540 2488 1599; x_wconf 81' lang='lat' dir='ltr'><strong>Volumus</strong></span> <span class='ocrx_word' id='word_1_157' title='bbox 2512 1547 2573 1597; x_wconf 90' lang='lat' dir='ltr'><strong>ut</strong></span> <span class='ocrx_word' id='word_1_158' title='bbox 2602 1539 2759 1596; x_wconf 87' lang='lat' dir='ltr'><strong>annis</strong></span> <span class='ocrx_word' id='word_1_159' title='bbox 2794 1539 3023 1612; x_wconf 87' lang='lat' dir='ltr'><strong>singulis</strong></span> <span class='ocrx_word' id='word_1_160' title='bbox 3046 1538 3271 1599; x_wconf 80' lang='lat' dir='ltr'><strong>veniant</strong></span> <span class='ocrx_word' id='word_1_161' title='bbox 3297 1538 3367 1594; x_wconf 92' lang='lat' dir='ltr'><strong>de</strong></span> <span class='ocrx_word' id='word_1_162' title='bbox 3392 1539 3565 1609; x_wconf 87' lang='lat' dir='ltr'><strong>spelta</strong></span> <span class='ocrx_word' id='word_1_163' title='bbox 3598 1540 3738 1599; x_wconf 82' lang='lat' dir='ltr'><strong>bene</strong></span> 
     </span>
    </p>
   </div>
   <div class='ocr_carea' id='block_1_29' title="bbox 2157 1634 3738 1704">
    <p class='ocr_par' dir='ltr' id='par_1_29' title="bbox 2157 1634 3738 1704">
     <span class='ocr_line' id='line_1_29' title="bbox 2157 1634 3738 1704; baseline 0.001 -15"><span class='ocrx_word' id='word_1_164' title='bbox 2157 1635 2415 1689; x_wconf 81' lang='lat' dir='ltr'><strong>ventilata</strong></span> <span class='ocrx_word' id='word_1_165' title='bbox 2460 1642 2624 1703; x_wconf 89' lang='lat' dir='ltr'><strong>atque</strong></span> <span class='ocrx_word' id='word_1_166' title='bbox 2665 1634 2925 1693; x_wconf 82' lang='lat' dir='ltr'><strong>mundata</strong></span> <span class='ocrx_word' id='word_1_167' title='bbox 2957 1634 3109 1697; x_wconf 88' lang='lat' dir='ltr'><strong>corbi</strong></span> <span class='ocrx_word' id='word_1_168' title='bbox 3143 1649 3274 1695; x_wconf 73' lang='lat' dir='ltr'><strong>nccn</strong></span> <span class='ocrx_word' id='word_1_169' title='bbox 3297 1673 3312 1698; x_wconf 92' lang='lat'><strong>,</strong></span> <span class='ocrx_word' id='word_1_170' title='bbox 3363 1634 3738 1704; x_wconf 78' lang='lat' dir='ltr'><strong>unusquisque</strong></span> 
     </span>
    </p>
   </div>
   <div class='ocr_carea' id='block_1_30' title="bbox 468 1723 3739 1798">
    <p class='ocr_par' dir='ltr' id='par_1_30' title="bbox 468 1723 3739 1798">
     <span class='ocr_line' id='line_1_30' title="bbox 468 1723 3739 1798; baseline -0.001 -15"><span class='ocrx_word' id='word_1_171' title='bbox 468 1734 722 1798; x_wconf 56' lang='lat' dir='ltr'><strong>quatuor</strong></span> <span class='ocrx_word' id='word_1_172' title='bbox 750 1742 846 1784; x_wconf 89' lang='lat' dir='ltr'><strong>sex</strong></span> <span class='ocrx_word' id='word_1_173' title='bbox 883 1726 1083 1785; x_wconf 81' lang='lat' dir='ltr'><strong>dantur</strong></span> <span class='ocrx_word' id='word_1_174' title='bbox 1108 1726 1354 1793; x_wconf 83' lang='lat' dir='ltr'><strong>clericis,</strong></span> <span class='ocrx_word' id='word_1_175' title='bbox 1393 1727 1589 1797; x_wconf 88' lang='lat' dir='ltr'><strong>quibus</strong></span> <span class='ocrx_word' id='word_1_176' title='bbox 1619 1726 1784 1795; x_wconf 89' lang='lat' dir='ltr'><strong>pedes</strong></span> <span class='ocrx_word' id='word_1_177' title='bbox 1811 1726 2060 1780; x_wconf 80' lang='lat' dir='ltr'><strong>lavantur</strong></span> <span class='ocrx_word' id='word_1_178' title='bbox 2089 1796 2119 1798; x_wconf 96' lang='lat'>_</span> <span class='ocrx_word' id='word_1_179' title='bbox 2161 1724 2359 1781; x_wconf 88' lang='lat' dir='ltr'><strong>corbus</strong></span> <span class='ocrx_word' id='word_1_180' title='bbox 2386 1726 2593 1781; x_wconf 75' lang='lat' dir='ltr'><strong>habens</strong></span> <span class='ocrx_word' id='word_1_181' title='bbox 2618 1724 2798 1785; x_wconf 85' lang='lat' dir='ltr'><strong>modia</strong></span> <span class='ocrx_word' id='word_1_182' title='bbox 2828 1740 2925 1791; x_wconf 80' lang='lat' dir='ltr'><strong>xu,</strong></span> <span class='ocrx_word' id='word_1_183' title='bbox 2948 1723 3087 1781; x_wconf 83' lang='lat' dir='ltr'><strong>bene</strong></span> <span class='ocrx_word' id='word_1_184' title='bbox 3112 1723 3384 1793; x_wconf 85' lang='lat' dir='ltr'><strong>coagitata</strong></span> <span class='ocrx_word' id='word_1_185' title='bbox 3410 1732 3469 1777; x_wconf 89' lang='lat' dir='ltr'><strong>et</strong></span> <span class='ocrx_word' id='word_1_186' title='bbox 3493 1738 3643 1789; x_wconf 87' lang='lat' dir='ltr'><strong>rasa,</strong></span> <span class='ocrx_word' id='word_1_187' title='bbox 3670 1723 3739 1781; x_wconf 83' lang='lat' dir='ltr'><strong>ad</strong></span> 
     </span>
    </p>
   </div>
   <div class='ocr_carea' id='block_1_31' title="bbox 468 1796 3740 1891">
    <p class='ocr_par' dir='ltr' id='par_1_31' title="bbox 468 1796 3740 1891">
     <span class='ocr_line' id='line_1_31' title="bbox 468 1796 3740 1891; baseline -0.001 -17"><span class='ocrx_word' id='word_1_188' title='bbox 468 1796 517 1889; x_wconf 50' lang='grc' dir='ltr'><strong>,Α</strong></span> <span class='ocrx_word' id='word_1_189' title='bbox 543 1818 821 1886; x_wconf 76' lang='lat' dir='ltr'><strong>fratribus,</strong></span> <span class='ocrx_word' id='word_1_190' title='bbox 845 1820 1134 1891; x_wconf 86' lang='lat' dir='ltr'><strong>unicuique</strong></span> <span class='ocrx_word' id='word_1_191' title='bbox 1160 1820 1298 1875; x_wconf 80' lang='lat' dir='ltr'><strong>calix</strong></span> <span class='ocrx_word' id='word_1_192' title='bbox 1324 1796 1486 1885; x_wconf 88' lang='lat' dir='ltr'><strong>unus,</strong></span> <span class='ocrx_word' id='word_1_193' title='bbox 1509 1828 1564 1874; x_wconf 91' lang='lat' dir='ltr'><strong>et</strong></span> <span class='ocrx_word' id='word_1_194' title='bbox 1585 1819 1921 1887; x_wconf 83' lang='lat' dir='ltr'><strong>Willeranpo</strong></span> <span class='ocrx_word' id='word_1_195' title='bbox 1947 1835 2060 1874; x_wconf 82' lang='lat' dir='ltr'><strong>ser—</strong></span> <span class='ocrx_word' id='word_1_196' title='bbox 2084 1796 2133 1857; x_wconf 72' lang='grc' dir='ltr'><strong>Β</strong></span> <span class='ocrx_word' id='word_1_197' title='bbox 2160 1817 2323 1875; x_wconf 89' lang='lat' dir='ltr'><strong>istum</strong></span> <span class='ocrx_word' id='word_1_198' title='bbox 2350 1832 2547 1879; x_wconf 83' lang='lat' dir='ltr'><strong>novum</strong></span> <span class='ocrx_word' id='word_1_199' title='bbox 2582 1816 2821 1873; x_wconf 84' lang='lat' dir='ltr'><strong>modium</strong></span> <span class='ocrx_word' id='word_1_200' title='bbox 2848 1830 3010 1885; x_wconf 84' lang='lat' dir='ltr'><strong>quem</strong></span> <span class='ocrx_word' id='word_1_201' title='bbox 3039 1814 3288 1871; x_wconf 84' lang='lat' dir='ltr'><strong>dominus</strong></span> <span class='ocrx_word' id='word_1_202' title='bbox 3318 1814 3616 1883; x_wconf 76' lang='lat' dir='ltr'><strong>imperator</strong></span> <span class='ocrx_word' id='word_1_203' title='bbox 3642 1830 3740 1886; x_wconf 86' lang='lat' dir='ltr'><strong>po-</strong></span> 
     </span>
    </p>
   </div>
   <div class='ocr_carea' id='block_1_32' title="bbox 469 1909 2059 1979">
    <p class='ocr_par' dir='ltr' id='par_1_32' title="bbox 469 1909 2059 1979">
     <span class='ocr_line' id='line_1_32' title="bbox 469 1909 2059 1979; baseline -0.003 -10"><span class='ocrx_word' id='word_1_204' title='bbox 469 1911 644 1969; x_wconf 77' lang='lat' dir='ltr'><strong>.vitori</strong></span> <span class='ocrx_word' id='word_1_205' title='bbox 672 1910 813 1967; x_wconf 88' lang='lat' dir='ltr'><strong>calix</strong></span> <span class='ocrx_word' id='word_1_206' title='bbox 843 1927 1021 1967; x_wconf 87' lang='lat' dir='ltr'><strong>unus:</strong></span> <span class='ocrx_word' id='word_1_207' title='bbox 1058 1911 1200 1979; x_wconf 90' lang='lat' dir='ltr'><strong>quod</strong></span> <span class='ocrx_word' id='word_1_208' title='bbox 1228 1911 1507 1967; x_wconf 88' lang='lat' dir='ltr'><strong>residuum</strong></span> <span class='ocrx_word' id='word_1_209' title='bbox 1537 1909 1722 1972; x_wconf 78' lang='lat' dir='ltr'><strong>fuerit,</strong></span> <span class='ocrx_word' id='word_1_210' title='bbox 1752 1909 1804 1964; x_wconf 89' lang='lat' dir='ltr'><strong>in</strong></span> <span class='ocrx_word' id='word_1_211' title='bbox 1834 1910 2059 1965; x_wconf 84' lang='lat' dir='ltr'><strong>arbitrio</strong></span> 
     </span>
    </p>
   </div>
   <div class='ocr_carea' id='block_1_33' title="bbox 465 1999 2055 2071">
    <p class='ocr_par' dir='ltr' id='par_1_33' title="bbox 465 1999 2055 2071">
     <span class='ocr_line' id='line_1_33' title="bbox 465 1999 2055 2071; baseline -0.001 -13"><span class='ocrx_word' id='word_1_212' title='bbox 465 2000 823 2071; x_wconf 66' lang='lat' dir='ltr'><strong>.hOSpitalarii</strong></span> <span class='ocrx_word' id='word_1_213' title='bbox 847 1999 1203 2071; x_wconf 85' lang='lat' dir='ltr'><strong>relinquimus</strong></span> <span class='ocrx_word' id='word_1_214' title='bbox 1224 2001 1495 2071; x_wconf 89' lang='lat' dir='ltr'><strong>quomodo</strong></span> <span class='ocrx_word' id='word_1_215' title='bbox 1517 2000 1646 2054; x_wconf 91' lang='lat' dir='ltr'><strong>illud</strong></span> <span class='ocrx_word' id='word_1_216' title='bbox 1670 2000 1784 2055; x_wconf 85' lang='lat' dir='ltr'><strong>sive</strong></span> <span class='ocrx_word' id='word_1_217' title='bbox 1807 2000 2055 2067; x_wconf 87' lang='lat' dir='ltr'><strong>inﬁrmis,</strong></span> 
     </span>
    </p>
   </div>
   <div class='ocr_carea' id='block_1_34' title="bbox 464 2091 2060 2164">
    <p class='ocr_par' dir='ltr' id='par_1_34' title="bbox 464 2091 2060 2164">
     <span class='ocr_line' id='line_1_34' title="bbox 464 2091 2060 2164; baseline -0.003 -12"><span class='ocrx_word' id='word_1_218' title='bbox 464 2092 603 2154; x_wconf 69' lang='lat' dir='ltr'><strong>.iive</strong></span> <span class='ocrx_word' id='word_1_219' title='bbox 632 2091 756 2149; x_wconf 88' lang='lat' dir='ltr'><strong>aliis</strong></span> <span class='ocrx_word' id='word_1_220' title='bbox 783 2092 1113 2164; x_wconf 83' lang='lat' dir='ltr'><strong>pauperibus</strong></span> <span class='ocrx_word' id='word_1_221' title='bbox 1137 2092 1360 2149; x_wconf 77' lang='lat' dir='ltr'><strong>dividat.</strong></span> <span class='ocrx_word' id='word_1_222' title='bbox 1401 2093 1475 2155; x_wconf 86' lang='lat' dir='ltr'><strong>De</strong></span> <span class='ocrx_word' id='word_1_223' title='bbox 1504 2091 1629 2146; x_wconf 88' lang='lat' dir='ltr'><strong>vino</strong></span> <span class='ocrx_word' id='word_1_224' title='bbox 1658 2099 1837 2146; x_wconf 87' lang='lat' dir='ltr'><strong>autem</strong></span> <span class='ocrx_word' id='word_1_225' title='bbox 1861 2092 1967 2146; x_wconf 90' lang='lat' dir='ltr'><strong>erit</strong></span> <span class='ocrx_word' id='word_1_226' title='bbox 2004 2093 2060 2148; x_wconf 88' lang='lat' dir='ltr'><strong>in</strong></span> 
     </span>
    </p>
   </div>
   <div class='ocr_carea' id='block_1_35' title="bbox 463 2180 2057 2253">
    <p class='ocr_par' dir='ltr' id='par_1_35' title="bbox 463 2180 2057 2253">
     <span class='ocr_line' id='line_1_35' title="bbox 463 2180 2057 2253; baseline 0 -16"><span class='ocrx_word' id='word_1_227' title='bbox 463 2182 714 2241; x_wconf 74' lang='lat' dir='ltr'><strong>.arbitrio</strong></span> <span class='ocrx_word' id='word_1_228' title='bbox 748 2182 947 2253; x_wconf 88' lang='lat' dir='ltr'><strong>prioris</strong></span> <span class='ocrx_word' id='word_1_229' title='bbox 966 2194 1015 2237; x_wconf 63' lang='grc' dir='ltr'><strong>μ.</strong></span> <span class='ocrx_word' id='word_1_230' title='bbox 1070 2180 1414 2243; x_wconf 87' lang='lat' dir='ltr'><strong>Inﬁrmorum</strong></span> <span class='ocrx_word' id='word_1_231' title='bbox 1459 2188 1639 2235; x_wconf 88' lang='lat' dir='ltr'><strong>autem</strong></span> <span class='ocrx_word' id='word_1_232' title='bbox 1680 2182 2057 2243; x_wconf 85' lang='lat' dir='ltr'><strong>necessitatem</strong></span> 
     </span>
    </p>
   </div>
   <div class='ocr_carea' id='block_1_36' title="bbox 467 2270 2058 2343">
    <p class='ocr_par' dir='ltr' id='par_1_36' title="bbox 467 2270 2058 2343">
     <span class='ocr_line' id='line_1_36' title="bbox 467 2270 2058 2343; baseline -0.001 -14"><span class='ocrx_word' id='word_1_233' title='bbox 467 2273 667 2337; x_wconf 53' lang='lat' dir='ltr'><strong>mollior</strong></span> <span class='ocrx_word' id='word_1_234' title='bbox 684 2272 961 2343; x_wconf 77' lang='lat' dir='ltr'><strong>portarius</strong></span> <span class='ocrx_word' id='word_1_235' title='bbox 978 2270 1306 2341; x_wconf 84' lang='lat' dir='ltr'><strong>debetjuxta</strong></span> <span class='ocrx_word' id='word_1_236' title='bbox 1324 2270 1737 2342; x_wconf 85' lang='lat' dir='ltr'><strong>possibilitatem</strong></span> <span class='ocrx_word' id='word_1_237' title='bbox 1756 2271 2058 2342; x_wconf 78' lang='lat' dir='ltr'><strong>providere,</strong></span> 
     </span>
    </p>
   </div>
   <div class='ocr_carea' id='block_1_37' title="bbox 464 2364 2058 2436">
    <p class='ocr_par' dir='ltr' id='par_1_37' title="bbox 464 2364 2058 2436">
     <span class='ocr_line' id='line_1_37' title="bbox 464 2364 2058 2436; baseline -0.004 -12"><span class='ocrx_word' id='word_1_238' title='bbox 464 2367 599 2423; x_wconf 79' lang='lat' dir='ltr'><strong>.sive</strong></span> <span class='ocrx_word' id='word_1_239' title='bbox 624 2365 681 2429; x_wconf 86' lang='lat' dir='ltr'><strong>in</strong></span> <span class='ocrx_word' id='word_1_240' title='bbox 709 2366 857 2432; x_wconf 83' lang='lat' dir='ltr'><strong>cibo,</strong></span> <span class='ocrx_word' id='word_1_241' title='bbox 886 2365 1003 2422; x_wconf 87' lang='lat' dir='ltr'><strong>sive</strong></span> <span class='ocrx_word' id='word_1_242' title='bbox 1032 2366 1087 2423; x_wconf 91' lang='lat' dir='ltr'><strong>in</strong></span> <span class='ocrx_word' id='word_1_243' title='bbox 1117 2373 1245 2435; x_wconf 81' lang='lat' dir='ltr'><strong>potu</strong></span> <span class='ocrx_word' id='word_1_244' title='bbox 1264 2405 1279 2432; x_wconf 94' lang='lat'><strong>,</strong></span> <span class='ocrx_word' id='word_1_245' title='bbox 1321 2365 1375 2421; x_wconf 89' lang='lat' dir='ltr'><strong>in</strong></span> <span class='ocrx_word' id='word_1_246' title='bbox 1414 2365 1502 2421; x_wconf 88' lang='lat' dir='ltr'><strong>bis</strong></span> <span class='ocrx_word' id='word_1_247' title='bbox 1534 2365 1698 2423; x_wconf 87' lang='lat' dir='ltr'><strong>rebus</strong></span> <span class='ocrx_word' id='word_1_248' title='bbox 1726 2379 1845 2436; x_wconf 67' lang='lat' dir='ltr'><strong>qua)</strong></span> <span class='ocrx_word' id='word_1_249' title='bbox 1873 2364 2058 2435; x_wconf 80' lang='lat' dir='ltr'><strong>hospi-</strong></span> 
     </span>
    </p>
   </div>
   <div class='ocr_carea' id='block_1_38' title="bbox 466 2454 2043 2529">
    <p class='ocr_par' dir='ltr' id='par_1_38' title="bbox 466 2454 2043 2529">
     <span class='ocr_line' id='line_1_38' title="bbox 466 2454 2043 2529; baseline -0.016 -7"><span class='ocrx_word' id='word_1_250' title='bbox 466 2456 677 2522; x_wconf 82' lang='lat' dir='ltr'><strong>:talario</strong></span> <span class='ocrx_word' id='word_1_251' title='bbox 700 2457 897 2523; x_wconf 69' lang='lat' dir='ltr'><strong>desunt</strong></span> <span class='ocrx_word' id='word_1_252' title='bbox 920 2456 989 2515; x_wconf 85' lang='lat' dir='ltr'><strong>ad</strong></span> <span class='ocrx_word' id='word_1_253' title='bbox 1010 2471 1146 2526; x_wconf 83' lang='lat' dir='ltr'><strong>opus</strong></span> <span class='ocrx_word' id='word_1_254' title='bbox 1172 2454 1510 2529; x_wconf 79' lang='lat' dir='ltr'><strong>inﬁrmorum</strong></span> <span class='ocrx_word' id='word_1_255' title='bbox 1938 2495 1943 2499; x_wconf 84' lang='lat'><strong>.</strong></span> <span class='ocrx_word' id='word_1_256' title='bbox 2040 2494 2043 2497; x_wconf 89' lang='lat'><strong>.</strong></span> 
     </span>
    </p>
   </div>
   <div class='ocr_carea' id='block_1_39' title="bbox 555 2544 2061 2623">
    <p class='ocr_par' dir='ltr' id='par_1_39' title="bbox 555 2544 2061 2623">
     <span class='ocr_line' id='line_1_39' title="bbox 555 2544 2061 2623; baseline 0.001 -22"><span class='ocrx_word' id='word_1_257' title='bbox 555 2544 613 2601; x_wconf 91' lang='lat' dir='ltr'><strong>Si</strong></span> <span class='ocrx_word' id='word_1_258' title='bbox 644 2546 931 2617; x_wconf 76' lang='lat' dir='ltr'><strong>contigerit</strong></span> <span class='ocrx_word' id='word_1_259' title='bbox 954 2546 1147 2605; x_wconf 80' lang='lat' dir='ltr'><strong>venire</strong></span> <span class='ocrx_word' id='word_1_260' title='bbox 1167 2546 1485 2618; x_wconf 90' lang='lat' dir='ltr'><strong>peregrinos</strong></span> <span class='ocrx_word' id='word_1_261' title='bbox 1510 2545 1579 2601; x_wconf 89' lang='lat' dir='ltr'><strong>de</strong></span> <span class='ocrx_word' id='word_1_262' title='bbox 1605 2544 2061 2623; x_wconf 70' lang='lat' dir='ltr'><strong>longinquispro-</strong></span> 
     </span>
    </p>
   </div>
   <div class='ocr_carea' id='block_1_40' title="bbox 482 2636 2055 2711">
    <p class='ocr_par' dir='ltr' id='par_1_40' title="bbox 482 2636 2055 2711">
     <span class='ocr_line' id='line_1_40' title="bbox 482 2636 2055 2711; baseline -0.001 -19"><span class='ocrx_word' id='word_1_263' title='bbox 482 2636 718 2703; x_wconf 85' lang='lat' dir='ltr'><strong>vinciis,</strong></span> <span class='ocrx_word' id='word_1_264' title='bbox 770 2636 863 2707; x_wconf 90' lang='lat' dir='ltr'><strong>qui</strong></span> <span class='ocrx_word' id='word_1_265' title='bbox 912 2652 1077 2708; x_wconf 88' lang='lat' dir='ltr'><strong>supra</strong></span> <span class='ocrx_word' id='word_1_266' title='bbox 1125 2638 1387 2711; x_wconf 83' lang='lat' dir='ltr'><strong>scriptum</strong></span> <span class='ocrx_word' id='word_1_267' title='bbox 1430 2653 1719 2692; x_wconf 90' lang='lat' dir='ltr'><strong>numerum</strong></span> <span class='ocrx_word' id='word_1_268' title='bbox 1756 2638 2055 2702; x_wconf 86' lang='lat' dir='ltr'><strong>excedant,</strong></span> 
     </span>
    </p>
   </div>
   <div class='ocr_carea' id='block_1_41' title="bbox 460 2730 2062 2802">
    <p class='ocr_par' dir='ltr' id='par_1_41' title="bbox 460 2730 2062 2802">
     <span class='ocr_line' id='line_1_41' title="bbox 460 2730 2062 2802; baseline -0.003 -13"><span class='ocrx_word' id='word_1_269' title='bbox 460 2730 759 2802; x_wconf 53' lang='lat' dir='ltr'><strong>:pm&#39;tarius</strong></span> <span class='ocrx_word' id='word_1_270' title='bbox 784 2732 1071 2802; x_wconf 84' lang='lat' dir='ltr'><strong>provideat</strong></span> <span class='ocrx_word' id='word_1_271' title='bbox 1096 2732 1177 2795; x_wconf 82' lang='lat' dir='ltr'><strong>eis</strong></span> <span class='ocrx_word' id='word_1_272' title='bbox 1204 2746 1326 2802; x_wconf 73' lang='lat' dir='ltr'><strong>quae</strong></span> <span class='ocrx_word' id='word_1_273' title='bbox 1360 2732 1666 2793; x_wconf 84' lang='lat' dir='ltr'><strong>necessaria</strong></span> <span class='ocrx_word' id='word_1_274' title='bbox 1693 2740 1819 2787; x_wconf 89' lang='lat' dir='ltr'><strong>sunt</strong></span> <span class='ocrx_word' id='word_1_275' title='bbox 1838 2769 1856 2798; x_wconf 94' lang='lat'><strong>,</strong></span> <span class='ocrx_word' id='word_1_276' title='bbox 1893 2732 1968 2795; x_wconf 80' lang='lat' dir='ltr'><strong>ita</strong></span> <span class='ocrx_word' id='word_1_277' title='bbox 2000 2739 2062 2786; x_wconf 89' lang='lat' dir='ltr'><strong>ut</strong></span> 
     </span>
    </p>
   </div>
   <div class='ocr_carea' id='block_1_42' title="bbox 460 2821 2061 2894">
    <p class='ocr_par' dir='ltr' id='par_1_42' title="bbox 460 2821 2061 2894">
     <span class='ocr_line' id='line_1_42' title="bbox 460 2821 2061 2894; baseline 0 -16"><span class='ocrx_word' id='word_1_278' title='bbox 460 2835 593 2889; x_wconf 65' lang='lat' dir='ltr'><strong>non</strong></span> <span class='ocrx_word' id='word_1_279' title='bbox 617 2821 896 2889; x_wconf 76' lang='lat' dir='ltr'><strong>minuatur</strong></span> <span class='ocrx_word' id='word_1_280' title='bbox 917 2821 1212 2893; x_wconf 85' lang='lat' dir='ltr'><strong>quidquam</strong></span> <span class='ocrx_word' id='word_1_281' title='bbox 1239 2822 1307 2889; x_wconf 81' lang='lat' dir='ltr'><strong>de</strong></span> <span class='ocrx_word' id='word_1_282' title='bbox 1336 2822 1421 2880; x_wconf 81' lang='lat' dir='ltr'><strong>his</strong></span> <span class='ocrx_word' id='word_1_283' title='bbox 1448 2837 1568 2894; x_wconf 84' lang='lat' dir='ltr'><strong>quae</strong></span> <span class='ocrx_word' id='word_1_284' title='bbox 1595 2822 1924 2893; x_wconf 88' lang='lat' dir='ltr'><strong>quotidianis</strong></span> <span class='ocrx_word' id='word_1_285' title='bbox 1949 2822 2061 2878; x_wconf 89' lang='lat' dir='ltr'><strong>die-</strong></span> 
     </span>
    </p>
   </div>
   <div class='ocr_carea' id='block_1_43' title="bbox 482 2911 1041 2985">
    <p class='ocr_par' dir='ltr' id='par_1_43' title="bbox 482 2911 1041 2985">
     <span class='ocr_line' id='line_1_43' title="bbox 482 2911 1041 2985; baseline -0.002 -15"><span class='ocrx_word' id='word_1_286' title='bbox 482 2911 586 2972; x_wconf 81' lang='lat' dir='ltr'><strong>bus</strong></span> <span class='ocrx_word' id='word_1_287' title='bbox 613 2914 865 2985; x_wconf 78' lang='lat' dir='ltr'><strong>deputata</strong></span> <span class='ocrx_word' id='word_1_288' title='bbox 893 2922 1041 2973; x_wconf 89' lang='lat' dir='ltr'><strong>sunt.</strong></span> 
     </span>
    </p>
   </div>
   <div class='ocr_carea' id='block_1_44' title="bbox 1106 3003 1440 3067">
    <p class='ocr_par' dir='ltr' id='par_1_44' title="bbox 1106 3003 1440 3067">
     <span class='ocr_line' id='line_1_44' title="bbox 1106 3003 1440 3067; baseline -0.018 0"><span class='ocrx_word' id='word_1_289' title='bbox 1106 3003 1335 3067; x_wconf 80' lang='lat' dir='ltr'><strong>CAPUT</strong></span> <span class='ocrx_word' id='word_1_290' title='bbox 1379 3005 1440 3063; x_wconf 72' lang='grc' dir='ltr'><strong>ν.</strong></span> 
     </span>
    </p>
   </div>
   <div class='ocr_carea' id='block_1_45' title="bbox 456 3096 2057 3171">
    <p class='ocr_par' dir='ltr' id='par_1_45' title="bbox 456 3096 2057 3171">
     <span class='ocr_line' id='line_1_45' title="bbox 456 3096 2057 3171; baseline 0.004 -20"><span class='ocrx_word' id='word_1_291' title='bbox 456 3146 463 3151; x_wconf 88' lang='grc'><strong>.</strong></span> <span class='ocrx_word' id='word_1_292' title='bbox 552 3096 820 3161; x_wconf 75' lang='lat' dir='ltr'><strong>Addimus</strong></span> <span class='ocrx_word' id='word_1_293' title='bbox 841 3098 1005 3157; x_wconf 86' lang='lat' dir='ltr'><strong>etiam</strong></span> <span class='ocrx_word' id='word_1_294' title='bbox 1026 3099 1093 3156; x_wconf 88' lang='lat' dir='ltr'><strong>de</strong></span> <span class='ocrx_word' id='word_1_295' title='bbox 1114 3099 1489 3170; x_wconf 89' lang='lat' dir='ltr'><strong>companatico</strong></span> <span class='ocrx_word' id='word_1_296' title='bbox 1516 3099 1569 3155; x_wconf 93' lang='lat' dir='ltr'><strong>in</strong></span> <span class='ocrx_word' id='word_1_297' title='bbox 1593 3098 1743 3156; x_wconf 91' lang='lat' dir='ltr'><strong>cibos</strong></span> <span class='ocrx_word' id='word_1_298' title='bbox 1764 3114 2057 3171; x_wconf 86' lang='lat' dir='ltr'><strong>pauperum</strong></span> 
     </span>
    </p>
   </div>
   <div class='ocr_carea' id='block_1_46' title="bbox 456 3153 2130 3262">
    <p class='ocr_par' dir='ltr' id='par_1_46' title="bbox 456 3153 2130 3262">
     <span class='ocr_line' id='line_1_46' title="bbox 456 3153 2130 3262; baseline 0 -15"><span class='ocrx_word' id='word_1_299' title='bbox 456 3188 552 3259; x_wconf 77' lang='lat' dir='ltr'><strong>;ad</strong></span> <span class='ocrx_word' id='word_1_300' title='bbox 580 3202 780 3260; x_wconf 86' lang='lat' dir='ltr'><strong>pensas</strong></span> <span class='ocrx_word' id='word_1_301' title='bbox 802 3204 934 3256; x_wconf 78' lang='lat' dir='ltr'><strong>xxx,</strong></span> <span class='ocrx_word' id='word_1_302' title='bbox 961 3204 1082 3262; x_wconf 85' lang='lat' dir='ltr'><strong>quae</strong></span> <span class='ocrx_word' id='word_1_303' title='bbox 1110 3153 1309 3247; x_wconf 65' lang='lat' dir='ltr'><strong>dantur</strong></span> <span class='ocrx_word' id='word_1_304' title='bbox 1335 3190 1479 3247; x_wconf 89' lang='lat' dir='ltr'><strong>inter</strong></span> <span class='ocrx_word' id='word_1_305' title='bbox 1501 3204 1720 3246; x_wconf 86' lang='lat' dir='ltr'><strong>caseum</strong></span> <span class='ocrx_word' id='word_1_306' title='bbox 1745 3153 1801 3245; x_wconf 73' lang='lat' dir='ltr'><strong>et</strong></span> <span class='ocrx_word' id='word_1_307' title='bbox 1823 3153 2051 3257; x_wconf 61' lang='lat' dir='ltr'><strong>lardum,</strong></span> <span class='ocrx_word' id='word_1_308' title='bbox 2084 3153 2130 3220; x_wconf 77' lang='lat' dir='ltr'><strong>C</strong></span> 
     </span>
    </p>
   </div>
   <div class='ocr_carea' id='block_1_47' title="bbox 481 3281 2057 3354">
    <p class='ocr_par' dir='ltr' id='par_1_47' title="bbox 481 3281 2057 3354">
     <span class='ocr_line' id='line_1_47' title="bbox 481 3281 2057 3354; baseline 0 -16"><span class='ocrx_word' id='word_1_309' title='bbox 481 3288 540 3338; x_wconf 89' lang='lat' dir='ltr'><strong>et</strong></span> <span class='ocrx_word' id='word_1_310' title='bbox 565 3281 778 3341; x_wconf 83' lang='lat' dir='ltr'><strong>modios</strong></span> <span class='ocrx_word' id='word_1_311' title='bbox 803 3297 911 3338; x_wconf 79' lang='lat' dir='ltr'><strong>xxx</strong></span> <span class='ocrx_word' id='word_1_312' title='bbox 942 3282 1011 3338; x_wconf 90' lang='lat' dir='ltr'><strong>de</strong></span> <span class='ocrx_word' id='word_1_313' title='bbox 1046 3281 1431 3354; x_wconf 77' lang='lat' dir='ltr'><strong>leguminibus,</strong></span> <span class='ocrx_word' id='word_1_314' title='bbox 1459 3283 1703 3352; x_wconf 87' lang='lat' dir='ltr'><strong>quintam</strong></span> <span class='ocrx_word' id='word_1_315' title='bbox 1734 3291 1945 3354; x_wconf 90' lang='lat' dir='ltr'><strong>partem</strong></span> <span class='ocrx_word' id='word_1_316' title='bbox 1990 3284 2057 3338; x_wconf 91' lang='lat' dir='ltr'><strong>de</strong></span> 
     </span>
    </p>
   </div>
   <div class='ocr_carea' id='block_1_48' title="bbox 458 3372 2058 3447">
    <p class='ocr_par' dir='ltr' id='par_1_48' title="bbox 458 3372 2058 3447">
     <span class='ocr_line' id='line_1_48' title="bbox 458 3372 2058 3447; baseline -0.003 -10"><span class='ocrx_word' id='word_1_317' title='bbox 458 3372 694 3443; x_wconf 75' lang='lat' dir='ltr'><strong>,docima</strong></span> <span class='ocrx_word' id='word_1_318' title='bbox 734 3389 896 3445; x_wconf 85' lang='lat' dir='ltr'><strong>quam</strong></span> <span class='ocrx_word' id='word_1_319' title='bbox 940 3375 1138 3444; x_wconf 87' lang='lat' dir='ltr'><strong>accipit</strong></span> <span class='ocrx_word' id='word_1_320' title='bbox 1177 3375 1451 3447; x_wconf 83' lang='lat' dir='ltr'><strong>portarius</strong></span> <span class='ocrx_word' id='word_1_321' title='bbox 1481 3389 1511 3430; x_wconf 91' lang='lat' dir='ltr'><strong>a</strong></span> <span class='ocrx_word' id='word_1_322' title='bbox 1542 3374 1826 3441; x_wconf 80' lang='lat' dir='ltr'><strong>cellerario</strong></span> <span class='ocrx_word' id='word_1_323' title='bbox 1860 3374 1927 3429; x_wconf 91' lang='lat' dir='ltr'><strong>de</strong></span> <span class='ocrx_word' id='word_1_324' title='bbox 1962 3390 2058 3433; x_wconf 88' lang='lat' dir='ltr'><strong>au-</strong></span> 
     </span>
    </p>
   </div>
   <div class='ocr_carea' id='block_1_49' title="bbox 460 3469 2056 3541">
    <p class='ocr_par' dir='ltr' id='par_1_49' title="bbox 460 3469 2056 3541">
     <span class='ocr_line' id='line_1_49' title="bbox 460 3469 2056 3541; baseline 0.001 -17"><span class='ocrx_word' id='word_1_325' title='bbox 460 3469 692 3541; x_wconf 44' lang='lat' dir='ltr'><strong>.guillis,</strong></span> <span class='ocrx_word' id='word_1_326' title='bbox 722 3469 809 3527; x_wconf 86' lang='lat' dir='ltr'><strong>vel</strong></span> <span class='ocrx_word' id='word_1_327' title='bbox 840 3485 999 3529; x_wconf 87' lang='lat' dir='ltr'><strong>caseo</strong></span> <span class='ocrx_word' id='word_1_328' title='bbox 1030 3478 1279 3537; x_wconf 87' lang='lat' dir='ltr'><strong>recente,</strong></span> <span class='ocrx_word' id='word_1_329' title='bbox 1325 3470 1418 3541; x_wconf 87' lang='lat' dir='ltr'><strong>qui</strong></span> <span class='ocrx_word' id='word_1_330' title='bbox 1447 3470 1775 3527; x_wconf 82' lang='lat' dir='ltr'><strong>constitutus</strong></span> <span class='ocrx_word' id='word_1_331' title='bbox 1809 3479 1893 3526; x_wconf 90' lang='lat' dir='ltr'><strong>est</strong></span> <span class='ocrx_word' id='word_1_332' title='bbox 1925 3471 2056 3526; x_wconf 81' lang='lat' dir='ltr'><strong>dare</strong></span> 
     </span>
    </p>
   </div>
   <div class='ocr_carea' id='block_1_50' title="bbox 452 3562 2056 3633">
    <p class='ocr_par' dir='ltr' id='par_1_50' title="bbox 452 3562 2056 3633">
     <span class='ocr_line' id='line_1_50' title="bbox 452 3562 2056 3633; baseline 0.001 -16"><span class='ocrx_word' id='word_1_333' title='bbox 452 3562 550 3631; x_wconf 65' lang='grc' dir='ltr'><strong>,ὼ</strong></span> <span class='ocrx_word' id='word_1_334' title='bbox 577 3563 761 3627; x_wconf 83' lang='lat' dir='ltr'><strong>decem</strong></span> <span class='ocrx_word' id='word_1_335' title='bbox 785 3563 1126 3629; x_wconf 81' lang='lat' dir='ltr'><strong>berbicariis,</strong></span> <span class='ocrx_word' id='word_1_336' title='bbox 1152 3578 1254 3629; x_wconf 82' lang='lat' dir='ltr'><strong>nec</strong></span> <span class='ocrx_word' id='word_1_337' title='bbox 1277 3578 1386 3619; x_wconf 89' lang='lat' dir='ltr'><strong>non</strong></span> <span class='ocrx_word' id='word_1_338' title='bbox 1415 3571 1472 3623; x_wconf 83' lang='lat' dir='ltr'><strong>et</strong></span> <span class='ocrx_word' id='word_1_339' title='bbox 1497 3564 1563 3618; x_wconf 88' lang='lat' dir='ltr'><strong>de.</strong></span> <span class='ocrx_word' id='word_1_340' title='bbox 1590 3562 1680 3617; x_wconf 90' lang='lat' dir='ltr'><strong>illo</strong></span> <span class='ocrx_word' id='word_1_341' title='bbox 1706 3564 1795 3633; x_wconf 88' lang='lat' dir='ltr'><strong>qui</strong></span> <span class='ocrx_word' id='word_1_342' title='bbox 1827 3564 1891 3619; x_wconf 91' lang='lat' dir='ltr'><strong>de</strong></span> <span class='ocrx_word' id='word_1_343' title='bbox 1918 3564 2056 3627; x_wconf 83' lang='lat' dir='ltr'><strong>villis</strong></span> 
     </span>
    </p>
   </div>
   <div class='ocr_carea' id='block_1_51' title="bbox 450 3651 2057 3726">
    <p class='ocr_par' dir='ltr' id='par_1_51' title="bbox 450 3651 2057 3726">
     <span class='ocr_line' id='line_1_51' title="bbox 450 3651 2057 3726; baseline 0.003 -19"><span class='ocrx_word' id='word_1_344' title='bbox 450 3652 769 3723; x_wconf 69' lang='lat' dir='ltr'><strong>.dominicis</strong></span> <span class='ocrx_word' id='word_1_345' title='bbox 796 3654 954 3725; x_wconf 81' lang='lat' dir='ltr'><strong>datur</strong></span> <span class='ocrx_word' id='word_1_346' title='bbox 978 3654 1032 3708; x_wconf 88' lang='lat' dir='ltr'><strong>in</strong></span> <span class='ocrx_word' id='word_1_347' title='bbox 1059 3651 1345 3719; x_wconf 82' lang='lat' dir='ltr'><strong>decimam.</strong></span> <span class='ocrx_word' id='word_1_348' title='bbox 1382 3652 1643 3709; x_wconf 89' lang='lat' dir='ltr'><strong>Similiter</strong></span> <span class='ocrx_word' id='word_1_349' title='bbox 1663 3671 1877 3709; x_wconf 73' lang='lat' dir='ltr'><strong>ornuem</strong></span> <span class='ocrx_word' id='word_1_350' title='bbox 1901 3657 2057 3726; x_wconf 82' lang='lat' dir='ltr'><strong>quin-</strong></span> 
     </span>
    </p>
   </div>
   <div class='ocr_carea' id='block_1_52' title="bbox 483 3742 2058 3818">
    <p class='ocr_par' dir='ltr' id='par_1_52' title="bbox 483 3742 2058 3818">
     <span class='ocr_line' id='line_1_52' title="bbox 483 3742 2058 3818; baseline 0 -17"><span class='ocrx_word' id='word_1_351' title='bbox 483 3750 594 3811; x_wconf 79' lang='lat' dir='ltr'><strong>tam</strong></span> <span class='ocrx_word' id='word_1_352' title='bbox 619 3742 840 3811; x_wconf 66' lang='lat' dir='ltr'><strong>decimae</strong></span> <span class='ocrx_word' id='word_1_353' title='bbox 859 3744 927 3800; x_wconf 86' lang='lat' dir='ltr'><strong>de</strong></span> <span class='ocrx_word' id='word_1_354' title='bbox 942 3745 1258 3818; x_wconf 87' lang='lat' dir='ltr'><strong>pecudibus,</strong></span> <span class='ocrx_word' id='word_1_355' title='bbox 1284 3745 1337 3800; x_wconf 90' lang='lat' dir='ltr'><strong>id</strong></span> <span class='ocrx_word' id='word_1_356' title='bbox 1358 3754 1467 3811; x_wconf 88' lang='lat' dir='ltr'><strong>cst,</strong></span> <span class='ocrx_word' id='word_1_357' title='bbox 1492 3746 1546 3800; x_wconf 91' lang='lat' dir='ltr'><strong>in</strong></span> <span class='ocrx_word' id='word_1_358' title='bbox 1571 3745 1773 3810; x_wconf 87' lang='lat' dir='ltr'><strong>vitulis,</strong></span> <span class='ocrx_word' id='word_1_359' title='bbox 1802 3745 1855 3800; x_wconf 91' lang='lat' dir='ltr'><strong>in</strong></span> <span class='ocrx_word' id='word_1_360' title='bbox 1879 3746 2058 3802; x_wconf 87' lang='lat' dir='ltr'><strong>berbi-</strong></span> 
     </span>
    </p>
   </div>
   <div class='ocr_carea' id='block_1_53' title="bbox 381 3833 2053 3909">
    <p class='ocr_par' dir='ltr' id='par_1_53' title="bbox 381 3833 2053 3909">
     <span class='ocr_line' id='line_1_53' title="bbox 381 3833 2053 3909; baseline 0.006 -24"><span class='ocrx_word' id='word_1_361' title='bbox 381 3881 387 3885; x_wconf 86' lang='lat'><em>_</em></span> <span class='ocrx_word' id='word_1_362' title='bbox 453 3874 461 3881; x_wconf 84' lang='grc'><strong>-</strong></span> <span class='ocrx_word' id='word_1_363' title='bbox 482 3833 661 3899; x_wconf 82' lang='lat' dir='ltr'><strong>cibus,</strong></span> <span class='ocrx_word' id='word_1_364' title='bbox 683 3834 769 3905; x_wconf 79' lang='lat' dir='ltr'><strong>vel</strong></span> <span class='ocrx_word' id='word_1_365' title='bbox 789 3836 1041 3905; x_wconf 79' lang='lat' dir='ltr'><strong>omnibus</strong></span> <span class='ocrx_word' id='word_1_366' title='bbox 1068 3851 1190 3907; x_wconf 62' lang='lat' dir='ltr'><strong>quae</strong></span> <span class='ocrx_word' id='word_1_367' title='bbox 1216 3836 1414 3895; x_wconf 81' lang='lat' dir='ltr'><strong>dantur</strong></span> <span class='ocrx_word' id='word_1_368' title='bbox 1435 3838 1499 3892; x_wconf 87' lang='lat' dir='ltr'><strong>de</strong></span> <span class='ocrx_word' id='word_1_369' title='bbox 1522 3838 1773 3908; x_wconf 88' lang='lat' dir='ltr'><strong>gregibus</strong></span> <span class='ocrx_word' id='word_1_370' title='bbox 1792 3838 2053 3909; x_wconf 87' lang='lat' dir='ltr'><strong>portario,</strong></span> 
     </span>
    </p>
   </div>
   <div class='ocr_carea' id='block_1_54' title="bbox 448 3924 2011 4016">
    <p class='ocr_par' dir='ltr' id='par_1_54' title="bbox 448 3924 2011 4016">
     <span class='ocr_line' id='line_1_54' title="bbox 448 3924 2011 4016; baseline -0.003 -29"><span class='ocrx_word' id='word_1_371' title='bbox 448 3962 465 3993; x_wconf 67' lang='grc' dir='ltr'><strong><em>ς</em></strong></span> <span class='ocrx_word' id='word_1_372' title='bbox 483 3924 647 4016; x_wconf 71' lang='lat' dir='ltr'><strong>etiam</strong></span> <span class='ocrx_word' id='word_1_373' title='bbox 678 3925 733 3993; x_wconf 72' lang='lat' dir='ltr'><strong>in</strong></span> <span class='ocrx_word' id='word_1_374' title='bbox 763 3926 1007 3995; x_wconf 74' lang='lat' dir='ltr'><strong>caballis.</strong></span> <span class='ocrx_word' id='word_1_375' title='bbox 1976 4000 2011 4016; x_wconf 47' lang='grc' dir='ltr'><strong><em>ο</em></strong></span> 
     </span>
    </p>
   </div>
   <div class='ocr_carea' id='block_1_55' title="bbox 448 4015 2057 4091">
    <p class='ocr_par' dir='ltr' id='par_1_55' title="bbox 448 4015 2057 4091">
     <span class='ocr_line' id='line_1_55' title="bbox 448 4015 2057 4091; baseline 0.005 -22"><span class='ocrx_word' id='word_1_376' title='bbox 448 4058 457 4069; x_wconf 83' lang='grc'><em>.</em></span> <span class='ocrx_word' id='word_1_377' title='bbox 543 4015 775 4088; x_wconf 78' lang='lat' dir='ltr'><strong>.lnsupet&#39;</strong></span> <span class='ocrx_word' id='word_1_378' title='bbox 795 4016 1159 4091; x_wconf 69' lang='lat' dir='ltr'><strong>disposuimus</strong></span> <span class='ocrx_word' id='word_1_379' title='bbox 1176 4018 1308 4077; x_wconf 91' lang='lat' dir='ltr'><strong>dare</strong></span> <span class='ocrx_word' id='word_1_380' title='bbox 1328 4018 1430 4088; x_wconf 89' lang='lat' dir='ltr'><strong>ipsi</strong></span> <span class='ocrx_word' id='word_1_381' title='bbox 1451 4034 1613 4091; x_wconf 87' lang='lat' dir='ltr'><strong>supra</strong></span> <span class='ocrx_word' id='word_1_382' title='bbox 1636 4015 2057 4077; x_wconf 86' lang='lat' dir='ltr'><strong>commemorato</strong></span> 
     </span>
    </p>
   </div>
   <div class='ocr_carea' id='block_1_56' title="bbox 483 4109 2054 4183">
    <p class='ocr_par' dir='ltr' id='par_1_56' title="bbox 483 4109 2054 4183">
     <span class='ocr_line' id='line_1_56' title="bbox 483 4109 2054 4183; baseline 0.003 -19"><span class='ocrx_word' id='word_1_383' title='bbox 483 4109 834 4182; x_wconf 83' lang='lat' dir='ltr'><strong>bospitalario</strong></span> <span class='ocrx_word' id='word_1_384' title='bbox 874 4110 941 4165; x_wconf 92' lang='lat' dir='ltr'><strong>de</strong></span> <span class='ocrx_word' id='word_1_385' title='bbox 982 4111 1128 4175; x_wconf 87' lang='lat' dir='ltr'><strong>omni</strong></span> <span class='ocrx_word' id='word_1_386' title='bbox 1169 4119 1392 4183; x_wconf 85' lang='lat' dir='ltr'><strong>argento</strong></span> <span class='ocrx_word' id='word_1_387' title='bbox 1420 4112 1680 4183; x_wconf 89' lang='lat' dir='ltr'><strong>quidquid</strong></span> <span class='ocrx_word' id='word_1_388' title='bbox 1729 4113 1794 4168; x_wconf 91' lang='lat' dir='ltr'><strong>ad</strong></span> <span class='ocrx_word' id='word_1_389' title='bbox 1842 4122 2054 4183; x_wconf 87' lang='lat' dir='ltr'><strong>portam</strong></span> 
     </span>
    </p>
   </div>
   <div class='ocr_carea' id='block_1_57' title="bbox 481 4202 2052 4279">
    <p class='ocr_par' dir='ltr' id='par_1_57' title="bbox 481 4202 2052 4279">
     <span class='ocr_line' id='line_1_57' title="bbox 481 4202 2052 4279; baseline 0.001 -20"><span class='ocrx_word' id='word_1_390' title='bbox 481 4202 691 4259; x_wconf 76' lang='lat' dir='ltr'><strong>venerit</strong></span> <span class='ocrx_word' id='word_1_391' title='bbox 709 4202 953 4275; x_wconf 85' lang='lat' dir='ltr'><strong>quintam</strong></span> <span class='ocrx_word' id='word_1_392' title='bbox 975 4212 1206 4274; x_wconf 86' lang='lat' dir='ltr'><strong>partem,</strong></span> <span class='ocrx_word' id='word_1_393' title='bbox 1228 4219 1325 4279; x_wconf 85' lang='lat' dir='ltr'><strong>per</strong></span> <span class='ocrx_word' id='word_1_394' title='bbox 1345 4219 1535 4259; x_wconf 88' lang='lat' dir='ltr'><strong>manus</strong></span> <span class='ocrx_word' id='word_1_395' title='bbox 1557 4205 1781 4274; x_wconf 88' lang='lat' dir='ltr'><strong>portarii</strong></span> <span class='ocrx_word' id='word_1_396' title='bbox 1805 4206 2052 4263; x_wconf 89' lang='lat' dir='ltr'><strong>senioris.</strong></span> 
     </span>
    </p>
   </div>
   <div class='ocr_carea' id='block_1_58' title="bbox 444 4289 2049 4371">
    <p class='ocr_par' dir='ltr' id='par_1_58' title="bbox 444 4289 2049 4371">
     <span class='ocr_line' id='line_1_58' title="bbox 444 4289 2049 4371; baseline 0.006 -29"><span class='ocrx_word' id='word_1_397' title='bbox 444 4332 455 4342; x_wconf 71' lang='lat'><strong>.</strong></span> <span class='ocrx_word' id='word_1_398' title='bbox 482 4289 559 4348; x_wconf 85' lang='lat' dir='ltr'><strong>De</strong></span> <span class='ocrx_word' id='word_1_399' title='bbox 596 4304 703 4363; x_wconf 86' lang='lat' dir='ltr'><strong>quo</strong></span> <span class='ocrx_word' id='word_1_400' title='bbox 744 4298 967 4362; x_wconf 89' lang='lat' dir='ltr'><strong>argento</strong></span> <span class='ocrx_word' id='word_1_401' title='bbox 998 4291 1161 4371; x_wconf 82' lang='lat' dir='ltr'><strong>talem</strong></span> <span class='ocrx_word' id='word_1_402' title='bbox 1190 4291 1437 4347; x_wconf 89' lang='lat' dir='ltr'><strong>volumus</strong></span> <span class='ocrx_word' id='word_1_403' title='bbox 1466 4293 1582 4347; x_wconf 89' lang='lat' dir='ltr'><strong>ﬁeri</strong></span> <span class='ocrx_word' id='word_1_404' title='bbox 1614 4295 2049 4365; x_wconf 76' lang='lat' dir='ltr'><strong>dispositionem;</strong></span> 
     </span>
    </p>
   </div>
   <div class='ocr_carea' id='block_1_59' title="bbox 482 4382 2050 4457">
    <p class='ocr_par' dir='ltr' id='par_1_59' title="bbox 482 4382 2050 4457">
     <span class='ocr_line' id='line_1_59' title="bbox 482 4382 2050 4457; baseline 0.004 -20"><span class='ocrx_word' id='word_1_405' title='bbox 482 4388 544 4437; x_wconf 92' lang='lat' dir='ltr'><strong>ut</strong></span> <span class='ocrx_word' id='word_1_406' title='bbox 562 4395 670 4437; x_wconf 87' lang='lat' dir='ltr'><strong>non</strong></span> <span class='ocrx_word' id='word_1_407' title='bbox 690 4382 867 4438; x_wconf 90' lang='lat' dir='ltr'><strong>minus</strong></span> <span class='ocrx_word' id='word_1_408' title='bbox 890 4382 1134 4451; x_wconf 82' lang='lat' dir='ltr'><strong>quotidie</strong></span> <span class='ocrx_word' id='word_1_409' title='bbox 1156 4399 1316 4452; x_wconf 87' lang='lat' dir='ltr'><strong>quam</strong></span> <span class='ocrx_word' id='word_1_410' title='bbox 1339 4393 1573 4457; x_wconf 88' lang='lat' dir='ltr'><strong>quatuor</strong></span> <span class='ocrx_word' id='word_1_411' title='bbox 1593 4386 1803 4443; x_wconf 89' lang='lat' dir='ltr'><strong>denarii</strong></span> <span class='ocrx_word' id='word_1_412' title='bbox 1824 4389 2050 4455; x_wconf 85' lang='lat' dir='ltr'><strong>dentur;</strong></span> 
     </span>
    </p>
   </div>
   <div class='ocr_carea' id='block_1_60' title="bbox 2157 1908 3742 1978">
    <p class='ocr_par' dir='ltr' id='par_1_60' title="bbox 2157 1908 3742 1978">
     <span class='ocr_line' id='line_1_60' title="bbox 2157 1908 3742 1978; baseline 0 -16"><span class='ocrx_word' id='word_1_413' title='bbox 2157 1909 2282 1973; x_wconf 79' lang='lat' dir='ltr'><strong>suit.</strong></span> <span class='ocrx_word' id='word_1_414' title='bbox 2330 1909 2396 1963; x_wconf 83' lang='lat' dir='ltr'><strong>Et</strong></span> <span class='ocrx_word' id='word_1_415' title='bbox 2422 1909 2605 1963; x_wconf 81' lang='lat' dir='ltr'><strong>veniat</strong></span> <span class='ocrx_word' id='word_1_416' title='bbox 2644 1910 2756 1978; x_wconf 85' lang='lat' dir='ltr'><strong>ipsa</strong></span> <span class='ocrx_word' id='word_1_417' title='bbox 2783 1924 2997 1969; x_wconf 86' lang='lat' dir='ltr'><strong>annona</strong></span> <span class='ocrx_word' id='word_1_418' title='bbox 3021 1909 3088 1963; x_wconf 88' lang='lat' dir='ltr'><strong>de</strong></span> <span class='ocrx_word' id='word_1_419' title='bbox 3114 1908 3245 1978; x_wconf 84' lang='lat' dir='ltr'><strong>ipsis</strong></span> <span class='ocrx_word' id='word_1_420' title='bbox 3266 1908 3408 1973; x_wconf 72' lang='lat' dir='ltr'><strong>villis</strong></span> <span class='ocrx_word' id='word_1_421' title='bbox 3437 1923 3575 1978; x_wconf 88' lang='lat' dir='ltr'><strong>quas</strong></span> <span class='ocrx_word' id='word_1_422' title='bbox 3608 1923 3742 1978; x_wconf 62' lang='lat' dir='ltr'><strong>pm</strong></span> 
     </span>
    </p>
   </div>
   <div class='ocr_carea' id='block_1_61' title="bbox 2156 1999 3740 2070">
    <p class='ocr_par' dir='ltr' id='par_1_61' title="bbox 2156 1999 3740 2070">
     <span class='ocr_line' id='line_1_61' title="bbox 2156 1999 3740 2070; baseline 0.001 -18"><span class='ocrx_word' id='word_1_423' title='bbox 2156 1999 2367 2068; x_wconf 88' lang='lat' dir='ltr'><strong>positus</strong></span> <span class='ocrx_word' id='word_1_424' title='bbox 2398 1999 2704 2070; x_wconf 88' lang='lat' dir='ltr'><strong>specialiter</strong></span> <span class='ocrx_word' id='word_1_425' title='bbox 2735 1999 2789 2054; x_wconf 91' lang='lat' dir='ltr'><strong>in</strong></span> <span class='ocrx_word' id='word_1_426' title='bbox 2819 1999 3119 2065; x_wconf 84' lang='lat' dir='ltr'><strong>ministerio</strong></span> <span class='ocrx_word' id='word_1_427' title='bbox 3150 1999 3333 2062; x_wconf 83' lang='lat' dir='ltr'><strong>habet,</strong></span> <span class='ocrx_word' id='word_1_428' title='bbox 3365 2006 3424 2053; x_wconf 89' lang='lat' dir='ltr'><strong>ct</strong></span> <span class='ocrx_word' id='word_1_429' title='bbox 3444 1999 3490 2061; x_wconf 91' lang='lat' dir='ltr'><strong>si</strong></span> <span class='ocrx_word' id='word_1_430' title='bbox 3519 2012 3740 2055; x_wconf 86' lang='lat' dir='ltr'><strong>necesse</strong></span> 
     </span>
    </p>
   </div>
   <div class='ocr_carea' id='block_1_62' title="bbox 2152 2089 3741 2164">
    <p class='ocr_par' dir='ltr' id='par_1_62' title="bbox 2152 2089 3741 2164">
     <span class='ocr_line' id='line_1_62' title="bbox 2152 2089 3741 2164; baseline 0.002 -18"><span class='ocrx_word' id='word_1_431' title='bbox 2152 2089 2326 2147; x_wconf 71' lang='lat' dir='ltr'><strong>fuerit</strong></span> <span class='ocrx_word' id='word_1_432' title='bbox 2354 2092 2419 2145; x_wconf 85' lang='lat' dir='ltr'><strong>de</strong></span> <span class='ocrx_word' id='word_1_433' title='bbox 2449 2092 2731 2155; x_wconf 86' lang='lat' dir='ltr'><strong>omnibus,</strong></span> <span class='ocrx_word' id='word_1_434' title='bbox 2776 2092 2861 2151; x_wconf 87' lang='lat' dir='ltr'><strong>sin</strong></span> <span class='ocrx_word' id='word_1_435' title='bbox 2903 2102 3085 2155; x_wconf 82' lang='lat' dir='ltr'><strong>autem</strong></span> <span class='ocrx_word' id='word_1_436' title='bbox 3124 2091 3193 2149; x_wconf 86' lang='lat' dir='ltr'><strong>de</strong></span> <span class='ocrx_word' id='word_1_437' title='bbox 3236 2092 3342 2161; x_wconf 79' lang='lat' dir='ltr'><strong>illis</strong></span> <span class='ocrx_word' id='word_1_438' title='bbox 3382 2092 3580 2164; x_wconf 78' lang='lat' dir='ltr'><strong>quibus</strong></span> <span class='ocrx_word' id='word_1_439' title='bbox 3622 2094 3741 2164; x_wconf 77' lang='lat' dir='ltr'><strong>ipse</strong></span> 
     </span>
    </p>
   </div>
   <div class='ocr_carea' id='block_1_63' title="bbox 2154 2180 3743 2257">
    <p class='ocr_par' dir='ltr' id='par_1_63' title="bbox 2154 2180 3743 2257">
     <span class='ocr_line' id='line_1_63' title="bbox 2154 2180 3743 2257; baseline 0.004 -25"><span class='ocrx_word' id='word_1_440' title='bbox 2154 2195 2282 2239; x_wconf 74' lang='lat' dir='ltr'><strong>cum</strong></span> <span class='ocrx_word' id='word_1_441' title='bbox 2328 2180 2523 2241; x_wconf 87' lang='lat' dir='ltr'><strong>abbate</strong></span> <span class='ocrx_word' id='word_1_442' title='bbox 2566 2182 3013 2241; x_wconf 84' lang='lat' dir='ltr'><strong>consideraverit.</strong></span> <span class='ocrx_word' id='word_1_443' title='bbox 3067 2182 3235 2253; x_wconf 76' lang='lat' dir='ltr'><strong>Istum</strong></span> <span class='ocrx_word' id='word_1_444' title='bbox 3284 2197 3572 2257; x_wconf 83' lang='lat' dir='ltr'><strong>numerum</strong></span> <span class='ocrx_word' id='word_1_445' title='bbox 3616 2181 3743 2249; x_wconf 71' lang='lat' dir='ltr'><strong>ideo</strong></span> 
     </span>
    </p>
   </div>
   <div class='ocr_carea' id='block_1_64' title="bbox 2157 2272 3743 2349">
    <p class='ocr_par' dir='ltr' id='par_1_64' title="bbox 2157 2272 3743 2349">
     <span class='ocr_line' id='line_1_64' title="bbox 2157 2272 3743 2349; baseline 0.003 -23"><span class='ocrx_word' id='word_1_446' title='bbox 2157 2273 2341 2349; x_wconf 76' lang='lat' dir='ltr'><strong>taliter</strong></span> <span class='ocrx_word' id='word_1_447' title='bbox 2370 2273 2762 2340; x_wconf 79' lang='lat' dir='ltr'><strong>ordinavitnus,</strong></span> <span class='ocrx_word' id='word_1_448' title='bbox 2803 2282 2865 2333; x_wconf 93' lang='lat' dir='ltr'><strong>ut</strong></span> <span class='ocrx_word' id='word_1_449' title='bbox 2902 2289 2998 2347; x_wconf 91' lang='lat' dir='ltr'><strong>per</strong></span> <span class='ocrx_word' id='word_1_450' title='bbox 3033 2272 3147 2329; x_wconf 90' lang='lat' dir='ltr'><strong>dies</strong></span> <span class='ocrx_word' id='word_1_451' title='bbox 3184 2272 3424 2345; x_wconf 78' lang='lat' dir='ltr'><strong>singulos</strong></span> <span class='ocrx_word' id='word_1_452' title='bbox 3452 2273 3611 2339; x_wconf 86' lang='lat' dir='ltr'><strong>anni,</strong></span> <span class='ocrx_word' id='word_1_453' title='bbox 3640 2274 3743 2344; x_wconf 84' lang='lat' dir='ltr'><strong>qui</strong></span> 
     </span>
    </p>
   </div>
   <div class='ocr_carea' id='block_1_65' title="bbox 2160 2360 3743 2436">
    <p class='ocr_par' dir='ltr' id='par_1_65' title="bbox 2160 2360 3743 2436">
     <span class='ocr_line' id='line_1_65' title="bbox 2160 2360 3743 2436; baseline 0.003 -17"><span class='ocrx_word' id='word_1_454' title='bbox 2160 2372 2286 2419; x_wconf 91' lang='lat' dir='ltr'><strong>sunt</strong></span> <span class='ocrx_word' id='word_1_455' title='bbox 2309 2380 2531 2431; x_wconf 68' lang='lat' dir='ltr'><strong>cccnxv,</strong></span> <span class='ocrx_word' id='word_1_456' title='bbox 2560 2380 2772 2436; x_wconf 87' lang='lat' dir='ltr'><strong>semper</strong></span> <span class='ocrx_word' id='word_1_457' title='bbox 2798 2366 2935 2421; x_wconf 88' lang='lat' dir='ltr'><strong>duos</strong></span> <span class='ocrx_word' id='word_1_458' title='bbox 2963 2365 3155 2425; x_wconf 82' lang='lat' dir='ltr'><strong>corhos</strong></span> <span class='ocrx_word' id='word_1_459' title='bbox 3184 2360 3419 2435; x_wconf 74' lang='lat' dir='ltr'><strong>habeat;</strong></span> <span class='ocrx_word' id='word_1_460' title='bbox 3454 2365 3547 2436; x_wconf 84' lang='lat' dir='ltr'><strong>qui</strong></span> <span class='ocrx_word' id='word_1_461' title='bbox 3577 2365 3743 2425; x_wconf 84' lang='lat' dir='ltr'><strong>simul</strong></span> 
     </span>
    </p>
   </div>
   <div class='ocr_carea' id='block_1_66' title="bbox 2152 2442 3739 2531">
    <p class='ocr_par' dir='ltr' id='par_1_66' title="bbox 2152 2442 3739 2531">
     <span class='ocr_line' id='line_1_66' title="bbox 2152 2442 3739 2531; baseline 0.001 -23"><span class='ocrx_word' id='word_1_462' title='bbox 2152 2460 2289 2520; x_wconf 71' lang='lat' dir='ltr'><strong>sunt</strong></span> <span class='ocrx_word' id='word_1_463' title='bbox 2315 2454 2466 2515; x_wconf 88' lang='lat' dir='ltr'><strong>corbi</strong></span> <span class='ocrx_word' id='word_1_464' title='bbox 2496 2470 2724 2511; x_wconf 79' lang='lat' dir='ltr'><strong>nccxxx.</strong></span> <span class='ocrx_word' id='word_1_465' title='bbox 2780 2454 2905 2531; x_wconf 85' lang='lat' dir='ltr'><strong>Ideo</strong></span> <span class='ocrx_word' id='word_1_466' title='bbox 2931 2464 3113 2527; x_wconf 80' lang='lat' dir='ltr'><strong>autem</strong></span> <span class='ocrx_word' id='word_1_467' title='bbox 3141 2472 3212 2515; x_wconf 85' lang='lat' dir='ltr'><strong>xx</strong></span> <span class='ocrx_word' id='word_1_468' title='bbox 3244 2457 3443 2517; x_wconf 79' lang='lat' dir='ltr'><strong>addere</strong></span> <span class='ocrx_word' id='word_1_469' title='bbox 3476 2442 3739 2520; x_wconf 74' lang='lat' dir='ltr'><strong>fecimus,</strong></span> 
     </span>
    </p>
   </div>
   <div class='ocr_carea' id='block_1_67' title="bbox 2156 2544 3744 2616">
    <p class='ocr_par' dir='ltr' id='par_1_67' title="bbox 2156 2544 3744 2616">
     <span class='ocr_line' id='line_1_67' title="bbox 2156 2544 3744 2616; baseline 0.003 -15"><span class='ocrx_word' id='word_1_470' title='bbox 2156 2555 2223 2607; x_wconf 80' lang='lat' dir='ltr'><strong>ut</strong></span> <span class='ocrx_word' id='word_1_471' title='bbox 2263 2552 2423 2600; x_wconf 89' lang='lat' dir='ltr'><strong>antea</strong></span> <span class='ocrx_word' id='word_1_472' title='bbox 2469 2553 2846 2616; x_wconf 88' lang='lat' dir='ltr'><strong>supercrescat</strong></span> <span class='ocrx_word' id='word_1_473' title='bbox 2886 2561 3047 2615; x_wconf 89' lang='lat' dir='ltr'><strong>quam</strong></span> <span class='ocrx_word' id='word_1_474' title='bbox 3089 2545 3325 2605; x_wconf 85' lang='lat' dir='ltr'><strong>deﬁciat.</strong></span> <span class='ocrx_word' id='word_1_475' title='bbox 3380 2544 3447 2611; x_wconf 80' lang='lat' dir='ltr'><strong>Et</strong></span> <span class='ocrx_word' id='word_1_476' title='bbox 3492 2546 3744 2616; x_wconf 73' lang='lat' dir='ltr'><strong>quamvis</strong></span> 
     </span>
    </p>
   </div>
   <div class='ocr_carea' id='block_1_68' title="bbox 2157 2634 3742 2711">
    <p class='ocr_par' dir='ltr' id='par_1_68' title="bbox 2157 2634 3742 2711">
     <span class='ocr_line' id='line_1_68' title="bbox 2157 2634 3742 2711; baseline 0.005 -21"><span class='ocrx_word' id='word_1_477' title='bbox 2157 2634 2277 2707; x_wconf 87' lang='lat' dir='ltr'><strong>ipsa</strong></span> <span class='ocrx_word' id='word_1_478' title='bbox 2320 2652 2537 2697; x_wconf 88' lang='lat' dir='ltr'><strong>annona</strong></span> <span class='ocrx_word' id='word_1_479' title='bbox 2577 2637 2852 2697; x_wconf 85' lang='lat' dir='ltr'><strong>interdum</strong></span> <span class='ocrx_word' id='word_1_480' title='bbox 2896 2637 3108 2707; x_wconf 83' lang='lat' dir='ltr'><strong>melior,</strong></span> <span class='ocrx_word' id='word_1_481' title='bbox 3160 2638 3432 2705; x_wconf 78' lang='lat' dir='ltr'><strong>interdum</strong></span> <span class='ocrx_word' id='word_1_482' title='bbox 3478 2638 3742 2711; x_wconf 73' lang='lat' dir='ltr'><strong>deterior,</strong></span> 
     </span>
    </p>
   </div>
   <div class='ocr_carea' id='block_1_69' title="bbox 2158 2727 3744 2811">
    <p class='ocr_par' dir='ltr' id='par_1_69' title="bbox 2158 2727 3744 2811">
     <span class='ocr_line' id='line_1_69' title="bbox 2158 2727 3744 2811; baseline 0.005 -30"><span class='ocrx_word' id='word_1_483' title='bbox 2158 2735 2214 2781; x_wconf 91' lang='lat' dir='ltr'><strong>et</strong></span> <span class='ocrx_word' id='word_1_484' title='bbox 2260 2727 2552 2799; x_wconf 83' lang='lat' dir='ltr'><strong>aliquando</strong></span> <span class='ocrx_word' id='word_1_485' title='bbox 2598 2730 2866 2811; x_wconf 78' lang='lat' dir='ltr'><strong>amplius,</strong></span> <span class='ocrx_word' id='word_1_486' title='bbox 2917 2728 3206 2802; x_wconf 90' lang='lat' dir='ltr'><strong>aliquando</strong></span> <span class='ocrx_word' id='word_1_487' title='bbox 3253 2732 3432 2795; x_wconf 87' lang='lat' dir='ltr'><strong>minus</strong></span> <span class='ocrx_word' id='word_1_488' title='bbox 3467 2732 3533 2788; x_wconf 91' lang='lat' dir='ltr'><strong>de</strong></span> <span class='ocrx_word' id='word_1_489' title='bbox 3566 2731 3744 2791; x_wconf 82' lang='lat' dir='ltr'><strong>farina</strong></span> 
     </span>
    </p>
   </div>
   <div class='ocr_carea' id='block_1_70' title="bbox 2160 2820 3743 2893">
    <p class='ocr_par' dir='ltr' id='par_1_70' title="bbox 2160 2820 3743 2893">
     <span class='ocr_line' id='line_1_70' title="bbox 2160 2820 3743 2893; baseline 0.006 -20"><span class='ocrx_word' id='word_1_490' title='bbox 2160 2820 2385 2875; x_wconf 89' lang='lat' dir='ltr'><strong>reddere</strong></span> <span class='ocrx_word' id='word_1_491' title='bbox 2417 2822 2617 2889; x_wconf 88' lang='lat' dir='ltr'><strong>soleat;</strong></span> <span class='ocrx_word' id='word_1_492' title='bbox 2666 2839 2764 2878; x_wconf 91' lang='lat' dir='ltr'><strong>nos</strong></span> <span class='ocrx_word' id='word_1_493' title='bbox 2800 2832 2979 2885; x_wconf 83' lang='lat' dir='ltr'><strong>tamen</strong></span> <span class='ocrx_word' id='word_1_494' title='bbox 3008 2825 3355 2881; x_wconf 88' lang='lat' dir='ltr'><strong>mediocriter</strong></span> <span class='ocrx_word' id='word_1_495' title='bbox 3384 2826 3743 2893; x_wconf 75' lang='lat' dir='ltr'><strong>aestimantes,</strong></span> 
     </span>
    </p>
   </div>
   <div class='ocr_carea' id='block_1_71' title="bbox 2150 2914 3742 2991">
    <p class='ocr_par' dir='ltr' id='par_1_71' title="bbox 2150 2914 3742 2991">
     <span class='ocr_line' id='line_1_71' title="bbox 2150 2914 3742 2991; baseline 0.005 -24"><span class='ocrx_word' id='word_1_496' title='bbox 2150 2926 2440 2983; x_wconf 79' lang='lat' dir='ltr'><strong>speramus</strong></span> <span class='ocrx_word' id='word_1_497' title='bbox 2469 2914 2611 2983; x_wconf 85' lang='lat' dir='ltr'><strong>quod</strong></span> <span class='ocrx_word' id='word_1_498' title='bbox 2642 2916 2707 2979; x_wconf 82' lang='lat' dir='ltr'><strong>de</strong></span> <span class='ocrx_word' id='word_1_499' title='bbox 2737 2915 2844 2971; x_wconf 87' lang='lat' dir='ltr'><strong>illis</strong></span> <span class='ocrx_word' id='word_1_500' title='bbox 2868 2916 3075 2975; x_wconf 87' lang='lat' dir='ltr'><strong>duobus</strong></span> <span class='ocrx_word' id='word_1_501' title='bbox 3101 2918 3283 2979; x_wconf 85' lang='lat' dir='ltr'><strong>corbis</strong></span> <span class='ocrx_word' id='word_1_502' title='bbox 3309 2932 3524 2991; x_wconf 89' lang='lat' dir='ltr'><strong>semper</strong></span> <span class='ocrx_word' id='word_1_503' title='bbox 3550 2919 3742 2975; x_wconf 82' lang='lat' dir='ltr'><strong>decem</strong></span> 
     </span>
    </p>
   </div>
   <div class='ocr_carea' id='block_1_72' title="bbox 2160 3005 3743 3083">
    <p class='ocr_par' dir='ltr' id='par_1_72' title="bbox 2160 3005 3743 3083">
     <span class='ocr_line' id='line_1_72' title="bbox 2160 3005 3743 3083; baseline 0.006 -24"><span class='ocrx_word' id='word_1_504' title='bbox 2160 3005 2347 3077; x_wconf 83' lang='lat' dir='ltr'><strong>haberi</strong></span> <span class='ocrx_word' id='word_1_505' title='bbox 2393 3007 2559 3083; x_wconf 74' lang='lat' dir='ltr'><strong>modii</strong></span> <span class='ocrx_word' id='word_1_506' title='bbox 2599 3008 2829 3077; x_wconf 80' lang='lat' dir='ltr'><strong>possint.</strong></span> <span class='ocrx_word' id='word_1_507' title='bbox 2884 3008 2975 3065; x_wconf 88' lang='lat' dir='ltr'><strong>Sic</strong></span> <span class='ocrx_word' id='word_1_508' title='bbox 3011 3025 3140 3081; x_wconf 91' lang='lat' dir='ltr'><strong>ergo</strong></span> <span class='ocrx_word' id='word_1_509' title='bbox 3168 3010 3377 3082; x_wconf 84' lang='lat' dir='ltr'><strong>singula</strong></span> <span class='ocrx_word' id='word_1_510' title='bbox 3400 3011 3580 3075; x_wconf 84' lang='lat' dir='ltr'><strong>modia</strong></span> <span class='ocrx_word' id='word_1_511' title='bbox 3606 3028 3743 3081; x_wconf 70' lang='grc' dir='ltr'><strong>ιιι,</strong></span> 
     </span>
    </p>
   </div>
   <div class='ocr_carea' id='block_1_73' title="bbox 2159 3099 3745 3173">
    <p class='ocr_par' dir='ltr' id='par_1_73' title="bbox 2159 3099 3745 3173">
     <span class='ocr_line' id='line_1_73' title="bbox 2159 3099 3745 3173; baseline 0.004 -20"><span class='ocrx_word' id='word_1_512' title='bbox 2159 3112 2330 3169; x_wconf 88' lang='lat' dir='ltr'><strong>panes</strong></span> <span class='ocrx_word' id='word_1_513' title='bbox 2375 3114 2488 3155; x_wconf 81' lang='lat' dir='ltr'><strong>ccc.</strong></span> <span class='ocrx_word' id='word_1_514' title='bbox 2554 3099 2691 3167; x_wconf 85' lang='lat' dir='ltr'><strong>Quia</strong></span> <span class='ocrx_word' id='word_1_515' title='bbox 2746 3111 2923 3165; x_wconf 87' lang='lat' dir='ltr'><strong>autem</strong></span> <span class='ocrx_word' id='word_1_516' title='bbox 2976 3101 3108 3159; x_wconf 89' lang='lat' dir='ltr'><strong>certi</strong></span> <span class='ocrx_word' id='word_1_517' title='bbox 3163 3116 3350 3161; x_wconf 90' lang='lat' dir='ltr'><strong>sumus</strong></span> <span class='ocrx_word' id='word_1_518' title='bbox 3399 3102 3543 3173; x_wconf 90' lang='lat' dir='ltr'><strong>quod</strong></span> <span class='ocrx_word' id='word_1_519' title='bbox 3598 3103 3745 3159; x_wconf 89' lang='lat' dir='ltr'><strong>omni</strong></span> 
     </span>
    </p>
   </div>
   <div class='ocr_carea' id='block_1_74' title="bbox 2165 3176 3747 3263">
    <p class='ocr_par' dir='ltr' id='par_1_74' title="bbox 2165 3176 3747 3263">
     <span class='ocr_line' id='line_1_74' title="bbox 2165 3176 3747 3263; baseline 0.004 -21"><span class='ocrx_word' id='word_1_520' title='bbox 2165 3197 2406 3259; x_wconf 84' lang='lat' dir='ltr'><strong>tempore</strong></span> <span class='ocrx_word' id='word_1_521' title='bbox 2440 3176 2548 3249; x_wconf 82' lang='lat' dir='ltr'><strong>non</strong></span> <span class='ocrx_word' id='word_1_522' title='bbox 2581 3190 2759 3251; x_wconf 85' lang='lat' dir='ltr'><strong>minus</strong></span> <span class='ocrx_word' id='word_1_523' title='bbox 2787 3206 2946 3261; x_wconf 91' lang='lat' dir='ltr'><strong>quam</strong></span> <span class='ocrx_word' id='word_1_524' title='bbox 2979 3191 3240 3263; x_wconf 83' lang='lat' dir='ltr'><strong>trecenti,</strong></span> <span class='ocrx_word' id='word_1_525' title='bbox 3287 3200 3340 3247; x_wconf 90' lang='lat' dir='ltr'><strong>et</strong></span> <span class='ocrx_word' id='word_1_526' title='bbox 3382 3192 3589 3263; x_wconf 90' lang='lat' dir='ltr'><strong>aliquid</strong></span> <span class='ocrx_word' id='word_1_527' title='bbox 3633 3209 3747 3248; x_wconf 91' lang='lat' dir='ltr'><strong>am-</strong></span> 
     </span>
    </p>
   </div>
   <div class='ocr_carea' id='block_1_75' title="bbox 2156 3279 3745 3353">
    <p class='ocr_par' dir='ltr' id='par_1_75' title="bbox 2156 3279 3745 3353">
     <span class='ocr_line' id='line_1_75' title="bbox 2156 3279 3745 3353; baseline 0.004 -22"><span class='ocrx_word' id='word_1_528' title='bbox 2156 3279 2339 3348; x_wconf 88' lang='lat' dir='ltr'><strong>plius,</strong></span> <span class='ocrx_word' id='word_1_529' title='bbox 2387 3293 2600 3350; x_wconf 87' lang='lat' dir='ltr'><strong>semper</strong></span> <span class='ocrx_word' id='word_1_530' title='bbox 2639 3280 2787 3336; x_wconf 89' lang='lat' dir='ltr'><strong>intus</strong></span> <span class='ocrx_word' id='word_1_531' title='bbox 2831 3280 3045 3337; x_wconf 90' lang='lat' dir='ltr'><strong>assidue</strong></span> <span class='ocrx_word' id='word_1_532' title='bbox 3085 3290 3404 3349; x_wconf 83' lang='lat' dir='ltr'><strong>manentes,</strong></span> <span class='ocrx_word' id='word_1_533' title='bbox 3451 3292 3505 3337; x_wconf 87' lang='lat' dir='ltr'><strong>et</strong></span> <span class='ocrx_word' id='word_1_534' title='bbox 3548 3299 3745 3353; x_wconf 86' lang='lat' dir='ltr'><strong>supcr-</strong></span> 
     </span>
    </p>
   </div>
   <div class='ocr_carea' id='block_1_76' title="bbox 2158 3371 3744 3443">
    <p class='ocr_par' dir='ltr' id='par_1_76' title="bbox 2158 3371 3744 3443">
     <span class='ocr_line' id='line_1_76' title="bbox 2158 3371 3744 3443; baseline 0.003 -18"><span class='ocrx_word' id='word_1_535' title='bbox 2158 3371 2439 3427; x_wconf 89' lang='lat' dir='ltr'><strong>venicntes</strong></span> <span class='ocrx_word' id='word_1_536' title='bbox 2471 3372 2524 3426; x_wconf 89' lang='lat' dir='ltr'><strong>in</strong></span> <span class='ocrx_word' id='word_1_537' title='bbox 2559 3373 2889 3443; x_wconf 79' lang='lat' dir='ltr'><strong>monasterio</strong></span> <span class='ocrx_word' id='word_1_538' title='bbox 2920 3373 3155 3441; x_wconf 89' lang='lat' dir='ltr'><strong>erimus,</strong></span> <span class='ocrx_word' id='word_1_539' title='bbox 3205 3388 3328 3428; x_wconf 91' lang='lat' dir='ltr'><strong>cum</strong></span> <span class='ocrx_word' id='word_1_540' title='bbox 3361 3381 3540 3428; x_wconf 88' lang='lat' dir='ltr'><strong>tamen</strong></span> <span class='ocrx_word' id='word_1_541' title='bbox 3583 3375 3744 3429; x_wconf 92' lang='lat' dir='ltr'><strong>modo</strong></span> 
     </span>
    </p>
   </div>
   <div class='ocr_carea' id='block_1_77' title="bbox 2159 3466 3745 3538">
    <p class='ocr_par' dir='ltr' id='par_1_77' title="bbox 2159 3466 3745 3538">
     <span class='ocr_line' id='line_1_77' title="bbox 2159 3466 3745 3538; baseline 0.001 -18"><span class='ocrx_word' id='word_1_542' title='bbox 2159 3481 2267 3520; x_wconf 91' lang='lat' dir='ltr'><strong>non</strong></span> <span class='ocrx_word' id='word_1_543' title='bbox 2299 3466 2471 3537; x_wconf 85' lang='lat' dir='ltr'><strong>magis</strong></span> <span class='ocrx_word' id='word_1_544' title='bbox 2505 3482 2665 3537; x_wconf 90' lang='lat' dir='ltr'><strong>quam</strong></span> <span class='ocrx_word' id='word_1_545' title='bbox 2712 3467 2941 3531; x_wconf 84' lang='lat' dir='ltr'><strong>trecenti</strong></span> <span class='ocrx_word' id='word_1_546' title='bbox 2971 3466 3356 3538; x_wconf 87' lang='lat' dir='ltr'><strong>quinquaginta</strong></span> <span class='ocrx_word' id='word_1_547' title='bbox 3395 3467 3594 3532; x_wconf 90' lang='lat' dir='ltr'><strong>simus;</strong></span> <span class='ocrx_word' id='word_1_548' title='bbox 3642 3482 3745 3522; x_wconf 87' lang='lat' dir='ltr'><strong>nos</strong></span> 
     </span>
    </p>
   </div>
   <div class='ocr_carea' id='block_1_78' title="bbox 2161 3558 3747 3641">
    <p class='ocr_par' dir='ltr' id='par_1_78' title="bbox 2161 3558 3747 3641">
     <span class='ocr_line' id='line_1_78' title="bbox 2161 3558 3747 3641; baseline 0.003 -30"><span class='ocrx_word' id='word_1_549' title='bbox 2161 3565 2340 3617; x_wconf 89' lang='lat' dir='ltr'><strong>tamen</strong></span> <span class='ocrx_word' id='word_1_550' title='bbox 2389 3561 2517 3630; x_wconf 88' lang='lat' dir='ltr'><strong>quia</strong></span> <span class='ocrx_word' id='word_1_551' title='bbox 2568 3558 2857 3631; x_wconf 87' lang='lat' dir='ltr'><strong>aliquando</strong></span> <span class='ocrx_word' id='word_1_552' title='bbox 2907 3561 3126 3625; x_wconf 88' lang='lat' dir='ltr'><strong>minus,</strong></span> <span class='ocrx_word' id='word_1_553' title='bbox 3174 3559 3463 3631; x_wconf 90' lang='lat' dir='ltr'><strong>aliquando</strong></span> <span class='ocrx_word' id='word_1_554' title='bbox 3507 3558 3747 3641; x_wconf 83' lang='lat' dir='ltr'><strong>amplius</strong></span> 
     </span>
    </p>
   </div>
   <div class='ocr_carea' id='block_1_79' title="bbox 2144 3651 3741 3724">
    <p class='ocr_par' dir='ltr' id='par_1_79' title="bbox 2144 3651 3741 3724">
     <span class='ocr_line' id='line_1_79' title="bbox 2144 3651 3741 3724; baseline -0.001 -17"><span class='ocrx_word' id='word_1_555' title='bbox 2144 3667 2321 3723; x_wconf 21' lang='lat' dir='ltr'><strong>(quam</strong></span> <span class='ocrx_word' id='word_1_556' title='bbox 2351 3654 2725 3724; x_wconf 90' lang='lat' dir='ltr'><strong>quadringenti</strong></span> <span class='ocrx_word' id='word_1_557' title='bbox 2755 3652 2987 3711; x_wconf 79' lang='lat' dir='ltr'><strong>fortasse</strong></span> <span class='ocrx_word' id='word_1_558' title='bbox 3016 3668 3226 3720; x_wconf 85' lang='lat' dir='ltr'><strong>sumus,</strong></span> <span class='ocrx_word' id='word_1_559' title='bbox 3253 3653 3327 3707; x_wconf 87' lang='lat' dir='ltr'><strong>ita</strong></span> <span class='ocrx_word' id='word_1_560' title='bbox 3357 3651 3615 3707; x_wconf 86' lang='lat' dir='ltr'><strong>ordinare</strong></span> <span class='ocrx_word' id='word_1_561' title='bbox 3644 3666 3741 3707; x_wconf 83' lang='lat' dir='ltr'><strong>vo-</strong></span> 
     </span>
    </p>
   </div>
   <div class='ocr_carea' id='block_1_80' title="bbox 2144 3743 3745 3823">
    <p class='ocr_par' dir='ltr' id='par_1_80' title="bbox 2144 3743 3745 3823">
     <span class='ocr_line' id='line_1_80' title="bbox 2144 3743 3745 3823; baseline -0.001 -25"><span class='ocrx_word' id='word_1_562' title='bbox 2144 3744 2339 3823; x_wconf 72' lang='lat' dir='ltr'><strong>lumus</strong></span> <span class='ocrx_word' id='word_1_563' title='bbox 2372 3760 2434 3815; x_wconf 73' lang='lat' dir='ltr'><strong>ac</strong></span> <span class='ocrx_word' id='word_1_564' title='bbox 2466 3746 2511 3799; x_wconf 91' lang='lat' dir='ltr'><strong>si</strong></span> <span class='ocrx_word' id='word_1_565' title='bbox 2543 3745 2690 3803; x_wconf 89' lang='lat' dir='ltr'><strong>omni</strong></span> <span class='ocrx_word' id='word_1_566' title='bbox 2725 3753 2966 3815; x_wconf 90' lang='lat' dir='ltr'><strong>tempore</strong></span> <span class='ocrx_word' id='word_1_567' title='bbox 3005 3744 3383 3816; x_wconf 86' lang='lat' dir='ltr'><strong>quadringenti</strong></span> <span class='ocrx_word' id='word_1_568' title='bbox 3426 3743 3631 3807; x_wconf 89' lang='lat' dir='ltr'><strong>simus,</strong></span> <span class='ocrx_word' id='word_1_569' title='bbox 3683 3750 3745 3798; x_wconf 91' lang='lat' dir='ltr'><strong>ut</strong></span> 
     </span>
    </p>
   </div>
   <div class='ocr_carea' id='block_1_81' title="bbox 2160 3834 3735 3909">
    <p class='ocr_par' dir='ltr' id='par_1_81' title="bbox 2160 3834 3735 3909">
     <span class='ocr_line' id='line_1_81' title="bbox 2160 3834 3735 3909; baseline -0.003 -16"><span class='ocrx_word' id='word_1_570' title='bbox 2160 3851 2226 3893; x_wconf 81' lang='lat' dir='ltr'><strong>ex</strong></span> <span class='ocrx_word' id='word_1_571' title='bbox 2266 3851 2331 3899; x_wconf 85' lang='lat' dir='ltr'><strong>eo</strong></span> <span class='ocrx_word' id='word_1_572' title='bbox 2372 3837 2589 3906; x_wconf 87' lang='lat' dir='ltr'><strong>quando</strong></span> <span class='ocrx_word' id='word_1_573' title='bbox 2632 3836 2811 3897; x_wconf 86' lang='lat' dir='ltr'><strong>minus</strong></span> <span class='ocrx_word' id='word_1_574' title='bbox 2858 3852 3021 3909; x_wconf 88' lang='lat' dir='ltr'><strong>quam</strong></span> <span class='ocrx_word' id='word_1_575' title='bbox 3067 3834 3449 3908; x_wconf 82' lang='lat' dir='ltr'><strong>quadringenti</strong></span> <span class='ocrx_word' id='word_1_576' title='bbox 3499 3851 3735 3902; x_wconf 89' lang='lat' dir='ltr'><strong>sumus,</strong></span> 
     </span>
    </p>
   </div>
   <div class='ocr_carea' id='block_1_82' title="bbox 2161 3926 3744 3999">
    <p class='ocr_par' dir='ltr' id='par_1_82' title="bbox 2161 3926 3744 3999">
     <span class='ocr_line' id='line_1_82' title="bbox 2161 3926 3744 3999; baseline 0.001 -17"><span class='ocrx_word' id='word_1_577' title='bbox 2161 3928 2561 3996; x_wconf 78' lang='lat' dir='ltr'><strong>supercrescit,</strong></span> <span class='ocrx_word' id='word_1_578' title='bbox 2608 3929 2805 3985; x_wconf 87' lang='lat' dir='ltr'><strong>habeat</strong></span> <span class='ocrx_word' id='word_1_579' title='bbox 2847 3929 2990 3987; x_wconf 88' lang='lat' dir='ltr'><strong>unde</strong></span> <span class='ocrx_word' id='word_1_580' title='bbox 3030 3928 3367 3985; x_wconf 88' lang='lat' dir='ltr'><strong>abundanter</strong></span> <span class='ocrx_word' id='word_1_581' title='bbox 3412 3926 3524 3987; x_wconf 85' lang='lat' dir='ltr'><strong>dari</strong></span> <span class='ocrx_word' id='word_1_582' title='bbox 3567 3927 3744 3999; x_wconf 87' lang='lat' dir='ltr'><strong>possit</strong></span> 
     </span>
    </p>
   </div>
   <div class='ocr_carea' id='block_1_83' title="bbox 2160 4010 3742 4091">
    <p class='ocr_par' dir='ltr' id='par_1_83' title="bbox 2160 4010 3742 4091">
     <span class='ocr_line' id='line_1_83' title="bbox 2160 4010 3742 4091; baseline 0.004 -22"><span class='ocrx_word' id='word_1_583' title='bbox 2160 4017 2375 4088; x_wconf 88' lang='lat' dir='ltr'><strong>quando</strong></span> <span class='ocrx_word' id='word_1_584' title='bbox 2404 4018 2633 4089; x_wconf 87' lang='lat' dir='ltr'><strong>amplius</strong></span> <span class='ocrx_word' id='word_1_585' title='bbox 2668 4035 2873 4076; x_wconf 80' lang='lat' dir='ltr'><strong>sumus.</strong></span> <span class='ocrx_word' id='word_1_586' title='bbox 2920 4018 3066 4074; x_wconf 84' lang='lat' dir='ltr'><strong>Raro</strong></span> <span class='ocrx_word' id='word_1_587' title='bbox 3094 4028 3273 4074; x_wconf 82' lang='lat' dir='ltr'><strong>tamen</strong></span> <span class='ocrx_word' id='word_1_588' title='bbox 3304 4018 3400 4085; x_wconf 90' lang='lat' dir='ltr'><strong>ﬁt,</strong></span> <span class='ocrx_word' id='word_1_589' title='bbox 3445 4010 3742 4091; x_wconf 75' lang='lat' dir='ltr'><strong>quodam-</strong></span> 
     </span>
    </p>
   </div>
   <div class='ocr_carea' id='block_1_84' title="bbox 2158 4108 3743 4182">
    <p class='ocr_par' dir='ltr' id='par_1_84' title="bbox 2158 4108 3743 4182">
     <span class='ocr_line' id='line_1_84' title="bbox 2158 4108 3743 4182; baseline 0.003 -22"><span class='ocrx_word' id='word_1_590' title='bbox 2158 4109 2301 4177; x_wconf 83' lang='lat' dir='ltr'><strong>plius</strong></span> <span class='ocrx_word' id='word_1_591' title='bbox 2342 4109 2510 4163; x_wconf 88' lang='lat' dir='ltr'><strong>simus</strong></span> <span class='ocrx_word' id='word_1_592' title='bbox 2535 4151 2548 4175; x_wconf 91' lang='lat'><strong>,</strong></span> <span class='ocrx_word' id='word_1_593' title='bbox 2597 4125 2719 4164; x_wconf 89' lang='lat' dir='ltr'><strong>cum</strong></span> <span class='ocrx_word' id='word_1_594' title='bbox 2768 4108 2870 4164; x_wconf 87' lang='lat' dir='ltr'><strong>hoc</strong></span> <span class='ocrx_word' id='word_1_595' title='bbox 2917 4110 3212 4181; x_wconf 60' lang='lat' dir='ltr'><strong>saepissime</strong></span> <span class='ocrx_word' id='word_1_596' title='bbox 3252 4108 3345 4166; x_wconf 82' lang='lat' dir='ltr'><strong>ﬁat</strong></span> <span class='ocrx_word' id='word_1_597' title='bbox 3380 4111 3519 4182; x_wconf 89' lang='lat' dir='ltr'><strong>quod</strong></span> <span class='ocrx_word' id='word_1_598' title='bbox 3564 4112 3743 4167; x_wconf 87' lang='lat' dir='ltr'><strong>multo</strong></span> 
     </span>
    </p>
   </div>
   <div class='ocr_carea' id='block_1_85' title="bbox 2159 4201 3149 4272">
    <p class='ocr_par' dir='ltr' id='par_1_85' title="bbox 2159 4201 3149 4272">
     <span class='ocr_line' id='line_1_85' title="bbox 2159 4201 3149 4272; baseline 0.004 -19"><span class='ocrx_word' id='word_1_599' title='bbox 2159 4201 2340 4255; x_wconf 88' lang='lat' dir='ltr'><strong>minus</strong></span> <span class='ocrx_word' id='word_1_600' title='bbox 2367 4216 2527 4271; x_wconf 89' lang='lat' dir='ltr'><strong>quam</strong></span> <span class='ocrx_word' id='word_1_601' title='bbox 2556 4201 2934 4272; x_wconf 81' lang='lat' dir='ltr'><strong>quadringenti</strong></span> <span class='ocrx_word' id='word_1_602' title='bbox 2965 4203 3149 4257; x_wconf 90' lang='lat' dir='ltr'><strong>simus.</strong></span> 
     </span>
    </p>
   </div>
   <div class='ocr_carea' id='block_1_86' title="bbox 2231 4291 3745 4365">
    <p class='ocr_par' dir='ltr' id='par_1_86' title="bbox 2231 4291 3745 4365">
     <span class='ocr_line' id='line_1_86' title="bbox 2231 4291 3745 4365; baseline 0.003 -19"><span class='ocrx_word' id='word_1_603' title='bbox 2231 4291 2507 4347; x_wconf 79' lang='lat' dir='ltr'><strong>Addamus</strong></span> <span class='ocrx_word' id='word_1_604' title='bbox 2538 4309 2667 4363; x_wconf 83' lang='lat' dir='ltr'><strong>ergo</strong></span> <span class='ocrx_word' id='word_1_605' title='bbox 2710 4310 2776 4349; x_wconf 81' lang='lat' dir='ltr'><strong>ex</strong></span> <span class='ocrx_word' id='word_1_606' title='bbox 2815 4309 2879 4347; x_wconf 93' lang='lat' dir='ltr'><strong>eo</strong></span> <span class='ocrx_word' id='word_1_607' title='bbox 2919 4294 3059 4363; x_wconf 89' lang='lat' dir='ltr'><strong>quod</strong></span> <span class='ocrx_word' id='word_1_608' title='bbox 3094 4294 3158 4348; x_wconf 87' lang='lat' dir='ltr'><strong>de</strong></span> <span class='ocrx_word' id='word_1_609' title='bbox 3188 4293 3401 4349; x_wconf 91' lang='lat' dir='ltr'><strong>molinis</strong></span> <span class='ocrx_word' id='word_1_610' title='bbox 3428 4292 3574 4348; x_wconf 87' lang='lat' dir='ltr'><strong>venit</strong></span> <span class='ocrx_word' id='word_1_611' title='bbox 3603 4309 3745 4365; x_wconf 77' lang='lat' dir='ltr'><strong>quo-</strong></span> 
     </span>
    </p>
   </div>
   <div class='ocr_carea' id='block_1_87' title="bbox 2158 4384 3738 4458">
    <p class='ocr_par' dir='ltr' id='par_1_87' title="bbox 2158 4384 3738 4458">
     <span class='ocr_line' id='line_1_87' title="bbox 2158 4384 3738 4458; baseline -0.001 -15"><span class='ocrx_word' id='word_1_612' title='bbox 2158 4384 2286 4449; x_wconf 86' lang='lat' dir='ltr'><strong>tidie</strong></span> <span class='ocrx_word' id='word_1_613' title='bbox 2314 4386 2491 4453; x_wconf 83' lang='lat' dir='ltr'><strong>modia</strong></span> <span class='ocrx_word' id='word_1_614' title='bbox 2520 4393 2775 4457; x_wconf 87' lang='lat' dir='ltr'><strong>quatuor,</strong></span> <span class='ocrx_word' id='word_1_615' title='bbox 2818 4394 2872 4440; x_wconf 91' lang='lat' dir='ltr'><strong>et</strong></span> <span class='ocrx_word' id='word_1_616' title='bbox 2901 4384 3039 4441; x_wconf 88' lang='lat' dir='ltr'><strong>ﬁunt</strong></span> <span class='ocrx_word' id='word_1_617' title='bbox 3072 4400 3240 4457; x_wconf 86' lang='lat' dir='ltr'><strong>panes</strong></span> <span class='ocrx_word' id='word_1_618' title='bbox 3270 4394 3484 4441; x_wconf 85' lang='lat' dir='ltr'><strong>centum</strong></span> <span class='ocrx_word' id='word_1_619' title='bbox 3508 4385 3738 4458; x_wconf 80' lang='lat' dir='ltr'><strong>viginti,</strong></span> 
     </span>
    </p>
   </div>
   <div class='ocr_carea' id='block_1_88' title="bbox 482 4472 3743 4577">
    <p class='ocr_par' dir='ltr' id='par_1_88' title="bbox 482 4472 3743 4577">
     <span class='ocr_line' id='line_1_88' title="bbox 482 4472 3743 4577; baseline 0.005 -48"><span class='ocrx_word' id='word_1_620' title='bbox 482 4479 537 4529; x_wconf 87' lang='lat' dir='ltr'><strong>et</strong></span> <span class='ocrx_word' id='word_1_621' title='bbox 565 4472 611 4528; x_wconf 90' lang='lat' dir='ltr'><strong>si</strong></span> <span class='ocrx_word' id='word_1_622' title='bbox 641 4473 817 4528; x_wconf 89' lang='lat' dir='ltr'><strong>minor</strong></span> <span class='ocrx_word' id='word_1_623' title='bbox 844 4472 1008 4529; x_wconf 78' lang='lat' dir='ltr'><strong>fuerit</strong></span> <span class='ocrx_word' id='word_1_624' title='bbox 1035 4491 1291 4537; x_wconf 88' lang='lat' dir='ltr'><strong>numerus</strong></span> <span class='ocrx_word' id='word_1_625' title='bbox 1332 4477 1400 4533; x_wconf 93' lang='lat' dir='ltr'><strong>de</strong></span> <span class='ocrx_word' id='word_1_626' title='bbox 1448 4479 1562 4553; x_wconf 90' lang='lat' dir='ltr'><strong>ipsa</strong></span> <span class='ocrx_word' id='word_1_627' title='bbox 1607 4482 1795 4553; x_wconf 90' lang='lat' dir='ltr'><strong>quinta</strong></span> <span class='ocrx_word' id='word_1_628' title='bbox 1822 4523 1837 4548; x_wconf 89' lang='lat'><strong>,</strong></span> <span class='ocrx_word' id='word_1_629' title='bbox 1883 4499 2045 4553; x_wconf 87' lang='lat' dir='ltr'><strong>quam</strong></span> <span class='ocrx_word' id='word_1_630' title='bbox 2074 4513 2129 4577; x_wconf 70' lang='grc' dir='ltr'>Β</span> <span class='ocrx_word' id='word_1_631' title='bbox 2151 4476 2317 4549; x_wconf 72' lang='lat' dir='ltr'><strong>iunge</strong></span> <span class='ocrx_word' id='word_1_632' title='bbox 2346 4479 2506 4535; x_wconf 82' lang='lat' dir='ltr'><strong>simul</strong></span> <span class='ocrx_word' id='word_1_633' title='bbox 2528 4518 2543 4545; x_wconf 83' lang='grc'><em>,</em></span> <span class='ocrx_word' id='word_1_634' title='bbox 2590 4487 2646 4541; x_wconf 77' lang='lat' dir='ltr'><strong>et</strong></span> <span class='ocrx_word' id='word_1_635' title='bbox 2686 4486 2813 4543; x_wconf 74' lang='lat' dir='ltr'><strong>sum</strong></span> <span class='ocrx_word' id='word_1_636' title='bbox 2838 4472 3007 4549; x_wconf 64' lang='grc' dir='ltr'><strong>ρειηεὲ</strong></span> <span class='ocrx_word' id='word_1_637' title='bbox 3030 4495 3250 4536; x_wconf 65' lang='lat' dir='ltr'><strong>CCCC“.</strong></span> <span class='ocrx_word' id='word_1_638' title='bbox 3306 4478 3445 4536; x_wconf 72' lang='lat' dir='ltr'><strong>Ecce</strong></span> <span class='ocrx_word' id='word_1_639' title='bbox 3470 4479 3743 4565; x_wconf 53' lang='lat' dir='ltr'><strong>habemus</strong></span> 
     </span>
    </p>
   </div>
   <div class='ocr_carea' id='block_1_89' title="bbox 483 4562 2050 4641">
    <p class='ocr_par' dir='ltr' id='par_1_89' title="bbox 483 4562 2050 4641">
     <span class='ocr_line' id='line_1_89' title="bbox 483 4562 2050 4641; baseline 0.008 -25"><span class='ocrx_word' id='word_1_640' title='bbox 483 4562 732 4618; x_wconf 77' lang='lat' dir='ltr'><strong>sufﬁcere</strong></span> <span class='ocrx_word' id='word_1_641' title='bbox 761 4565 931 4633; x_wconf 84' lang='lat' dir='ltr'><strong>possit</strong></span> <span class='ocrx_word' id='word_1_642' title='bbox 956 4563 1024 4619; x_wconf 91' lang='lat' dir='ltr'><strong>ad</strong></span> <span class='ocrx_word' id='word_1_643' title='bbox 1054 4566 1194 4621; x_wconf 91' lang='lat' dir='ltr'><strong>hanc</strong></span> <span class='ocrx_word' id='word_1_644' title='bbox 1221 4569 1655 4626; x_wconf 88' lang='lat' dir='ltr'><strong>distributionem</strong></span> <span class='ocrx_word' id='word_1_645' title='bbox 1682 4574 2050 4641; x_wconf 90' lang='lat' dir='ltr'><strong>quotidianam</strong></span> 
     </span>
    </p>
   </div>
   <div class='ocr_carea' id='block_1_90' title="bbox 482 4653 2054 4734">
    <p class='ocr_par' dir='ltr' id='par_1_90' title="bbox 482 4653 2054 4734">
     <span class='ocr_line' id='line_1_90' title="bbox 482 4653 2054 4734; baseline 0.01 -27"><span class='ocrx_word' id='word_1_646' title='bbox 482 4653 813 4719; x_wconf 74' lang='lat' dir='ltr'><strong>faciendam,</strong></span> <span class='ocrx_word' id='word_1_647' title='bbox 860 4655 1026 4734; x_wconf 76' lang='lat' dir='ltr'><strong>abbas</strong></span> <span class='ocrx_word' id='word_1_648' title='bbox 1072 4658 1120 4711; x_wconf 85' lang='lat' dir='ltr'><strong>si</strong></span> <span class='ocrx_word' id='word_1_649' title='bbox 1162 4658 1276 4713; x_wconf 91' lang='lat' dir='ltr'><strong>vult</strong></span> <span class='ocrx_word' id='word_1_650' title='bbox 1315 4661 1561 4731; x_wconf 87' lang='lat' dir='ltr'><strong>suppleat</strong></span> <span class='ocrx_word' id='word_1_651' title='bbox 1607 4662 1860 4730; x_wconf 89' lang='lat' dir='ltr'><strong>aliunde;</strong></span> <span class='ocrx_word' id='word_1_652' title='bbox 1907 4673 1962 4721; x_wconf 88' lang='lat' dir='ltr'><strong>et</strong></span> <span class='ocrx_word' id='word_1_653' title='bbox 2007 4668 2054 4722; x_wconf 87' lang='lat' dir='ltr'><strong>si</strong></span> 
     </span>
    </p>
   </div>
   <div class='ocr_carea' id='block_1_91' title="bbox 452 4746 2056 4828">
    <p class='ocr_par' dir='ltr' id='par_1_91' title="bbox 452 4746 2056 4828">
     <span class='ocr_line' id='line_1_91' title="bbox 452 4746 2056 4828; baseline 0.007 -26"><span class='ocrx_word' id='word_1_654' title='bbox 452 4754 457 4759; x_wconf 83' lang='lat'><em>&#39;</em></span> <span class='ocrx_word' id='word_1_655' title='bbox 482 4746 625 4803; x_wconf 86' lang='lat' dir='ltr'><strong>ultra</strong></span> <span class='ocrx_word' id='word_1_656' title='bbox 649 4746 897 4813; x_wconf 88' lang='lat' dir='ltr'><strong>creverit,</strong></span> <span class='ocrx_word' id='word_1_657' title='bbox 926 4763 1033 4805; x_wconf 91' lang='lat' dir='ltr'><strong>non</strong></span> <span class='ocrx_word' id='word_1_658' title='bbox 1062 4749 1433 4807; x_wconf 86' lang='lat' dir='ltr'><strong>subtrahatur.</strong></span> <span class='ocrx_word' id='word_1_659' title='bbox 1466 4751 1636 4824; x_wconf 90' lang='lat' dir='ltr'><strong>Ligna</strong></span> <span class='ocrx_word' id='word_1_660' title='bbox 1666 4763 1844 4810; x_wconf 88' lang='lat' dir='ltr'><strong>autem</strong></span> <span class='ocrx_word' id='word_1_661' title='bbox 1873 4757 2056 4828; x_wconf 87' lang='lat' dir='ltr'><strong>provi-</strong></span> 
     </span>
    </p>
   </div>
   <div class='ocr_carea' id='block_1_92' title="bbox 488 4840 2053 4916">
    <p class='ocr_par' dir='ltr' id='par_1_92' title="bbox 488 4840 2053 4916">
     <span class='ocr_line' id='line_1_92' title="bbox 488 4840 2053 4916; baseline 0.001 -15"><span class='ocrx_word' id='word_1_662' title='bbox 488 4843 609 4901; x_wconf 69' lang='lat' dir='ltr'><strong>deat</strong></span> <span class='ocrx_word' id='word_1_663' title='bbox 628 4840 901 4911; x_wconf 84' lang='lat' dir='ltr'><strong>portarius</strong></span> <span class='ocrx_word' id='word_1_664' title='bbox 920 4844 1245 4913; x_wconf 87' lang='lat' dir='ltr'><strong>pauperibus</strong></span> <span class='ocrx_word' id='word_1_665' title='bbox 1265 4846 1560 4901; x_wconf 88' lang='lat' dir='ltr'><strong>secundum</strong></span> <span class='ocrx_word' id='word_1_666' title='bbox 1584 4850 2053 4916; x_wconf 89' lang='lat' dir='ltr'><strong>consuetudinem,</strong></span> 
     </span>
    </p>
   </div>
   <div class='ocr_carea' id='block_1_93' title="bbox 449 4933 2056 5006">
    <p class='ocr_par' dir='ltr' id='par_1_93' title="bbox 449 4933 2056 5006">
     <span class='ocr_line' id='line_1_93' title="bbox 449 4933 2056 5006; baseline 0.002 -14"><span class='ocrx_word' id='word_1_667' title='bbox 449 4933 567 4992; x_wconf 66' lang='lat' dir='ltr'><strong>~Vel</strong></span> <span class='ocrx_word' id='word_1_668' title='bbox 605 4943 801 4993; x_wconf 67' lang='lat' dir='ltr'><strong>caetera</strong></span> <span class='ocrx_word' id='word_1_669' title='bbox 838 4949 962 5005; x_wconf 68' lang='lat' dir='ltr'><strong>quas</strong></span> <span class='ocrx_word' id='word_1_670' title='bbox 1015 4935 1106 4990; x_wconf 88' lang='lat' dir='ltr'><strong>hic</strong></span> <span class='ocrx_word' id='word_1_671' title='bbox 1157 4935 1357 5006; x_wconf 88' lang='lat' dir='ltr'><strong>scripta</strong></span> <span class='ocrx_word' id='word_1_672' title='bbox 1406 4952 1513 4992; x_wconf 90' lang='lat' dir='ltr'><strong>non</strong></span> <span class='ocrx_word' id='word_1_673' title='bbox 1560 4939 1870 4995; x_wconf 88' lang='lat' dir='ltr'><strong>habentur:</strong></span> <span class='ocrx_word' id='word_1_674' title='bbox 1917 4941 2056 4997; x_wconf 88' lang='lat' dir='ltr'><strong>sicut</strong></span> 
     </span>
    </p>
   </div>
   <div class='ocr_carea' id='block_1_94' title="bbox 448 5023 2050 5103">
    <p class='ocr_par' dir='ltr' id='par_1_94' title="bbox 448 5023 2050 5103">
     <span class='ocr_line' id='line_1_94' title="bbox 448 5023 2050 5103; baseline 0.001 -17"><span class='ocrx_word' id='word_1_675' title='bbox 448 5032 609 5103; x_wconf 47' lang='lat' dir='ltr'><strong>&quot;sunt</strong></span> <span class='ocrx_word' id='word_1_676' title='bbox 639 5024 801 5099; x_wconf 86' lang='lat' dir='ltr'><strong>panni</strong></span> <span class='ocrx_word' id='word_1_677' title='bbox 830 5025 886 5083; x_wconf 92' lang='lat' dir='ltr'><strong>in</strong></span> <span class='ocrx_word' id='word_1_678' title='bbox 915 5023 1158 5092; x_wconf 91' lang='lat' dir='ltr'><strong>lectulis,</strong></span> <span class='ocrx_word' id='word_1_679' title='bbox 1189 5025 1275 5081; x_wconf 86' lang='lat' dir='ltr'><strong>vel</strong></span> <span class='ocrx_word' id='word_1_680' title='bbox 1297 5042 1459 5093; x_wconf 86' lang='lat' dir='ltr'><strong>vasa,</strong></span> <span class='ocrx_word' id='word_1_681' title='bbox 1500 5036 1555 5083; x_wconf 88' lang='lat' dir='ltr'><strong>et</strong></span> <span class='ocrx_word' id='word_1_682' title='bbox 1582 5038 1776 5086; x_wconf 74' lang='lat' dir='ltr'><strong>cmtera</strong></span> <span class='ocrx_word' id='word_1_683' title='bbox 1806 5046 2050 5102; x_wconf 84' lang='lat' dir='ltr'><strong>quaeque.</strong></span> 
     </span>
    </p>
   </div>
   <div class='ocr_carea' id='block_1_95' title="bbox 483 5116 2055 5194">
    <p class='ocr_par' dir='ltr' id='par_1_95' title="bbox 483 5116 2055 5194">
     <span class='ocr_line' id='line_1_95' title="bbox 483 5116 2055 5194; baseline 0.003 -18"><span class='ocrx_word' id='word_1_684' title='bbox 483 5116 610 5179; x_wconf 67' lang='lat' dir='ltr'><strong>lites</strong></span> <span class='ocrx_word' id='word_1_685' title='bbox 636 5117 817 5183; x_wconf 77' lang='lat' dir='ltr'><strong>omnia</strong></span> <span class='ocrx_word' id='word_1_686' title='bbox 844 5133 1003 5189; x_wconf 88' lang='lat' dir='ltr'><strong>supra</strong></span> <span class='ocrx_word' id='word_1_687' title='bbox 1035 5119 1237 5188; x_wconf 86' lang='lat' dir='ltr'><strong>scripta</strong></span> <span class='ocrx_word' id='word_1_688' title='bbox 1264 5119 1331 5175; x_wconf 93' lang='lat' dir='ltr'><strong>de</strong></span> <span class='ocrx_word' id='word_1_689' title='bbox 1358 5120 1445 5177; x_wconf 90' lang='lat' dir='ltr'><strong>his</strong></span> <span class='ocrx_word' id='word_1_690' title='bbox 1469 5137 1589 5191; x_wconf 71' lang='lat' dir='ltr'><strong>qua:</strong></span> <span class='ocrx_word' id='word_1_691' title='bbox 1619 5124 1685 5179; x_wconf 90' lang='lat' dir='ltr'><strong>ad</strong></span> <span class='ocrx_word' id='word_1_692' title='bbox 1722 5134 1935 5194; x_wconf 91' lang='lat' dir='ltr'><strong>portam</strong></span> <span class='ocrx_word' id='word_1_693' title='bbox 1965 5142 2055 5181; x_wconf 87' lang='lat' dir='ltr'><strong>ve-</strong></span> 
     </span>
    </p>
   </div>
   <div class='ocr_carea' id='block_1_96' title="bbox 482 5209 2055 5284">
    <p class='ocr_par' dir='ltr' id='par_1_96' title="bbox 482 5209 2055 5284">
     <span class='ocr_line' id='line_1_96' title="bbox 482 5209 2055 5284; baseline 0.001 -15"><span class='ocrx_word' id='word_1_694' title='bbox 482 5213 675 5278; x_wconf 77' lang='lat' dir='ltr'><strong>niunt,</strong></span> <span class='ocrx_word' id='word_1_695' title='bbox 724 5219 948 5284; x_wconf 86' lang='lat' dir='ltr'><strong>propter</strong></span> <span class='ocrx_word' id='word_1_696' title='bbox 983 5209 1115 5266; x_wconf 89' lang='lat' dir='ltr'><strong>illud</strong></span> <span class='ocrx_word' id='word_1_697' title='bbox 1154 5210 1584 5280; x_wconf 89' lang='lat' dir='ltr'><strong>supplementum</strong></span> <span class='ocrx_word' id='word_1_698' title='bbox 1615 5216 1861 5283; x_wconf 89' lang='lat' dir='ltr'><strong>argenti,</strong></span> <span class='ocrx_word' id='word_1_699' title='bbox 1911 5217 2055 5271; x_wconf 90' lang='lat' dir='ltr'><strong>sicut</strong></span> 
     </span>
    </p>
   </div>
   <div class='ocr_carea' id='block_1_97' title="bbox 483 5300 2058 5377">
    <p class='ocr_par' dir='ltr' id='par_1_97' title="bbox 483 5300 2058 5377">
     <span class='ocr_line' id='line_1_97' title="bbox 483 5300 2058 5377; baseline 0.003 -21"><span class='ocrx_word' id='word_1_700' title='bbox 483 5300 645 5377; x_wconf 76' lang='lat' dir='ltr'><strong>supra</strong></span> <span class='ocrx_word' id='word_1_701' title='bbox 672 5310 1153 5359; x_wconf 90' lang='lat' dir='ltr'><strong>commemoratum</strong></span> <span class='ocrx_word' id='word_1_702' title='bbox 1186 5310 1290 5367; x_wconf 89' lang='lat' dir='ltr'><strong>est,</strong></span> <span class='ocrx_word' id='word_1_703' title='bbox 1323 5301 1536 5356; x_wconf 90' lang='lat' dir='ltr'><strong>dentur.</strong></span> <span class='ocrx_word' id='word_1_704' title='bbox 1579 5302 1804 5375; x_wconf 87' lang='lat' dir='ltr'><strong>Insuper</strong></span> <span class='ocrx_word' id='word_1_705' title='bbox 1828 5306 2058 5377; x_wconf 84' lang='lat' dir='ltr'><strong>accipiat</strong></span> 
     </span>
    </p>
   </div>
   <div class='ocr_carea' id='block_1_98' title="bbox 483 5391 2056 5468">
    <p class='ocr_par' dir='ltr' id='par_1_98' title="bbox 483 5391 2056 5468">
     <span class='ocr_line' id='line_1_98' title="bbox 483 5391 2056 5468; baseline 0.001 -15"><span class='ocrx_word' id='word_1_706' title='bbox 483 5391 866 5468; x_wconf 85' lang='lat' dir='ltr'><strong>hospitalarius</strong></span> <span class='ocrx_word' id='word_1_707' title='bbox 911 5409 945 5451; x_wconf 88' lang='lat' dir='ltr'><strong>a</strong></span> <span class='ocrx_word' id='word_1_708' title='bbox 984 5392 1285 5453; x_wconf 87' lang='lat' dir='ltr'><strong>camerario</strong></span> <span class='ocrx_word' id='word_1_709' title='bbox 1315 5393 1638 5451; x_wconf 89' lang='lat' dir='ltr'><strong>vestimenta</strong></span> <span class='ocrx_word' id='word_1_710' title='bbox 1663 5434 1678 5461; x_wconf 94' lang='lat'><strong>,</strong></span> <span class='ocrx_word' id='word_1_711' title='bbox 1725 5396 1808 5451; x_wconf 89' lang='lat' dir='ltr'><strong>vel</strong></span> <span class='ocrx_word' id='word_1_712' title='bbox 1848 5398 2056 5454; x_wconf 86' lang='lat' dir='ltr'><strong>calcea-</strong></span> 
     </span>
    </p>
   </div>
   <div class='ocr_carea' id='block_1_99' title="bbox 484 5507 2053 5636">
    <p class='ocr_par' dir='ltr' id='par_1_99' title="bbox 484 5507 2053 5636">
     <span class='ocr_line' id='line_1_99' title="bbox 563 5507 2053 5567; baseline 0.003 -4"><span class='ocrx_word' id='word_1_713' title='bbox 563 5507 834 5567; x_wconf 69' lang='lat' dir='ltr'><strong>IPrioris.</strong></span> <span class='ocrx_word' id='word_1_714' title='bbox 888 5507 950 5566; x_wconf 82' lang='lat' dir='ltr'><strong>In</strong></span> <span class='ocrx_word' id='word_1_715' title='bbox 996 5509 1169 5566; x_wconf 86' lang='lat' dir='ltr'><strong>altero</strong></span> <span class='ocrx_word' id='word_1_716' title='bbox 1214 5511 1401 5567; x_wconf 86' lang='lat' dir='ltr'><strong>codice</strong></span> <span class='ocrx_word' id='word_1_717' title='bbox 1446 5510 1700 5565; x_wconf 88' lang='lat' dir='ltr'><strong>additur:</strong></span> <span class='ocrx_word' id='word_1_718' title='bbox 1735 5529 1755 5561; x_wconf 71' lang='grc' dir='ltr'><em>ς</em></span> <span class='ocrx_word' id='word_1_719' title='bbox 1787 5511 1864 5564; x_wconf 87' lang='lat' dir='ltr'><strong>De</strong></span> <span class='ocrx_word' id='word_1_720' title='bbox 1898 5512 2053 5567; x_wconf 88' lang='lat' dir='ltr'><strong>laicis</strong></span> 
     </span>
     <span class='ocr_line' id='line_1_100' title="bbox 484 5580 2053 5636; baseline 0 0"><span class='ocrx_word' id='word_1_721' title='bbox 484 5585 698 5636; x_wconf 82' lang='lat' dir='ltr'><strong>autem.</strong></span> <span class='ocrx_word' id='word_1_722' title='bbox 736 5580 827 5636; x_wconf 84' lang='lat' dir='ltr'><strong>oui</strong></span> <span class='ocrx_word' id='word_1_723' title='bbox 853 5592 952 5636; x_wconf 80' lang='lat' dir='ltr'><strong>pro</strong></span> <span class='ocrx_word' id='word_1_724' title='bbox 976 5581 1239 5636; x_wconf 88' lang='lat' dir='ltr'><strong>beneﬁcio</strong></span> <span class='ocrx_word' id='word_1_725' title='bbox 1269 5581 1412 5636; x_wconf 78' lang='lat' dir='ltr'><strong>quod</strong></span> <span class='ocrx_word' id='word_1_726' title='bbox 1446 5588 1662 5636; x_wconf 88' lang='lat' dir='ltr'><strong>tenent.</strong></span> <span class='ocrx_word' id='word_1_727' title='bbox 1704 5582 1917 5636; x_wconf 84' lang='lat' dir='ltr'><strong>abbati.</strong></span> <span class='ocrx_word' id='word_1_728' title='bbox 1963 5591 2053 5636; x_wconf 86' lang='lat' dir='ltr'><strong>aut</strong></span> 
     </span>
    </p>
   </div>
   <div class='ocr_carea' id='block_1_100' title="bbox 614 5595 698 5646">
    <p class='ocr_par' dir='ltr' id='par_1_100' title="bbox 614 5595 698 5646">
     <span class='ocr_line' id='line_1_101' title="bbox 614 5595 698 5646; baseline -0.012 -12"><span class='ocrx_word' id='word_1_729' title='bbox 614 5595 698 5646; x_wconf 82' lang='lat' dir='ltr'><strong>ni,</strong></span> 
     </span>
    </p>
   </div>
   <div class='ocr_carea' id='block_1_101' title="bbox 485 5650 2051 5721">
    <p class='ocr_par' dir='ltr' id='par_1_101' title="bbox 485 5650 2051 5721">
     <span class='ocr_line' id='line_1_102' title="bbox 485 5650 2051 5721; baseline 0.002 -16"><span class='ocrx_word' id='word_1_730' title='bbox 485 5650 677 5721; x_wconf 87' lang='lat' dir='ltr'><strong>priori,</strong></span> <span class='ocrx_word' id='word_1_731' title='bbox 707 5650 799 5721; x_wconf 70' lang='lat' dir='ltr'><strong>adt</strong></span> <span class='ocrx_word' id='word_1_732' title='bbox 831 5650 1132 5721; x_wconf 71' lang='lat' dir='ltr'><strong>praepositis</strong></span> <span class='ocrx_word' id='word_1_733' title='bbox 1161 5650 1305 5707; x_wconf 82' lang='lat' dir='ltr'><strong>intus</strong></span> <span class='ocrx_word' id='word_1_734' title='bbox 1330 5651 1415 5706; x_wconf 89' lang='lat' dir='ltr'><strong>vel</strong></span> <span class='ocrx_word' id='word_1_735' title='bbox 1446 5652 1596 5713; x_wconf 76' lang='lat' dir='ltr'><strong>foris.</strong></span> <span class='ocrx_word' id='word_1_736' title='bbox 1626 5653 1708 5706; x_wconf 88' lang='lat' dir='ltr'><strong>vel</strong></span> <span class='ocrx_word' id='word_1_737' title='bbox 1735 5652 2051 5721; x_wconf 83' lang='lat' dir='ltr'><strong>equitando,</strong></span> 
     </span>
    </p>
   </div>
   <div class='ocr_carea' id='block_1_102' title="bbox 487 5720 2053 5789">
    <p class='ocr_par' dir='ltr' id='par_1_102' title="bbox 487 5720 2053 5789">
     <span class='ocr_line' id='line_1_103' title="bbox 487 5720 2053 5789; baseline 0.001 -13"><span class='ocrx_word' id='word_1_738' title='bbox 487 5720 570 5776; x_wconf 90' lang='lat' dir='ltr'><strong>vel</strong></span> <span class='ocrx_word' id='word_1_739' title='bbox 598 5720 873 5776; x_wconf 87' lang='lat' dir='ltr'><strong>servitium</strong></span> <span class='ocrx_word' id='word_1_740' title='bbox 898 5720 1143 5777; x_wconf 78' lang='lat' dir='ltr'><strong>faciendo</strong></span> <span class='ocrx_word' id='word_1_741' title='bbox 1169 5724 1430 5789; x_wconf 90' lang='lat' dir='ltr'><strong>serviunt,</strong></span> <span class='ocrx_word' id='word_1_742' title='bbox 1458 5720 1835 5779; x_wconf 85' lang='lat' dir='ltr'><strong>constituimus</strong></span> <span class='ocrx_word' id='word_1_743' title='bbox 1861 5732 1919 5777; x_wconf 92' lang='lat' dir='ltr'><strong>ut</strong></span> <span class='ocrx_word' id='word_1_744' title='bbox 1948 5722 2053 5781; x_wconf 69' lang='lat' dir='ltr'><strong>Na-</strong></span> 
     </span>
    </p>
   </div>
   <div class='ocr_carea' id='block_1_103' title="bbox 485 5789 2181 5853">
    <p class='ocr_par' dir='ltr' id='par_1_103' title="bbox 485 5789 2181 5853">
     <span class='ocr_line' id='line_1_104' title="bbox 485 5789 2181 5853; baseline -0.001 -3"><span class='ocrx_word' id='word_1_745' title='bbox 485 5789 580 5849; x_wconf 73' lang='lat' dir='ltr'><strong>tali</strong></span> <span class='ocrx_word' id='word_1_746' title='bbox 625 5790 838 5853; x_wconf 86' lang='lat' dir='ltr'><strong>Domini</strong></span> <span class='ocrx_word' id='word_1_747' title='bbox 878 5800 936 5849; x_wconf 88' lang='lat' dir='ltr'><strong>et</strong></span> <span class='ocrx_word' id='word_1_748' title='bbox 976 5792 1183 5850; x_wconf 84' lang='lat' dir='ltr'><strong>Pascha</strong></span> <span class='ocrx_word' id='word_1_749' title='bbox 1232 5794 1467 5850; x_wconf 88' lang='lat' dir='ltr'><strong>habeant</strong></span> <span class='ocrx_word' id='word_1_750' title='bbox 1515 5805 1607 5850; x_wconf 90' lang='lat' dir='ltr'><strong>aut</strong></span> <span class='ocrx_word' id='word_1_751' title='bbox 1660 5795 1767 5852; x_wconf 93' lang='lat' dir='ltr'><strong>duo</strong></span> <span class='ocrx_word' id='word_1_752' title='bbox 1813 5794 2051 5851; x_wconf 78' lang='lat' dir='ltr'><strong>sextaria</strong></span> <span class='ocrx_word' id='word_1_753' title='bbox 2125 5799 2181 5835; x_wconf 51' lang='grc' dir='ltr'><strong>’Τ</strong></span> 
     </span>
    </p>
   </div>
   <div class='ocr_carea' id='block_1_104' title="bbox 2156 4560 3743 4643">
    <p class='ocr_par' dir='ltr' id='par_1_104' title="bbox 2156 4560 3743 4643">
     <span class='ocr_line' id='line_1_105' title="bbox 2156 4560 3743 4643; baseline 0.001 -19"><span class='ocrx_word' id='word_1_754' title='bbox 2156 4587 2264 4624; x_wconf 89' lang='lat' dir='ltr'><strong>non</strong></span> <span class='ocrx_word' id='word_1_755' title='bbox 2312 4570 2487 4625; x_wconf 83' lang='lat' dir='ltr'><strong>solum</strong></span> <span class='ocrx_word' id='word_1_756' title='bbox 2537 4564 2623 4625; x_wconf 68' lang='lat' dir='ltr'><strong>ad</strong></span> <span class='ocrx_word' id='word_1_757' title='bbox 2652 4571 3078 4641; x_wconf 85' lang='lat' dir='ltr'><strong>quadringentos</strong></span> <span class='ocrx_word' id='word_1_758' title='bbox 3123 4572 3216 4643; x_wconf 91' lang='lat' dir='ltr'><strong>qui</strong></span> <span class='ocrx_word' id='word_1_759' title='bbox 3261 4588 3386 4627; x_wconf 90' lang='lat' dir='ltr'><strong>raro</strong></span> <span class='ocrx_word' id='word_1_760' title='bbox 3431 4560 3588 4634; x_wconf 86' lang='lat' dir='ltr'><strong>sunt,</strong></span> <span class='ocrx_word' id='word_1_761' title='bbox 3642 4571 3743 4626; x_wconf 86' lang='lat' dir='ltr'><strong>sed</strong></span> 
     </span>
    </p>
   </div>
   <div class='ocr_carea' id='block_1_105' title="bbox 2155 4661 3740 4733">
    <p class='ocr_par' dir='ltr' id='par_1_105' title="bbox 2155 4661 3740 4733">
     <span class='ocr_line' id='line_1_106' title="bbox 2155 4661 3740 4733; baseline 0.006 -18"><span class='ocrx_word' id='word_1_762' title='bbox 2155 4663 2319 4717; x_wconf 89' lang='lat' dir='ltr'><strong>etiam</strong></span> <span class='ocrx_word' id='word_1_763' title='bbox 2344 4661 2585 4731; x_wconf 86' lang='lat' dir='ltr'><strong>quotidie</strong></span> <span class='ocrx_word' id='word_1_764' title='bbox 2614 4661 2681 4716; x_wconf 90' lang='lat' dir='ltr'><strong>ad</strong></span> <span class='ocrx_word' id='word_1_765' title='bbox 2706 4662 2899 4732; x_wconf 84' lang='lat' dir='ltr'><strong>viginti</strong></span> <span class='ocrx_word' id='word_1_766' title='bbox 2925 4676 3111 4733; x_wconf 83' lang='lat' dir='ltr'><strong>supra,</strong></span> <span class='ocrx_word' id='word_1_767' title='bbox 3137 4665 3231 4733; x_wconf 89' lang='lat' dir='ltr'><strong>qui</strong></span> <span class='ocrx_word' id='word_1_768' title='bbox 3268 4666 3542 4722; x_wconf 83' lang='lat' dir='ltr'><strong>rarissime</strong></span> <span class='ocrx_word' id='word_1_769' title='bbox 3571 4666 3740 4724; x_wconf 87' lang='lat' dir='ltr'><strong>ﬁunt.</strong></span> 
     </span>
    </p>
   </div>
   <div class='ocr_carea' id='block_1_106' title="bbox 2158 4752 3743 4831">
    <p class='ocr_par' dir='ltr' id='par_1_106' title="bbox 2158 4752 3743 4831">
     <span class='ocr_line' id='line_1_107' title="bbox 2158 4752 3743 4831; baseline 0.006 -24"><span class='ocrx_word' id='word_1_770' title='bbox 2158 4752 2264 4807; x_wconf 87' lang='lat' dir='ltr'><strong>Sed</strong></span> <span class='ocrx_word' id='word_1_771' title='bbox 2286 4754 2410 4824; x_wconf 90' lang='lat' dir='ltr'><strong>quia</strong></span> <span class='ocrx_word' id='word_1_772' title='bbox 2430 4754 2606 4809; x_wconf 88' lang='lat' dir='ltr'><strong>omnis</strong></span> <span class='ocrx_word' id='word_1_773' title='bbox 2633 4755 2935 4811; x_wconf 88' lang='lat' dir='ltr'><strong>substantia</strong></span> <span class='ocrx_word' id='word_1_774' title='bbox 2958 4767 3163 4824; x_wconf 87' lang='lat' dir='ltr'><strong>nostra,</strong></span> <span class='ocrx_word' id='word_1_775' title='bbox 3186 4772 3305 4829; x_wconf 75' lang='lat' dir='ltr'><strong>qum</strong></span> <span class='ocrx_word' id='word_1_776' title='bbox 3328 4775 3427 4831; x_wconf 87' lang='lat' dir='ltr'><strong>per</strong></span> <span class='ocrx_word' id='word_1_777' title='bbox 3452 4759 3743 4816; x_wconf 89' lang='lat' dir='ltr'><strong>ministros</strong></span> 
     </span>
    </p>
   </div>
   <div class='ocr_carea' id='block_1_107' title="bbox 2157 4847 3741 4922">
    <p class='ocr_par' dir='ltr' id='par_1_107' title="bbox 2157 4847 3741 4922">
     <span class='ocr_line' id='line_1_108' title="bbox 2157 4847 3741 4922; baseline 0.004 -20"><span class='ocrx_word' id='word_1_778' title='bbox 2157 4856 2372 4902; x_wconf 87' lang='lat' dir='ltr'><strong>nostros</strong></span> <span class='ocrx_word' id='word_1_779' title='bbox 2401 4847 2760 4918; x_wconf 77' lang='lat' dir='ltr'><strong>diSpensanda</strong></span> <span class='ocrx_word' id='word_1_780' title='bbox 2790 4856 2905 4916; x_wconf 88' lang='lat' dir='ltr'><strong>est,</strong></span> <span class='ocrx_word' id='word_1_781' title='bbox 2952 4865 3167 4920; x_wconf 89' lang='lat' dir='ltr'><strong>semper</strong></span> <span class='ocrx_word' id='word_1_782' title='bbox 3193 4850 3361 4922; x_wconf 88' lang='lat' dir='ltr'><strong>magis</strong></span> <span class='ocrx_word' id='word_1_783' title='bbox 3387 4849 3636 4908; x_wconf 90' lang='lat' dir='ltr'><strong>volumus</strong></span> <span class='ocrx_word' id='word_1_784' title='bbox 3678 4862 3741 4908; x_wconf 88' lang='lat' dir='ltr'><strong>ut</strong></span> 
     </span>
    </p>
   </div>
   <div class='ocr_carea' id='block_1_108' title="bbox 2156 4943 3743 5011">
    <p class='ocr_par' dir='ltr' id='par_1_108' title="bbox 2156 4943 3743 5011">
     <span class='ocr_line' id='line_1_109' title="bbox 2156 4943 3743 5011; baseline 0.003 -15"><span class='ocrx_word' id='word_1_785' title='bbox 2156 4949 2553 5011; x_wconf 83' lang='lat' dir='ltr'><strong>supercrescat,</strong></span> <span class='ocrx_word' id='word_1_786' title='bbox 2582 4956 2743 5011; x_wconf 89' lang='lat' dir='ltr'><strong>quam</strong></span> <span class='ocrx_word' id='word_1_787' title='bbox 2772 4943 2989 4999; x_wconf 87' lang='lat' dir='ltr'><strong>deﬁciat</strong></span> <span class='ocrx_word' id='word_1_788' title='bbox 3014 4961 3028 4997; x_wconf 92' lang='lat'>:</span> <span class='ocrx_word' id='word_1_789' title='bbox 3058 4943 3309 5001; x_wconf 89' lang='lat' dir='ltr'><strong>addimus</strong></span> <span class='ocrx_word' id='word_1_790' title='bbox 3337 4946 3514 5001; x_wconf 89' lang='lat' dir='ltr'><strong>adhuc</strong></span> <span class='ocrx_word' id='word_1_791' title='bbox 3552 4960 3627 5001; x_wconf 89' lang='lat' dir='ltr'><strong>ex</strong></span> <span class='ocrx_word' id='word_1_792' title='bbox 3670 4963 3743 5002; x_wconf 82' lang='lat' dir='ltr'><strong>eo</strong></span> 
     </span>
    </p>
   </div>
   <div class='ocr_carea' id='block_1_109' title="bbox 2157 5032 3743 5108">
    <p class='ocr_par' dir='ltr' id='par_1_109' title="bbox 2157 5032 3743 5108">
     <span class='ocr_line' id='line_1_110' title="bbox 2157 5032 3743 5108; baseline 0.006 -24"><span class='ocrx_word' id='word_1_793' title='bbox 2157 5032 2299 5103; x_wconf 86' lang='lat' dir='ltr'><strong>quod</strong></span> <span class='ocrx_word' id='word_1_794' title='bbox 2326 5033 2389 5087; x_wconf 85' lang='lat' dir='ltr'><strong>de</strong></span> <span class='ocrx_word' id='word_1_795' title='bbox 2420 5033 2636 5088; x_wconf 89' lang='lat' dir='ltr'><strong>molinis</strong></span> <span class='ocrx_word' id='word_1_796' title='bbox 2662 5034 2810 5088; x_wconf 87' lang='lat' dir='ltr'><strong>venit</strong></span> <span class='ocrx_word' id='word_1_797' title='bbox 2846 5034 3085 5090; x_wconf 88' lang='lat' dir='ltr'><strong>modium</strong></span> <span class='ocrx_word' id='word_1_798' title='bbox 3114 5052 3309 5102; x_wconf 89' lang='lat' dir='ltr'><strong>unum,</strong></span> <span class='ocrx_word' id='word_1_799' title='bbox 3350 5044 3407 5091; x_wconf 87' lang='lat' dir='ltr'><strong>et</strong></span> <span class='ocrx_word' id='word_1_800' title='bbox 3437 5037 3567 5091; x_wconf 89' lang='lat' dir='ltr'><strong>ﬁunt</strong></span> <span class='ocrx_word' id='word_1_801' title='bbox 3599 5053 3743 5108; x_wconf 89' lang='lat' dir='ltr'><strong>quo-</strong></span> 
     </span>
    </p>
   </div>
   <div class='ocr_carea' id='block_1_110' title="bbox 2156 5123 3745 5202">
    <p class='ocr_par' dir='ltr' id='par_1_110' title="bbox 2156 5123 3745 5202">
     <span class='ocr_line' id='line_1_111' title="bbox 2156 5123 3745 5202; baseline 0.004 -24"><span class='ocrx_word' id='word_1_802' title='bbox 2156 5123 2287 5178; x_wconf 91' lang='lat' dir='ltr'><strong>tidie</strong></span> <span class='ocrx_word' id='word_1_803' title='bbox 2335 5139 2503 5195; x_wconf 91' lang='lat' dir='ltr'><strong>panes</strong></span> <span class='ocrx_word' id='word_1_804' title='bbox 2552 5140 2735 5191; x_wconf 70' lang='lat' dir='ltr'><strong>ccccn,</strong></span> <span class='ocrx_word' id='word_1_805' title='bbox 2764 5125 2830 5181; x_wconf 91' lang='lat' dir='ltr'><strong>de</strong></span> <span class='ocrx_word' id='word_1_806' title='bbox 2875 5126 3090 5183; x_wconf 90' lang='lat' dir='ltr'><strong>molinis</strong></span> <span class='ocrx_word' id='word_1_807' title='bbox 3137 5143 3225 5183; x_wconf 86' lang='lat' dir='ltr'><strong>xv.</strong></span> <span class='ocrx_word' id='word_1_808' title='bbox 3280 5126 3517 5191; x_wconf 83' lang='lat' dir='ltr'><strong>Collecto</strong></span> <span class='ocrx_word' id='word_1_809' title='bbox 3564 5128 3745 5202; x_wconf 86' lang='lat' dir='ltr'><strong>igitur</strong></span> 
     </span>
    </p>
   </div>
   <div class='ocr_carea' id='block_1_111' title="bbox 2156 5218 3744 5288">
    <p class='ocr_par' dir='ltr' id='par_1_111' title="bbox 2156 5218 3744 5288">
     <span class='ocr_line' id='line_1_112' title="bbox 2156 5218 3744 5288; baseline 0.006 -19"><span class='ocrx_word' id='word_1_810' title='bbox 2156 5231 2381 5271; x_wconf 90' lang='lat' dir='ltr'><strong>numero</strong></span> <span class='ocrx_word' id='word_1_811' title='bbox 2403 5232 2498 5287; x_wconf 85' lang='lat' dir='ltr'><strong>per</strong></span> <span class='ocrx_word' id='word_1_812' title='bbox 2523 5218 2763 5288; x_wconf 81' lang='lat' dir='ltr'><strong>singulos</strong></span> <span class='ocrx_word' id='word_1_813' title='bbox 2787 5219 2903 5273; x_wconf 90' lang='lat' dir='ltr'><strong>dies</strong></span> <span class='ocrx_word' id='word_1_814' title='bbox 2927 5219 3066 5274; x_wconf 89' lang='lat' dir='ltr'><strong>ﬁunt</strong></span> <span class='ocrx_word' id='word_1_815' title='bbox 3093 5220 3146 5274; x_wconf 90' lang='lat' dir='ltr'><strong>in</strong></span> <span class='ocrx_word' id='word_1_816' title='bbox 3175 5228 3347 5275; x_wconf 80' lang='lat' dir='ltr'><strong>totum</strong></span> <span class='ocrx_word' id='word_1_817' title='bbox 3377 5223 3432 5275; x_wconf 93' lang='lat' dir='ltr'><strong>in</strong></span> <span class='ocrx_word' id='word_1_818' title='bbox 3454 5237 3597 5279; x_wconf 90' lang='lat' dir='ltr'><strong>anno</strong></span> <span class='ocrx_word' id='word_1_819' title='bbox 3621 5238 3744 5279; x_wconf 85' lang='lat' dir='ltr'><strong>mo-</strong></span> 
     </span>
    </p>
   </div>
   <div class='ocr_carea' id='block_1_112' title="bbox 2154 5306 3741 5379">
    <p class='ocr_par' dir='ltr' id='par_1_112' title="bbox 2154 5306 3741 5379">
     <span class='ocr_line' id='line_1_113' title="bbox 2154 5306 3741 5379; baseline 0.005 -19"><span class='ocrx_word' id='word_1_820' title='bbox 2154 5306 2245 5362; x_wconf 90' lang='lat' dir='ltr'><strong>dia</strong></span> <span class='ocrx_word' id='word_1_821' title='bbox 2271 5323 2323 5363; x_wconf 92' lang='lat' dir='ltr'><strong>v.</strong></span> <span class='ocrx_word' id='word_1_822' title='bbox 2352 5324 2650 5374; x_wconf 70' lang='lat' dir='ltr'><strong>ccccrxxv;</strong></span> <span class='ocrx_word' id='word_1_823' title='bbox 2688 5309 2948 5365; x_wconf 88' lang='lat' dir='ltr'><strong>addamus</strong></span> <span class='ocrx_word' id='word_1_824' title='bbox 2974 5312 3137 5367; x_wconf 90' lang='lat' dir='ltr'><strong>etiam</strong></span> <span class='ocrx_word' id='word_1_825' title='bbox 3164 5327 3234 5367; x_wconf 82' lang='lat' dir='ltr'><strong>xx</strong></span> <span class='ocrx_word' id='word_1_826' title='bbox 3260 5313 3328 5368; x_wconf 79' lang='lat' dir='ltr'><strong>de</strong></span> <span class='ocrx_word' id='word_1_827' title='bbox 3358 5312 3465 5369; x_wconf 84' lang='lat' dir='ltr'><strong>illis</strong></span> <span class='ocrx_word' id='word_1_828' title='bbox 3488 5313 3741 5379; x_wconf 86' lang='lat' dir='ltr'><strong>molinis,</strong></span> 
     </span>
    </p>
   </div>
   <div class='ocr_carea' id='block_1_113' title="bbox 2128 5392 3742 5477">
    <p class='ocr_par' dir='ltr' id='par_1_113' title="bbox 2128 5392 3742 5477">
     <span class='ocr_line' id='line_1_114' title="bbox 2128 5392 3742 5477; baseline 0.002 -22"><span class='ocrx_word' id='word_1_829' title='bbox 2128 5392 2211 5455; x_wconf 86' lang='lat' dir='ltr'><strong>et</strong></span> <span class='ocrx_word' id='word_1_830' title='bbox 2238 5400 2374 5455; x_wconf 91' lang='lat' dir='ltr'><strong>ﬁunt</strong></span> <span class='ocrx_word' id='word_1_831' title='bbox 2396 5417 2449 5454; x_wconf 90' lang='lat' dir='ltr'><strong>v.</strong></span> <span class='ocrx_word' id='word_1_832' title='bbox 2479 5418 2531 5455; x_wconf 91' lang='lat' dir='ltr'><strong>n.</strong></span> <span class='ocrx_word' id='word_1_833' title='bbox 2582 5401 2656 5456; x_wconf 80' lang='lat' dir='ltr'><strong>Ex</strong></span> <span class='ocrx_word' id='word_1_834' title='bbox 2687 5403 2884 5472; x_wconf 89' lang='lat' dir='ltr'><strong>quibus</strong></span> <span class='ocrx_word' id='word_1_835' title='bbox 2914 5419 2997 5459; x_wconf 84' lang='lat' dir='ltr'><strong>Ill.</strong></span> <span class='ocrx_word' id='word_1_836' title='bbox 3026 5420 3125 5460; x_wconf 80' lang='lat' dir='ltr'><strong>DCI.</strong></span> <span class='ocrx_word' id='word_1_837' title='bbox 3164 5405 3231 5460; x_wconf 91' lang='lat' dir='ltr'><strong>de</strong></span> <span class='ocrx_word' id='word_1_838' title='bbox 3268 5405 3475 5475; x_wconf 85' lang='lat' dir='ltr'><strong>spelta;</strong></span> <span class='ocrx_word' id='word_1_839' title='bbox 3521 5404 3742 5477; x_wconf 86' lang='lat' dir='ltr'><strong>reliqua</strong></span> 
     </span>
    </p>
   </div>
   <div class='ocr_carea' id='block_1_114' title="bbox 2156 5516 3745 5584">
    <p class='ocr_par' dir='ltr' id='par_1_114' title="bbox 2156 5516 3745 5584">
     <span class='ocr_line' id='line_1_115' title="bbox 2156 5516 3745 5584; baseline 0.003 -15"><span class='ocrx_word' id='word_1_840' title='bbox 2156 5516 2400 5584; x_wconf 72' lang='lat' dir='ltr'><strong>cervisre,</strong></span> <span class='ocrx_word' id='word_1_841' title='bbox 2431 5524 2522 5569; x_wconf 89' lang='lat' dir='ltr'><strong>aut</strong></span> <span class='ocrx_word' id='word_1_842' title='bbox 2551 5532 2714 5570; x_wconf 89' lang='lat' dir='ltr'><strong>unum</strong></span> <span class='ocrx_word' id='word_1_843' title='bbox 2747 5519 3043 5572; x_wconf 77' lang='lat' dir='ltr'><strong>sextarium</strong></span> <span class='ocrx_word' id='word_1_844' title='bbox 3071 5518 3213 5584; x_wconf 89' lang='lat' dir='ltr'><strong>vini,</strong></span> <span class='ocrx_word' id='word_1_845' title='bbox 3246 5535 3353 5574; x_wconf 90' lang='lat' dir='ltr'><strong>non</strong></span> <span class='ocrx_word' id='word_1_846' title='bbox 3382 5518 3745 5574; x_wconf 69' lang='lat' dir='ltr'><strong>btercditario</strong></span> 
     </span>
    </p>
   </div>
   <div class='ocr_carea' id='block_1_115' title="bbox 736 5580 3741 5659">
    <p class='ocr_par' dir='ltr' id='par_1_115' title="bbox 736 5580 3741 5659">
     <span class='ocr_line' id='line_1_116' title="bbox 736 5580 3741 5659; baseline 0.003 -24"><span class='ocrx_word' id='word_1_847' title='bbox 736 5580 827 5659; x_wconf 84' lang='lat' dir='ltr'><strong>qui</strong></span> <span class='ocrx_word' id='word_1_848' title='bbox 853 5592 952 5656; x_wconf 84' lang='lat' dir='ltr'><strong>pro</strong></span> <span class='ocrx_word' id='word_1_849' title='bbox 976 5581 1239 5659; x_wconf 76' lang='lat' dir='ltr'><strong>beneﬁcio</strong></span> <span class='ocrx_word' id='word_1_850' title='bbox 1269 5581 1412 5659; x_wconf 76' lang='lat' dir='ltr'><strong>quod</strong></span> <span class='ocrx_word' id='word_1_851' title='bbox 1446 5588 1662 5659; x_wconf 72' lang='lat' dir='ltr'><strong>tenent,</strong></span> <span class='ocrx_word' id='word_1_852' title='bbox 1693 5582 1882 5659; x_wconf 85' lang='lat' dir='ltr'><strong>_abba_ti</strong></span> <span class='ocrx_word' id='word_1_853' title='bbox 1905 5623 1917 5645; x_wconf 92' lang='lat'><strong>,</strong></span> <span class='ocrx_word' id='word_1_854' title='bbox 1963 5591 2055 5659; x_wconf 78' lang='lat' dir='ltr'><strong>aut</strong></span> <span class='ocrx_word' id='word_1_855' title='bbox 2147 5583 2289 5659; x_wconf 85' lang='lat' dir='ltr'><strong>jure,</strong></span> <span class='ocrx_word' id='word_1_856' title='bbox 2328 5588 2433 5659; x_wconf 69' lang='lat' dir='ltr'><strong>sed</strong></span> <span class='ocrx_word' id='word_1_857' title='bbox 2451 5603 2549 5655; x_wconf 86' lang='lat' dir='ltr'><strong>pro</strong></span> <span class='ocrx_word' id='word_1_858' title='bbox 2578 5590 2863 5652; x_wconf 79' lang='lat' dir='ltr'><strong>charitate,</strong></span> <span class='ocrx_word' id='word_1_859' title='bbox 2891 5589 2971 5643; x_wconf 86' lang='lat' dir='ltr'><strong>vel</strong></span> <span class='ocrx_word' id='word_1_860' title='bbox 3000 5589 3100 5642; x_wconf 87' lang='lat' dir='ltr'><strong>loci</strong></span> <span class='ocrx_word' id='word_1_861' title='bbox 3133 5580 3357 5644; x_wconf 84' lang='lat' dir='ltr'><strong>honore.</strong></span> <span class='ocrx_word' id='word_1_862' title='bbox 3399 5591 3510 5645; x_wconf 87' lang='lat' dir='ltr'><strong>Hoc</strong></span> <span class='ocrx_word' id='word_1_863' title='bbox 3544 5599 3741 5644; x_wconf 83' lang='lat' dir='ltr'><strong>tamen</strong></span> 
     </span>
    </p>
   </div>
   <div class='ocr_carea' id='block_1_116' title="bbox 2154 5656 3738 5739">
    <p class='ocr_par' dir='ltr' id='par_1_116' title="bbox 2154 5656 3738 5739">
     <span class='ocr_line' id='line_1_117' title="bbox 2154 5656 3738 5739; baseline 0.004 -30"><span class='ocrx_word' id='word_1_864' title='bbox 2154 5656 2245 5709; x_wconf 63' lang='lat' dir='ltr'><strong>sit.</strong></span> <span class='ocrx_word' id='word_1_865' title='bbox 2269 5659 2322 5710; x_wconf 88' lang='lat' dir='ltr'><strong>in</strong></span> <span class='ocrx_word' id='word_1_866' title='bbox 2354 5657 2629 5713; x_wconf 83' lang='lat' dir='ltr'><strong>voluntate</strong></span> <span class='ocrx_word' id='word_1_867' title='bbox 2655 5660 2887 5725; x_wconf 78' lang='lat' dir='ltr'><strong>abbatis,</strong></span> <span class='ocrx_word' id='word_1_868' title='bbox 2935 5667 2990 5714; x_wconf 90' lang='lat' dir='ltr'><strong>et</strong></span> <span class='ocrx_word' id='word_1_869' title='bbox 3030 5661 3250 5731; x_wconf 87' lang='lat' dir='ltr'><strong>prioris,</strong></span> <span class='ocrx_word' id='word_1_870' title='bbox 3299 5669 3357 5716; x_wconf 90' lang='lat' dir='ltr'><strong>et</strong></span> <span class='ocrx_word' id='word_1_871' title='bbox 3401 5661 3738 5739; x_wconf 52' lang='lat' dir='ltr'><strong>praeposito-</strong></span> 
     </span>
    </p>
   </div>
   <div class='ocr_carea' id='block_1_117' title="bbox 2154 5742 3705 5781">
    <p class='ocr_par' dir='ltr' id='par_1_117' title="bbox 2154 5742 3705 5781">
     <span class='ocr_line' id='line_1_118' title="bbox 2154 5742 3705 5781; baseline 0.001 -1"><span class='ocrx_word' id='word_1_872' title='bbox 2154 5742 2294 5781; x_wconf 90' lang='lat' dir='ltr'><strong>rum.</strong></span> <span class='ocrx_word' id='word_1_873' title='bbox 2330 5747 2348 5779; x_wconf 74' lang='grc' dir='ltr'><strong>Ι</strong></span> <span class='ocrx_word' id='word_1_874' title='bbox 3696 5744 3705 5745; x_wconf 46' lang='grc'><strong>“</strong></span> 
     </span>
    </p>
   </div>
  </div>
