4006 6444
253 339 356 426 sit

1261 341 1603 417 surum
1631 339 1780 415 rae
1816 338 2167 417 Romanis
2205 341 2402 417 stas;
2449 389 2452 392 -
2523 347 2534 376 ‘

255 453 379 564 vero
410 499 446 566 ιἶ
475 463 638 542 necet.
665 453 732 540 de
757 463 976 540 molinis
1005 463 1192 562 venire
1221 465 1435 560 debent.
1487 483 1624 564 Quia
1667 467 1902 565 erge_,_A
1951 472 2277 538 "Menemus
2303 476 2468 538 etiam
2512 490 2572 538 ut
2615 464 2720 539 hoc
2744 465 3094 542 considerare
3115 473 3228 543 non
3247 473 3524 562 negligat;

251 577 385 641 sicut
418 590 576 652 supra
609 579 844 635 diximus
868 621 882 646 ,
932 579 1105 650 magis
1147 584 1208 633 ut
1247 587 1626 648 supercrcseat
1663 595 1823 652 quam

251 656 478 738 deficiat,
506 673 790 728 volumus:
822 672 1024 746 idcirco
1050 672 1225 746 primo
1256 673 1450 728 corbes
1473 687 1561 752 xx,
1596 679 1650 752 et
1680 672 1827 728 insu-

250 787 344 844 per
370 769 609 842 quotidie
635 784 802 840 panes
834 784 994 844 supra
1027 766 1150 822 illos
1175 782 1300 823 cccc
1327 765 1738 838 provendarios,
1771 774 1825 822 et

252 863 420 917 adhuc
445 861 620 915 modia
647 877 751 915 xxv
778 859 977 916 addere
1004 858 1260 926 fecimus;
1296 873 1419 914 cum
1449 867 1649 922 tamen,
1685 860 1824 915 sicut

249 969 399 1025 supra
432 953 634 1008 dictum
663 959 780 1018 est,
809 953 1004 1023 smpius
1033 952 1210 1008 minus
1238 967 1398 1023 quam
1431 958 1523 1005 aut
1553 967 1697 1018 cccc,
1731 959 1824 1008 aut

248 1058 386 1105 certe
415 1049 557 1106 ultra
581 1065 726 1111 cccc,
755 1063 875 1104 esse
901 1049 1186 1106 soleamus.

261 1131 264 1137 ’
313 1141 374 1196 Et
404 1142 530 1211 quia
571 1141 636 1195 ad
678 1141 855 1212 ipsum
891 1141 1185 1207 melinum,
1230 1156 1421 1209 eoves,
1465 1142 1649 1211 porci,
1696 1158 1822 1200 aves

245 1239 486 1322 diversa},
530 1255 693 1306 canes
735 1249 791 1293 et
835 1239 1104 1294 interdum
1147 1240 1339 1295 caballi
1381 1236 1637 1310 pascendi
1677 1250 1818 1306 sunt,

244 1331 497 1400 addamus
537 1333 712 1390 adhuc
753 1335 818 1388 de
853 1333 984 1403 ipsis
1017 1333 1233 1390 molinis
1274 1333 1450 1388 modia
1488 1349 1573 1402 ct,
1604 1344 1658 1389 et
1689 1334 1824 1389 fiunt

242 1425 290 1498 in
329 1435 498 1481 totum
539 1426 680 1498 quod
714 1425 778 1481 de
816 1426 1033 1481 molinis
1066 1426 1257 1480 venire
1297 1426 1477 1500 debet,
1521 1425 1697 1480 modia
1728 1427 1823 1480 du-

240 1527 408 1588 centa.
477 1517 605 1572 lltcc
646 1517 862 1587 interim
901 1517 976 1572 ita
1020 1516 1164 1573 dicta
1216 1526 1378 1588 atque
1421 1527 1633 1588 servata
1681 1518 1820 1586 sint,

238 1627 514 1683 quousque
556 1611 763 1684 pariter
797 1612 1146 1666 considerare
1178 1611 1478 1676 valeamus,
1515 1621 1694 1678 utrum
1728 1611 1823 1668 ad-

236 1691 358 1764 dere
384 1713 480 1772 aut
502 1703 825 1768 subtrahere
851 1701 1051 1775 aliquid
1077 1719 1299 1758 necesse
1323 1704 1410 1772 sit.
1436 1704 1821 1774 Verumtamen

234 1781 520 1868 incitemus
561 1805 725 1878 atque
764 1795 1117 1868 obsecramus
1154 1794 1435 1865 custodem
1475 1810 1675 1867 panum
1700 1837 1714 1864 ,
1760 1803 1819 1850 ut

233 1890 496 1965 quidquid
537 1891 732 1952 exinde
769 1906 868 1964 per
904 1879 1213 1948 mensuram
1252 1889 1332 1944 vel
1375 1905 1660 1946 numerum
1703 1891 1819 1944 die-

231 1969 347 2037 rum
393 1983 848 2054 septimanarum,
886 1982 967 2036 vel
1011 1982 1177 2038 totius
1221 1979 1345 2044 anni
1391 1982 1660 2050 mensium
1690 1980 1818 2035 sciri

227 2063 442 2161 potest,
496 2092 617 2138 cum
665 2076 809 2144 omni
857 2073 1136 2146 diligentia
1183 2074 1324 2129 scire
1378 2089 1484 2130 non
1538 2071 1817 2144 negligat,

227 2168 685 2248 quemadmodum
742 2183 864 2236 cum
923 2177 1138 2248 tempus
1195 2165 1515 2222 mutationis
1564 2165 1816 2231 venerit,

226 2261 378 2318 nobis
423 2259 748 2315 renuntiare
793 2259 930 2315 sciat
971 2257 1205 2332 qualiter
1247 2268 1567 2330 praesentem
1615 2271 1819 2310 annum

225 2349 658 2408 administrando
684 2357 948 2405 transeat.
987 2339 1054 2418 Et
1091 2356 1149 2420 ut
1181 2345 1288 2402 hoc
1321 2348 1491 2403 IC\'lUS
1524 2347 1665 2404 scire
1693 2361 1819 2417 pos-

225 2445 312 2513 sit,
340 2452 565 2517 separet
611 2444 737 2500 inde
777 2444 953 2516 primo
992 2442 1114 2499 illos
1153 2442 1559 2512 prevendarios,
1597 2441 1690 2514 qui
1723 2456 1820 2512 per

222 2521 412 2608 pensas
442 2552 668 2608 semper
692 2535 975 2608 aequaliter
1016 2544 1069 2614 et
1104 2536 1373 2604 habentur
1404 2542 1459 2600 et
1494 2524 1814 2612 liberantur,

222 2643 454 2704 quorum
500 2644 760 2700 numerus
803 2643 1020 2699 semper
1067 2628 1298 2698 aequalis
1348 2637 1475 2698 est;
1532 2629 1635 2696 nisi
1677 2629 1818 2700 forte

223 2721 519 2794 aliquando
551 2721 769 2778 minor:
810 2737 934 2786 nam
967 2736 1245 2792 nunquam
1284 2719 1345 2775 tit
1376 2719 1566 2789 major.
1615 2720 1819 2776 Deinde

231 2799 527 2890 perpendat
562 2829 758 2890 panem
781 2812 1032 2880 fratrum,
1058 2814 1274 2885 quando
1300 2813 1468 2870 semel
1491 2813 1573 2870 vel
1600 2815 1818 2885 quando

249 2829 527 2887 .erpenqat
562 2829 758 2890 panem
781 2829 1032 2880 tratrum,
1058 2829 1274 2885 quando
1300 2829 1468 2870 semei
1491 2829 1573 2870 vel
1600 2829 1816 2885 quando

219 2829 303 2979 Eis
345 2907 400 2976 in
441 2905 542 2982 die
582 2907 944 2982 manducent,
1001 2916 1055 2978 et
1093 2914 1262 2977 ponat
1305 2921 1521 2980 semper
1567 2909 1816 2964 semotim

221 2999 368 3088 illum
408 2999 509 3088 qui
548 2998 614 3060 ad
658 2998 870 3064 illorum
910 3015 1047 3074 opus
1087 3001 1378 3072 deputatus
1410 3008 1523 3066 est,
1562 3009 1616 3056 et
1639 3002 1818 3057 censi-

219 3089 373 3176 deret
404 3100 675 3164 quantum
719 3107 786 3163 eo
832 3100 1095 3163 tempore,
1133 3091 1352 3162 quando
1383 3107 1596 3164 semper
1623 3093 1813 3160 semel,

223 3175 491 3273 quantum
523 3201 608 3258 eo,
648 3185 864 3256 quando
899 3201 1115 3256 semper
1149 3184 1233 3240 bis
1268 3186 1322 3240 in
1353 3186 1440 3242 die
1464 3188 1812 3253 manducant,

221 3283 277 3353 et
313 3285 577 3356 quantum
623 3275 677 3348 in
719 3293 824 3332 una
866 3277 1192 3348 septimana,
1228 3277 1282 3331 in
1314 3285 1544 3348 utroque
1575 3286 1818 3348 tempore

220 3367 440 3458 quando
472 3367 716 3432 minime,
744 3376 798 3422 et
833 3376 1097 3438 quantum
1140 3369 1192 3422 in
1234 3385 1365 3436 una,
1394 3372 1610 3439 quando
1646 3371 1820 3424 maxi-

222 3471 309 3536 me
354 3457 654 3530 impendit;
705 3465 762 3530 et
802 3458 1134 3529 arbitremur
1178 3473 1347 3536 prope
1399 3474 1518 3511 eum
1575 3459 1818 3520 invenire

216 3563 404 3630 posse,
447 3550 515 3604 de
550 3559 756 3626 quanto
788 3547 965 3624 valeat
999 3566 1160 3630 pane,
1193 3551 1276 3606 vel
1310 3551 1507 3606 modiis
1537 3549 1604 3604 ad
1630 3565 1820 3605 eorum

212 3629 359 3709 opus
405 3639 666 3710 transire.

287 3728 352 3782 In
397 3727 509 3784 isto
557 3745 787 3784 numero
817 3729 1051 3799 ponendi
1097 3739 1221 3784 sunt
1250 3746 1439 3786 omnes
1483 3731 1575 3801 qui
1625 3746 1820 3800 panem

215 3820 460 3877 fratrum
493 3821 789 3891 accipiunt,
819 3830 1047 3892 excepto
1074 3823 1317 3892 hospites
1345 3824 1436 3892 qui
1463 3823 1609 3897 hunc
1640 3823 1821 3892 quoti-

218 3912 304 3967 die
333 3926 448 3966 non
479 3911 774 3981 accipiunt.
798 3909 1064 3968 Observet
1085 3911 1268 3968 autém
1292 3929 1360 3968 ne
1386 3922 1594 3968 tantum
1618 3914 1823 3984 pariter

217 4003 288 4060 de
309 4019 461 4075 pane
493 4001 725 4058 fratrum
753 4002 940 4068 faciat,
966 4011 1026 4064 ut
1050 4006 1366 4060 remanendi
1389 4006 1618 4061 nimium
1649 4005 1820 4061 obdu-

218 4103 432 4163 rescat;
457 4094 608 4166 quod
632 4095 677 4150 si
707 4096 922 4161 fecerit,
954 4111 1020 4152 eo
1047 4105 1288 4168 tempore
1311 4100 1525 4168 quando
1557 4100 1646 4154 ille
1669 4100 1818 4155 illum

220 4203 515 4253 numerum
543 4189 766 4258 probat,
812 4189 927 4260 ipse
971 4190 1129 4258 panis
1160 4191 1429 4245 tollendus
1454 4201 1560 4255 est,
1604 4201 1659 4246 et
1685 4192 1822 4247 alter

220 4295 322 4351 pro
348 4297 416 4337 eo
444 4283 752 4352 ponendus.
784 4281 921 4350 Quia
953 4297 1110 4349 vero,
1141 4293 1203 4338 ut
1241 4283 1478 4338 diximus
1498 4326 1512 4350 ,
1542 4287 1702 4340 modo
1733 4301 1819 4340 se-

221 4373 348 4440 mel,
388 4374 553 4430 modo
579 4373 664 4429 bis
691 4376 746 4429 in
773 4376 859 4430 die
884 4376 1297 4442 manducamus,
1333 4384 1389 4431 et
1433 4392 1578 4432 nunc
1619 4376 1818 4446 plures,

219 4476 364 4524 nunc
392 4466 686 4539 pauciores
715 4483 922 4535 sumus,
951 4478 1008 4524 et
1037 4485 1324 4524 numerum
1354 4479 1600 4531 nostrum
1630 4472 1820 4542 quanti

1928 575 2072 644 quod
2101 575 2255 646 panis
2287 573 2376 629 ille
2403 572 2494 645 qui
2526 574 2706 643 datur,
2753 591 2861 632 non
2897 577 2964 634 ad
3003 593 3167 634 unam
3201 595 3515 640 mensuram

1929 655 2210 733 omnibus,
2263 667 2358 722 sed
2405 667 2726 738 quibusdam
2769 669 2963 740 major,
3013 671 3338 742 quibusdam
3376 663 3517 734 vero

1927 759 2106 814 minor
2137 761 2314 815 datur.
2343 761 2410 815 Et
2439 762 2507 817 ob
2539 762 2644 818 hoc
2673 776 2894 819 necesse
2931 775 3036 830 est,
3077 775 3138 820 ut
3183 767 3250 821 de
3285 769 3514 842 singulis

1926 854 2196 909 mensuris
2225 870 2422 926 panum
2469 856 2804 920 consideret,
2850 858 3040 928 quanti
3078 860 3145 914 de
3185 860 3510 932 majoribus,

1926 945 2310 1012 mediocribus,
2345 946 2429 1002 vel
2458 946 2780 1016 minoribus,
2809 950 2875 1005 de
2906 965 3012 1005 uno
3041 952 3222 1006 modio
3247 951 3362 1007 fieri
3387 963 3517 1024 pos-

1925 1045 2071 1092 sunt.
2108 1039 2172 1093 Et
2201 1055 2486 1110 speramus
2516 1042 2660 1111 quod
2688 1043 2792 1098 hoc
2833 1043 2978 1099 facto
3016 1044 3064 1099 ei
3103 1052 3299 1099 cuncta
3329 1052 3515 1116 aperte

1924 1130 2208 1198 patebunt.

1994 1223 2134 1278 Ecce
2162 1232 2221 1278 ut
2244 1225 2540 1294 potuimus,
2573 1242 2679 1282 non
2709 1236 2769 1282 ut
2806 1228 2879 1283 ita
2909 1244 3126 1299 semper
3154 1230 3390 1286 tenendo
3421 1232 3515 1286 tir-

1925 1330 2156 1380 memus,
2181 1317 2273 1370 sed
2303 1326 2360 1371 ut
2392 1318 2699 1388 incipiendo
2728 1321 2960 1389 probare
2987 1322 3261 1377 valeamus
3282 1322 3516 1392 qualiter

1924 1402 2143 1458 inantea
2172 1414 2358 1460 tenere
2391 1407 2686 1463 debeamus
2719 1411 2821 1465 hoc
2853 1412 2994 1480 quod
3028 1412 3092 1466 ad
3127 1413 3514 1468 monasterium

1925 1498 1990 1552 de
2026 1515 2237 1553 annona
2278 1501 2466 1554 venire
2509 1499 2700 1566 debet,
2734 1503 2832 1557 sub
2874 1503 2971 1558 has
3020 1504 3340 1571 divisiones,
3378 1519 3515 1575 quas

1924 1607 2087 1662 supra
2119 1594 2418 1664 posuimus,
2445 1595 2548 1648 hoc
2577 1594 2715 1650 bene
2744 1596 2987 1651 invenire
3010 1613 3170 1668 posse
3190 1615 3512 1670 speramus:

1923 1682 1976 1736 id
2013 1691 2115 1747 cst,
2155 1685 2327 1754 prima
2375 1683 2701 1739 famulorum
2733 1694 3062 1752 nostrorum,
3097 1687 3181 1741 vel
3206 1688 3518 1744 matrienla-

1924 1775 2153 1840 riorum,
2179 1777 2270 1846 qui
2299 1792 2514 1846 semper
2531 1777 2812 1848 :equaliter
2834 1779 3065 1834 habendi
3091 1789 3250 1846 sunt;
3277 1781 3515 1837 secunda

1926 1866 2174 1936 fratrum,
2206 1869 2366 1922 tertia
2391 1869 2770 1933 vassallerum,
2795 1880 2987 1939 quarta
3013 1872 3306 1940 hospitum,
3329 1874 3516 1941 quinta

1923 1959 2253 2028 pulsantium
2282 1959 2366 2014 vel
2391 1959 2819 2026 schelariorum,
2853 1969 3004 2016 sexta
3047 1963 3379 2034 singulorum
3411 1965 3518 2018 huc

1923 2053 2156 2122 illucque
2183 2053 2693 2122 provendariorum:
2726 2071 2791 2109 ex
2822 2055 3018 2124 quibus
3051 2064 3255 2123 tamen,
3286 2062 3346 2110 ut
3374 2055 3518 2110 dixi-

1924 2161 2064 2210 mus,
2095 2144 2299 2202 nullum
2328 2145 2418 2215 qui
2452 2161 2666 2217 semper
2693 2147 2976 2217 aequaliter
2998 2149 3264 2206 habeatur
3287 2146 3516 2206 deﬁnire

1923 2251 2212 2296 numerum
2242 2252 2550 2307 possumus.

2526 2347 2756 2406 CAPUT
2795 2347 2905 2410 VII.

1995 2459 2070 2514 De
2097 2460 2315 2515 molinis
2336 2437 2420 2515 vel
2449 2457 2674 2516 cambiis
2696 2461 2820 2534 talis
2848 2459 3095 2518 volumus
3134 2469 3196 2517 ut
3231 2461 3305 2518 sit
3345 2463 3508 2520 ratio.

1921 2550 2108 2606 Primo
2135 2559 2195 2606 ut
2224 2539 2526 2626 unicuique
2550 2552 2836 2607 molinario
2863 2547 3085 2609 mansus
3103 2596 3117 2621 ,
3145 2563 3201 2610 et
3225 2569 3279 2630 vi
3308 2550 3520 2609 bonne;

1922 2643 2004 2699 ria
2039 2653 2064 2682 ο
2095 2642 2162 2699 de
2188 2651 2336 2698 terra
2363 2644 2592 2711 dentur,
2626 2646 2753 2714 quia
2779 2645 3026 2701 volumus
3063 2654 3122 2700 ut
3149 2647 3349 2702 habent
3377 2639 3520 2720 unde

1922 2752 1986 2793 ea
2015 2753 2135 2810 qua:
2162 2738 2209 2792 ei
2230 2735 2492 2806 iubentur
2514 2737 2779 2814 perlicere
2809 2737 3016 2803 valeat,
3057 2747 3111 2793 et
3150 2738 3298 2794 illam
3324 2739 3522 2795 meltu-

1922 2844 2040 2884 ram
2071 2829 2276 2886 salvam
2303 2829 2502 2886 faciat:
2536 2829 2589 2885 id
2619 2839 2724 2896 est,
2755 2839 2816 2886 ut
2854 2829 3027 2886 boves
3052 2839 3106 2885 et
3134 2831 3401 2906 reliquam
3427 2825 3522 2904 pe-

1923 2922 2139 2977 cuniam
2165 2921 2364 2978 habeat
2393 2938 2516 2978 cum
2547 2923 2743 2992 quibus
2771 2923 3024 2979 laborare
3047 2925 3248 2994 possit,
3285 2925 3430 2981 unde
3466 2933 3523 2980 et

1923 3011 2060 3086 ipse,
2087 3025 2142 3072 ct
2168 3017 2345 3072 omnis
2368 3015 2574 3071 familia
2606 3015 2722 3087 eius
2749 3017 2921 3087 possit
2942 3018 3142 3081 vivere,
3178 3033 3393 3088 porcos,
3426 3033 3521 3072 au-

1922 3123 2034 3174 ‘cas,
2071 3117 2125 3164 et
2150 3109 2326 3180 pullos
2351 3111 2585 3175 nutrire,
2617 3109 2878 3164 melinum
2909 3124 3258 3180 componere,
3285 3118 3522 3165 etemne

1922 3201 2245 3256 matriamen
2273 3243 2287 3270 ,
2334 3202 2477 3270 quod
2525 3201 2592 3256 ad
2640 3201 2768 3256 illud
2814 3199 3075 3255 melinum
3122 3199 3522 3256 emendandum

1920 3293 2156 3364 pertinet
2191 3291 2478 3357 adducere,
2527 3291 2762 3346 sclusam
2800 3292 3122 3356 emendare,
3151 3291 3324 3346 molas
3348 3290 3518 3345 addu-

1921 3399 2065 3449 cere,
2099 3390 2154 3437 et
2180 3383 2361 3436 omnia
2386 3398 2505 3452 quae
2530 3383 2729 3437 ibidem
2769 3382 2836 3435 ad
2866 3382 3174 3436 habendum
3205 3381 3289 3436 vel
3315 3381 3520 3436 facien-

1923 3477 2050 3546 dum
2082 3476 2390 3531 necessaria
2429 3485 2572 3540 sunt,
2611 3483 2666 3529 et
2700 3474 2900 3530 habere
2933 3475 3107 3548 possit
3142 3482 3197 3529 et
3225 3474 3434 3530 facere:
3465 3482 3522 3530 et

1923 3565 2046 3621 ideo
2074 3567 2326 3620 nolumus
2371 3574 2431 3618 ut
2475 3564 2644 3619 ullum
2694 3565 2860 3618 alium
2895 3555 3215 3630 servitium,
3254 3580 3354 3619 nec
3395 3579 3521 3638 cum

1923 3671 2107 3722 carro,
2142 3671 2241 3710 nec
2269 3671 2394 3710 cum
2419 3653 2650 3720 caballo,
2675 3669 2776 3710 nec
2805 3655 3056 3710 manibus
3087 3659 3381 3726 operando,
3419 3671 3523 3713 nec

1924 3751 2154 3815 arando,
2182 3765 2283 3805 nec
2319 3750 2659 3826 seminando,
2693 3765 2794 3806 nec
2826 3767 3031 3806 messes
3069 3751 3155 3806 vel
3186 3760 3341 3822 prata
3371 3752 3524 3808 colli-

1923 3844 2231 3916 gendo,nec
2251 3845 2442 3900 braces
2472 3843 2738 3911 faciendo,
2765 3861 2865 3901 nec
2895 3847 3226 3913 humienem,
3245 3863 3346 3904 nec
3375 3847 3521 3920 ligna

1922 3935 2211 4002 solvendo,
2253 3951 2355 3991 nec
2401 3937 2695 4007 quidquam
2727 3937 2871 3993 aliud
2906 3939 2972 3993 ad
3011 3953 3147 4009 opus
3182 3921 3517 3995 dominicum

1920 4028 2108 4097 faciat,
2140 4029 2233 4084 sed
2264 4038 2471 4084 tantum
2499 4029 2684 4105 sibilet
2715 4047 2812 4087 suo
2838 4031 3040 4086 melino
3069 4032 3289 4087 serviat.
3322 4033 3524 4088 Percos

1925 4131 2130 4185 autem,
2166 4136 2354 4187 aucas,
2390 4130 2444 4176 et
2478 4122 2654 4191 pullos
2693 4137 2830 4192 quos
2860 4123 2926 4176 de
2957 4137 3055 4179 sne
3083 4123 3284 4176 melino
3309 4123 3522 4176 ineras-

1924 4211 2068 4265 siare
2094 4211 2276 4275 debet,
2309 4212 2375 4266 de
2401 4227 2499 4266 suo
2523 4203 2768 4278 nutriat;
2807 4220 2860 4266 et
2882 4227 2983 4266 ova
3022 4212 3213 4276 solvat,
3254 4220 3307 4265 et
3341 4228 3427 4278 ea,
3465 4221 3523 4267 ut

1925 4299 2179 4359 diximus,
2207 4315 2326 4368 quae
2359 4300 2445 4354 vel
2472 4301 2672 4354 melino
2701 4315 2923 4355 necesse
2946 4309 3027 4355 est
3060 4299 3260 4364 facere,
3286 4302 3371 4368 vel
3402 4314 3523 4372 quas

1925 4391 1990 4460 de
2021 4391 2220 4446 melino
2243 4392 2402 4447 debet
2425 4392 2596 4451 exire.
2622 4392 2710 4445 illa
2732 4400 2943 4446 tantum
2968 4394 3182 4447 studeat
3203 4408 3519 4463 procurare.

1877 4551 1883 4554 _
1920 4479 2079 4552 Quod
2102 4499 2232 4539 vero
2263 4500 2424 4556 supra
2464 4484 2700 4540 diximus
2723 4525 2737 4550 ,
2780 4493 2839 4539 ut
2870 4501 2910 4540 ll
2940 4485 3245 4541 modiorum
3281 4488 3347 4543 ad
3386 4503 3522 4558 opus

222 4568 342 4667 ease
368 4559 672 4660 (Ῑθῦθξιηιυε
695 4559 924 4667 “ﬁnire
947 4575 1224 4667 "l'ml‘fiim
1251 4578 1576 4632 Possumus;
1615 4566 1660 4622 Si
1704 4566 1818 4635 ipse
1846 4605 1900 4667 D
1925 4586 2175 4632 nostrum
2210 4577 2275 4632 de
2312 4575 2528 4644 molinis
2560 4578 2625 4633 ad
2658 4579 3046 4634 monasterium
3085 4580 3271 4635 venire
3307 4582 3522 4636 debuis-

223 4647 383 4704 a'iam
426 4650 702 4705 Γειίοηθηὶ
748 4651 1028 4706 meliorem
1065 4651 1129 4708 ad
1160 4653 1264 4709 Ῐιοο
1289 4656 1626 4726 Ρΐοῢθηάυπὶ
1672 4657 1823 4712 inve.
1846 4647 1898 4667 ν
1926 4676 2065 4733 sent,
2091 4681 2199 4723 non
2233 4670 2336 4724 hoc
2365 4667 2486 4724 ideo
2509 4669 2748 4724 diximus
2777 4678 2837 4723 ut
2863 4669 3007 4724 illam
3036 4669 3198 4724 aliam
3227 4671 3519 4726 melturam

225 4737 341 4796 nire
366 4749 579 4812 potest,
612 4755 736 4798 cum
763 4744 857 4798 Dei
887 4745 1060 4814 gratia
1090 4743 1274 4802 faciat.

296 4832 571 4889 Similiter
597 4835 664 4889 de
692 4835 941 4890 vassallis
984 4838 1217 4902 nostris;
1265 4840 1515 4896 similiter
1559 4843 1721 4898 etiam
1753 4845 1820 4898 ad

226 4933 476 4994 portam;
508 4939 740 4994 quorum
772 4942 1031 4983 numerus
1059 4938 1242 4984 certus
1265 4945 1387 4986 esse
1420 4948 1524 4986 non
1552 4941 1749 5002 potest,
1775 4936 1821 4990 si

227 5015 415 5071 eodem
445 5030 651 5083 sensu,
695 5033 854 5088 quem
885 5033 1049 5089 supra
1076 5020 1347 5091 diximus,
1391 5039 1488 5094 per
1529 5023 1679 5090 dies,
1725 5041 1822 5096 per

228 5110 594 5178 septimanas,
645 5126 743 5182 per
779 5127 1028 5181 menses,
1069 5118 1286 5186 quando
1313 5119 1565 5185 minime,
1604 5122 1819 5192 quando

230 5201 605 5268 mediocriter,
636 5206 851 5274 quando
875 5199 1112 5263 maxime
1135 5209 1246 5275 dat,
1277 5211 1545 5268 aestimare
1570 5215 1816 5284 cmperit,

234 5301 490 5362 putamus
512 5311 637 5354 eum
661 5298 882 5356 omnino
903 5299 1148 5359 invenire
1173 5305 1508 5372 posse,unde
1527 5321 1624 5376 per
1647 5314 1818 5363 totum

237 5398 435 5440 annum
465 5386 646 5442 valeat
681 5389 934 5444 transire.
968 5389 1102 5454 Nam
1143 5392 1208 5446 de
1236 5393 1521 5464 pulsantis,
1555 5397 1622 5451 de
1661 5398 1821 5454 scho-

237 5473 420 5544 lariis,
457 5475 526 5535 de
570 5479 794 5556 reliquis
829 5479 1074 5564 clericis,
1122 5499 1214 5556 seu
1265 5484 1418 5542 laicis
1458 5489 1691 5554 nostris,
1739 5491 1822 5548 vel

242 5571 548 5641 extraneis,
585 5570 746 5632 facile
783 5573 910 5638 sciri
958 5585 1136 5646 potest
1177 5577 1411 5652 qualiter
1450 5595 1544 5636 eos
1591 5580 1822 5639 liberare

241 5672 440 5732 potest.

317 5789 343 5816 ι
374 5778 667 5856 Bonuart'q.
697 5781 939 5856 Obscura
965 5800 1089 5849 vox,
1123 5801 1283 5856 quam
1314 5801 1419 5841 non
1460 5788 1558 5843 nisi
1600 5779 1666 5845 ex
1697 5806 1825 5846 con-

248 5844 456 5922 jectura
483 5852 606 5926 quis
631 5853 911 5927 intelligat.
927 5844 1191 5914 Acherius
1210 5858 1516 5934 suspicatur
1537 5844 1822 5934 legendum

1923 4761 1994 4815 'ab
2038 4760 2128 4814 illo
2163 4761 2414 4831 granario
2456 4776 2801 4832 separemus,
2843 4761 2940 4818 sed
2983 4770 3042 4816 ut
3087 4763 3200 4831 ipse
3233 4763 3336 4819 hoc
3377 4777 3520 4834 anno

1919 4852 2156 4923 probare
2182 4854 2416 4915 studeat,
2448 4860 2630 4906 utrum
2664 4849 2883 4916 addere,
2923 4850 3009 4907 vel
3053 4852 3375 4907 subtrahere
3418 4867 3508 4906 ne-

1923 4960 2076 5000 cesse
2106 4946 2195 5009 sit,
2225 4953 2279 4999 et
2316 4944 2381 4998 ad
2425 4953 2607 4998 tantos
2645 4943 3054 5013 provendaries,
3079 4953 3137 4998 et
3161 4944 3228 4997 ad
3257 4958 3318 4997 ea
3351 4957 3516 5011 opera

1924 5049 2044 5106 qua:
2075 5033 2223 5088 omni
2253 5048 2396 5088 anno
2424 5033 2478 5087 in
2509 5033 2841 5110 monasterio
2867 5033 3000 5089 ﬁunt
3025 5052 3038 5087 :
3068 5043 3128 5087 ut
3159 5039 3284 5087 sunt
3320 5031 3518 5087 vende-

1921 5126 2066 5189 ‘miae,
2103 5123 2268 5191 horti,
2300 5133 2474 5200 prata,
2507 5133 2562 5179 et
2589 5124 2675 5179 bis
2699 5124 2919 5191 similia,
2955 5139 3076 5179 cum
3111 5130 3261 5176 tanto
3290 5136 3518 5176 numero

1921 5227 2021 5287 per
2047 5224 2220 5270 totum
2257 5231 2460 5272 annum
2490 5219 2722 5273 transire
2747 5217 2941 5271 valeat.
2981 5213 3241 5270 Volumus
3269 5212 3432 5266 etiam
3456 5214 3517 5268 u't

1919 5310 2012 5365 illa
2041 5310 2222 5365 modia
2250 5311 2523 5366 anteriora
2552 5324 2736 5370 coram
2765 5309 2873 5364 illis
2902 5304 3206 5361 molinariis
3242 5304 3310 5360 ad
3343 5303 3514 5386 istum

1922 5418 2124 5459 novum
2161 5404 2399 5459 medium
2431 5406 2705 5460 aestimare
2736 5401 2932 5467 faciat,
2965 5415 3091 5458 eum
3121 5398 3268 5454 omni
3294 5397 3517 5468 aequali-

1927 5503 2059 5566 tate,
2088 5506 2291 5567 quanta
2321 5497 2501 5554 modia
2524 5497 2590 5551 de
2620 5494 2725 5550 illis
2747 5492 2950 5556 faciant
2977 5493 3101 5559 ista,
3130 5499 3184 5548 et
3214 5493 3515 5556 secundum

1912 5589 2042 5644 Ilaec
2067 5590 2245 5644 modia
2273 5595 2536 5659 quantum
2561 5587 2640 5642 eis
2660 5585 2932 5652 convenit,
2947 5586 3026 5642 sic
3045 5585 3255 5642 solvant
3275 5587 3332 5644 in
3353 5595 3514 5645 antea

1915 5692 2110 5754 eorum
2134 5695 2378 5745 censum,
2409 5679 2524 5734 sive
2549 5678 2614 5732 de
2641 5693 2877 5747 annona,
2907 5680 3021 5736 sive
3049 5680 3116 5737 de
3137 5681 3322 5738 brace.
3359 5679 3518 5760 volu-

1925 5809 2018 5848 sea:
2041 5792 2390 5856 bovaria,hoc
2413 5798 2520 5859 est,
2552 5793 2730 5863 spatia
2747 5806 2869 5870 qua:
2891 5793 3060 5871 liores
3085 5810 3180 5859 IN
3203 5776 3511 5861 ἱηιη

1926 5877 2084 5919 arare
2109 5873 2357 5936 possunt.
