4006 6450
440 347 546 410 διδ
1413 335 1473 392 S.
1511 328 1912 402 ADALHARDI
1949 327 2039 386 AB

2149 325 2244 384 l‘lS
2269 323 2719 384 CORBEIENSIS
3265 354 3268 357 π
3607 322 3720 380 δα

441 475 566 523 mus
590 464 650 515 ut
684 455 786 528 ipsi
831 452 1104 512 molinarii
1137 452 1334 526 singuli
1363 453 1630 523 integram
1676 463 1895 507 causam
1926 447 2026 502 ha-
2051 447 2104 508 A
2129 443 2256 500 dum
2286 442 2400 498 sive
2428 441 2497 496 ad
2520 439 2655 496 alias
2679 439 3034 496 necessitates
3071 438 3368 512 explendas
3395 437 3663 498 fossorios
3687 443 3721 486 δ

442 559 607 615 beant
634 549 698 608 ad
725 545 1116 621 providendum
1154 562 1277 619 cum
1309 545 1442 601 rotis
1471 560 1542 600 vr.
1581 542 1735 612 Quod
1762 543 1806 598 si
1837 538 2028 596 nolue-
2127 552 2180 591 vt
2198 578 2213 602 ,
2240 535 2429 591 bessos
2458 549 2528 600 ιι,
2559 548 2778 589 secures
2803 549 2877 599 ιι,
2904 532 3246 600 dolatoriam,
3270 543 3474 590 taratra
3501 550 3542 591 ιι
3561 578 3574 602 ,
3601 553 3724 594 ma-

445 650 557 706 rint
583 643 784 702 habere
813 656 890 704 vt.
927 641 972 696 si
1004 641 1346 713 medietatem
1379 639 1444 694 de
1485 638 1575 693 illa
1601 652 1792 701 causa,
1823 636 1876 691 id
1905 642 2030 690 sunt

2151 645 2211 684 us
2237 637 2292 683 et
2313 628 2530 693 minus;
2573 625 2842 696 scalprum
2884 642 2934 691 l,
2972 626 3209 697 gulbium
3244 641 3294 692 ι,
3327 635 3381 682 et
3419 625 3620 684 falcilia
3651 645 3722 697 ιι,

445 750 577 796 rot:e
605 755 686 802 ιιι,
717 751 827 790 non
870 733 1068 789 habeat
1112 733 1215 787 nisi
1247 732 1592 788 medietatem
1625 731 1691 786 de
1723 729 1812 784 illa
1851 738 2028 794 terra,
2131 720 2323 776 falcem
2353 735 2393 784 l.
2425 727 2647 775 "110005
2692 717 3049 792 ιιν,(>ιιιῑιί¹ῐῐι
3088 734 3138 783 ι,
3186 734 3394 773 serram
3423 736 3464 774 ι·
3513 717 3728 778 (Σωῑθη

447 851 567 907 qua:
589 833 655 888 ad
681 831 830 887 illum
856 843 1102 884 mansum
1132 828 1385 898 pertinet,
1425 827 1477 880 id
1523 833 1606 880 est
1639 824 1900 879 bonuaria
1933 840 1992 879 ιιι
2013 865 2028 889 ,
2131 825 2309 870 autem
2339 829 2465 868 vasa
2497 813 2565 868 ad
2593 813 2767 883 ipsum
2794 810 3026 867 oflicium
3057 813 3406 882 pertinentia,
3435 812 3577 867 sicut
3601 820 3733 868 sunt

448 904 503 981 et
529 925 709 981 socius
737 924 854 995 ejus
881 923 984 978 alia
1017 939 1109 988 ιιι,
1140 931 1196 976 et
1225 922 1367 976 inter
1389 919 1506 976 illos
1533 921 1668 976 duos
1690 929 1744 975 et
1767 922 2030 991 integram

2149 907 2323 972 ranni,
2353 907 2590 970 haustae,
2623 905 2706 961 vel
2735 904 2838 959 alia
2879 905 3131 976 quaelibet
3173 905 3510 976 hujusmodi,
3554 922 3732 976 quan-

449 1017 737 1074 molturam
769 1017 1023 1081 reddant,
1072 1025 1125 1070 et
1157 1016 1423 1086 integrum
1471 1013 1749 1068 servitium
1795 1013 2030 1076 faciant,

450 1121 707 1184 quantum
735 1113 802 1167 ad
830 1111 979 1167 illum
1008 1125 1173 1165 unum
1202 1108 1459 1164 molinum
1491 1109 1726 1180 pertinet
1752 1108 1816 1163 de
1843 1121 2030 1176 opere,

447 1205 535 1260 Vel
561 1206 626 1260 de
652 1203 851 1267 sclusa,
872 1203 954 1257 vel
983 1203 1048 1258 de
1069 1215 1252 1273 ponto,
1269 1203 1356 1256 vel
1379 1202 1444 1256 de
1470 1201 1740 1265 omnibus,
1771 1208 2032 1271 quantum

450 1297 673 1369 singulis
700 1297 912 1353 molinis
945 1297 1255 1367 deputatum
1279 1304 1378 1350 est.

994 1499 1297 1577 LIBER
1360 1498 1472 1574 ΙΙ.

724 1635 874 1699 Haec
905 1642 1001 1698 est
1033 1633 1352 1696 ordinatio
1391 1634 1750 1698 hortorum.

967 1758 1195 1816 CAPUT
1232 1757 1526 1816 PRIMUM.

523 1873 592 1930 Ut
621 1873 817 1929 fratres
838 1872 928 1943 qui
957 1887 1049 1928 eos
1084 1871 1331 1928 laborare
1361 1872 1579 1939 debent,
1612 1861 1728 1928 sine
1755 1872 1997 1928 molestia
2016 1915 2032 1940 ,

449 1965 535 2022 vel
564 1965 742 2034 aliqua
770 1965 1211 2037 incommoditate
1238 1966 1518 2020 inhonesta
1543 1966 1751 2036 possint
1777 1966 1828 2020 in
1853 1966 1934 2021 eis
1958 1965 2039 2019 of-

451 2057 633 2113 ﬁcium
663 2057 765 2112 sibi
797 2059 1149 2114 commissum
1178 2060 1244 2114 ad
1278 2075 1618 2115 communem
1649 2059 1865 2130 explere
1897 2050 2041 2114 utili;

451 2156 639 2210 tatem,
670 2149 1052 2204 constituimus
1083 2157 1142 2204 ut
1179 2150 1506 2213 mansiones,
1535 2165 1652 2220 qua:
1688 2151 1758 2205 ibi
1785 2165 2037 2206 necessa-

455 2239 552 2296 riae
587 2247 744 2304 sunt,
797 2247 853 2296 et
893 2256 1050 2312 scpes
1092 2240 1296 2296 faciant
1341 2243 1771 2314 quandocunque
1819 2259 2041 2301 necesse

458 2329 643 2396 fuerit,
671 2340 725 2388 et
749 2333 1036 2388 emendent
1061 2332 1293 2403 majores
1316 2335 1382 2389 de
1407 2335 1491 2390 his
1522 2335 1691 2391 villis:
1715 2336 1780 2391 ad
1807 2337 2041 2408 primum

453 2424 653 2482 ostium
684 2424 826 2496 quod
853 2434 937 2481 est
958 2423 1114 2495 juxta
1143 2426 1432 2491 vivarium,
1460 2428 1524 2482 de
1547 2426 1809 2483 Waniaco
1827 2470 1840 2491 ,
1875 2438 1929 2482 et
1955 2427 2044 2482 Ci-

450 2518 676 2590 piliaco;
711 2518 778 2573 ad
809 2519 1104 2575 secundum
1132 2519 1198 2575 de
1225 2519 1394 2587 Villa;
1432 2520 1500 2576 ad
1532 2521 1751 2576 tertium
1787 2520 1854 2576 de
1894 2519 2042 2575 Albi-

452 2609 609 2667 niaco
627 2618 681 2666 et
703 2608 1004 2667 Cerisiaco:
1027 2610 1095 2666 ad
1117 2621 1372 2681 quartum
1394 2611 1460 2667 de
1479 2611 1698 2679 Vernis,
1716 2619 1771 2668 et
1790 2610 2039 2668 Taziaco.

454 2698 524 2758 Et
551 2702 689 2757 idem
713 2703 814 2773 ipsi
842 2703 993 2770 dent,
1024 2704 1394 2774 unusquisque
1419 2704 1485 2758 ad
1511 2704 1726 2760 hortum
1749 2705 1835 2761 cui
1864 2705 2046 2760 deser-

454 2795 534 2850 vit
562 2796 614 2850 in
647 2796 804 2851 tertio
829 2812 996 2863 anno,
1023 2806 1264 2852 aratrum
1290 2797 1517 2872 ljugum
1545 2814 1667 2854 cum
1697 2799 1963 2854 amltlacio
1989 2808 2044 2856 et

455 2885 776 2956 conjunclis,
805 2883 1272 2958 quandd’necesse
1300 2887 1504 2954 fuerit;
1545 2898 1600 2944 et
1629 2890 1680 2944 in
1713 2901 1909 2960 quarto
1953 2905 2042 2946 er-

455 2978 625 3048 ptiam
662 2990 688 3019 α
723 2978 777 3033 in
822 2977 1037 3033 hortum
1083 2979 1436 3035 excolendum
1471 2996 1683 3052 semper
1714 2981 1779 3034 ad
1827 2981 2042 3038 Missam

455 3070 628 3126 sancti
654 3068 992 3125 Marcellini:
1033 3079 1087 3124 ct
1114 3083 1404 3141 postquam
1434 3082 1645 3142 tempus
1681 3073 1891 3127 venerit
1936 3087 2042 3141 quo

455 3161 820 3216 necessarium
850 3160 1015 3216 fuerit
1038 3160 1224 3217 hortos
1249 3179 1278 3216 a
1304 3163 1480 3218 noxiis
1509 3178 1738 3234 purgare
1761 3161 1965 3226 herbis,
1991 3162 2042 3218 id

456 3263 540 3310 est
565 3270 595 3308 a
625 3255 803 3310 medio
841 3253 1043 3324 Aprilis
1079 3255 1148 3309 ad
1189 3256 1423 3311 medium
1469 3255 1816 3320 Octobrium,
1867 3255 2045 3311 omni-

455 3349 631 3404 modis
660 3349 866 3419 absque
910 3348 1235 3420 negligentia
1262 3347 1347 3402 vcl
1387 3347 1566 3415 aliqua
1611 3347 2042 3414 substractione,

455 3452 672 3508 semper
705 3437 872 3493 ﬁnitis
900 3438 1089 3510 viginti
1121 3438 1332 3502 diebus,
1365 3437 1547 3491 veniat
1582 3437 1952 3507 unusquisque
1979 3437 2047 3492 de

455 3531 585 3602 ipsis
623 3529 922 3600 majoribus
960 3531 1028 3586 ad
1075 3531 1224 3586 illum
1265 3530 1488 3586 fratrem
1539 3530 1912 3595 hortolanum,
1958 3531 2045 3587 cui

454 3621 568 3692 ipse
599 3621 926 3691 adjutorium
956 3621 1137 3678 facere
1161 3622 1338 3687 debet,
1370 3622 1572 3686 videre,
1603 3630 1660 3677 et
1685 3621 2043 3694 interrogare,

455 3717 673 3785 quando
702 3729 924 3770 necesse
954 3713 1118 3769 fuerit
1149 3713 1510 3770 sarculatores
1540 3713 1592 3767 in
1626 3713 1716 3768 illo
1745 3714 1979 3770 mittere.

525 3806 791 3862 Porricini
823 3815 1001 3864 autem
1043 3813 1099 3862 et
1129 3806 1276 3876 porri
1327 3813 1615 3876 postquam
1662 3805 2064 3874 transplantati'

453 3896 679 3964 fuerint,
703 3897 989 3952 ascaloniae
1014 3912 1244 3968 quoque.
1266 3897 1391 3952 allia
1415 3905 1576 3967 atque
1601 3911 1763 3966 cepe;
1786 3898 1903 3952 haec
1927 3906 2048 3954 tan-

457 3996 573 4044 tum
619 3987 814 4043 debent
855 3988 1091 4057 majores
1136 3989 1565 4059 quandocunque
1599 4003 1820 4046 necesse
1857 3987 2042 4058 fuerit,

457 4079 596 4134 sicut
625 4079 829 4135 dictum
857 4088 960 4147 est,
990 4066 1224 4152 purgare
1248 4097 1262 4147 ;
1304 4087 1358 4136 et
1385 4081 1813 4152 quandocunque
1842 4080 2045 4140 familia

457 4171 526 4226 ad
543 4169 790 4226 eamdem
818 4172 1174 4227 convenerint
1195 4171 1591 4247 purgationem,
1619 4170 1792 4240 major
1814 4171 1929 4243 ipse
1948 4188 2046 4244 per

457 4276 538 4328 se,
576 4262 689 4318 Sive
715 4262 974 4328 decanus,
1006 4279 1143 4319 unus
1169 4278 1235 4319 ex
1257 4263 1365 4319 illis
1391 4263 1601 4320 duobus
1623 4265 1946 4321 omnimodis
1969 4266 2043 4321 ibi

457 4355 528 4412 sit
570 4355 638 4410 ad
683 4353 1072 4426 providendum
1110 4364 1172 4411 ut
1212 4355 1451 4411 studiose
1483 4363 1540 4411 et
1577 4355 1782 4412 utiliter
1808 4357 2042 4427 operarii

457 4447 707 4518 expleant
733 4462 868 4518 opus
901 4463 1079 4503 suum.
1104 4446 1280 4504 Carra
1307 4463 1439 4503 vero
1467 4448 1737 4520 accipiant
1771 4447 2042 4504 hortolani

2132 999 2414 1068 docunque
2457 1005 2640 1052 vetera
2688 996 3022 1062 defecerint,
3073 997 3217 1053 dicat
3265 997 3585 1052 bortolanus
3631 999 3733 1053 ah-

2132 1093 2265 1158 bati,
2299 1101 2355 1147 et
2381 1092 2496 1163 ipsc
2535 1091 2627 1147 det
2659 1091 2708 1145 ei
2737 1091 3067 1162 adjutorium
3101 1091 3242 1147 unde
3278 1092 3454 1164 possit
3489 1092 3596 1146 alia
3635 1107 3730 1150 ac-

2133 1185 2368 1255 quirere.

2205 1275 2595 1331 Constituimus
2624 1274 2787 1329 etiam
2814 1273 2921 1329 illis
2949 1275 3078 1330 dare
3113 1275 3181 1330 ad
3218 1275 3607 1330 conducendos
3636 1276 3738 1333 ho-

2135 1367 2332 1431 mines,
2361 1367 2450 1435 qui
2483 1381 2637 1421 areas
2663 1366 2841 1420 levent
2869 1366 2921 1420 in
2954 1376 3246 1434 autumno,
3280 1377 3334 1422 et
3365 1367 3737 1437 plantationes

2134 1461 2314 1531 primo
2344 1467 2585 1530 tempore
2612 1457 2792 1513 facere
2823 1459 3112 1529 adjuvent:
3145 1475 3353 1514 necnon
3381 1469 3437 1514 et
3464 1461 3740 1517 sarcolare

2135 1550 2391 1607 herholas
2434 1551 2487 1606 in
2529 1558 2718 1607 testate
2757 1567 2879 1606 cum
2929 1566 3150 1609 necesse
3201 1551 3394 1617 fuerit,
3444 1555 3742 1624 unicuique

2137 1643 2295 1698 fratri
2328 1643 2614 1698 hortolano
2649 1659 2746 1714 per
2784 1647 2932 1700 vices
2971 1658 3142 1715 panes
3184 1659 3214 1699 c
3253 1646 3738 1715 provendaricios,

2138 1749 2274 1806 quos
2302 1749 2472 1804 panes
2509 1734 2670 1789 debet
2711 1735 2840 1790 dare
2887 1732 3058 1790 frater
3103 1735 3197 1806 qui
3246 1750 3444 1806 panem
3489 1737 3743 1806 providet

2064 1815 2110 1875 Β
2142 1827 2412 1894 fratrum;
2451 1835 2505 1883 et
2535 1842 2644 1883 non
2675 1827 2864 1892 simul,
2911 1828 3005 1884 sed
3046 1828 3202 1898 juxta
3247 1829 3392 1898 quod
3442 1829 3738 1886 hortolano

2141 1935 2364 1976 necesse
2392 1919 2587 1988 fuerit,
2628 1920 2709 1976 sic
2747 1913 3037 1976 distribuat
3079 1921 3423 1991 dispensator
3455 1921 3530 1976 illi
3563 1924 3743 1992 ipsum

2139 2029 2359 2084 panem,
2385 2014 2559 2070 donec
2587 2029 2868 2081 numerus,
2902 2015 2947 2070 si
2979 2030 3197 2071 necesse
3220 2015 3385 2072 fuerit
3413 2016 3739 2083 hortolano,

2141 2105 2442 2176 conpletus
2487 2105 2602 2160 ﬁat.
2647 2106 2817 2162 Detur
2859 2106 3036 2182 etiam.
3062 2107 3354 2178 unicuique
3388 2108 3680 2163 hortolano
3709 2123 3743 2163 ι

2141 2198 2427 2255 cellerario
2475 2200 2541 2255 de
2574 2199 2786 2255 cervisa
2832 2198 3070 2254 modium
3114 2215 3305 2263 unum,
3353 2200 3546 2254 eodem
3579 2199 3744 2254 modo

2144 2290 2288 2346 sicut
2307 2297 2364 2346 et
2386 2290 2544 2360 panis
2571 2290 2746 2353 datur,
2779 2289 2830 2344 id
2854 2298 2940 2345 est
2964 2305 3071 2345 non
3096 2289 3274 2356 simul,
3301 2293 3393 2345 sed
3413 2306 3515 2361 per
3536 2301 3740 2362 partes,

2143 2383 2360 2453 quando
2382 2391 2436 2436 et
2461 2390 2721 2452 quantum
2750 2383 3035 2438 hortolano
3071 2399 3294 2440 necesse
3323 2383 3509 2451 fuerit,
3540 2394 3597 2440 et
3625 2387 3745 2457 ipse

2145 2490 2264 2530 cam
2293 2474 2620 2544 requisierit,
2633 2474 2806 2530 donec
2825 2490 3078 2530 mensura
3098 2467 3357 2545 praedicta
3379 2477 3742 2548 compleatur,

2145 2575 2201 2622 et
2229 2566 2391 2623 debet
2414 2565 2787 2636 unusquisque
2815 2567 3057 2621 modium
3090 2583 3259 2622 unum
3286 2568 3536 2638 accipere
3567 2569 3632 2625 de
3662 2570 3742 2624 le~

2146 2661 2386 2732 gumine,
2414 2669 2470 2716 et
2491 2659 2781 2730 unicuique
2810 2659 3009 2715 debent
3035 2660 3152 2715 dari
3186 2661 3254 2715 ab
3280 2661 3479 2716 abbate
3514 2661 3676 2717 solidi
3708 2677 3741 2718 v

2146 2768 2244 2824 per
2275 2768 2474 2808 annum
2500 2752 2566 2806 ad
2601 2752 2980 2807 conducendos
3006 2751 3276 2818 homines,
3303 2753 3447 2808 sicut
3471 2753 3742 2820 diximus;

2147 2845 2241 2916 qui
2271 2843 2587 2900 conductitii
2628 2858 2734 2898 non
2777 2851 2904 2898 sunt
2939 2843 3235 2899 necessarii
3265 2858 3511 2914 quaerere
3555 2844 3746 2912 aliubi,

2148 2941 2251 2996 nisi
2279 2939 2421 2994 infra
2447 2939 2858 2996 monasterium.
2901 2938 2978 2995 De
3011 2947 3208 2995 (nmero
3237 2939 3610 3010 unusquisque
3636 2936 3751 2994 fra-

2148 3042 2232 3088 ter
2259 3034 2523 3104 quidquid
2549 3033 2615 3090 de
2647 3034 2805 3089 horto
2843 3048 2942 3089 suo
2971 3034 3211 3104 potuerit
3255 3033 3538 3103 acquirere
3576 3047 3751 3102 supra

2150 3126 2394 3181 servidas
2429 3137 2475 3191 ο,
2518 3142 2655 3196 quas
2685 3125 2966 3186 fratribus
3015 3125 3194 3182 facere
3243 3125 3474 3190 debent,
3507 3125 3752 3196 pleniter

2073 3188 2117 3293 β
2150 3223 2352 3290 absque
2373 3188 2554 3292 aliqua
2576 3221 3007 3276 deminoratione
3026 3219 3270 3275 deferant
3291 3188 3751 3290 opponit-notem-

2145 3329 2277 3383 pore
2307 3314 2510 3369 abbati.
2536 3313 2736 3369 Bovcm
2761 3314 3124 3383 disposuimus
3154 3315 3354 3370 habere
3385 3327 3752 3384 unumquem-

2147 3420 2252 3475 que
2284 3420 2461 3472 suum,
2485 3416 2545 3459 ut
2574 3405 3116 3483 sinc‘impedimento
3145 3407 3248 3462 hoc
3277 3406 3450 3462 solum
3485 3405 3752 3462 excolam.

2146 3509 2266 3564 quae
2296 3493 2363 3549 ad
2405 3495 2595 3550 hortos
2632 3497 2940 3552 necessaria
2967 3505 3112 3552 sunt.
3159 3496 3275 3553 Hoc
3299 3497 3562 3569 prmcipuc
3585 3511 3752 3553 com-

2147 3601 2429 3641 monemus
2450 3586 2768 3642 hortolanos
2797 3597 2858 3643 ut
2883 3588 3018 3644 lucri
3046 3589 3226 3644 facere
3255 3588 3457 3661 aliquid
3486 3589 3752 3659 turpiter,

2149 3685 2243 3732 aut
2266 3686 2455 3747 petere
2478 3675 2712 3746 vicinos,
2751 3678 3400 3735 omnimodisvdeclinent.

2799 3793 3028 3852 CAPUT
3066 3795 3132 3851 ll.

2360 3885 2441 3940 De
2461 3885 2642 3941 meiris
2664 3882 2711 3926 (Γ
2725 3887 2782 3942 in
2811 3887 3178 3957 festivitatibus
3203 3895 3518 3944 sanctorum.

2218 4001 2276 4058 In
2306 4003 2590 4058 nativitate
2616 4003 2830 4060 Domini
2875 4019 2956 4070 ιιι,
3003 4005 3056 4060 in
3097 4003 3156 4059 S.
3186 4004 3446 4076 Stephani
3475 4020 3548 4068 ιι,
3593 4003 3652 4060 in
3682 4005 3749 4064 8.

2146 4093 2371 4150 Joannis
2395 4111 2454 4161 ιι,
2483 4095 2536 4150 ἱιι
2568 4095 2748 4152 natale
2771 4096 3142 4153 Innocentium
3167 4114 3217 4162 ι,
3255 4099 3311 4174 in
3339 4098 3396 4153 S.
3425 4096 3680 4154 Silvestri
3703 4114 3750 4168 ι,

2147 4185 2346 4242 Octava
2360 4185 2570 4242 Domini
2587 4203 2626 4252 ι,
2645 4188 2698 4241 ἰιι
2715 4187 3058 4258 Theophania
3076 4204 3138 4253 ιι,
3154 4187 3354 4244 Octava
3373 4188 3692 4260 Epiphaniae
3703 4205 3749 4258 ι,

2148 4286 2348 4334 sanctae
2374 4277 2598 4349 Agnetis
2620 4294 2657 4344 ι,
2679 4278 2944 4335 dedicatio
2969 4277 3026 4334 8.
3057 4277 3302 4345 Joannis,
3317 4287 3371 4335 et
3394 4279 3686 4336 Balthildis
3704 4295 3747 4348 t,

2145 4368 2461 4425 Purificatio
2484 4378 2683 4425 sanctae
2706 4369 2973 4436 Mariam,
2991 4367 3049 4425 8.
3064 4371 3288 4443 Agatha:
3315 4370 3429 4436 |,.S.
3448 4369 3677 4426 Vcdasti
3703 4387 3746 4438 ι,

2147 4460 2206 4517 8.
2239 4461 2487 4531 Gregorii
2512 4477 2554 4527 ι,
2576 4461 2634 4517 8.
2662 4461 2939 4518 Benedicti
2969 4478 3010 4527 ι,
3027 4462 3381 4517 Annuntiatio
3405 4460 3462 4517 S.
3488 4460 3682 4519 Mariae
3703 4478 3748 4531 ι,

459 4537 526 4594 de
548 4539 683 4593 bura
705 4539 850 4593 omni
878 4554 1018 4594 anno
1038 4539 1333 4594 secundum
1353 4539 1818 4596 consuetudinem.
1847 4538 2039 4596 Omnia

2149 4551 2376 4624 Philippi
2405 4563 2459 4608 et
2487 4551 2673 4608 Jacobi
2698 4570 2760 4618 ιι,
2783 4551 2841 4608 8.
2857 4552 3082 4609 Joannis
3101 4552 3412 4624 Baptistae],
3428 4551 3484 4608 S.
3503 4551 3660 4610 Petri
3682 4569 3747 4622 ιι,

458 4628 712 4686 utensilia
735 4628 910 4685 ferrea
937 4629 1133 4685 debent
1157 4630 1402 4700 accipere
1430 4645 1461 4684 a
1490 4630 1812 4696 camerario,
1839 4630 1933 4701 qui
1962 4630 2040 4686 fa-

457 4722 587 4780 bros
611 4720 858 4794 providet
884 4723 1178 4778 secundum
1204 4722 1646 4778 consuetudinem
1672 4737 2035 4779 communem.

457 4814 602 4872 Idem
629 4815 674 4870 si
705 4814 878 4871 fracta
905 4813 1139 4880 fuerint,
1187 4815 1436 4869 ostendat
1475 4813 1564 4868 illa
1607 4814 1943 4878 camerario,
1985 4824 2043 4871 et

459 4906 575 4977 ipse
597 4905 761 4962 faciat
789 4905 879 4960 illa
910 4921 1183 4976 reparare,
1212 4913 1304 4959 aut
1332 4904 1422 4960 det
1457 4904 1534 4959 illi
1557 4903 1704 4959 aliud
1737 4903 2040 4962 ferramen-

459 5009 596 5068 tum,
625 5009 682 5056 et
705 5001 930 5072 recipiat
969 4999 1100 5056 illud
1125 4999 1375 5055 fractum.
1419 4998 1682 5056 Similiter
1719 5014 2042 5072 quocunque

459 5094 619 5150 modo
649 5109 869 5151 necesse
896 5093 1061 5150 fuerit
1088 5093 1334 5164 reparari
1359 5109 1444 5158 ea,
1475 5109 1504 5148 a
1528 5094 1832 5150 camerario
1857 5095 2040 5166 requi-

460 5195 670 5243 rantur.
699 5188 767 5244 Et
793 5189 1166 5261 unusquisque
1193 5187 1391 5244 habeat
1427 5188 1494 5242 ad
1531 5187 1752 5243 hortum
1789 5189 2043 5245 excolen-

532 5311 560 5339 ιι
594 5298 850 5373 Erptiam.
883 5300 1010 5357 Sive
1038 5301 1290 5373 erpicam,
1319 5299 1738 5356 instrumentum
1769 5300 1838 5355 ad
1867 5275 2042 5356 teren-

462 5369 558 5426 das
582 5369 783 5440 glebas.
809 5373 914 5440 gal.
946 5369 1113 5426 herae.

532 5440 561 5480 ιι
588 5438 886 5496 Fossorios.
911 5441 965 5496 ld
989 5451 1090 5507 est,
1116 5441 1570 5510 ligones.Bessos.
1595 5438 1804 5510 ligones
1826 5440 2036 5510 planos,

461 5510 801 5594 quosbéchgs
825 5527 1100 5594 vocamus.
1127 5509 1381 5594 Taratra,
1411 5509 1658 5594 tarieres.
1685 5509 1928 5594 Scalpra,
1958 5528 2040 5565 ra-

462 5579 712 5656 tiuoires.
741 5579 1012 5656 Gulbium,
1039 5584 1457 5656 siveﬁgurbium,
1496 5579 1884 5656 ferramentum
1929 5593 2038 5656 quo

463 5652 820 5725 extrahuntur
841 5670 960 5725 qua:
987 5651 1371 5724 impedimento
1396 5664 1540 5711 sunt.
1576 5651 1821 5725 Falcilia,
1847 5651 2039 5725 [attrit-

463 5720 558 5778 les.
579 5720 1037 5799 :I'runcos,'arcas
1064 5720 1300 5799 ligneas.
1335 5726 1646 5799 Sequuntur
1675 5720 1901 5789 bantur,
1934 5723 2038 5780 hoc

383 5848 392 5858 ,
441 5799 552 5850 at
571 5791 742 5852 fustes
765 5791 974 5853 triturae
998 5791 1146 5865 apti;
1166 5797 1365 5865 ﬂatur.

2145 4643 2202 4701 S.
2219 4643 2372 4700 Pauli
2389 4661 2426 4710 ι,
2443 4645 2502 4702 8.
2519 4644 2736 4718 Martini
2755 4662 2794 4710 ι,
2811 4644 2868 4701 8.
2883 4643 3070 4701 Jacobi
3087 4661 3128 4710 ι,
3147 4645 3422 4701 Dedicatio
3450 4643 3506 4699 8.
3524 4643 3680 4700 Petri
3701 4661 3745 4712 t,

2143 4735 2419 4792 Dedicatio
2436 4737 2494 4791 8.
2513 4737 2774 4807 Stephani
2802 4755 2844 4804 ι,
2874 4736 2932 4792 8.
2961 4736 3237 4791 Laurentii
3267 4753 3306 4803 ι,
3329 4736 3650 4806 Assumptio
3680 4736 3744 4793 S.

2142 4829 2325 4884 Mariae
2349 4846 2388 4895 ι,
2415 4828 2472 4884 8.
2498 4828 2879 4884 Bartholomtei
2906 4845 2947 4896 ι,
2971 4828 3030 4884 8.
3056 4827 3281 4885 Joannis
3307 4845 3346 4894 ι,
3379 4829 3654 4884 Nativitas
3677 4829 3741 4886 S.

2145 4923 2326 4978 Maria:
2350 4939 2389 4989 ι,
2417 4921 2473 4978 8.
2506 4922 2742 4979 Μαιηιωὶ
2777 4941 2818 4989 ι,
2851 4922 2907 4979 8.
2939 4922 3177 4999 Mauritii
3207 4940 3246 4988 ι,
3271 4922 3330 4979 8.
3349 4922 3577 4978 Firmini
3607 4939 3652 4987 ι,
3677 4921 3742 4978 8.

2145 5013 2423 5069 Michaelis
2446 5031 2487 5080 ι,
2513 5013 2569 5069 8.
2587 5014 2825 5085 Dionysii
2848 5029 2885 5077 ι,
2914 5013 3150 5069 Simonis
3170 5023 3226 5070 et
3244 5013 3392 5070 Juda:
3412 5030 3448 5079 l,
3475 5011 3743 5069 Omnium

2147 5116 2459 5161 sanctorum
2484 5123 2546 5173 ιι,
2572 5105 2630 5161 8.
2656 5105 2899 5173 Quintini
2925 5123 2964 5170 ι,
2985 5105 3043 5161 8.
3069 5106 3283 5162 Martini
3309 5122 3344 5168 t,
3372 5105 3430 5161 S.
3451 5098 3672 5162 Cecilia:
3696 5123 3740 5173 ι,

2148 5196 2205 5252 8.
2233 5197 2466 5254 Andreae
2492 5215 2531 5264 ι,
2564 5197 2817 5253 Fusciani
2847 5205 2903 5254 et
2937 5197 3192 5266 Victqrici
3234 5212 3284 5263 ι,
3327 5195 3386 5252 8.
3427 5195 3654 5252 Thomm
3683 5214 3741 5264 ι,

2219 5321 2242 5349 ο
2273 5308 2544 5365 Servidas.
2576 5307 2702 5364 Sive
2743 5309 2983 5374 servias,
3015 5315 3160 5363 serta
3194 5304 3280 5362 vel
3327 5305 3618 5362 fasciculos
3663 5323 3740 5364 ex

2146 5380 2332 5436 herbis
2361 5380 2668 5435 floribusve.
3134 5402 3138 5406 ι
3504 5433 3514 5439 ,

2217 5451 2243 5491 d
2270 5451 2349 5505 De
2379 5452 2576 5506 meiris.
2596 5450 2808 5522 ,Meiras
2828 5451 2907 5506 sic
2931 5449 3647 5522 Aclieriusinterpretatur:
3677 5448 3738 5522 id

2147 5523 2289 5593 quod
2320 5522 2533 5593 interim
2558 5521 2628 5578 ob
2667 5525 2970 5578 mercedem
2997 5521 3256 5593 obsequio
3275 5521 3524 5593 praestito
3549 5521 3741 5593 porri—

2144 5591 2307 5664 gitur.
2337 5591 2454 5647 Gal.
2481 5609 2758 5660 mereaux,
2800 5592 3175 5664 scrupus,‘vel
3207 5591 3484 5658 calculus;
3527 5591 3740 5649 deinde

2144 5659 2267 5718 data
2303 5665 2708 5736 opportunitate
2756 5659 2966 5722 reddito
3002 5661 3209 5722 calculo
3255 5664 3491 5735 pecunia
3533 5677 3740 5720 nume-

2140 5743 2314 5790 ratur.
