4006 6446
226 438 352 495 545.

1251 414 1610 476 surum
1645 410 1785 469 pno
1822 402 2185 480 moments
2210 399 2383 464 sors.

3376 392 3490 453 ω
3517 385 3521 389 ,

238 565 292 608 m
313 548 476 606 cinna
516 540 732 599 Domini
756 555 830 606 ιι,
863 548 919 594 ιιι
948 535 1187 593 Sabbato
1221 539 1408 590 sancto
1434 547 1488 599 ι,
1517 530 1573 606 in
1619 535 1808 584 sancto
1832 527 1887 588 Α
1910 521 1964 576 in
2013 519 2195 591 aliquo
2233 517 2521 589 postponat
2543 507 2692 608 {sed
2732 506 2914 608 potius
2943 507 3240 608 secundum
3266 505 3487 580 Regula;

235 639 435 698 Pascha
469 651 558 702 ιιι,
589 642 646 690 ει
678 648 772 705 per
803 627 1195 688 hebdomadam
1221 633 1502 688 totam'u,
1531 622 1585 676 in
1607 621 1810 676 Ascen-

241 735 384 791 sione
407 728 616 786 Domini
643 744 708 794 ιι,
735 727 792 783 in
819 725 1137 782 Pentecoste
1168 737 1250 786 ιιι,
1281 729 1405 791 post
1431 716 1733 773 vindemias
1764 731 1806 780 ι,

240 826 348 880 dies
374 819 638 879 Dominici
665 833 852 886 χιγιιι,
871 815 1159 874 sabbatum
1184 813 1454 880 similiter,
1483 809 1810 866 festivitates

241 923 541 974 sanctorum
562 929 614 969 ι..

837 1000 1069 1059 CAPUT
1107 999 1196 1055 Ill.

301 1099 749 1160 Commemoratio
780 1099 848 1155 de
887 1094 1273 1153 refectionibus
1316 1105 1453 1162 quas
1497 1085 1810 1146 cellerarius

237 1199 389 1255 debet
423 1197 622 1253 facere.

301 1291 376 1347 De
397 1289 604 1346 curtilis
626 1304 787 1344 unam
812 1303 911 1360 pro
933 1285 1243 1342 Hilmerado
1268 1284 1544 1355 episcopo,
1567 1268 1633 1337 et.
1645 1281 1812 1336 fratre

236 1398 328 1440 suo
361 1381 634 1455 Hengario
665 1398 756 1437 xvi
797 1380 914 1436 Kal.
962 1379 1128 1434 Junii.
1181 1377 1368 1433 Altera
1409 1385 1593 1430 autem
1640 1372 1814 1444 pridie

234 1478 407 1534 Nonas
435 1475 580 1532 Junii
619 1492 720 1547 pro
760 1473 1056 1531 Herirardo
1082 1481 1136 1527 et
1172 1469 1533 1527 Gundradone
1560 1483 1660 1522 xm
1691 1465 1810 1520 Kal.

234 1568 350 1624 Maii
393 1581 417 1608 ι
463 1567 881 1623 Anniversarius
924 1565 1090 1620 Judit.
1139 1563 1323 1619 Idibus
1364 1560 1506 1616 Junii
1551 1559 1814 1614 Nativitas

233 1662 401 1719 Caroli
431 1663 576 1732 regis
598 1678 675 1718 xu
698 1661 819 1717 Kal.
846 1660 974 1717 Julii
1002 1657 1406 1715 anniversarius
1424 1653 1684 1711 Ludovici
1712 1653 1817 1709 im-

231 1755 518 1825 peratoris.

296 1845 856 1911 ln,administratione
896 1851 1077 1900 autem
1121 1841 1413 1898 refectorii‘
1436 1840 1652 1897 interim
1680 1853 1814 1910 quo-

231 1953 399 2010 usque
447 1940 624 2004 aliter,
655 1940 792 1995 sicut
836 1946 892 1994 et
928 1939 979 1992 in
1012 1936 1222 1992 caateris
1261 1933 1582 1990 habitaculis
1609 1931 1814 1988 nostris

230 2030 486 2096 diximus,
513 2032 707 2087 melius
734 2030 935 2100 aliquid
961 2029 1232 2085 invenitur
1252 2068 1266 2092 ,
1297 2026 1419 2082 talis
1450 2025 1678 2080 fortasse
1704 2039 1812 2078 non

231 2115 684 2179 inconvenienter’
702 2124 859 2178 debet
887 2123 1091 2177 servari
1124 2121 1281 2174 ratio.
1323 2119 1380 2173 In
1411 2118 1602 2188 primis
1646 2116 1810 2172 celle-

227 2214 400 2271 rarius
433 2213 624 2285 iunior
655 2215 904 2270 omnibus
939 2213 1195 2268 fratribus
1222 2211 1492 2284 geminam
1534 2225 1687 2265 suam
1713 2209 1814 2264 sub

228 2307 410 2378 mquali
435 2324 692 2364 mensura
715 2316 1026 2379 anteponat.
1047 2306 1248 2361 Deinde
1267 2305 1312 2371 si
1335 2313 1556 2374 propter
1578 2303 1814 2373 aliquam

227 2401 610 2456 necessitatem
639 2399 925 2469 cujuslibet
952 2388 1230 2470 temporis,
1271 2397 1565 2467 hospitum,
1599 2404 1654 2450 et
1682 2395 1813 2450 ina:-

227 2492 544 2562 qualitatem
569 2493 732 2558 aeris,
774 2507 995 2548 necesse
1033 2489 1226 2554 fuerit,
1276 2489 1562 2558 deputetur
1599 2487 1648 2542 ei
1693 2486 1817 2541 talis

227 2583 390 2642 frater
417 2595 694 2653 maturus,
730 2586 797 2640 de
837 2585 993 2656 cujus
1035 2581 1368 2639 conscientia
1404 2595 1595 2634 omnes
1639 2579 1816 2634 securi

227 2678 348 2744 sint,
371 2688 430 2733 ut
470 2678 601 2733 nulli
632 2678 924 2748 quidquam
949 2676 1141 2732 debeat
1172 2673 1275 2728 nisi
1302 2672 1537 2742 legitima
1562 2686 1818 2726 mensura

226 2771 440 2839 addere,
479 2771 563 2826 vel
591 2762 928 2826 subtrahere.
963 2769 1019 2823 Si
1059 2783 1186 2823 vero
1215 2767 1444 2822 domnus
1484 2763 1682 2828 abbas,
1726 2770 1818 2817 aut

226 2865 584 2936 pmpositus,
610 2862 695 2917 vel
733 2862 988 2924 decanus,
1021 2866 1243 2930 propter
1278 2855 1567 2927 cujuslibet
1592 2853 1818 2910 infirmi-

227 2965 410 3023 tatem,
441 2956 560 3019 die,
585 2954 796 3010 duolms
815 2993 831 3020 ,
864 2953 1036 3008 tribus
1064 2950 1151 3007 vel
1194 2949 1474 3020 aliquanto
1511 2945 1740 3018 amplius
1767 2944 1818 3000 ei

228 3059 410 3121 potum
435 3059 655 3106 mutare
684 3046 1019 3119 praeceperit,
1047 3060 1155 3100 non
1182 3051 1362 3098 tamen
1388 3041 1500 3097 ullo
1522 3041 1680 3096 modo
1704 3039 1818 3110 ipse

224 3139 405 3212 junior
432 3141 786 3208 cellerarius,
827 3147 920 3194 aut
949 3137 1038 3194 ille
1068 3138 1160 3208 qui
1200 3135 1251 3193 ei
1293 3135 1546 3192 solatium
1571 3140 1815 3205 praestat,

232 3243 322 3290 aut
349 3235 512 3291 alteri
553 3235 714 3300 dare,
758 3241 853 3288 aut
897 3231 1038 3286 ultra
1077 3229 1452 3285 denominatos
1480 3227 1596 3282 dies
1639 3224 1816 3281 eidem

232 3325 467 3397 idipsum
496 3325 674 3382 dando
700 3295 1029 3396 protendere
1062 3328 1373 3392 prtesumat.
1402 3318 1610 3375 Caetera
1636 3323 1818 3371 autem
1847 3295 1892 3358 (ἶ

233 3418 414 3474 omnia
445 3418 513 3474 ad
542 3417 838 3490 legitimam
863 3416 1205 3471 honestatem
1231 3409 1576 3483 pertinentia,
1599 3423 1720 3478 quae
1739 3407 1824 3460 vel

232 3523 398 3566 causa
429 3509 727 3580 hospitum,
766 3506 851 3562 vel
884 3520 1088 3562 mensae
1117 3505 1416 3569 seniorum,
1445 3501 1534 3556 vel
1562 3498 1827 3571 generali-

231 3608 317 3658 ter
345 3600 583 3654 fratrum
609 3598 875 3663 omnium,
902 3595 1333 3651 administranda
1361 3593 1447 3648 vel
1476 3589 1824 3662 procuranda

229 3700 384 3755 sunt,
416 3689 485 3744 ad
516 3688 756 3758 ejusdem
792 3682 1528 3755 curamjuniorisvcellerarii
1552 3678 1829 3752 pertineie

229 3783 462 3849 debent,
494 3797 563 3838 ne
588 3781 792 3852 aliquid
818 3781 891 3836 ibi
919 3781 1205 3844 intrantes,
1249 3784 1540 3841 exeuntes,
1567 3782 1662 3830 aut
1685 3789 1830 3829 com-

231 3880 537 3938 morantes,
563 3875 698 3938 sive,
735 3882 794 3928 ut
817 3872 1021 3928 dictum
1046 3877 1148 3936 est,
1178 3867 1623 3940 supervenientes
1649 3867 1706 3922 in
1729 3880 1830 3920 usu

232 3966 318 4022 vel
340 3963 586 4037 qualibet
612 3964 792 4020 minus
818 3965 976 4036 digna
1019 3969 1310 4033 procurata
1353 3958 1616 4016 munditia
1662 3957 1832 4014 offen-

239 4058 349 4113 dat.
390 4057 468 4112 Ea
499 4066 680 4113 autem
725 4072 846 4128 qua:
879 4055 1189 4127 specialiter
1215 4053 1284 4108 ad
1314 4067 1474 4109 cocos
1519 4051 1828 4123 pertinent,

240 4151 338 4222 ipsi
371 4151 592 4220 quidem
621 4165 744 4206 cum
771 4164 985 4205 summo
1013 4147 1192 4204 studio
1213 4146 1403 4201 eadem
1434 4143 1721 4214 providere
1746 4141 1834 4196 de-

241 4221 405 4309 bent;
449 4251 630 4297 tamen
660 4240 918 4313 praefatus
939 4239 1251 4296 cellerarius
1278 4251 1615 4306 nequaquam
1641 4221 1863 4303 praefa-J

244 4343 350 4390 tam
398 4334 824 4390 sollicitudinem
868 4339 1194 4404 postponere
1242 4329 1433 4394 debet,
1480 4326 1574 4382 sed
1621 4339 1838 4394 semper

243 4437 396 4484 caute
421 4425 714 4499 providere
736 4433 792 4480 et
820 4425 1135 4487 admonere,
1161 4435 1230 4476 ne
1255 4418 1464 4491 praefati
1496 4416 1612 4472 ooci
1634 4430 1698 4471 ea
1718 4430 1839 4486 quae

244 4520 342 4574 sibi
395 4517 692 4575 commissa
741 4524 868 4572 sunt
914 4513 1221 4569 nullatenus
1275 4510 1661 4583 prmsumant,
1698 4521 1839 4576 quo-

245 4624 410 4679 usque
454 4607 795 4663 liebdomada
835 4605 1086 4683 expleta,
1129 4601 1426 4660 secundum
1458 4599 1602 4671 quod
1631 4596 1838 4682 Regula

244 4703 518 4772 pnnt'ipit,
548 4717 674 4756 vasa
712 4679 1001 4756 ministerii
1037 4697 1121 4754 sui
1163 4694 1373 4752 munda
1413 4699 1469 4750 et
1510 4679 1728 4764 integra
1750 4704 1837 4746 re-

249 4797 499 4850 stituant.
875 4835 878 4837 Α

317 4887 520 4944 Seuior
544 4894 723 4942 autem
749 4885 1065 4942 cellerarius
1094 4891 1204 4938 tam
1233 4880 1461 4937 interius
1490 4893 1654 4950 quam
1682 4885 1836 4932 exte-

251 4978 380 5044 rius,
414 4980 472 5034 id
505 4987 609 5043 est,
638 4977 720 5034 vel
745 4979 802 5033 in
829 4975 1138 5040 refectorio,
1177 4973 1262 5029 vel
1291 4973 1346 5028 in
1389 4972 1641 5041 coquina,
1667 4967 1754 5023 vel
1784 4968 1840 5022 in

253 5071 336 5127 bis
361 5072 709 5138 habitaculis,
742 5087 862 5141 qua:
904 5072 973 5125 ad
1012 5069 1300 5140 coquinam
1320 5065 1615 5136 pertinent,
1640 5062 1695 5116 in
1725 5075 1842 5116 om-

256 5165 411 5222 nibus
439 5174 500 5222 et
525 5181 626 5236 pro
661 5165 914 5220 omnibus
958 5161 1378 5218 sollicitudinem
1420 5163 1591 5229 gerat,
1627 5169 1694 5210 ne
1721 5151 1844 5224 quis

259 5255 330 5312 ibi
364 5257 526 5314 aliter
556 5257 796 5329 agendo,
842 5253 1110 5324 loquendo
1147 5252 1602 5321 intemperanter,
1628 5245 1714 5301 vel
1753 5259 1844 5311 se,

260 5349 344 5404 vel
371 5366 434 5406 ea
464 5366 585 5422 qua:
615 5349 746 5422 agit,
780 5355 1016 5402 tractare
1049 5349 1370 5414 praesumat,
1409 5340 1511 5395 nisi
1552 5335 1847 5394 secundum

263 5443 406 5510 quod
448 5442 694 5515 religioni
741 5449 941 5496 nostrae
975 5436 1200 5493 omnino
1229 5433 1536 5491 conveniat.
1564 5431 1674 5487 Nec
1697 5443 1847 5500 qua:-

265 5534 527 5601 rendum,
570 5550 672 5592 nec
713 5531 1036 5606 exigendum
1077 5530 1146 5585 ab
1190 5528 1381 5584 eodem
1419 5526 1703 5582 cellerario
1729 5531 1846 5591 est,

271 5634 330 5681 ιιι
348 5628 465 5698 ipse
501 5645 565 5685 ac
602 5629 647 5685 si
671 5627 890 5702 propria
932 5623 1216 5681 devotione
1258 5621 1312 5677 in
1345 5616 1712 5692 praeparandis
1738 5614 1853 5687 pul-

274 5721 470 5776 mentis
494 5736 554 5778 se
578 5722 808 5794 ingerat,
834 5725 887 5776 et
907 5714 1188 5789 praefatam
1213 5712 1630 5771 sollicitudinem
1657 5711 1727 5767 ob
1748 5710 1852 5767 hoc

345 5844 371 5874 α
401 5832 819 5892 Anniversarius
844 5831 1010 5891 Judit.
1038 5830 1342 5904 Legebatur
1377 5827 1523 5904 vidit.
1565 5825 1698 5904 Haec
1728 5840 1853 5900 pro-

273 5894 417 5964 iecto
440 5904 734 5969 Adalbardi
759 5920 881 5967 esse
907 5919 1014 5966 non
1060 5894 1320 5978 possunt,
1367 5899 1565 5974 quippe
1611 5898 1702 5958 cui
1728 5894 1853 5958 'non

1861 4657 1915 4718 D

1744 4806 1746 4808 '
1843 4827 1847 4830 -
1940 4791 2272 4851 servandum
2297 4789 2546 4845 ordinem
2586 4783 2965 4857 negligendum
3008 4787 3110 4843 est,
3144 4792 3266 4833 cum
3305 4776 3537 4830 fortasse

1907 612 2290 670 auctoritatem
2313 610 2458 663 aliud
2503 603 2787 666 solatium,
2835 601 2883 657 si
2917 615 3054 673 Opus
3087 599 3268 666 fuerit,
3309 599 3492 672 requi-

1908 714 2014 772 rat,
2049 713 2110 760 ut
2132 705 2248 776 ipse
2276 700 2493 772 quidem
2531 711 2695 768 super
2730 693 2950 750 hincet
2994 692 3118 747 inde
3160 690 3229 746 ad
3265 705 3330 746 ea
3371 706 3493 763 qua:

1908 800 2004 854 Dei
2035 807 2162 853 sunt
2190 794 2519 869 providenda
2553 791 2692 846 liber
2726 795 3020 846 remaneat.
3053 786 3180 842 Hrec
3217 801 3326 842 non
3372 786 3495 842 ideo

1908 892 2166 956 dicimus,
2199 900 2260 945 ut
2288 890 2405 960 ejus
2433 884 2734 942 devotionis
2757 882 2975 955 quando
3020 881 3225 951 absque
3263 877 3496 934 offendi-

1911 985 2033 1041 culo
2060 983 2298 1054 pnefatae
2341 978 2721 1057 sollicitudinis
2755 976 2872 1032 ﬁeri
2914 981 3114 1046 potest,
3143 971 3495 1038 obsistamus,

1911 1081 2006 1136 sed
2041 1094 2111 1134 ne
2132 1078 2260 1133 dum
2287 1093 2345 1133 se
2374 1076 2427 1131 in
2458 1075 2543 1131 his
2569 1089 2690 1146 quae
2724 1072 2792 1128 ad
2821 1084 2946 1126 eum
2979 1077 3224 1139 tempore
3248 1082 3354 1122 non
3382 1080 3500 1137 per-
3561 1095 3576 1109 ο

1913 1172 2110 1236 tinent,
2139 1186 2202 1226 ac
2233 1170 2278 1225 si
2314 1168 2563 1224 devotius
2592 1163 2888 1236 immergit,
2929 1168 3134 1218 certam
3180 1159 3283 1215 sibi
3326 1158 3502 1229 impo-

1913 1266 2072 1321 sitam
2095 1260 2412 1335 providendi
2434 1260 2814 1316 necessitatem
2840 1264 3165 1328 postponere
3183 1259 3496 1324 prmsumat.

1915 1356 2022 1413 Sed
2054 1370 2124 1410 ne
2172 1353 2488 1409 cellerarius
2517 1351 2666 1407 dicat
2693 1349 2904 1405 nescire
2944 1361 3002 1402 se
3040 1339 3120 1401 de
3141 1344 3336 1416 quibus
3360 1351 3418 1399 et
3443 1341 3502 1400 in

1914 1450 2110 1521 quibus
2127 1446 2337 1520 praefati
2359 1446 2477 1502 coci
2506 1442 2832 1501 admonendi
2859 1442 2986 1508 sint,
3001 1448 3061 1496 ut
3083 1447 3264 1513 agant,
3285 1436 3372 1494 vel
3391 1450 3501 1494 non

1915 1549 2096 1615 agant.

2535 1626 2764 1686 CAPUT
2798 1624 2888 1681 IV.

1985 1745 2113 1801 Haec
2139 1744 2286 1801 inter
2319 1751 2518 1801 caetera
2560 1738 2936 1813 principaliter
2983 1733 3323 1792 observanda
3353 1740 3500 1790 sunt.

1913 1841 1973 1897 In
2008 1841 2201 1913 primis
2226 1839 2292 1894 de
2319 1837 2467 1893 omni
2498 1851 2580 1902 re,
2611 1849 2732 1907 quae
2759 1834 2825 1889 ad
2864 1833 2968 1887 hoc
2999 1828 3232 1885 oﬂicium
3276 1843 3344 1885 eo
3373 1837 3508 1883 tem-

1916 1949 2050 2008 pore
2095 1947 2204 1988 non
2255 1930 2508 2001 prodest,
2553 1935 2614 1982 ut
2661 1924 2938 1982 silentium
2971 1928 3243 1975 teneatur.
3297 1917 3508 1974 Deinde

1917 2035 1979 2081 ut
2004 2026 2180 2096 ipsum
2229 2020 2504 2076 silentium
2561 2033 2684 2074 cum
2740 2015 2922 2070 fructu
2979 2011 3205 2068 alterius
3242 2009 3512 2066 mercedis

1918 2121 1986 2176 ab
2007 2117 2259 2174 erunibus
2289 2112 2398 2168 illis
2424 2111 2498 2167 ibi
2521 2107 2728 2166 servari
2753 2106 2944 2178 possit,
2977 2101 3172 2175 psalmi
3197 2101 3315 2158 sine
3341 2099 3512 2155 inter-

1916 2211 2178 2267 missione
2207 2204 2461 2263 cantandi
2493 2213 2620 2258 sunt
2647 2221 2659 2255 :
2696 2208 2751 2256 et
2774 2197 3012 2269 quandiu
3039 2196 3146 2250 duo
3177 2208 3246 2249 ex
3277 2191 3382 2247 illis
3419 2191 3512 2247 ad-
3588 2185 3592 2189 ’

1919 2315 2062 2367 ειιιιι,
2081 2317 2354 2373 nunquam
2379 2300 2540 2354 iidem
2568 2294 2760 2368 psalmi
2782 2283 3233 2365 prietermittendi
3258 2305 3271 2341 :
3305 2295 3358 2341 et
3387 2301 3513 2342 cum

1918 2398 2232 2468 contigerit,
2259 2403 2320 2448 ut
2352 2391 2519 2463 aliqui
2568 2404 2635 2443 ex
2663 2387 2793 2458 ipsis
2837 2391 3062 2456 propter
3097 2380 3396 2452 quamlibet
3421 2393 3515 2433 ne-

1919 2488 2230 2544 cessitatem
2258 2479 2748 2539 administrandam
2779 2477 2994 2548 longius
3016 2472 3349 2536 discesserit,
3373 2479 3428 2526 et
3446 2468 3516 2526 ob

1923 2580 2028 2634 hoc
2063 2578 2212 2634 solus
2239 2577 2472 2631 fortasse
2509 2572 2822 2632 inchoatum
2866 2567 3134 2638 psalmum
3164 2573 3386 2621 cantare
3408 2577 3522 2620 non

1921 2671 2140 2744 poterit,
2168 2685 2296 2725 mox
2343 2673 2408 2722 ut
2447 2678 2700 2720 reversus
2748 2660 2914 2717 fuerit
2941 2660 3016 2714 in'
3041 2659 3161 2714 loco
3189 2657 3242 2712 in
3270 2671 3378 2727 quo
3406 2671 3515 2712 cas-

1923 2774 2068 2821 tecos
2097 2761 2394 2834 psallentes
2436 2756 2724 2820 invenerit,
2777 2753 3135 2826 ingrediatur,
3174 2760 3228 2807 et
3266 2765 3388 2806 cum
3417 2749 3518 2816 eis,

1923 2856 2162 2929 quandiu
2196 2847 2321 2910 cum
2373 2850 2504 2923 ipsis
2547 2856 2661 2914 est,
2711 2836 2948 2904 cantare.
2979 2844 3215 2901 studeat.
3251 2841 3520 2899 Similiter

1924 2964 2138 3020 quoque
2169 2947 2306 3002 alter
2345 2944 2559 3007 tertius,
2588 2941 2635 2997 si
2691 2940 2816 2996 inde
2868 2938 3194 3002 decesserit,
3233 2943 3520 2992 revertens

1922 3039 2278 3114 psallentibus
2305 3052 2364 3094 se
2401 3035 2714 3106 conjungat.
2754 3030 2909 3099 Quod
2947 3029 2992 3086 si
3030 3029 3198 3086 etiam
3241 3027 3368 3084 talis
3395 3041 3524 3083 eve-

1924 3138 2069 3194 nerit
2105 3152 2290 3200 causa,
2333 3133 2473 3190 sicut
2517 3142 2909 3200 nonnunquam
2951 3125 3070 3182 ﬁeri
3107 3124 3280 3188 solet,
3318 3132 3377 3178 ut
3406 3137 3523 3177 om-

1925 3248 2022 3287 nes
2049 3230 2268 3301 quidem
2303 3229 2378 3283 ita
2407 3231 2761 3295 occupentur,
2791 3228 2853 3276 ut
2877 3218 3058 3275 nullus
3103 3215 3365 3272 memoria
3396 3229 3526 3270 can-

1925 3323 2089 3378 tando
2116 3308 2441 3391 percurrere
2489 3317 2672 3381 liceat,
2709 3327 2836 3368 mox
2875 3319 2937 3367 ut
2979 3309 3210 3382 quilibet
3237 3304 3518 3362 vocaverit

1925 3413 2294 3470 intermissum
2342 3409 2610 3482 psalmum
2651 3408 2706 3463 in
2745 3405 2864 3482 loco
2912 3418 3020 3474 quo
3061 3396 3200 3471 eum
3230 3396 3519 3461 dimiserit,

1927 3514 2173 3576 repetat,
2208 3512 2264 3557 et
2303 3502 2484 3558 cazteri
2523 3514 2713 3555 omnes
2752 3497 2948 3568 quibus
2979 3502 3136 3549 vacat
3178 3505 3300 3546 cum
3327 3504 3393 3567 eo
3424 3502 3518 3558 pa-

1928 3598 2063 3653 riter
2086 3597 2138 3650 in
2171 3595 2328 3650 laude
2356 3592 2572 3648 Domini
2606 3605 2702 3645 ora
2733 3592 3109 3658 permoveant.
3151 3581 3257 3638 Sed
3284 3588 3339 3635 et
3365 3579 3411 3634 si
3441 3577 3520 3633 ita

1929 3689 2069 3746 forte
2108 3687 2374 3754 evenerit,
2422 3694 2481 3739 ut
2525 3683 2657 3739 nulli
2689 3687 2942 3737 occurrat
2982 3693 3089 3749 quo
3140 3675 3261 3731 loco
3303 3671 3527 3727 inchoa-

1931 3789 2047 3835 tum
2075 3778 2344 3851 psalmum
2379 3773 2668 3839 dimiserit,
2706 3769 2796 3827 ubi
2828 3768 3060 3824 vicinius
3087 3773 3233 3822 retro
3262 3760 3530 3820 cecinisse

1929 3874 2193 3931 memoria
2235 3871 2507 3934 occurrit,
2557 3869 2630 3924 ibi
2682 3865 2934 3936 incipiat,
2988 3870 3043 3918 et
3092 3875 3229 3932 opus
3289 3859 3528 3928 coeptum

1930 3985 2041 4026 non
2100 3968 2410 4040 negligant,
2463 3977 2744 4035 quousque
2807 3953 3201 4016 consummatis
3274 3951 3530 4009 omnibus

1929 4077 2056 4119 cum
2089 4059 2286 4131 quibus
2332 4066 2387 4113 et
2426 4057 2481 4110 in
2515 4053 2716 4126 quibus
2745 4050 2892 4106 idem
2929 4045 3169 4104 studium
3196 4041 3400 4100 servari
3433 4053 3532 4110 po-

1932 4153 2038 4208 tuit
2067 4171 2081 4206 :
2113 4159 2171 4206 et
2203 4159 2331 4206 tunc
2357 4145 2589 4218 singuli,
2630 4151 2793 4216 prout
2830 4141 2970 4196 ratio
3005 4138 3186 4200 docet,
3215 4135 3283 4189 ad
3309 4149 3374 4188 ea
3405 4145 3526 4202 qum

1935 4251 2177 4309 restant,
2216 4249 2431 4297 servato
2455 4252 2670 4307 semper
2690 4241 2954 4308 quantum
2986 4227 3242 4301 possibile
3274 4224 3438 4279 fuerit
3459 4221 3529 4276 si-

1937 4333 2124 4397 lentio,
2177 4333 2424 4387 redeant.
2481 4328 2590 4384 Sed
2641 4340 2709 4380 nc
2765 4324 2851 4379 cui
2889 4323 3004 4377 haec
3050 4326 3272 4391 propter
3293 4315 3530 4386 priorem

1939 4438 2250 4482 sermonem
2276 4439 2307 4476 a
2341 4430 2526 4477 mente
2571 4415 2898 4489 ceciderint;
2938 4411 3139 4468 idcirco
3180 4407 3419 4465 breviter
3448 4422 3534 4462 re-

1938 4515 2176 4588 petimus
2207 4516 2313 4568 tria
2335 4526 2475 4575 esse,
2518 4509 2572 4564 in
2600 4507 2799 4578 quibus
2824 4510 3103 4567 constant,
3132 4499 3183 4555 id
3212 4505 3316 4563 est,
3349 4504 3412 4552 ut
3437 4502 3532 4551 aut

1941 4624 1972 4663 a
1999 4605 2325 4664 necessariis
2350 4612 2552 4668 tacere,
2586 4608 2681 4656 aut
2711 4596 3020 4655 necessaria
3051 4594 3251 4658 dicere,
3279 4599 3372 4647 aut
3392 4589 3534 4661 psal-

1941 4715 2060 4757 mos
2088 4707 2329 4754 cantare.
2365 4694 2472 4751 Sed
2499 4701 2556 4750 et
2596 4693 2701 4748 hoc
2735 4702 3082 4760 nequaquam
3127 4683 3283 4756 quasi
3312 4688 3535 4754 propter

1942 4887 2086 4942 idem
2107 4884 2244 4939 ordo
2260 4881 2519 4953 juniores'
2539 4891 2751 4941 omnes,
2779 4883 2873 4928 aut
2912 4872 3078 4928 etiam
3115 4868 3294 4925 minus
3319 4865 3536 4934 sapien-

1943 4984 2050 5040 tes,
2073 4973 2160 5029 vel
2200 4979 2535 5036 constantes,
2567 4968 2624 5022 in
2673 4965 2900 5036 coquina
2942 4962 3159 5019 mittere
3199 4953 3534 5029 poposcerit,

1944 5076 2006 5123 ut
2032 5064 2402 5136 praetermisso
2427 5059 2618 5117 eodem
2664 5058 2784 5114 loco
2820 5056 3054 5126 aliquem
3093 5047 3422 5120 junioribus,
3452 5059 3538 5099 se-

1946 5159 2068 5216 nior
2125 5164 2381 5213 constans
2430 5153 2679 5218 addatur,
2721 5148 2816 5222 qui
2865 5145 3040 5212 etse,’
3068 5150 3124 5198 et
3161 5147 3388 5196 caeteros
3417 5133 3536 5190 zelo

1947 5251 2044 5308 Dei
2076 5250 2270 5306 ductus
2309 5246 2587 5304 custodire
2628 5245 2871 5307 studeat;
2911 5247 2966 5294 et
3003 5239 3278 5291 transacto
3307 5228 3541 5285 servitu-

1950 5343 2021 5397 tis
2060 5355 2170 5396 sua:
2205 5348 2470 5410 tempore,
2498 5338 2697 5393 iterum
2754 5333 2878 5396 ille,
2916 5329 3007 5398 qui
3057 5333 3185 5380 tunc
3212 5328 3435 5394 propter
3459 5329 3540 5377 ta-

1950 5433 2056 5490 lem
2083 5432 2354 5487 rationem
2379 5430 2643 5486 transitus
2667 5432 2769 5489 est,
2811 5420 3015 5475 mixtus
3068 5429 3191 5470 cum
3233 5411 3540 5468 senioribus

1952 5525 2310 5598 ingrediatur,
2335 5539 2400 5579 ac
2422 5523 2504 5578 sic
2532 5517 2684 5576 omni
2725 5524 2965 5583 tempore
2995 5507 3324 5565 omnimodis
3355 5504 3542 5561 obser-

1952 5597 2128 5684 vetur,
2169 5629 2231 5673 ut
2280 5627 2557 5683 nunquam
2603 5604 2976 5664 tantummodo
3027 5601 3144 5659 sive
3170 5607 3391 5672 propter
3450 5597 3544 5652 de.

1954 5707 2157 5769 fessam
2175 5715 2394 5764 aetatem
2425 5702 2583 5770 fatui,
2617 5701 2732 5758 sive
2758 5705 2980 5772 prepter
3001 5695 3342 5769 juventutem
3364 5687 3547 5746 minus

1955 5819 2331 5952 ξιέῗιὲιέὲιιω,
2361 5816 2456 5877 sed
2479 5816 2645 5876 etiam
2672 5811 2976 5873 Ludovicus
3004 5808 3136 5869 Pius
3164 5803 3261 5864 diu
3281 5795 3547 5875 supersti-

2489 6056 2493 6058 -
2511 6047 2550 6061 κ
