4006 6474
439 440 558 500 547

1397 439 1455 495 s.
1493 411 1896 495 suamnam
1917 417 2224 494 annuis
2259 421 2706 495 consumens

3591 431 3748 492 548³

437 551 689 629 perfecti,
743 551 820 609 illi
874 552 1209 609 solummodo
1247 551 1567 618 mittantur,
1599 553 1665 609 de
1718 551 1912 624 quibus
1962 553 2017 607 in
2044 554 2097 614 Α
2122 551 2431 617 scindenda,
2454 551 2539 606 vel
2575 557 2812 620 congrue
2861 549 3218 620 praeparanda
3248 558 3391 615 sunt,
3424 551 3681 621 perferte

438 647 586 706 nullo
628 647 892 721 “ejusmodi
944 645 1300 702 conservandi
1356 645 1652 717 justitiam,
1682 643 1880 700 ﬁducia
1921 631 2019 700 ba-

440 741 652 806 beatur,
701 738 798 794 sed
821 743 1053 807 semper,
1095 747 1153 791 ut
1193 737 1532 806 praemissum
1565 745 1667 802 est,
1713 741 1876 802 unus,
1926 744 2020 792 aut

441 816 546 887 duo
585 831 661 885 ita
712 829 913 884 maturi
963 827 1312 883 hebdomadis
1360 827 1585 898 singulis
1626 827 1929 894 mittantur,
1961 836 2021 883 ut

441 923 496 977 et
525 920 757 976 interius
781 919 1032 976 voluntas
1062 917 1174 981 Dei,
1200 927 1258 974 ut
1285 919 1472 976 lllil..et
1494 921 1733 976 exterius
1754 921 2017 992 condigna

440 1027 656 1085 semper
685 1014 954 1069 sobrietas
980 1013 1334 1069 custodiatur.

455 1113 460 1118 ‘
507 1105 579 1159 At
607 1105 650 1160 si
686 1105 808 1176 quis
830 1103 1026 1160 docere
1064 1104 1294 1159 voluerit
1322 1119 1427 1160 non
1472 1106 1546 1161 ita
1589 1113 1838 1176 oportere
1875 1106 2014 1171 ﬁeri,

438 1195 534 1254 s‘ed
573 1196 870 1252 secundum
926 1195 1170 1252 ordinem
1217 1197 1489 1265 quomodo
1540 1211 1639 1270 per
1675 1201 1891 1252 mensas
1933 1211 2020 1251 se—

439 1288 586 1353 dent,
610 1285 685 1340 ita
709 1299 924 1355 semper
963 1284 1097 1340 ordo
1132 1287 1396 1342 tenendus
1429 1295 1532 1353 est,
1565 1301 1907 1356 nequaquam
1931 1285 2024 1359 ille

438 1379 738 1434 audiendus
774 1385 876 1444 est,
925 1379 1019 1434 sed
1047 1375 1260 1434 fortiter
1297 1395 1397 1434 cur
1435 1379 1594 1434 aliter
1622 1381 1817 1435 sentiat
1837 1379 2019 1448 oleur-

438 1470 665 1542 gaudes,
692 1478 749 1524 et
792 1469 840 1525 si
887 1485 994 1524 non
1035 1469 1103 1524 ab
1133 1471 1236 1524 hac
1287 1472 1594 1526 temeritate
1623 1471 1933 1541 quiescerit,
1964 1477 2020 1526 et

435 1561 708 1632 patienter
741 1560 1001 1616 obediens
1038 1561 1219 1636 fuerit,
1264 1562 1446 1616 acrius
1488 1571 1834 1628 coercentur,
1885 1577 2021 1631 quo-

435 1666 606 1722 usque
663 1651 867 1706 saniori
909 1651 1140 1707 consilio
1191 1651 1428 1706 obediat.
1483 1651 1608 1707 Haac
1643 1653 1847 1707 idcirco
1888 1668 2018 1722 pro-

433 1750 556 1816 pter
578 1743 958 1812 simpliciores,
992 1742 1079 1797 vel
1107 1744 1250 1817 quod
1293 1745 1470 1816 majus
1512 1752 1597 1800 est
1618 1751 1677 1798 ut
1716 1744 1791 1798 ita
1819 1744 2016 1810 dicam,

435 1835 731 1900 stultiores,
786 1835 868 1890 sic
919 1844 1102 1906 aperte
1141 1843 1197 1891 et
1244 1835 1616 1906 multipliciter
1660 1837 1909 1904 dicimus,
1952 1851 2020 1890 ne

2119 651 2310 707 stram,
2336 650 2395 697 ut
2415 641 2669 705 diximus,
2695 645 2788 693 aut
2812 653 2910 710 per
2929 647 3289 709 opportunum
3315 639 3594 697 introitum
3628 644 3718 699 ita

2121 735 2859 799 abundanterimmittantur,
2902 741 2962 788 ut
2984 749 3086 789 nec
3110 726 3218 789 illis
3243 734 3464 792 introire
3483 737 3552 792 ad
3584 738 3718 794 fra-

2120 835 2249 889 tres,
2274 841 2376 882 nec
2420 826 2618 881 fratres
2661 827 2731 880 ob
2767 826 2871 880 hoc
2921 823 2988 880 ad
3027 839 3125 882 eos
3153 825 3302 880 exire
3331 842 3554 884 necesse
3579 830 3660 884 sit
3698 847 3714 885 :

2120 918 2346 973 forsitan
2377 919 2522 972 enim
2562 933 2662 973 nec
2697 919 2814 972 haec
2847 916 3009 972 alicui
3059 927 3168 971 tam
3220 918 3590 990 multipliciter
3617 923 3720 976 di-

2118 1020 2207 1066 cta
2248 1011 2578 1076 increscunt,
2628 1018 2688 1064 ut
2725 1011 2768 1064 si
2814 1025 2914 1065 nos
2961 1007 3134 1081 magis
3171 1010 3416 1080 eligimus
3463 1013 3718 1084 singula,

2117 1091 2280 1170 prout
2327 1101 2632 1158 necessaria
2681 1101 2963 1167 videntur,
3019 1099 3366 1172 singulariter
3398 1103 3720 1160 ordinando

2121 1193 2324 1257 dicere,
2371 1209 2534 1261 quam
2567 1192 2759 1256 alicui,
2793 1207 2857 1246 ac
2907 1192 2953 1246 si
2990 1193 3198 1246 nesciat
3239 1193 3368 1262 quid
3400 1193 3584 1251 facere
3606 1198 3721 1252 de—

2119 1284 2264 1348 beat,
2292 1284 2635 1339 occasionem
2669 1282 2964 1338 excedendi
3001 1283 3329 1353 relinquere.
3373 1283 3718 1342 Cellerarius

2121 1385 2304 1432 autem
2338 1378 2454 1432 haec
2479 1376 2656 1431 omnia
2681 1383 2842 1446 prout
2871 1377 2922 1432 ei
2945 1377 3218 1434 vacaverit
3241 1377 3428 1434 diebus
3451 1379 3740 1452 singulis,

2121 1485 2190 1525 ne
2216 1469 2357 1540 quod
2388 1469 2462 1524 ibi
2493 1467 2685 1524 vitium
2711 1478 2970 1524 nascatur
2992 1468 3277 1536 providere
3309 1468 3539 1535 studeat,
3568 1486 3722 1541 quo-

2120 1577 2292 1632 usque
2321 1563 2431 1616 Deo
2457 1564 2701 1625 auctore,
2724 1559 2985 1628 quidquid
3006 1559 3080 1616 lbi
3102 1559 3205 1614 rite
3217 1568 3274 1614 et
3297 1561 3515 1617 honeste
3539 1575 3722 1633 agen-

2122 1653 2248 1706 dum
2277 1661 2382 1716 est,
2413 1653 2470 1706 in
2504 1650 2954 1707 consuetudinem
2983 1649 3184 1714 veniat,
3210 1657 3269 1704 ut
3299 1649 3476 1706 nullus
3503 1665 3715 1720 quam-

2120 1745 2252 1800 libet
2293 1745 2527 1799 novitius
2567 1750 2784 1812 propter
2824 1741 3185 1809 ignorantiam
3225 1743 3468 1798 excedat.
3493 1743 3716 1801 idcirco

2123 1843 2302 1889 autem
2331 1836 2444 1890 inec
2463 1833 2644 1889 omnia
2680 1832 2748 1887 ad
2798 1832 3200 1901 providentiam
3221 1832 3492 1890 uellerarii
3519 1833 3712 1891 ﬂecti-

434 1926 558 1995 quis
597 1932 656 1982 se
703 1927 768 1981 de
811 1927 1120 1998 ignorantia
1158 1935 1403 1984 excuset.
1462 1928 1527 1983 Ut
1569 1937 1748 1983 autem
1790 1929 1906 1986 haec
1941 1929 2015 1984 ita
2044 1925 2092 1995 Β
2120 1941 2260 1991 mils,
2293 1927 2419 1996 quia
2447 1926 2496 1980 ei
2526 1925 2732 1982 nullum
2759 1924 2813 1979 in
2843 1925 2958 1995 ipso
2986 1923 3160 1980 ofﬁcio
3185 1924 3269 1980 vel
3289 1924 3504 1982 ofﬁcina
3525 1927 3717 1983 rebel-

436 2017 644 2076 servari
666 2017 894 2084 possint,
948 2032 1160 2087 semper
1214 2019 1454 2075 decanus
1483 2028 1538 2074 et
1562 2021 1879 2076 cellerarius
1923 2035 2021 2092 per

434 2103 618 2176 plures
647 2105 764 2162 dies
784 2114 943 2161 antea
985 2107 1308 2175 provideant
1351 2109 1620 2177 quomodo
1649 2110 1754 2166 ista
1796 2111 2022 2182 disposi-

435 2195 512 2249 tio
537 2195 843 2252 nullatenus
889 2196 1157 2264 turbetur,
1212 2212 1390 2269 neque
1429 2215 1527 2270 per
1566 2201 1908 2258 occasionem
1933 2203 2020 2257 in-

433 2282 1008 2355 ﬁrmitatisalicujus,
1040 2303 1216 2360 neque
1260 2299 1483 2362 propter
1511 2308 1732 2348 causam
1787 2293 2020 2361 itineris,

434 2375 482 2430 si
507 2377 771 2444 evenerit,
803 2378 884 2434 vel
909 2389 1131 2452 propter
1158 2383 1453 2452 quamlibet
1481 2401 1683 2442 novam
1708 2394 2021 2456 surgentem

433 2470 837 2536 necessitatem,
864 2471 949 2528 vel
969 2474 1138 2534 etiam
1175 2485 1397 2546 propter
1428 2479 1633 2535 domini
1672 2479 1884 2535 abbatis
1929 2489 2022 2536 aut

432 2561 705 2630 praepositi
743 2577 1124 2634 quamcunque
1171 2565 1488 2635 iussionem.
1533 2570 1630 2626 llis
1678 2571 1754 2627 ita
1799 2579 2022 2640 propter

433 2666 753 2728 perpetuam
778 2661 1083 2718 custodiam
1111 2662 1425 2731 praemissis,
1465 2662 1596 2718 illud
1637 2678 1852 2734 quoque
1872 2671 2022 2733 post—

434 2747 742 2822 ponendum
795 2766 904 2806 non
944 2759 1050 2818 est,
1082 2759 1142 2806 ut
1189 2752 1504 2808 cellerarius
1553 2768 1767 2824 semper
1804 2753 2020 2822 quando

431 2837 481 2907 ei
505 2848 684 2904 vacat,
709 2839 829 2895 illas
876 2841 1378 2899 administrationes
1435 2859 1599 2900 manu
1650 2844 1869 2915 propria
1916 2843 2022 2898 sin-

431 2929 572 3001 gulis
618 2942 944 3002 anteponat;
977 2950 1044 2988 ne
1079 2934 1221 2990 alter
1260 2935 1307 2988 ei
1346 2935 1522 3007 majus
1563 2937 1808 2990 minusve
1857 2951 2020 3006 quam

431 3018 626 3079 debeat
654 3031 878 3092 propter
899 3024 1186 3095 cujuslibet
1209 3027 1442 3094 gratiam
1473 3028 1650 3084 dando
1672 3028 1931 3093 excedat;
1966 3035 2022 3082 et

430 3108 548 3181 ipse
576 3127 695 3184 quae
737 3115 1073 3187 singulorum
1113 3118 1477 3184 inﬁrmitates,
1514 3121 1602 3176 vel
1640 3122 2016 3186 necessitates,

431 3203 572 3263 scire
595 3205 776 3271 debet,
806 3217 966 3278 prout
992 3217 1142 3266 certa
1162 3217 1220 3264 et
1246 3219 1395 3267 recta
1438 3213 1741 3269 necessitas
1765 3227 2020 3282 poposce-

2124 2016 2251 2082 lem,
2280 2024 2375 2070 aut
2401 2016 2860 2072 contradicentem
2902 2030 3022 2071 esse
3055 2016 3324 2081 volumus,
3351 2023 3447 2074 aut
3477 2019 3719 2090 permit-

2123 2108 2288 2162 timus
2321 2125 2334 2162 :
2363 2108 2458 2163 sed
2509 2115 2564 2162 et
2607 2107 2672 2172 si,
2715 2107 2860 2178 quod
2907 2107 3069 2172 absit,
3119 2108 3428 2180 contigerit,
3479 2117 3540 2164 ut
3591 2111 3719 2181 ipse

2124 2200 2434 2256 cellerarius
2464 2200 2667 2266 senior,
2693 2208 2786 2255 aut
2803 2199 3010 2270 junior,
3039 2202 3156 2258 hinc
3175 2209 3231 2258 et
3257 2201 3341 2256 bis
3360 2201 3562 2257 similia
3588 2218 3718 2273 quas

2125 2297 2316 2356 adhoc
2336 2295 2630 2365 pertinent,
2671 2302 2831 2350 caute
2879 2310 2988 2351 non
3028 2296 3345 2362 servaverit,
3371 2305 3426 2356 et
3467 2298 3714 2354 secundo

2124 2389 2432 2444 admonitus
2459 2405 2565 2444 non
2597 2403 2656 2445 se
2679 2389 3004 2456 correxerit,
3036 2390 3150 2460 ipse
3180 2391 3396 2460 quidem
3417 2391 3462 2446 si
3485 2391 3554 2446 ad
3585 2407 3715 2462 per-

2122 2484 2449 2540 manendum
2471 2483 2662 2554 dignus
2675 2498 2781 2542 non
2802 2483 2966 2538 fuerit
2980 2498 3101 2537 cum
3125 2485 3388 2555 condigna
3405 2484 3715 2544 invectione

2123 2584 2284 2630 exeat
2312 2593 2325 2628 :
2358 2575 2492 2632 ordo
2525 2589 2657 2632 vero
2695 2574 3012 2632 inconfusus
3051 2582 3106 2631 et
3135 2574 3562 2646 imperturbatus
3588 2593 3714 2647 per-

2123 2673 2358 2727 maneat.

2731 2757 2961 2816 CAPUT
3001 2758 3088 2822 Vl.

2194 2848 2322 2906 Hanc
2383 2860 2597 2920 quoque
2643 2851 2886 2908 breviter
2943 2859 3011 2908 de
3053 2853 3138 2908 bis
3182 2868 3304 2923 qua
3345 2853 3491 2914 infra
3533 2856 3714 2914 eccle-

2123 2941 2258 2996 siam
2305 2943 2454 3002 boris
2504 2943 2701 3014 quibus
2757 2959 2894 3014 opus
2943 2943 3041 3000 Dei
3111 2946 3417 3002 celebratur
3473 2951 3713 3007 strictim

2123 3036 2582 3103 commemoratis,
2635 3037 2782 3092 salva
2823 3045 2883 3092 ut
2927 3052 3143 3108 semper
3173 3048 3228 3094 et
3255 3042 3561 3122 anteposita
3591 3043 3713 3100 dili-

2122 3126 2387 3196 gentiore,
2437 3142 2533 3183 seu
2582 3129 2980 3197 praestantiore,
3027 3130 3115 3187 cui
3168 3131 3430 3189 Dominus
3474 3133 3708 3204 dederit,

2123 3217 2334 3272 ratione
2357 3217 2441 3274 vel
2461 3218 2673 3285 ordine,
2710 3220 2828 3276 haec
2855 3236 2963 3276 non
2987 3221 3058 3276 ab
3077 3237 3136 3280 re
3161 3221 3502 3296 adiungenda
3528 3227 3711 3284 viden-

439 3297 532 3363 rit,
557 3297 867 3368 distribuat.
901 3300 960 3356 Si
1007 3318 1138 3358 vero
1181 3304 1235 3359 ei
1280 3320 1387 3360 non
1435 3306 1730 3370 vacaverit,
1759 3313 1886 3359 tunc
1907 3304 2016 3371 ille,
2048 3300 2092 3363 C
2126 3314 2231 3362 tur.
2264 3308 2321 3362 Si
2358 3310 2603 3366 aestivum
2653 3320 2866 3382 tempus
2910 3312 3092 3378 fuerit,
3120 3316 3356 3385 peractis
3405 3317 3493 3374 bis
3539 3319 3709 3384 boris,

435 3387 522 3466 cui
551 3387 666 3460 ipse
683 3387 932 3459 jusserit,
954 3393 1074 3448 vice
1094 3409 1191 3449 sua
1227 3395 1329 3451 hoc
1356 3395 1540 3464 faciat,
1577 3411 1776 3452 cavens
1804 3409 2018 3466 semper

431 3467 500 3549 ne
525 3478 745 3553 aliquod
775 3482 969 3540 vitium
991 3475 1063 3540 ibi
1087 3485 1218 3539 oriri
1251 3486 1491 3557 incipiat.

449 3639 452 3641 Α
1053 3574 1282 3633 CAPUT
1323 3576 1385 3632 v.

501 3661 578 3718 De
602 3662 756 3735 laicis
777 3674 957 3738 autem
998 3667 1113 3725 bmc
1163 3678 1249 3725 est
1302 3686 1410 3726 una
1456 3679 1512 3726 et
1558 3671 1778 3728 deﬁnita
1808 3682 2018 3731 senten-

429 3752 536 3822 tia,
579 3763 640 3810 ut
691 3757 929 3825 quandiu
987 3761 1061 3814 ibi
1119 3770 1212 3816 aut
1273 3763 1636 3831 pulmentaria
1703 3782 2016 3837 prmparan-

429 3852 538 3909 tur,
572 3856 667 3900 aut
706 3860 1011 3920 praeparata
1054 3852 1451 3923 ministrantur,
1494 3858 1608 3914 sive
1661 3861 1877 3929 quando
1899 3861 2032 3935 fra-A

428 3942 542 4012 tres
569 3937 720 4006 prius
766 3937 1112 4016 generaliter,
1166 3946 1279 4000 sive
1305 3949 1522 4016 quando
1544 3951 1887 4022 postmodum
1922 3969 2010 4008 re-

430 4024 706 4099 ﬁciuntur,
733 4030 913 4088 nullus
963 4034 1316 4105 ingrediatur.
1371 4040 1428 4094 Si
1470 4056 1600 4098 vero
1648 4041 1772 4099 talia
1808 4045 2011 4116 aliqua,

430 4129 525 4190 aut
563 4123 716 4193 prius
764 4129 1138 4198 praeparanda,
1171 4141 1266 4187 aut
1309 4137 1654 4204 postmodum
1705 4141 2012 4196 mundanda

435 4213 521 4268 vel
559 4217 798 4272 curanda
847 4218 1069 4288 fuerint,
1105 4238 1224 4292 qua:
1266 4223 1422 4280 laicis
1470 4228 1724 4299 deputata
1775 4231 1904 4298 sint,
1934 4232 2013 4288 fe-

427 4314 636 4371 nestra,
663 4315 758 4363 aut
786 4311 984 4366 ostium
1031 4323 1123 4367 aut
1169 4314 1321 4371 locus
1367 4326 1520 4371 extra
1568 4305 1856 4391 coquinam
1891 4324 2013 4381 talis

430 4399 757 4457 constitutus
796 4403 887 4468 sit,
919 4403 1010 4458 ubi
1051 4405 1251 4463 fratres
1293 4409 1378 4464 vel
1427 4414 1778 4482 praeparanda
1841 4417 2016 4472 susci-

427 4488 601 4562 piant,
648 4491 734 4545 vel
782 4495 1052 4550 mundana
1102 4497 1362 4565 referant,
1417 4502 1508 4556 ubi
1559 4518 1624 4558 ea
1671 4504 1745 4558 illi
1796 4506 1880 4560 vel
1917 4522 2014 4577 po-

428 4597 581 4648 nerc,
621 4583 704 4637 vel
733 4587 910 4656 posita
956 4590 1195 4660 recipere
1223 4595 1451 4664 possint,
1476 4603 1534 4649 ut
1581 4605 1760 4653 tamen
1804 4600 2008 4654 nullam

428 4673 800 4759 occasionem,
835 4692 933 4746 pro
974 4696 1078 4750 qua
1122 4685 1409 4754 coquinam
1461 4688 1859 4758 ingrediantur,
1911 4693 2010 4747 ba-

427 4763 615 4838 beant.
646 4765 725 4822 De
770 4770 967 4843 quibus
1010 4773 1124 4830 haec
1150 4775 1366 4833 interim
1419 4783 1696 4838 memoriae
1748 4786 2008 4852 occurrit,

429 4862 490 4915 ut
522 4865 648 4912 sunt
690 4853 872 4916 herbae
911 4862 1195 4936 cujuslibet
1238 4871 1490 4940 generis,
1534 4875 1674 4928 unde
1707 4875 2010 4944 pulmenta-

428 4945 571 5029 rium
624 4947 756 5039 ﬁeri.
782 4950 996 5019 debeat,
1024 4956 1340 5025 aﬁ‘erendaz,
1381 4964 1726 5031 mundandte,
1751 4967 2012 5039 ordinans

429 5038 531 5094 die.
563 5033 825 5099 Similiter
854 5045 1032 5126 pisces
1061 5052 1278 5118 quando
1305 5069 1442 5124 opus
1487 5055 1651 5112 fuerit
1683 5069 2008 5118 exenteran-

431 5127 509 5194 di,
534 5136 932 5204 exquamandi;
992 5137 1263 5210 legumina
1303 5144 1500 5201 diversi
1534 5151 1748 5217 generis
1783 5151 2013 5210 lavanda

427 5218 518 5281 vel
549 5227 928 5294 praeparanda,
969 5229 1082 5284 sive
1135 5241 1352 5299 caetera,
1382 5235 1465 5292 vel
1513 5238 1600 5293 bis
1650 5241 1867 5308 similia,
1892 5258 2014 5313 qua

432 5315 614 5372 tamen
657 5317 838 5372 omnia
885 5329 1038 5375 extra
1069 5323 1357 5394 coquinam
1407 5327 1462 5382 in
1505 5328 1637 5385 locis
1662 5332 1764 5388 sibi
1790 5333 2015 5405 deputa-

432 5399 504 5454 tis
525 5401 833 5472 plenissime
861 5419 916 5464 et
951 5411 1334 5484 honestissime
1354 5421 1566 5488 quoties
1602 5439 1823 5480 necesse
1847 5399 2015 5482 fuerit

423 5508 592 5566 agere
625 5499 896 5566 studeant,
929 5511 983 5560 et
1029 5505 1085 5561 in
1115 5507 1237 5578 loco
1268 5519 1394 5580 apto
1419 5512 1510 5566 ubi
1534 5529 1562 5566 a
1591 5511 1848 5585 fratribus
1877 5531 2013 5572 con-

421 5601 566 5658 grue
594 5591 793 5661 suscipi
815 5595 1054 5662 possint,
1085 5589 1484 5658 studiosissime
1517 5619 1719 5672 ponere
1749 5605 1830 5660 vel
1859 5621 2011 5664 com-

423 5692 634 5753 ponere
677 5679 969 5756 studeant:
995 5697 1053 5744 et
1104 5698 1319 5760 tamen,
1355 5701 1418 5749 ut
1442 5695 1645 5751 dictum
1685 5705 1788 5765 est,
1825 5698 1896 5755 ab
1924 5699 2011 5772 in:

419 5788 617 5860 gressu
645 5777 888 5860 coquinae
907 5781 1180 5852 praedictis
1208 5789 1539 5860 temporibus
1573 5788 1815 5848 funditus
1845 5793 2011 5850 absti-

432 5855 614 5924 neant.
658 5857 826 5943 Ligna
882 5867 1103 5946 quoque
1145 5855 1395 5935 similiter
1443 5898 1562 5950 quae
1603 5879 2005 5957 comportanda,

2118 3409 2240 3470 post
2271 3415 2408 3470 quas
2431 3403 2688 3458 continuo
2711 3404 2766 3459 in
2796 3403 3084 3462 refectorio
3117 3407 3449 3478 generaliter
3469 3411 3710 3473 eundum

2044 3561 2056 3568 ἡ
2119 3501 2224 3558 est,
2251 3502 2549 3562 oporteth
2588 3509 2777 3552 omnes
2816 3513 2942 3552 cum
2988 3497 3202 3556 silentio
3229 3501 3284 3564 in
3309 3501 3542 3563 ecclesia
3586 3503 3712 3559 sub—

2117 3586 2335 3652 sistant,
2372 3601 2653 3658 quousque
2701 3590 2888 3647 audito
2928 3591 3106 3663 signo,
3145 3601 3305 3650 caute
3343 3596 3710 3652 reverentiam

2115 3678 2226 3736 Deo
2260 3680 2450 3737 dantes
2499 3691 2714 3750 exeant,
2754 3692 2811 3740 et
2849 3699 2971 3740 cum
3003 3685 3228 3755 praefato
3257 3686 3474 3744 silentio
3495 3688 3710 3746 intran-

2114 3779 2218 3836 tes,
2249 3779 2302 3824 et
2337 3771 2656 3840 residentes,
2684 3785 2738 3831 et
2763 3784 3024 3834 exeuntes
3065 3777 3132 3834 de
3169 3776 3478 3844 refectorio,
3510 3779 3708 3851 singuli

2115 3866 2181 3922 ad
2215 3882 2278 3920 ea
2303 3878 2423 3932 quae
2475 3874 2604 3923 tunc
2652 3871 2953 3926 secundum
3001 3878 3212 3941 tempus
3239 3872 3378 3928 ratio
3427 3873 3696 3940 docuerit,

2113 3960 2199 4018 vel
2222 3961 2433 4031 jussum
2465 3961 2644 4024 fuerit,
2673 3964 2976 4019 attendant.
3011 3965 3070 4022 Si
3110 3972 3292 4022 autem
3318 3966 3495 4025 hiems
3521 3967 3707 4039 fuerit,
3763 4002 3771 4008 -

2114 4059 2166 4106 et
2203 4052 2557 4110 calefaciendi
2608 4055 2909 4112 necessitas
2956 4057 3256 4129 ingruerit,
3302 4069 3468 4129 prout
3521 4063 3574 4117 ei
3617 4075 3704 4131 qni

2111 4152 2309 4212 praeest
2341 4143 2518 4200 visum
2565 4144 2747 4210 fuerit,
2779 4145 2895 4203 sive
2941 4155 3090 4214 ante,
3117 4163 3213 4205 seu
3257 4159 3387 4220 post
3424 4162 3707 4222 peractum

2112 4235 2347 4292 cilicium
2363 4236 2579 4307 aliquod
2597 4239 2938 4296 intervallum
2966 4240 3080 4308 ﬁat,
3103 4243 3320 4312 quando
3335 4259 3394 4300 se
3406 4245 3706 4304 calefacere

2113 4331 2354 4398 possint;
2389 4333 2472 4388 sin
2499 4343 2702 4400 autem,
2727 4335 2779 4388 in
2805 4335 3040 4394 ecclesia
3067 4346 3404 4409 exspectent,
3431 4348 3494 4395 ut
3518 4357 3700 4413 supra.

2114 4421 2240 4480 Haec
2262 4426 2426 4481 etiam
2459 4427 2524 4481 de
2545 4426 2650 4483 bis.

2185 4515 2263 4571 De
2295 4515 2632 4582 dormitorio,
2673 4518 2728 4573 in
2763 4518 2867 4574 hoc
2911 4521 3095 4576 omnia
3143 4523 3286 4593 apud
3321 4539 3420 4580 eos
3460 4524 3558 4596 qui
3601 4525 3702 4580 hoc

2115 4605 2276 4676 digne
2327 4606 2631 4678 intelligere
2681 4610 2892 4677 volunt,
2932 4613 3217 4684 complecti
3265 4625 3530 4685 possunt,
3563 4615 3698 4686 quod

2113 4697 2260 4752 nullo
2287 4705 2528 4767 tempore
2568 4699 2773 4770 aliquid
2806 4701 2881 4756 ibi
2927 4703 3298 4770 inhonestum,
3338 4706 3424 4762 vel
3473 4707 3697 4762 inhone-

2112 4797 2195 4843 ste
2222 4789 2336 4844 ﬁeri
2378 4790 2538 4844 debet
2570 4808 2582 4843 :
2613 4799 2669 4845 et
2715 4799 2777 4846 ut
2817 4792 2994 4862 aliqua
3032 4809 3098 4849 ex
3143 4796 3228 4850 bis
3271 4797 3336 4852 ad
3379 4800 3696 4852 memoriam

2081 4950 2085 4957 ι
2111 4879 2466 4946 reducantur,
2498 4895 2595 4949 per
2621 4896 2739 4951 quae
2780 4892 2976 4938 caetera
3014 4883 3100 4939 his
3126 4884 3325 4940 similia
3355 4902 3693 4956 nequaquam

2111 4972 2480 5029 obliviscenda
2554 4983 2988 5044 contemnantur.
3036 4975 3261 5044 Quando
3340 4978 3487 5048 loqui
3553 4981 3694 5043 licet,

2109 5063 2237 5131 quia
2284 5063 2486 5120 locutio
2541 5080 2754 5134 semper
2811 5065 2884 5120 ibi
2931 5069 3194 5126 servanda
3239 5077 3360 5134 est,
3412 5069 3530 5126 sive
3572 5071 3694 5133 duo,

2115 5165 2212 5208 seu
2242 5159 2371 5216 tres,
2406 5167 2503 5208 seu
2538 5155 2703 5208 etiam
2733 5153 2936 5225 plures,
2962 5157 3126 5214 sicuti
3172 5157 3291 5214 ﬁeri
3322 5159 3461 5215 solet
3481 5160 3693 5230 quando

2116 5244 2183 5318 de
2227 5244 2464 5314 capitulo
2523 5257 2766 5320 surgunt,
2817 5249 3233 5324 coniungantur.
3285 5253 3512 5320 Quando
3570 5271 3693 5316 vero

2116 5335 2418 5394 dormiendi
2441 5343 2651 5407 tempus
2677 5339 2860 5407 fuerit,
2890 5342 3004 5400 sive
3039 5325 3114 5404 lin
3139 5345 3245 5411 die,
3287 5347 3401 5404 sive
3427 5347 3482 5404 in
3516 5356 3690 5413 nocte,

2116 5425 2261 5482 sicut
2298 5427 2572 5483 silentium
2608 5429 2851 5488 funditus
2893 5434 2948 5492 in
2987 5449 3104 5501 ore,
3136 5437 3211 5494 ita
3255 5438 3313 5492 in
3362 5440 3597 5507 incessu,
3636 5451 3692 5495 ut

2115 5517 2295 5597 pullus
2318 5517 2570 5588 iniuriam
2594 5523 2851 5592 patiatur,
2894 5540 3102 5584 summa
3131 5530 3343 5587 cautela
3365 5515 3490 5590 eSse
3513 5535 3685 5592 debet.

2113 5605 2284 5666 Nemo
2305 5611 2624 5680 vestimenta
2654 5629 2753 5669 sua
2779 5626 3055 5685 excutere,
3083 5635 3242 5678 nemo
3264 5623 3482 5687 incaute
3509 5640 3689 5682 ascen-

2113 5702 2267 5771 dere,
2294 5703 2380 5761 vel
2407 5705 2735 5764 descendere
2764 5710 2832 5766 de
2876 5711 3017 5777 lecto
3045 5713 3226 5786 debet,
3259 5703 3344 5772 vel
3379 5731 3575 5781 mera
3609 5719 3687 5774 bis

2112 5795 2335 5875 similia,
2362 5811 2483 5890 quae
2519 5802 2770 5890 strepitu,
2800 5805 2882 5860 vel
2918 5804 3212 5890 cujuslibet
3237 5794 3578 5890 incommodo
3600 5827 3687 5878 ξο-

2113 5883 2810 5980 μίιιιιηιέθᾶάᾳῃιηὶἡςδαιε
2863 5887 3027 5978 agere
3074 5887 3264 5972 debet;
3315 5905 3412 5972 sed
3453 5883 3688 5969 diem
