4006 6442
231 402 347 474 549,

1275 398 1601 482 8ΤΑΤΙΙΤᾼ
1641 399 1785 488 rae.
1817 398 2167 488 moments
2208 397 2381 456 SUlS.

3347 401 3459 464 550

225 507 465 586 tempore,
507 520 568 567 ut
606 515 921 584 praedictum
966 523 1069 580 est,
1101 530 1276 572 omnis
1313 518 1386 572 ibi
1417 518 1624 574 cautela
1654 527 1768 573 ser-
1793 523 1929 585 Aut
1949 515 2012 571 de
2036 513 2404 585 provendariis
2419 512 2509 583 qui
2533 511 2604 567 ibi
2627 511 2831 569 servire
2850 513 3048 570 debent
3071 523 3219 572 certa
3241 497 3483 576 diserte?

223 603 382 663 vanda
407 602 506 670 est,
536 602 619 658 vel
646 607 865 676 prepte'r
890 607 1247 674 honestatem,
1272 611 1355 664 vel
1379 619 1598 682 propter
1623 611 1773 666 inlir-

222 715 414 759 morum
442 698 700 768 requiem,
725 715 793 755 ne
830 700 874 754 si
905 699 1040 756 forte
1083 702 1279 781 aliquis
1306 703 1506 778 ibidem
1535 703 1773 762 necessi-

221 805 321 851 tate
361 799 572 847 coaetus
599 793 937 861 requiescere
978 805 1146 864 Optat,
1178 795 1400 853 alterius
1431 801 1773 869 improbitate

221 886 462 942 turbetur.
489 884 641 952 Quod
665 885 710 940 si
738 885 929 954 aliquis
968 888 1129 941 etiam
1165 889 1232 942 ad
1268 890 1551 959 legendum
1577 893 1629 946 in
1666 893 1771 949 lec-

219 979 319 1033 tulo
347 993 439 1032 suo
477 976 754 1041 resederit,
791 993 1129 1048 nequaquam
1176 979 1402 1036 alterum
1441 985 1543 1039 sibi
1570 985 1768 1040 ibidem

217 1068 278 1126 ad
312 1067 630 1140 colloquium
674 1068 966 1142 coniungat
999 1090 1010 1124 :
1040 1072 1137 1130 sed
1180 1073 1228 1128 si
1262 1077 1640 1134 necessitatem
1693 1081 1772 1135 lo-

215 1162 394 1232 quendi
437 1161 639 1218 diutius
677 1164 983 1228 habuerint,
1019 1177 1215 1220 exeant
1264 1168 1432 1235 foras,
1489 1181 1544 1226 et
1592 1173 1661 1227 ibi
1692 1175 1770 1229 lo-

214 1263 445 1326 quantur.
481 1254 617 1310 Nam
648 1256 805 1328 longe
831 1257 1056 1312 alterum
1089 1260 1157 1314 ab
1179 1260 1352 1316 altero
1377 1265 1612 1332 positum
1639 1281 1767 1336 pro.

211 1355 318 1416 pter
339 1362 546 1414 sonum,
581 1364 682 1404 nec
711 1350 842 1405 duos
887 1351 1243 1407 consedentes
1279 1353 1361 1409 vel
1411 1364 1618 1412 stantes
1644 1375 1771 1429 pro-

210 1450 317 1507 pter
351 1439 538 1494 domus
585 1440 752 1511 ipsius
798 1441 1136 1504 honestatem
1175 1444 1261 1497 vel
1300 1448 1765 1514 consuetudinem,

209 1529 510 1598 colloquium
558 1531 758 1586 habere
795 1529 1135 1608 nequaquam
1185 1543 1414 1605 Oportet.
1449 1536 1576 1592 Haec
1604 1538 1767 1607 etiam

207 1620 332 1674 inter
349 1620 578 1690 plurima
623 1632 818 1677 caetera
873 1640 992 1693 quae
1046 1625 1100 1679 in
1148 1627 1464 1693 dormitorio
1502 1631 1766 1685 servanda

205 1720 318 1766 sunt
353 1713 589 1769 breviter
613 1715 774 1779 dicta,
800 1731 865 1770 ne
911 1717 1066 1785 quasi
1118 1733 1216 1787 pro
1242 1719 1410 1775 nihilo
1447 1737 1475 1774 a
1505 1723 1767 1790 quibusll-

202 1807 281 1858 bet
306 1804 704 1876 insipientibus,
733 1810 819 1864 vel
863 1809 1004 1864 ultra
1045 1827 1210 1888 quam
1247 1814 1440 1874 debent
1467 1819 1766 1886 prementi-

1874 608 1950 661 tio
1979 615 2244 671 servetur,
2274 613 2333 660 ut
2379 613 2434 659 et
2477 603 2806 660 sufﬁcienter
2855 607 2984 671 sint,
3017 617 3072 662 et
3114 608 3257 663 ultra
3284 623 3468 680 qum

1872 714 2095 756 necesse
2121 709 2203 755 est
2228 699 2372 755 nullo
2400 700 2561 754 modo
2589 700 2719 764 sint,
2749 699 2874 770 quia
2891 699 3007 768 .ipsi
3057 701 3122 754 de
3150 702 3337 757 eadem
3362 704 3458 760 de-

1872 791 2014 844 cima
2037 801 2091 846 et
2121 792 2373 860 pascendi
2415 801 2468 846 et
2494 791 2755 846 vestiendi
2803 800 2928 846 sunt
2957 805 3018 846 ea
3054 808 3305 848 mensura
3333 811 3456 866 quae

1872 881 1950 935 eis
1992 884 2276 951 competit;
2330 883 2405 936 ita
2456 891 2515 936 ut
2558 899 2657 938 nec
2694 883 2976 952 penuriam
3020 883 3317 952 patiantur,
3352 900 3453 940 nec

1871 973 2052 1042 aliqua
2092 973 2465 1043 superﬂuitate
2508 965 2900 1028 distendantur.
2954 974 3137 1030 Visum
3169 985 3252 1030 est
3288 976 3452 1046 igitur

1870 1065 2110 1122 nobisin
2163 1067 2347 1124 decem
2389 1067 2761 1138 provendariis
2810 1069 2880 1124 ad
2932 1083 3027 1130 eos
3071 1068 3164 1138 qui
3211 1069 3453 1148 hospites

1870 1158 2144 1227 suscipere
2187 1167 2243 1212 et
2289 1160 2370 1213 eis
2399 1161 2603 1215 servire
2640 1160 2838 1215 debent
2870 1160 3113 1216 sullicere
3148 1176 3324 1230 posse.
3361 1163 3449 1216 Si-

1868 1249 2069 1304 militer
2093 1259 2154 1319 ut
2177 1252 2276 1321 ipsi
2320 1253 2668 1320 provendarii
2697 1253 2887 1308 eadem
2919 1253 3175 1322 qualitate
3203 1262 3255 1308 et
3281 1271 3452 1324 quan-

1869 1339 2023 1394 titate
2052 1340 2157 1394 cibi
2185 1350 2238 1396 et
2279 1351 2461 1410 potus,
2490 1342 2632 1396 sicut
2663 1343 2842 1397 caeteri
2879 1344 3222 1411 provendarii
3253 1345 3449 1411 nostri,

1869 1439 2240 1488 sustententur
2269 1448 2283 1486 :
2321 1434 2372 1488 id
2402 1441 2503 1499 est,
2536 1443 2596 1488 ut
2629 1449 2852 1504 pensant
2889 1436 3184 1490 secundum
3229 1447 3453 1492 caetero-

1870 1538 1989 1578 rum
2039 1519 2482 1604 consuetudinem
2524 1541 2622 1596 per
2675 1539 2945 1609 menSem;
2981 1528 3233 1583 similiter
3257 1544 3452 1598 panem

1867 1625 1921 1670 et
1956 1625 2142 1684 potum
2178 1603 2471 1672 secundum
2521 1603 2833 1674 eorumdetn
2883 1603 3338 1676 consuetudinem
3369 1637 3454 1678 ac-

1865 1706 2070 1775 cipiant
2099 1722 2113 1760 :
2147 1709 2468 1763 vestimenta
2487 1721 2664 1763 autem
2688 1719 2743 1764 et
2766 1711 3158 1778 calceamenta,
3198 1713 3338 1766 sicut
3363 1729 3452 1768 su-

1863 1812 1962 1868 pra
1993 1798 2196 1851 dietum
2226 1811 2330 1866 est,
2362 1809 2673 1857 mensurate
2702 1803 3001 1872 accipiant:
3030 1804 3104 1858 ita
3141 1811 3200 1857 ut
3222 1819 3323 1860 nec
3352 1821 3454 1860 nu-

201 1897 288 1951 bus
313 1905 748 1966 contemnantur,
780 1917 884 1956 ηοη
925 1902 1096 1959 solum
1129 1920 1161 1958 ε
1196 1907 1506 1976 map-03110,
1537 1911 1760 1977 decano,
1792 1890 1839 1948 B
1868 1889 2056 1957 (litate,
2080 1907 2182 1946 nec
2206 1891 2384 1962 aliqua
2417 1892 2747 1962 turpitudine
2774 1896 3061 1964 squaleant
3089 1913 3107 1948 ι
3136 1911 3237 1950 nec
3268 1906 3444 1953 tamen

199 1999 280 2039 seu
305 1988 522 2044 caeteris
548 1990 767 2046 decanis
787 1993 931 2047 omni
962 2001 1200 2064 tempore
1246 2013 1350 2051 non
1396 2000 1757 2065 mediocriter,

200 2077 283 2132 sed
309 2079 378 2132 ab
402 2078 536 2148 ipsis
565 2081 730 2136 etiam
771 2083 1244 2154 cirrinnatoribus,
1273 2088 1421 2144 horis
1447 2091 1641 2158 quibus
1669 2105 1761 2146 va-

196 2173 308 2223 cant
333 2166 531 2226 fratres
573 2169 810 2240 lectioni,
841 2175 1202 2243 observanda,
1233 2188 1288 2234 et
1321 2181 1535 2236 inventa
1558 2184 1762 2240 arctius

194 2261 496 2331 castiganda
547 2271 692 2318 sunt.
734 2263 789 2318 ln
844 2266 1012 2334 piselo
1058 2284 1203 2334 vero,
1266 2278 1506 2341 tempore
1544 2277 1760 2343 quando

193 2350 275 2406 illo
299 2352 374 2407 uti
398 2368 620 2409 necesse
642 2362 743 2419 est,
774 2357 960 2411 eadem
991 2375 1126 2428 pene
1157 2360 1210 2415 ln
1233 2363 1504 2427 omnibus,
1535 2371 1760 2434 excepto

192 2444 332 2511 quod,
367 2443 432 2497 ad
469 2445 846 2516 dormiendum
891 2449 1147 2518 pertinet,
1182 2458 1390 2508 cautela
1418 2464 1472 2507 et
1504 2455 1761 2512 honestas

190 2531 441 2587 serVanda
469 2537 577 2600 est,
609 2549 728 2604 quae
754 2536 820 2590 de
847 2537 1164 2594 dormitorio
1189 2541 1437 2605 diximus,
1463 2547 1516 2598 et
1554 2547 1597 2599 si
1627 2546 1761 2601 forte

190 2623 420 2691 quaedam
448 2624 519 2679 ad
565 2625 811 2679 eamdem
856 2628 1073 2681 domum
1123 2630 1430 2698 specialiter
1463 2630 1758 2702 pertinent,

189 2721 244 2769 ut
269 2723 348 2772 est
373 2717 440 2772 de
460 2718 660 2787 pannis
691 2717 883 2773 infusis
905 2721 995 2789 qui
1041 2723 1471 2792 suspenduntur;
1503 2727 1569 2781 de
1596 2729 1764 2799 pigri-

188 2809 419 2865 tantibus
447 2819 506 2866 et
535 2812 906 2879 somnolentis,
930 2820 986 2867 et
1020 2822 1241 2883 propter
1281 2816 1478 2873 caloris
1523 2821 1760 2875 suavita-

187 2907 288 2956 tem
342 2902 525 2958 minus
579 2911 784 2958 attente
824 2903 1153 2974 legentibus,
1206 2916 1261 2962 et
1313 2909 1358 2962 si
1407 2926 1511 2979 qua
1563 2912 1648 2966 his
1687 2914 1759 2967 si-

185 2991 344 3056 milia,
367 3008 434 3050 ex
455 3009 560 3049 usu
594 2994 906 3064 quotidiana
952 2998 1080 3067 quid
1126 2999 1320 3055 exinde
1360 2999 1664 3060 faciendum
1688 3006 1759 3061 sit

185 3081 357 3139 nullus
416 3083 675 3156 ignorat,
731 3087 822 3156 qui
871 3086 1180 3155 bujusmodi
1239 3093 1307 3146 ad
1363 3096 1755 3164 providendum

183 3172 595 3231 sollicitudinem
656 3178 963 3249 impositam
1028 3184 1574 3258 quamtulamcunque
1630 3205 1756 3261 por-

1867 1997 1897 2036 e
1927 1989 2117 2035 contra
2147 1981 2287 2036 ultra
2325 1997 2636 2037 mensuram
2663 1999 2816 2038 suam
2844 1985 3061 2056 exigere
3094 1995 3445 2056 praesumant.

1863 2073 1990 2146 "me
2018 2074 2084 2128 de
2112 2074 2507 2144 provendariis.

1935 2165 2162 2221 Videtur
2192 2167 2356 2238 igitur
2384 2167 2537 2226 nobis
2570 2167 2616 2224 si
2649 2168 2826 2240 omnis
2865 2168 3074 2225 decima
3101 2165 3167 2225 de
3195 2168 3452 2226 omnibus

1863 2267 1918 2312 et
1948 2258 2003 2311 in
2032 2258 2303 2323 omnibus,
2345 2259 2487 2313 sicut
2526 2260 2882 2314 constitutum
2910 2268 3014 2324 est,
3043 2260 3223 2326 datur,
3253 2268 3311 2312 ut
3335 2273 3456 2313 om-

1863 2350 1994 2404 nino
2017 2352 2082 2405 ad
2105 2365 2294 2417 omnes
2343 2351 2647 2421 bujusmodi
2696 2354 3046 2408 necessitates
3091 2353 3318 2408 divitum
3362 2351 3448 2408 vel

1863 2458 2161 2512 pauperum
2188 2443 2430 2498 sufﬁcere
2461 2445 2656 2498 debeat
2687 2459 2700 2498 :
2731 2446 2783 2499 id
2828 2454 2928 2509 est,
2983 2445 3069 2499 vel
3117 2445 3181 2500 de
3212 2446 3297 2508 bis
3329 2461 3452 2513 qua:

1864 2532 1932 2585 ad
1963 2535 2349 2588 monasterium
2380 2535 2738 2604 eleemosynze
2769 2547 2931 2589 causa
2957 2529 3216 2590 ecclesiis.
3236 2535 3320 2590 vel
3345 2534 3451 2588 fra-

1864 2623 2037 2676 tribus
2071 2623 2124 2676 in
2157 2623 2380 2678 diversis
2425 2625 2800 2694 corporalibus
2849 2625 3130 2696 speciebus
3163 2625 3248 2680 vel
3271 2625 3450 2680 mobi-

1862 2714 2003 2771 libus
2033 2716 2193 2772 rebus
2228 2726 2417 2788 sponte
2465 2719 2857 2772 eondonamur.
2893 2718 3154 2773 Similiter
3188 2717 3451 2789 quidquid

1860 2809 1916 2865 in
1943 2809 2173 2864 diversis
2195 2809 2622 2866 laborationibus
2649 2811 2892 2882 quolibet
2933 2814 3094 2868 modo
3123 2812 3448 2881 acquiritur,

1859 2899 1944 2954 vel
1984 2901 2039 2954 in
2083 2901 2248 2955 variis
2305 2901 2554 2970 peeulum
2596 2903 2885 2972 generibus
2941 2902 3230 2967 enutritur,
3263 2902 3349 2958 vel
3393 2902 3449 2957 in

1859 2993 1990 3062 ipsis
2040 2993 2268 3063 pecuiiis
2303 2993 2414 3048 Deo
2449 2995 2799 3065 dispensante
2853 2995 2971 3050 sine
3036 2996 3272 3060 humana
3323 3009 3449 3066 pro-

1857 3083 2093 3138 videntia
2125 3093 2313 3152 sponte
2359 3084 2694 3155 producitur,
2723 3094 2786 3141 ut
2826 3095 2911 3142 est
2955 3086 3037 3141 lac
3091 3096 3146 3142 et
3190 3087 3332 3140 lana.
3361 3085 3450 3140 Si-

1858 3175 2060 3231 militer
2103 3175 2318 3244 fenum,
2347 3177 2433 3231 vel
2489 3195 2610 3250 qua:
2660 3180 2715 3236 in
2763 3179 3050 3235 arboribus
3099 3179 3269 3252 gratis
3316 3189 3446 3234 nas-

182 3271 271 3320 tat.
301 3267 435 3323 Cum
465 3267 632 3326 verbo
689 3273 836 3327 horae
880 3251 1304 3346 incompetentes
1338 3251 1670 3348 transierint,
1702 3293 1756 3339 et
1783 3251 1830 3314 (ἶ
1863 3280 2078 3337 cuntur.
2111 3282 2170 3329 ut
2215 3284 2300 3330 est
2357 3275 2553 3346 pastio,
2598 3276 2684 3332 vel
2733 3275 2931 3332 diversi
2978 3275 3192 3348 generis
3218 3273 3448 3340 fructum.

180 3358 285 3411 tam
313 3357 658 3431 colloquendi
704 3378 864 3432 quam
909 3365 1268 3440 coniungendi
1303 3381 1516 3440 tempus
1550 3373 1758 3429 licitum

177 3445 475 3514 advenerit,
515 3465 729 3522 semper
760 3462 938 3508 tamen
968 3456 1060 3521 ibi,
1087 3459 1224 3514 sicut
1254 3469 1308 3515 et
1331 3461 1383 3515 in
1412 3464 1622 3518 ueteris
1645 3481 1760 3519 om-

176 3535 334 3591 nibus
363 3537 522 3605 loeis,
568 3541 684 3598 sive
736 3545 1018 3614 pauciores
1069 3549 1181 3604 sive
1209 3551 1391 3620 plures
1450 3552 1671 3621 fuerint,
1705 3555 1761 3611 in

172 3621 448 3694 loquendo
491 3633 545 3683 et
592 3625 797 3703 agendo
846 3651 987 3706 saepe
1041 3655 1463 3700 commemorata
1506 3645 1761 3702 honestas

171 3717 449 3774 servanda
471 3728 581 3786 est;
615 3738 716 3779 nec
734 3741 968 3795 unquam
984 3733 1377 3800 postponenda,
1407 3743 1500 3789 aut
1522 3744 1762 3792 contem-

172 3806 374 3862 nenda.
1623 3812 1625 3814 ’

731 3905 808 3960 De
834 3912 1211 3978 provendariis.

242 3989 321 4048 De
347 3993 510 4064 porta
535 4004 714 4054 autem
750 4006 1083 4070 monasterii,
1131 4008 1216 4062 vel
1244 4025 1365 4079 quae
1393 4013 1460 4067 ad
1487 4029 1606 4069 eam
1639 4031 1762 4086 per-

180 4082 368 4154 tinent,
405 4087 610 4146 idcirco
665 4093 804 4149 inter
859 4097 974 4153 haec
1035 4117 1153 4171 qum
1196 4106 1442 4174 superius
1480 4110 1760 4180 complexa

180 4184 318 4244 sunt,
369 4180 447 4234 nil
502 4181 741 4239 inserere
790 4187 1078 4256 voluimus,
1125 4194 1250 4262 quia
1299 4213 1636 4269 qtrnettnque
1695 4187 1768 4256 ad

182 4280 295 4324 eam
326 4267 410 4326 vel
425 4273 706 4332 ministros
727 4275 844 4346 ejus
865 4282 1138 4348 pertinent
1163 4285 1228 4338 de
1257 4284 1505 4352 decimis,
1538 4267 1764 4344 homine

182 4356 486 4420 insinuante
532 4381 631 4437 per
683 4382 742 4423 se
797 4374 1044 4427 semotim
1087 4375 1478 4446 disponendum
1500 4377 1766 4448 judicavi-

183 4461 313 4507 mus.
348 4453 506 4512 Unde
546 4459 722 4530 primo
771 4461 888 4519 loco
940 4465 1069 4522 illud
1099 4473 1629 4527 commemorandum
1658 4483 1762 4539 est,

1861 3374 2122 3436 quantum
2157 3368 2486 3437 possibilitas
2535 3369 2795 3434 admittit,
2846 3368 2970 3424 data
3009 3368 3230 3431 fuerint,
3261 3383 3468 3423 secun-

1825 3451 1833 3457 ’
1863 3461 1987 3515 dum
2027 3461 2343 3532 qualitatem
2369 3461 2454 3516 vel
2484 3461 2839 3532 quantitatem
2884 3460 3217 3530 singularum
3242 3473 3470 3523 rerum,-

1856 3550 2014 3621 juxta
2067 3552 2210 3623 quod
2256 3561 2465 3622 tempus
2516 3552 2867 3622 permiserit,
2925 3550 3168 3607 sullicere
3217 3550 3465 3622 possint-

1863 3644 1930 3698 Et
1977 3652 2037 3698 ut
2085 3643 2425 3699 manifestius
2466 3645 2611 3714 quod
2649 3643 2882 3699 dicimus
2932 3643 3221 3706 elueescat,
3269 3641 3447 3711 primo

1864 3738 1930 3792 de
1961 3737 2164 3791 nostris
2196 3736 2339 3791 villis
2375 3751 2495 3806 quae
2541 3737 2595 3791 in
2659 3735 3051 3801 Ambianense,
3100 3732 3446 3804 Atrapatinse

1863 3841 1957 3882 seu
1985 3825 2314 3883 Belvacense
2359 3829 2476 3883 sine
2519 3835 2663 3894 sunt,
2694 3823 2927 3900 pleniter
2959 3826 3160 3892 omnia,
3196 3825 3446 3882 s‘icutsu-

1863 3932 1960 3988 pra
2008 3927 2492 3973 commemoratum
2552 3927 2654 3985 est,
2704 3918 2919 3974 dentur.
2953 3918 3154 3978 Deinde
3208 3917 3254 3973 si
3306 3916 3460 3977 forte.

1861 4018 2082 4078 propter
2122 4009 2418 4080 longiorem
2467 4011 2611 4064 viam
2664 4009 2994 4080 possibilitas
3030 4008 3329 4065 adducendi
3367 4007 3450 4062 fa-

1863 4101 2024 4154 milia:
2053 4117 2160 4155 non
2185 4101 2366 4169 fuerit,
2398 4101 2602 4156 bonum
2642 4101 2838 4156 eximie
2869 4095 3039 4155 restat
3063 4097 3290 4153 Domino
3317 4095 3446 4151 insi-

1863 4203 2064 4247 nuante
2103 4193 2408 4260 consilium,
2467 4200 2526 4248 ut
2573 4200 2794 4262 propter
2839 4191 2940 4246 hoc
2987 4205 3084 4244 nec
3125 4185 3333 4242 decima
3362 4201 3449 4239 re-

1865 4293 2102 4349 maneat,
2143 4299 2242 4339 nee
2300 4285 2468 4338 ullum
2512 4285 2569 4338 in
2612 4282 2940 4354 pauperibus
2981 4284 3270 4350 generetur
3315 4290 3448 4345 pec-

1868 4384 2068 4430 catum.

208 4614 2239 4658 ﬁ-—————___—____________—___
2274 4629 3429 4659 Μ

1119 4799 1403 4862 SANCTI
1447 4802 1495 4862 A
1509 4803 1928 4888 DALHARDI
1973 4804 2466 4867 EPITAPHIUM

1240 4964 1390 5028 (Ilitt.
1410 4967 1498 5019 litt.
1531 4967 1592 5019 de
1611 4969 1658 5020 la
1683 4971 1884 5030 France,
1912 4981 2025 5020 tom.
2049 4971 2111 5033 γ,
2136 4983 2246 5034 pag.
2269 4968 2402 5031 426.)

1106 5205 1208 5262 Hic
1229 5207 1375 5278 jacet
1397 5210 1629 5265 eximius
1652 5211 1863 5266 meritis
1885 5210 2213 5266 venerabilis
2241 5211 2378 5265 abba

1091 5323 1106 5328 -
1173 5297 1369 5353 Noster
1398 5300 1737 5355 Adalhardus
1766 5303 1962 5372 dignus
1991 5304 2195 5356 honore
2219 5318 2402 5357 senex.

1108 5389 1276 5459 Regia
1314 5395 1615 5461 prosapies,
1643 5394 1878 5464 paradisi
1905 5396 2028 5464 jure
2056 5397 2298 5459 colonus,

1177 5483 1272 5537 Vir
1293 5484 1565 5539 charitate
1589 5485 1810 5554 probus,
1839 5488 2081 5542 moribus
2112 5497 2272 5558 atque
2301 5488 2426 5551 ﬁde,

1103 5574 1271 5641 Quem
1297 5577 1395 5628 sub
1435 5577 1639 5632 tumulo
1670 5579 1867 5633 recolis
1896 5589 1947 5632 tu
1978 5581 2207 5650 quisque
2233 5580 2427 5644 viator,

1173 5663 1345 5718 Cerne
1371 5665 1496 5734 quid
1521 5682 1597 5730 es,
1625 5667 1752 5734 quid
1774 5668 1902 5731 eris,
1933 5684 2079 5723 mors
2108 5670 2236 5737 quia
2257 5674 2450 5720 cuncta
2481 5665 2644 5734 rapit.

1103 5756 1240 5812 Nam
1272 5766 1395 5826 post
1418 5767 1636 5814 octavas
1659 5759 1870 5816 Domini
1896 5761 1983 5818 hic
2011 5775 2176 5816 carne
2203 5757 2430 5822 solutus,

1174 5851 1507 5905 Succedente
1536 5852 1620 5907 (lie
1657 5863 1805 5908 astra
1838 5855 2028 5924 petivit
2053 5867 2236 5906 ovans.
