4006 6496
189 421 286 480 5δό

865 408 956 465 DE
993 405 1219 464 ΗΕΒῸὸ
1255 401 1502 462 GESTIS
1538 401 1862 461 LUDOVlCl
1892 399 1999 459 PIl.
2041 431 2112 443 —
2135 398 2665 459 PROLEGOMENA.
3296 402 3403 458 555

199 525 3403 560 ________._____._____________._.___.._________________..

860 619 1756 753 MURATORII

1853 614 2724 745 PIUEFATIO.

245 982 426 1037 Petrus
447 969 780 1033 Lambecius,
815 967 1074 1023 Czesareze
1117 966 1513 1023 Vindobonensi
1545 969 1736 1023 biblio-
1761 971 1815 1031 Α
1839 966 2036 1037 Magni,
2061 975 2115 1020 et
2138 965 2393 1022 Ludovici
2420 963 2502 1020 Pii
2529 964 2911 1036 manuscriptis
2942 964 3221 1022 codicibus
3238 967 3406 1023 simil-

185 1074 340 1126 theca:
375 1065 502 1120 olim
543 1059 848 1131 praefectus,
894 1058 976 1112 vir
1005 1058 1186 1128 magni
1211 1057 1445 1111 nominis
1472 1065 1527 1111 et
1556 1057 1620 1111 de
1643 1057 1734 1110 lit-

183 1156 367 1214 tcraria
387 1149 659 1221 republica
689 1147 802 1202 suis
823 1146 974 1200 libris
999 1147 1200 1215 optime
1229 1145 1475 1203 meritus.
1503 1145 1738 1214 etpotis-

181 1249 363 1303 simum
386 1239 527 1309 quod
560 1235 973 1292 Commentariis
993 1235 1105 1289 suis
1135 1232 1373 1302 ejusdem
1396 1232 1736 1287 bibliothecae

183 1338 465 1392 thesauros,
497 1325 892 1395 Augustissimo
914 1324 1042 1378 olim
1068 1322 1336 1393 Le0poldo
1358 1315 1734 1376 Romanorum

179 1427 490 1495 imperatore
512 1418 755 1487 jubente,
788 1417 840 1470 in
886 1416 1127 1470 omnium
1158 1414 1447 1468 utilitatem
1476 1427 1738 1482 exposue«

179 1527 268 1581 nt;
297 1510 639 1574 Lambecius,
667 1509 907 1576 inquam,
948 1506 994 1560 is
1023 1499 1122 1559 fuit
1149 1505 1240 1574 qui
1269 1504 1478 1572 primus
1494 1502 1737 1556 Ermoldi

177 1602 376 1673 Nigelli,
424 1601 647 1670 ejusque
676 1596 936 1667 poematis
987 1609 1131 1650 nunc
1161 1593 1352 1648 edendi
1389 1590 1739 1661 justam‘ali-

176 1707 328 1763 quam
359 1689 576 1744 erudito
605 1687 724 1742 orbi
769 1686 1042 1740 notionem
1070 1683 1235 1737 dedit.
1268 1682 1402 1736 Nam
1429 1681 1571 1751 quod
1602 1680 1742 1734 Mar-

175 1783 406 1855 quardus
431 1780 701 1836 Freherus
731 1777 934 1846 aliquot
958 1792 1024 1830 ex
1043 1773 1158 1842 ejus
1169 1774 1412 1828 versibus
1433 1780 1588 1826 antea
1615 1786 1742 1840 pro-

173 1880 410 1943 didisset,
455 1883 628 1943 atque.
652 1872 892 1942 ignotum
921 1868 1082 1940 plane
1118 1868 1436 1936 scriptorem
1470 1865 1646 1934 aliqua
1671 1879 1739 1918 ex

173 1980 319 2041 parte
355 1969 674 2030 detexisset,
728 1967 862 2021 adeo
891 1975 1072 2019 tamen
1115 1963 1296 2032 jejune
1334 1961 1399 2016 de
1430 1975 1496 2015 eo
1532 1959 1740 2014 locutus

171 2069 263 2125 est,
294 2068 360 2114 ut
388 2059 599 2113 nullum
627 2057 767 2125 apud
795 2056 1064 2108 litteratos
1092 2051 1237 2104 viros
1264 2048 1542 2118 reliquerit
1566 2047 1740 2101 homi-

171 2152 246 2206 nis
279 2167 344 2206 ac
368 2149 640 2220 poematis
670 2147 1013 2203 desiderium.
1043 2142 1124 2197 Ad
1148 2143 1264 2196 haec
1289 2137 1739 2195 GerardusJoan-

166 2258 256 2298 nes
283 2242 516 2299 Vossius
541 2248 665 2294 ante
692 2235 1040 2292 Lambecium
1067 2232 1303 2288 auctoris
1328 2229 1485 2299 hujus
1511 2228 1738 2284 mentio-

1837 1056 1965 1111 lima
1987 1073 2004 1123 ;
2029 1057 2256 1124 ideoque
2275 1056 2540 1109 afﬁrmare
2554 1055 2747 1121 ausim,
2771 1056 2917 1110 hunc
2937 1055 3020 1110 vel
3050 1056 3201 1110 illum
3226 1057 3407 1128 ipsum

1835 1162 1954 1203 esse
1981 1146 2351 1202 authenticum
2379 1145 2640 1211 codicem,
2672 1145 2765 1214 qui
2791 1146 3112 1214 imperatori
3134 1146 3410 1204 Ludovico

1835 1238 1932 1293 Pio
1956 1238 2166 1292 oblatus
2191 1243 2292 1301 est,
2329 1235 2414 1290 vel
2449 1234 2637 1290 saltem
2680 1237 2872 1291 eodem
2914 1251 3030 1290 mvo
3067 1251 3134 1290 ex
3163 1237 3256 1292 illo
3284 1253 3409 1294 esse

1838 1331 2188 1400 descriptum.
2219 1328 2345 1382 Fuit
2372 1328 2419 1382 is
2451 1327 2601 1391 olim,
2638 1328 2952 1397 priusquam
2990 1328 3044 1381 in
3079 1327 3440 1399 Angustissir

1838 1435 1982 1473 mam
2010 1418 2390 1474 bibliothecam
2419 1415 2724 1471 Caesaream
2770 1417 3065 1472 translatus
3095 1428 3197 1484 est,
3228 1419 3292 1474 V.
3335 1420 3407 1476 cl.

1839 1508 2108 1580 Wolfangi
2156 1508 2325 1573 Lazii,
2366 1515 2426 1561 ut
2455 1516 2680 1576 apparet
2699 1523 2808 1562 non
2845 1509 3018 1563 solum
3069 1524 3136 1564 ex
3185 1511 3408 1581 prepria

1839 1598 2010 1668 ipsius
2036 1613 2220 1663 manu,
2275 1613 2394 1667 quae
2420 1597 2689 1653 nonnullis
2720 1598 2855 1654 locis
2879 1599 2934 1652 in
2957 1599 3198 1670 margine
3229 1601 3410 1655 cerni-

1841 1697 1946 1755 tur,
1977 1704 2164 1744 verum
2190 1690 2353 1744 etiam
2383 1703 2450 1744 ex
2489 1689 2797 1744 testimonio
2833 1689 3056 1745 Joannis
3082 1689 3269 1746 Jacobi
3291 1690 3412 1746 Fri-

1839 1782 1925 1848 sii,
1964 1782 2109 1850 quod
2161 1782 2214 1835 in
2245 1781 2573 1837 bibliotheca
2618 1780 2951 1836 Gesneriana
2988 1782 3056 1836 ab
3087 1781 3178 1836 illo
3197 1783 3408 1837 auctius

1838 1873 2002 1937 edita,
2040 1880 2218 1926 exstat
2248 1872 2332 1926 his
2357 1871 2537 1926 verbis
2570 1888 2583 1924 :
2617 1870 2858 1925 Ermoldi
2899 1869 3096 1941 Nigelli
3119 1872 3314 1926 exsulis
3339 1873 3408 1925 ad

1839 1963 2156 2016 Ludovicum
2221 1962 2448 2031 primum
2509 1963 2868 2030 imperatorem
2909 1961 2973 2013 de
3016 1961 3165 2015 rebus
3228 1963 3294 2016 ab
3349 1978 3411 2016 eo

1838 2055 1995 2124 gestis
2020 2053 2140 2106 libri
2185 2063 2429 2123 quatuor,
2481 2051 2709 2121 elegiaco
2730 2053 2961 2106 carmine
2998 2054 3296 2125 conscripti,
3321 2070 3412 2108 ex-

1836 2154 1978 2199 stant
2019 2142 2228 2197 Vienna:
2249 2143 2476 2198 Austria:
2511 2141 2653 2212 apud
2698 2141 3074 2213 Wolfgangum
3098 2143 3341 2198 Lazium.
3381 2163 3404 2198 ι

1840 2235 1947 2290 Sed
1983 2242 2037 2290 et
2070 2234 2280 2289 clariss.
2322 2233 2425 2298 vir,
2483 2248 2548 2287 ac
2576 2232 2783 2303 insigne
2824 2233 3160 2289 Benedictini
3203 2236 3413 2292 ordinis

167 2350 284 2390 nem
314 2335 585 2404 injecerat
603 2332 697 2385 lib.
729 2347 811 2393 ιιι,
844 2344 963 2399 cap.
992 2327 1056 2392 4,
1089 2327 1159 2382 de
1189 2326 1473 2380 Historicis
1508 2323 1733 2388 Latinis,
1764 2316 1812 2375 B
1839 2324 2022 2389 decus,
2062 2321 2296 2378 Joannes
2326 2321 2663 2376 lliabillonius
2710 2323 2762 2376 in
2787 2323 3084 2379 Annalibus
3108 2324 3412 2382 Benedicti-

163 2423 252 2478 sed
276 2421 544 2493 fugientis
572 2419 640 2474 ad
678 2421 877 2484 instar;
928 2431 1092 2487 agens
1130 2415 1274 2470 enim
1300 2415 1366 2468 de
1396 2413 1738 2478 Ermenoldo,

165 2513 272 2567 sive
314 2511 644 2567 Ermenrico
687 2511 918 2564 diacono
973 2517 1030 2562 et
1076 2506 1362 2570 monacho,
1417 2505 1510 2574 qui
1563 2505 1744 2560 Vitam

160 2603 329 2657 sancti
360 2601 480 2656 Soli
511 2600 746 2664 abbatis,
775 2599 993 2653 circiter
1021 2612 1223 2651 annum
1244 2596 1370 2660 840,
1398 2595 1594 2650 litteris
1618 2609 1746 2649 con-

161 2693 416 2763 signavit,
445 2692 654 2747 editam
685 2705 715 2744 a
740 2689 984 2755 Canisio,
1017 2705 1080 2744 ac
1106 2689 1331 2743 subinde
1360 2703 1389 2742 a
1419 2689 1744 2755 Mabillonio,

158 2767 270 2840 hzec
299 2784 473 2840 habet
501 2797 518 2836 :
570 2800 589 2833 ι
619 2782 678 2837 Si
707 2781 848 2836 idem
877 2779 1260 2834 l-lermenricus
1287 2788 1342 2832 et
1370 2779 1744 2842 Ermenoldus,

158 2874 300 2928 idem
328 2887 557 2943 quoque
585 2870 748 2926 fuerit
781 2870 1066 2925 Ermoldus
1091 2869 1137 2924 is
1165 2869 1256 2938 qui
1283 2869 1525 2939 elegiaco
1547 2869 1748 2923 carmi-

159 2977 226 3018 ne
251 2965 459 3019 cecinit
481 2961 872 3034 panegyricum
901 2960 1159 3014 Ludovici
1188 2959 1290 3013 Pii.
1331 2979 1348 3011 »
1384 2958 1746 3025 Quamobrem

159 3061 385 3116 Vossius
416 3061 737 3115 Ermoldum
760 3066 1025 3123 nostrum,
1074 3057 1272 3127 quippe
1303 3057 1404 3111 sibi
1434 3057 1524 3111 vix
1552 3056 1617 3112 de
1651 3072 1750 3112 ιιοι

158 3153 304 3208 mine
333 3160 558 3217 notum,
590 3167 658 3206 ne
683 3151 863 3206 intulit
887 3151 1102 3220 quidem
1131 3149 1428 3203 incensum
1452 3145 1751 3203 Historico-

156 3265 274 3305 rum
302 3269 318 3316 ;
353 3249 513 3320 quod
550 3255 699 3304 certe
727 3249 780 3303 in
801 3257 1075 3318 posterum
1101 3261 1208 3301 non
1235 3245 1340 3300 erit
1366 3242 1746 3299 omittendum.

156 3342 363 3398 Verum
396 3341 727 3397 Lambecius
752 3340 1114 3396 Commentar.
1143 3338 1239 3392 lib.
1273 3354 1335 3402 ιι,
1367 3351 1486 3405 cap.
1517 3335 1570 3401 5,
1595 3350 1746 3390 num.

150 3431 241 3495 25,
277 3447 412 3502 pag.
447 3432 580 3495 595,
613 3429 682 3485 de
703 3444 768 3485 eo
793 3443 1096 3485 sermonem
1127 3442 1193 3481 ex
1224 3425 1469 3496 professo
1494 3424 1749 3488 instituit,

152 3522 492 3576 describens
510 3537 609 3576 ms.
639 3521 879 3575 codicem
908 3519 1045 3573 Hist.
1067 3518 1244 3572 Latin.
1274 3516 1616 3570 bibliothecae
1629 3513 1753 3567 Vin-

149 3611 512 3666 dobonensis
559 3610 695 3674 249,
751 3610 842 3664 ubi
884 3616 1172 3678 postquam
1228 3623 1446 3672 nomen,
1512 3613 1748 3669 (etatem,

1842 2415 1947 2480 nis,
1971 2421 2030 2468 ut
2075 2412 2214 2466 intra
2246 2412 2470 2482 patebit,
2509 2411 2747 2466 Ermoldi
2772 2412 2942 2466 nostri
2971 2414 3300 2470 mentionem
3328 2415 3412 2470 fe-

1843 2506 1937 2561 cit.
1995 2505 2262 2559 Praeterea
2298 2519 2406 2557 non
2449 2503 2599 2557 illum
2644 2505 3014 2560 tantummodo
3059 2509 3417 2576 memoravit,

1845 2597 1938 2652 sed
1967 2594 2082 2664 ejus
2118 2596 2279 2652 etiam
2308 2595 2628 2649 auctoritate
2656 2611 2786 2650 usus
2811 2603 2896 2650 est
2917 2596 3301 2655 celeberrimus
3336 2601 3422 2657 vir

1846 2686 2166 2744 Godefridus
2193 2685 2511 2741 Guilielmus
2539 2685 2857 2752 Leibnitius,
2902 2688 2991 2756 qui
3016 2703 3118 2742 ms.
3149 2690 3420 2746 Vindobo-

1847 2791 2066 2831 nensem
2094 2777 2334 2831 codicem
2373 2773 2594 2844 legerat,
2649 2781 2708 2828 ut
2738 2790 2892 2829 suam
2920 2776 2987 2832 de
3013 2776 3232 2849 Origine
3255 2780 3423 2836 Fran-

1848 2882 2033 2922 corum
2079 2869 2404 2923 sententiam
2451 2868 2830 2936 conﬁrmaret;
2873 2870 3028 2940 cujus
3080 2873 3423 2931 dissertatio-

1849 2973 1973 3014 nem
2003 2975 2126 3015 cum
2151 2961 2498 3016 doctissimus
2552 2961 2640 3016 vir
2674 2961 2910 3017 Joannes
2937 2963 3200 3036 Georgius
3221 2966 3424 3022 Eccar~

1849 3051 1949 3106 dus
1995 3051 2280 3106 recuderet
2306 3067 2371 3106 ac
2400 3052 2715 3118 illustraret,
2743 3052 2797 3106 in
2827 3053 2969 3108 notis
3010 3061 3066 3109 et
3093 3055 3207 3126 ipse
3247 3057 3424 3112 anim-

1851 3141 2094 3205 advertit,
2123 3142 2435 3197 Ermoldum
2487 3143 2663 3199 adhuc
2705 3143 2824 3200 luce
2869 3159 3076 3214 carere,
3127 3148 3424 3203 editionem

1849 3246 1977 3288 vero
2030 3233 2173 3288 illius
2201 3237 2522 3303 sperandam
2571 3234 2687 3290 fore
2735 3251 2767 3290 a
2818 3239 3268 3306 praestantissimo
3306 3241 3428 3296 viro

1850 3321 2057 3377 Joanne
2099 3323 2388 3379 Benedicto
2427 3324 2742 3394 Gentilotto,
2771 3328 2862 3398 qui
2890 3336 3017 3386 tunc
3056 3331 3321 3403 imperiali
3349 3332 3427 3388 bi-

1851 3413 2134 3469 bliothecae
2163 3423 2416 3484 praeerat.

1924 3505 2124 3558 Verum
2154 3506 2476 3575 ampliﬁcata
2510 3508 2564 3564 in
2587 3508 2731 3565 hunc
2761 3511 2979 3566 modum
2994 3513 3234 3571 Ermoldi
3256 3516 3424 3585 fama,

1856 3593 1986 3662 quid
2036 3593 2181 3648 aliud
2215 3595 2430 3650 tandem
2465 3599 2739 3666 praestitit,
2776 3601 2879 3655 nisi
2907 3604 3244 3660 eruditorum
3275 3608 3424 3663 sitim

148 3705 426 3758 exsilium
495 3709 551 3752 et
590 3717 780 3770 poema
832 3701 1071 3755 Ermoldi
1130 3699 1405 3753 recensuit
1427 3738 1442 3762 ’
1493 3697 1757 3768 poematis
1783 3684 1828 3746 C
1860 3682 2155 3738 accendere
2180 3684 2394 3739 acrius?
2433 3701 2496 3741 ac
2528 3702 2702 3742 meam
2732 3690 3094 3759 potissimum,
3131 3695 3221 3750 ubi
3255 3694 3432 3751 consi-

145 3795 323 3847 etiam
367 3790 556 3858 ipsius
601 3789 920 3858 principium
961 3796 1017 3842 et
1058 3789 1218 3842 ﬁnem
1269 3787 1583 3855 speciminis
1637 3787 1758 3842 loco

148 3881 454 3944 exhibuit,
509 3879 704 3949 integri
749 3879 929 3949 operis
978 3877 1170 3933 deinde
1215 3878 1408 3932 edendi
1485 3893 1600 3946 spe,
1651 3877 1758 3934 imo

149 3973 473 4042 sponsione
532 3968 758 4038 adjecta.
808 3968 1043 4023 Proinde
1086 3968 1242 4022 avide
1297 3965 1365 4020 ab
1425 3967 1760 4022 amatoribus

147 4060 488 4114 litterarum
548 4056 981 4123 exspectabatur,
1036 4062 1096 4107 ut
1141 4053 1461 4108 Lambecius
1506 4055 1759 4126 evulgato

151 4153 386 4208 tandem
423 4150 576 4203 libro
605 4147 760 4202 ﬁdem
783 4162 935 4201 suam
971 4146 1230 4200 liberaret
1261 4163 1274 4199 :
1306 4146 1449 4216 quod
1484 4161 1612 4201 sane
1649 4145 1760 4202 fac-

152 4251 343 4295 turum
376 4239 547 4293 illum
579 4236 740 4292 fuisse
770 4251 874 4288 non
901 4235 1105 4299 dubito,
1131 4233 1233 4288 nisi
1275 4235 1453 4288 invida
1489 4251 1634 4290 mors
1664 4253 1762 4292 an-

153 4347 224 4386 no
259 4330 408 4386 1680
439 4327 729 4398 egregium
773 4335 826 4380 et
855 4326 1217 4380 clarissimum
1259 4324 1438 4378 virum
1475 4325 1630 4380 nobis
1657 4327 1764 4403 eri-

151 4425 336 4492 piens,
401 4421 604 4476 omnia
641 4434 853 4488 quoque
880 4418 1023 4472 illius
1061 4416 1323 4470 litteraria
1352 4415 1576 4470 consilia
1605 4417 1765 4468 abru-

151 4514 348 4582 pisset.
379 4511 472 4564 Ex
519 4509 607 4562 his
630 4508 926 4566 clarescere
949 4506 1000 4560 in
1029 4506 1140 4561 dies
1171 4506 1344 4575 magis
1369 4521 1433 4560 ac
1459 4505 1631 4574 magis
1658 4519 1765 4559 cae-

152 4606 231 4674 pit
259 4603 532 4658 Ermoldi
567 4617 786 4666 nomen,
823 4609 986 4670 atque
1017 4600 1165 4654 illum
1201 4609 1490 4670 propterea
1542 4600 1766 4656 Guiliel-

153 4710 277 4748 mus
314 4695 475 4749 Cave
517 4693 572 4746 in
607 4691 744 4746 llist.
775 4692 1005 4745 litterar.
1031 4691 1098 4744 ad
1135 4706 1334 4744 annum
1371 4691 1475 4746 854
1517 4693 1764 4762 catalogo

152 4785 416 4852 adjunin
479 4783 828 4851 Scriptorum
897 4781 1410 4848 ecclesiasticarum,
1470 4782 1764 4836 Ernoldum

151 4889 252 4943 pro
280 4872 566 4928 Ermoldo
600 4871 894 4941 appellans.
926 4871 1161 4925 Joannes
1192 4886 1405 4940 quoque
1452 4870 1764 4926 Hallervor—

151 4966 275 5020 dius
307 4966 368 5019 in
400 4962 712 5033 Spicilcgio
739 4962 805 5016 de
830 4960 1081 5015 Historic.
1112 4960 1289 5014 Latin.
1320 4961 1463 5014 idem
1491 4963 1762 5031 praestitit,

1857 3772 1992 3827 lium
2035 3775 2148 3844 cepi
2180 3775 2495 3846 colligendae
2521 3777 2575 3832 in
2613 3795 2776 3836 unum
2801 3781 2998 3837 Italicae
3024 3783 3294 3854 Historiae,
3349 3789 3426 3843 si-

1858 3869 2076 3939 mulque
2105 3871 2452 3940 depromendi
2482 3873 2741 3942 quidquid
2765 3875 3027 3932 hactenus
3065 3878 3246 3948 ejusce
3266 3895 3430 3953 argu-

1859 3960 2030 4015 menti
2061 3968 2362 4032 temporum
2398 3963 2623 4035 injurias
2652 3965 2936 4037 effugerat,
2985 3979 3148 4042 atque
3193 3973 3249 4029 in
3281 3989 3432 4030 com-

1857 4065 2020 4104 mune
2072 4051 2273 4106 bonum
2326 4055 2647 4124 conquirere
2695 4057 2830 4111 mihi
2874 4058 3102 4116 liceret?
3163 4061 3433 4119 Continuo

1859 4145 2004 4199 enim
2037 4147 2430 4204 obversabatur
2455 4151 2656 4216 animo,
2681 4167 2842 4222 quam
2871 4154 3010 4211 bene
3039 4158 3166 4213 huic
3194 4159 3316 4214 loco
3346 4175 3432 4214 se-

1861 4235 2012 4289 deret
2031 4245 2280 4305 exoptata
2310 4239 2549 4294 Ermoldi
2571 4243 2756 4307 editio,
2782 4253 3150 4315 quantumque
3171 4247 3434 4302 Ludovici

1861 4325 1941 4379 Pii
1967 4335 2116 4396 gesta
2169 4343 2291 4382 cum
2315 4328 2549 4384 Historia
2583 4342 2768 4388 nostra
2792 4337 3162 4404 convenirent,
3207 4338 3425 4408 quando

1864 4429 2002 4484 pene
2023 4417 2274 4472 universa
2304 4419 2452 4474 Italia
2481 4421 2582 4476 sub
2611 4421 2725 4491 ejus
2749 4425 2950 4480 ditione
2972 4425 3131 4492 foret,
3164 4430 3272 4485 imo
3293 4445 3429 4486 con-

1866 4515 1990 4573 stet,
2021 4509 2087 4563 ad
2115 4508 2357 4565 Italicum
2391 4513 2588 4567 ccelum
2616 4515 2875 4584 peculiari
2905 4532 2969 4573 eo
3007 4519 3160 4575 titulo
3190 4531 3438 4593 spectare

1863 4597 2131 4669 Augustos
2165 4601 2454 4670 quoslibet,
2488 4605 2631 4673 quod
2665 4620 2822 4676 reges
2870 4606 3036 4662 Italia:
3067 4609 3197 4678 sint,
3237 4627 3300 4668 ac
3322 4613 3434 4668 Ro—

1866 4705 2148 4745 manorum
2188 4691 2563 4761 imperatores,
2604 4705 2765 4767 atque
2785 4699 2914 4754 hinc
2951 4703 3294 4772 magniﬁcam
3317 4722 3432 4776 prze

1866 4783 2078 4838 caeteris
2107 4785 2517 4854 appellationem
2543 4790 2608 4844 ad
2629 4805 2723 4845 eos
2747 4791 2968 4847 deferri.
2990 4792 3071 4848 Ad
3100 4797 3306 4851 curiam
3336 4798 3439 4854 Ro-

1868 4891 2081 4931 manam
2108 4879 2313 4935 interea
2344 4897 2463 4936 sese
2492 4883 2796 4938 contulerat
2828 4901 2986 4956 supra
3022 4873 3271 4943 laudatus
3316 4889 3438 4942 illu-

1869 4969 2164 5024 strissimus
2211 4969 2562 5036 Gentilottus,
2593 4975 2856 5030 auditoris
2894 4977 2949 5031 in
2978 4977 3138 5045 Rota,
3175 4988 3234 5035 ut
3263 4979 3436 5043 aiunt,

153 5055 321 5108 simul
353 5067 696 5108 memorans
722 5067 841 5121 qua:
869 5053 935 5106 de
963 5049 1268 5119 hujusmodi
1306 5051 1443 5106 libro
1492 5052 1764 5122 pollicitus
1791 5040 1844 5100 D
1869 5057 2112 5113 Romana
2141 5075 2336 5115 munus
2380 5075 2479 5130 pro
2534 5061 2856 5121 Germanica
2889 5040 3134 5123 natione:
3159 5040 3430 5135 obiturus,

151 5142 335 5198 fuerat
388 5141 756 5197 Lambecius.
813 5141 996 5209 Neque
1050 5141 1380 5196 omittendus
1423 5143 1770 5198 doctissimus

153 5234 238 5287 vir
286 5233 505 5288 Daniel
574 5231 868 5297 Nesselius,
926 5232 1018 5301 qui
1070 5232 1122 5285 in
1181 5231 1530 5302 Sciagraphia
1586 5234 1770 5304 magni

151 5323 430 5396 Corporis
469 5325 758 5389 Historici,
783 5340 926 5379 anno
955 5324 1090 5378 1692
1120 5325 1448 5380 Vindobonze
1473 5325 1639 5392 edita,
1671 5328 1772 5381 hoc

154 5416 340 5485 ipsum
377 5431 540 5486 opus
567 5431 672 5469 una
710 5431 828 5470 cum
870 5415 990 5469 aliis
1016 5417 1152 5470 bene
1183 5415 1364 5469 multis
1393 5417 1632 5470 nondum
1657 5416 1773 5470 vul-

152 5508 302 5578 gatis
335 5523 402 5563 se
442 5507 691 5577 publicis
725 5507 911 5562 usibus
935 5507 1193 5562 benevole
1243 5507 1769 5563 communicaturum

105 5627 120 5641 ν
151 5596 574 5664 pollicebatur.
603 5594 729 5650 Haec
763 5612 890 5651 vero
911 5597 1056 5652 addit
1083 5597 1171 5651 ille
1193 5598 1258 5652 de
1283 5612 1386 5651 ms.
1445 5599 1630 5654 codice
1653 5601 1772 5652 uni-

153 5700 242 5749 co,
275 5685 377 5741 ubi
404 5698 621 5756 poema
649 5686 752 5740 hoc
767 5686 1116 5741 delitescebat
1147 5704 1158 5740 :
1205 5706 1222 5738 ‹
1255 5686 1534 5759 Scriptura
1570 5689 1773 5746 codicis

150 5778 517 5846 perantiqua
567 5785 772 5841 est,'ct
828 5778 1036 5834 caeteris
1073 5787 1372 5850 temporum
1420 5779 1547 5850 imp.
1592 5780 1770 5839 Caroli

519 5866 797 5929 PATROL.
844 5868 968 5932 CV.

1870 5159 2033 5220 atque
2071 5151 2139 5206 ad
2168 5151 2509 5207 bibliothecae
2551 5153 2808 5212 Ctesareze
2829 5158 3205 5228 praefecturam
3229 5173 3439 5214 assum-
3511 5210 3513 5212 .

1871 5250 1995 5310 ptus
2031 5239 2208 5294 fuerat
2228 5241 2573 5297 doctissimus
2601 5259 2664 5300 ac
2684 5247 3164 5314 praestantissimus
3203 5247 3286 5299 vir
3312 5246 3442 5303 Pius

1872 5329 2122 5385 Nicolaus
2171 5327 2459 5398 Garellius,
2500 5349 2666 5404 eques
2694 5335 2899 5389 ordinis
2922 5335 3140 5398 Christi,
3194 5337 3444 5392 consilia-

1874 5421 1988 5476 rius
2011 5429 2176 5490 atque
2215 5423 2516 5479 archiatrus
2530 5424 2910 5496 Augustissimi
2941 5426 3307 5483 Romanorum
3334 5429 3443 5486 im-

1875 5514 2144 5583 peratoris
2169 5523 2331 5584 atque
2382 5511 2760 5586 Hispaniarum
2791 5517 2932 5588 regis
2959 5517 3134 5573 Caroli
3168 5520 3250 5575 Vl.
3290 5521 3443 5581 Illuso

1877 5605 2176 5660 trissimum
2205 5604 2501 5662 Garellium
2547 5621 2694 5676 ergo,
2750 5607 2904 5675 cujus
2931 5609 2982 5663 in
3012 5625 3097 5665 me
3123 5612 3444 5672 benevolen-

1878 5695 2030 5760 tiam,
2059 5696 2484 5764 quotiescunque
2518 5709 2608 5749 res
2639 5697 2906 5766 poposcit,
2956 5695 3276 5774 singularem
3302 5723 3444 5764 sem-

1874 5799 1973 5854 per
2009 5785 2174 5853 sensi,
2208 5784 2413 5841 crebris
2444 5784 2638 5842 litteris
2666 5787 2887 5844 adortus
2913 5807 3052 5858 sum,
3109 5804 3168 5850 ut
3202 5797 3442 5855 humilli-

2896 5885 2967 5946 18
