4006 6456
513 386 625 446 555,

518 501 622 560 mis
666 493 918 568 precibus
943 487 1078 544 meis
1105 485 1175 541 ad
1199 464 1609 540 clementissimi
1647 473 1879 532 Cmsaris
1924 484 2087 525 aures
2110 473 2161 531 Α

516 562 762 651 deductis
789 585 866 639 ita
911 587 1117 651 ageret,
1165 584 1227 630 ut
1255 569 1577 629 Hcrmoldus
1606 582 1705 638 per
1734 577 1822 621 me
1868 562 2087 616 demum

520 678 766 741 revocari
797 681 985 746 posset
1010 670 1079 724 ad
1125 668 1318 729 vitam,
1363 675 1539 730 neque
1577 657 1783 714 sineret
1819 651 2088 712 eruditam

520 781 736 847 gentem
761 741 962 823 diutius
986 761 1131 816 illius
1158 751 1563 847 exspectatione
1587 744 1839 847 fatigari:
1867 741 1934 845 Et
1961 752 2092 841 sane

522 828 733 921 facilem
762 858 907 914 votis
957 851 1095 908 meis
1123 864 1181 904 se
1220 843 1495 916 praebebat
1536 832 1920 908 Augustissimi
1946 828 2093 901 prin-

522 957 659 1027 cipis
704 950 772 1007 ad
814 942 1343 1005 cuneta-litterarum
1391 929 1675 988 commoda
1703 935 1867 1027 atque
1918 923 2096 1027 in'ere-

1814 350 2115 418 ERMOLDI
2155 354 2262 417 mc
2272 354 2427 412 ELLI

3658 344 3785 400 556

2264 483 2283 514 ι
2311 464 2442 518 Pius
2468 459 2722 517 Nicolaus
2758 454 3026 512 Garellius
3053 453 3356 510 clarissimo
3382 460 3548 523 atque
3574 454 3783 510 erudi-

2191 536 2404 591 tissimo
2434 533 2551 585 viro
2613 528 2675 583 D.
2725 526 2997 581 Ludovico
3055 524 3290 579 Antonio
3343 523 3644 578 Muratorio
3693 540 3785 579 se-

2192 603 2462 661 renissimi
2492 598 2869 655 Mutinensium
2901 593 3054 649 ducis
3073 593 3485 648 hibliothecario
3508 592 3572 649 S.
3594 593 3667 648 P.
3710 593 3779 650 Ι).

2269 693 2287 726 ι
2335 673 2569 742 Equum
2600 667 2848 742 postulas
2879 663 3047 742 V_.__cl.
3084 670 3147 718 ut
3177 678 3311 742 ‘cum
3342 664 3551 742 pridem
3602 671 3784 733 atque

2193 744 2402 799 iteratis
2422 732 2645 795 'vicibu's
2677 737 2744 791 de
2786 734 3013 806 Nigellio
3042 732 3312 806 repulsam
3350 732 3579 806 tuleris,
3591 732 3785 806 exeo

2193 814 2336 884 quod
2374 828 2404 866 a
2434 809 2732 884 Gentilotto
2762 802 2918 884 suujn
2954 804 3017 884 _in
3052 802 3367 884 catalogum
3386 810 3534 858 esset
3567 802 3782 884 illatus,

2195 872 2455 953 brevique
2486 881 2552 953 in_
2580 878 2756 932 lucem
2798 874 3038 953 edendus
3076 872 3409 953 sperarettir,
3457 872 3786 953 nu_nc_ipse,

2192 955 2288 1024 qui
2318 941 2636 1024 restiterim,
2664 956 2787 1000 luas
2807 942 2970 1024 ,ἕλιξυά
2997 941 3268 1024 Czesarem
3312 941 3789 1024 Augustissin'ium

522 1011 704 1104 menta
722 1038 943 1097 acclinis
976 1038 1362 1105 promptusque
1402 1022 1645 1083 animus;
1684 1017 1776 1072 sed
1806 1030 1929 1070 cum
1960 1012 2097 1067 ller-
2195 1011 2387 1105 ﬁrece‘s
2434 1019 2758 1105 reviviscere
2803 1011 3019 1105 fa‘ci‘am‘.
3065 1011 3329 1105 Optimo,I
3361 1011 3607 1105 inquam,
3660 1012 3791 1083 jure

524 1139 763 1195 moldum
818 1127 1148 1187 Gentilottus
1196 1135 1304 1175 non
1356 1115 1532 1171 solum
1575 1112 1633 1166 in
1690 1125 1750 1165 se
1802 1105 2100 1175 recepisset

527 1225 903 1298 evulgandum,
930 1215 1024 1273 sed
1049 1215 1315 1281 integrum
1339 1204 1579 1261 etiamin
1604 1201 1806 1270 spissos
1829 1208 2104 1298 commena

525 1288 699 1375 turios
748 1310 1031 1370 intulisset,
1085 1318 1221 1373 quos
1267 1299 1335 1354 ad
1383 1297 1682 1353 Caesaream
1712 1288 2102 1343 bibliothecam

530 1406 761 1477 amplius
784 1396 1155 1458 illustrandam
1179 1392 1535 1449 instruxerat,
1588 1391 1644 1437 et
1670 1379 1821 1450 prelo
1851 1376 2102 1477 parabat,

530 1466 710 1554 Cresa:-
735 1494 790 1549 in
832 1488 1015 1545 omnia
1038 1483 1123 1539 vel
1157 1479 1378 1536 minima
1393 1474 1567 1531 ollicia
1597 1473 1857 1531 intentus,
1884 1466 1960 1520 ita
1976 1479 2106 1534 poe-

530 1552 620 1643 ma
655 1586 822 1640 hocce
845 1577 977 1635 mihi
1005 1571 1374 1644 elargiendum
1398 1563 1607 1629 statuit,
1653 1561 1780 1615 dum
1824 1552 2109 1613 Gentilotti

533 1691 749 1750 quoque
795 1682 1094 1729 consensus
1140 1662 1448 1719 accederet.
1505 1655 1703 1710 Verum
1744 1649 1848 1706 sibi
1889 1644 2110 1747 prasripl

536 1736 821 1841 scriptoris
846 1762 1006 1833 hujus
1054 1756 1346 1815 editionem
1393 1748 1612 1805 minime
1636 1745 1685 1800 is
1705 1743 1899 1798 lubens
1942 1736 2113 1841 patie—

535 1816 739 1927 batrir;
791 1865 849 1911 et
898 1816 1205 1923 quanquam
1235 1840 1550 1913 amplissimi
1578 1849 1831 1908 proceres
1867 1827 2110 1927 marcido
2136 1816 2185 1877 Β

632 1917 842 2017 Rialpe,
867 1917 934 1997 ah
957 1917 1162 1994 intimis
1174 1932 1399 2004 Augusti
1417 1926 1643 1984 secretis
1664 1932 1827 1993 atque
1842 1917 2108 2017 consiliis,

538 2050 593 2096 et
614 2009 978 2104 Hieronymus
1023 2024 1360 2085 Colloredus,
1398 2017 1652 2089 egregius
1678 2022 1806 2067 tunc
1827 2009 2111 2066 Insubrum

538 2102 868 2189 moderator,
900 2120 1090 2179 deinde
1114 2128 1239 2169 vero
1266 2112 1332 2167 ad
1353 2110 1611 2165 Caesarea:
1637 2104 1773 2158 aulae
1791 2102 2023 2157 honores
2050 2112 2114 2153 ac
2150 2154 2155 2158 ,

537 2216 699 2291 paulo
726 2186 937 2283 postad
967 2218 1194 2276 superos
1214 2199 1528 2261 translatus,
1580 2210 1680 2265 pro
1709 2206 1806 2247 suo
1828 2204 1958 2260 erga
2000 2186 2114 2290 col-

540 2278 825 2365 lectionem
852 2303 996 2358 hanc
1020 2294 1363 2367 magnanimo
1383 2289 1560 2345 studio
1588 2298 1805 2341 causam
1838 2294 2013 2341 meam
2034 2278 2118 2348 iu.

538 2407 760 2460 varent;
813 2394 921 2449 imo
969 2386 1200 2446 Palatini
1240 2383 1341 2454 ipsi
1388 2378 1520 2435 socii
1569 2376 1686 2447 pari
1741 2387 1954 2428 mecum
1998 2369 2116 2460 zelo

541 2488 687 2551 ducti
718 2458 1012 2554 supplicem
1040 2480 1143 2534 hac
1181 2476 1293 2544 ipsa
1315 2472 1381 2526 de
1411 2484 1470 2525 re
1496 2466 1735 2525 libellum
1782 2458 2116 2554 Angustissi-

541 2549 632 2636 mo
657 2549 856 2634 Caesari
893 2587 990 2642 per
1018 2571 1194 2640 ipsum
1224 2562 1498 2625 comitem,
1526 2553 1868 2613 Colloredum
1890 2549 2118 2642 obtulisf

545 2675 686 2734 sent,
708 2639 959 2721 excitatis
983 2639 1146 2716 etiam
1170 2658 1223 2713 in
1262 2668 1383 2710 eam
1414 2664 1527 2706 rem
1553 2647 1742 2703 olliciis
1764 2639 2117 2700 illustrissimi

543 2757 651 2812 viri
678 2753 895 2811 comitis
915 2748 1096 2807 Caroli
1117 2743 1390 2803 Pertusati
1428 2735 1861 2795 Mediolanensis
1896 2739 2117 2789 senato-

544 2848 643 2911 ris,
689 2852 745 2900 et
784 2844 839 2898 in
868 2840 1102 2896 Maximo
1143 2835 1523 2904 Hispaniarum
1552 2843 1808 2885 consessu
1854 2824 2115 2896 regentis,

546 2952 652 2993 non
684 2935 861 2990 minus
893 2931 1069 3001 legum
1095 2941 1256 2997 quam
1296 2922 1616 2978 eruditionis
1646 2918 1829 2975 eximii
1859 2916 2116 2980 cultoris;

548 3027 728 3081 adhuc
763 3031 944 3078 tamen
993 3020 1048 3074 in
1095 3016 1320 3086 ancipiti
1365 3014 1553 3070 relicta
1589 3020 1673 3067 est
1720 3026 1838 3066 sors
1883 3006 2119 3063 Ermoldi

550 3114 761 3186 Nigelll.
821 3111 956 3167 Cum
1009 3123 1138 3166 ecce
1188 3106 1496 3176 inopinatus
1542 3117 1702 3158 casus
1740 3102 1940 3156 nodum
1973 3099 2119 3153 hunc

2198 1081 2474 1165 postulas,
2500 1087 2763 1165 quando,
2790 1091 2867 1165 Aut
2886 1081 3010 1165 fert
3036 1081 3365 1165 miseranda
3413 1081 3789 1165 humanarum

2201 1151 2382 1217 rerum
2414 1151 2750 1220 vicissitudo,
2784 1153 2919 1209 tanti
2950 1152 3050 1221 viri
3089 1151 3360 1221 jacturam
3413 1152 3792 1221 litteratorum

2203 1232 2352 1287 orbis
2379 1243 2578 1300 passus
2605 1235 2707 1289 est,
2740 1233 2901 1300 atque
2927 1238 2990 1300 ea
3012 1220 3125 1300 jam
3152 1222 3416 1300 deciderit
3440 1238 3557 1300 spe,
3590 1230 3655 1300 u_t
3689 1220 3793 1276 sal-

2205 1310 2312 1356 tem
2337 1291 2447 1355 tam
2477 1299 2585 1352 cito
2612 1291 2884 1363 exoptatis
2920 1291 3199 1347 Gentilotti
3226 1292 3501 1346 laboribus
3530 1292 3639 1347 frui
3665 1307 3794 1362 pos—

2206 1372 2308 1437 sit;
2357 1384 2481 1424 nam
2512 1365 2757 1437 profecto
2793 1371 2853 1418 et
2879 1371 3091 1437 vastum
3135 1363 3238 1417 hoc
3280 1377 3416 1431 opus
3456 1370 3564 1427 est,
3591 1371 3794 1437 et_non

2206 1431 2379 1511 pauca
2411 1439 2465 1493 in
2512 1431 2577 1491 eo
2607 1442 2887 1511 contenta,
2933 1432 3001 1511 ab
3040 1431 3154 1501 ipso
3200 1441 3444 1511 auctore,
3475 1439 3536 1485 ut
3551 1433 3676 1511 ⁸ιιιιί
3729 1431 3795 1486 ad

2209 1500 2293 1567 sui
2343 1508 2709 1573 Cmsarezeque
2759 1500 3097 1573 bibliotheca:
3140 1517 3298 1573 usum
3343 1502 3405 1573 id
3441 1500 3792 1573 confecerat,

2209 1578 2515 1636 censoriam
2568 1569 2773 1637 notam,
2810 1572 2854 1627 si
2878 1571 3085 1625 edenda
3131 1569 3333 1634 forent;
3378 1571 3794 1635 desiderabant,

2210 1665 2278 1704 ne
2306 1648 2448 1704 forte
2470 1645 2772 1701 teneriores
2798 1641 3152 1711 quorumdam
3173 1655 3334 1695 aures
3361 1640 3796 1696 olfenderentur.

2212 1719 2342 1786 Quae
2366 1718 2510 1773 enim
2538 1716 2883 1786 antiquorum
2923 1718 3223 1786 temporum
3254 1712 3797 1786 memoriam_susci-

2215 1779 2348 1853 tant,
2377 1794 2562 1842 nostra
2591 1779 2694 1839 hac
2718 1789 2878 1853 mtaje
2919 1796 3024 1834 non
3059 1779 3238 1853 omnia
3263 1782 3510 1853 omnibus
3547 1781 3797 1851 placent.

2214 1850 2353 1925 Quin
2392 1857 2501 1910 imo
2535 1855 2588 1909 id
2624 1853 2767 1925 mihi
2797 1850 2968 1925 Roma
3002 1850 3165 1904 etiam
3202 1866 3299 1920 per
3325 1850 3685 1925 litteras’non
3716 1866 3801 1906 se-

2212 1920 2320 1983 mel
2360 1925 2560 1988 innuit,
2605 1920 2962 1990 demendique
3004 1935 3096 1991 ea,
3145 1935 3266 1991 quae
3292 1921 3645 1991 viderentur,
3698 1935 3801 1991 pro

2214 2013 2310 2053 sua
2340 1998 2395 2051 in
2423 2010 2509 2050 me
2546 1992 2902 2053 humanitate;
2939 1990 3171 2060 amplam
3200 1990 3422 2046 dederat
3452 1990 3799 2055 facultatem,

2215 2068 2261 2123 si
2288 2067 2580 2121 editionem
2620 2071 2896 2116 maturare
2938 2058 3137 2114 Caesari
3178 2060 3230 2114 in
3263 2060 3443 2115 animo
3483 2069 3651 2116 esset.
3696 2061 3801 2115 Ve-

2215 2153 2335 2192 rum
2361 2144 2420 2190 ut
2444 2134 2497 2188 id
2520 2132 2701 2187 oneris
2726 2145 2879 2195 meo,
2923 2138 2983 2183 ut
3017 2131 3095 2184 ita
3123 2129 3320 2194 dicam,
3349 2132 3589 2200 periculo
3616 2132 3675 2186 in
3712 2147 3801 2185 me

2217 2206 2549 2274 susciperem
2570 2243 2584 2265 ,
2611 2202 2843 2274 vivente
2880 2201 3466 2274 praesertim__auctore~,
3499 2202 3676 2256 multa
3708 2217 3802 2256 ea-

2217 2270 2447 2344 demque
2474 2272 2795 2344 gravissima
2822 2278 3132 2344 argumenta
3157 2270 3566 2344 _dissu_ade_bant,
3594 2287 3725 2342 qua:
3749 2278 3804 2344 et

2219 2340 2464 2411 divinare
2482 2340 2649 2396 facile
2680 2349 2862 2412 potes,
2900 2340 3245 2412 etprolixius
3265 2342 3353 2395 hic
3373 2340 3669 2397 obtrudere
3698 2342 3804 2395 mi-

2218 2410 2364 2468 nime
2389 2410 2777 2467 necessarium.
2796 2410 3075 2481 Accedunt
3101 2411 3450 2481 gravissimae,
3480 2413 3682 2481 quibus
3717 2427 3804 2465 as~

2219 2485 2372 2539 sidue
2412 2482 2693 2544 distineor,
2724 2494 2899 2544 curae;
2943 2479 3148 2534 alienus
3190 2489 3451 2550 praeterea
3488 2479 3559 2534 ab
3586 2482 3801 2536 odiosis

2219 2554 2452 2615 animus,
2505 2561 2669 2619 atque
2696 2550 3101 2619 tranquillitatis
3131 2551 3537 2605 amantissimus
3565 2569 3580 2604 :
3617 2551 3803 2620 quoti-

2219 2625 2308 2678 die
2336 2622 2481 2678 enim
2509 2628 2795 2676 versantur
2816 2622 2885 2675 ob
2914 2620 3101 2675 oculos
3128 2620 3670 2688 przeclarissimorum
3714 2622 3803 2674 vi-

2222 2706 2408 2748 rorum
2439 2689 2569 2755 fata,
2618 2689 2709 2759 qui
2754 2688 2808 2742 in
2854 2689 3353 2771 edeudisaliorum
3400 2690 3656 2771 cperibus
3698 2691 3807 2745 ini-

2220 2778 2387 2834 quum
2425 2772 2556 2834 eane
2595 2757 2931 2834 morosorum
2951 2757 3210 2834 judicium
3244 2757 3451 2830 experti
3497 2768 3627 2815 sunt
3660 2778 3677 2814 :
3710 2774 3806 2815 ne-

2221 2829 2328 2904 que
2384 2830 2610 2904 nostris,
2653 2829 2744 2899 qui
2789 2844 2819 2883 a
2862 2829 3187 2904 bibliotheca
3238 2829 3398 2895 sunt,
3442 2838 3655 2904 tanttun
3705 2831 3804 2885 otii

2220 2900 2365 2958 nunc
2392 2900 2649 2971 suppetit,
2686 2914 2860 2971 neque
2900 2900 2946 2953 si
2977 2908 3305 2971 suppeteret,
3346 2910 3455 2955 tam
3482 2901 3631 2956 brevi
3662 2910 3805 2955 tam-

2221 2988 2327 3099 gue
2355 2968 2558 3052 temere
2586 2970 2639 3052 id
2666 2968 2802 3024 ellici
2832 2978 3035 3040 posset,
3062 2968 3107 3024 si
3128 2969 3271 3026 hanc
3290 2970 3371 3026 eis
3392 2971 3548 3025 velim
3578 2971 3805 3026 deman—

2261 3058 2355 3096 are
2380 3055 2738 3099 nrovmcram.

2261 3058 2355 3096 are
2380 3055 2738 3096 nrovmcram.

2301 3130 2319 3163 ι
2354 3109 2687 3181 Ηεώθεηνίι·
2735 3109 3103 3181 ornatissime,
3153 3113 3224 3173 ὡς
3291 3113 3342 3166 ἐν
3400 3109 3635 3181 παρόὂῳ,
3685 3125 3809 3180 quae

551 3163 742 3271 sol'vit;
782 3218 909 3258 nam
956 3200 1207 3273 egregius
1230 3199 1313 3253 vir
1351 3195 1697 3260 Gentilottus,
1733 3194 1822 3248 vix
1850 3191 2122 3247 renuntia—
2149 3163 2193 3226 Ο
2224 3163 2595 3273 Gentilottiani
2636 3181 2819 3250 operis
2848 3163 3140 3273 editionem
3176 3163 3643 3273 liofa‘riﬁ‘hbiiéé

552 3310 640 3354 tus
681 3296 969 3369 episcopus
1013 3299 1069 3346 et
1101 3291 1354 3362 princeps
1378 3286 1744 3351 Tridentinus,
1803 3282 1989 3340 Romae
2018 3296 2125 3335 non

555 3391 677 3446 sine
701 3387 941 3442 omnium
964 3384 1228 3439 bonorum
1252 3393 1487 3436 mmrore
1514 3384 1784 3447 postremo
1805 3374 1917 3429 fato
1945 3373 2127 3429 subla-

554 3491 663 3543 tus,
691 3493 835 3534 anno
863 3476 1107 3547 proxime
1149 3471 1426 3544 praeterito
1456 3467 1610 3534 1725,
1668 3481 1921 3538 magnum
1948 3465 2129 3520 erudi-

555 3571 720 3627 tionis
744 3566 1075 3623 amatoribus
1102 3563 1185 3619 sui
1214 3560 1539 3618 desiderium
1566 3558 1800 3629 reliquit.
1833 3556 1983 3612 Tunc
2000 3569 2130 3625 ergo

559 3677 750 3719 rursus
783 3660 839 3715 in
868 3674 1021 3730 spem
1049 3664 1265 3738 erectus
1284 3653 1403 3710 fore
1429 3662 1490 3707 ut
1521 3650 1633 3705 voti
1664 3649 1771 3705 mei
1800 3662 2019 3724 compos
2045 3646 2133 3701 lie-

557 3771 699 3820 rem,
729 3752 798 3808 ab
827 3750 1220 3807 humanissimo
1250 3745 1486 3802 Garellio
1516 3742 1648 3813 petii
1683 3750 1742 3796 ut
1768 3742 1984 3811 quando
2006 3754 2131 3810 pro-

564 3847 730 3900 missa
764 3844 926 3898 toties
952 3840 1190 3897 Ermoldi
1234 3838 1420 3901 editio,
1477 3834 1636 3906 longe
1683 3849 1843 3904 quam
1870 3841 2029 3886 antea
2066 3846 2135 3886 ex

565 3934 848 3993 Gentilotti
870 3933 1020 3986 obitu
1065 3930 1332 3985 ditlicilior
1373 3938 1537 3996 atque
1562 3925 1822 3980 remotior
1848 3924 2134 3989 evasisset,

566 4026 637 4082 ab
676 4021 1076 4094 Augustissimo
1122 4019 1358 4083 Caesare,
1413 4014 1758 4072 Collectionis
1795 4013 1959 4067 etiam
2005 4026 2139 4067 meae

561 4127 796 4189 patrono
826 4110 1267 4175 clementissimo,
1291 4107 1408 4179 ejus
1434 4107 1567 4161 mihi
1603 4105 1795 4161 edendi
1822 4104 2034 4159 veniam
2048 4105 2139 4159 de-

566 4209 733 4279 nique
768 4206 1105 4275 impetraret.
1155 4198 1294 4267 Quid
1340 4198 1525 4269 plura?
1560 4197 1739 4253 vicere
1764 4211 1955 4267 preces
1982 4210 2139 4262 meae,

565 4312 622 4356 et
658 4300 861 4355 donum
892 4293 1162 4351 Garellius
1198 4291 1507 4362 impetravit
1537 4309 1550 4345 :
1576 4290 1955 4360 magnanimus
1992 4287 2142 4344 enim

568 4392 883 4462 imperator,
910 4402 975 4443 ac
996 4384 1243 4441 felicitati
1283 4393 1582 4454 temporum
1615 4393 1922 4438 nostrorum
1962 4391 2139 4446 natus,

566 4483 772 4553 quique
804 4495 913 4536 non
952 4486 1062 4531 tam
1092 4476 1216 4530 belli
1261 4491 1419 4545 quam
1452 4476 1604 4547 pacis
1650 4475 1857 4529 artibus
1914 4473 2142 4545 gloriam

569 4573 676 4628 sibi
700 4580 861 4640 atque
885 4566 1344 4623 immortalitatem
1374 4567 1612 4621 nominis
1636 4580 1830 4634 parere
1868 4578 2143 4633 nunquam

573 4660 789 4725 desinit,
819 4659 1133 4714 Ermoldum
1168 4658 1299 4712 mihi
1328 4653 1903 4723 dimittendumjussit,
1929 4668 1985 4711 et
2012 4672 2145 4726 pra:—

574 4753 753 4824 cipue,
784 4765 907 4805 cum
934 4749 1049 4805 sive
1085 4762 1182 4819 per
1211 4745 1631 4802 commentarios
1668 4745 1977 4812 Gentilotti,
2032 4746 2147 4801 sive

572 4860 674 4919 per
707 4859 794 4899 me
817 4841 1121 4913 respublica
1146 4840 1408 4896 litteraria
1434 4839 1748 4894 Ermoldum
1776 4839 2032 4909 accipiat,
2077 4838 2147 4893 ad

572 4952 738 4993 unam
763 4950 975 5006 semper
995 4932 1368 5004 gloriosissimi
1396 4931 1623 5002 Augusti
1646 4930 1825 4986 Caroli
1854 4930 1921 4987 V'l
1950 4932 2146 4987 libera-

572 5026 803 5091 litatem,
832 5033 994 5094 atque
1016 5023 1084 5077 ad
1122 5022 1265 5077 illius
1307 5021 1631 5077 ditissimam
1670 5021 2043 5091 celebremque
2064 5021 2145 5076 bi-

576 5115 925 5178 bliothecam,
973 5128 1093 5181 qua:
1121 5126 1224 5166 una
1251 5110 1488 5166 Ermoldi
1517 5127 1705 5182 poema
1732 5127 1835 5167 ms.
1878 5122 2141 5177 asservat,

575 5208 900 5264 beneﬁcium
922 5202 1184 5274 ejusmodi
1206 5204 1278 5259 sit
1302 5203 1672 5268 referendum;
1701 5203 1872 5273 ipsum
1896 5220 2026 5260 vero
2052 5204 2148 5260 be-

584 5300 835 5355 neficium
857 5314 924 5353 eo
956 5297 1127 5367 pluris
1150 5296 1473 5360 faciendum,
1528 5306 1634 5363 quo
1661 5293 1821 5349 citius
1867 5295 2141 5351 collatum.

578 5392 719 5460 Quid
743 5386 1129 5447 catoccasi'one
1155 5389 1223 5444 ad
1246 5402 1332 5443 me
1356 5387 1729 5457 perscripserit
1753 5388 2151 5453 eruditissimus

582 5480 846 5535 Caesareae
895 5480 1233 5537 bibliotheca:
1276 5475 1562 5548 prmfectus
1623 5476 1910 5547 Garellius,
1975 5499 2154 5556 Opera:

581 5572 815 5646 pretium
839 5573 999 5639 duco,
1024 5572 1165 5645 grati
1205 5571 1369 5629 etiam
1392 5569 1559 5625 animi
1598 5572 1792 5642 gratia,
1829 5572 1919 5630 hic
1970 5577 2149 5647 palam

583 5660 779 5717 facere.

2227 3254 2415 3309 sertim
2468 3258 2724 3313 auctore,
2764 3250 3155 3320 quadamtenus
3204 3252 3474 3306 valebunt.
3519 3250 3807 3305 Verumta-

2227 3338 2352 3379 men
2380 3336 2442 3376 ea
2470 3336 2589 3375 sum
2623 3322 2913 3386 sententia,
2948 3329 3017 3391 ut
3054 3320 3313 3391 quidquid
3355 3322 3439 3377 vel
3475 3322 3540 3375 ad
3572 3322 3809 3391 antiqui-

2227 3401 2393 3449 tatem
2434 3390 2831 3456 illustrandam,
2882 3390 2964 3445 vel
3000 3390 3068 3444 ad
3114 3390 3396 3446 levandam
3440 3390 3809 3447 studiosorum

2229 3462 2599 3531 curiositatem
2653 3460 2850 3527 faciat,
2890 3460 2944 3516 id
2983 3460 3133 3515 nullo
3168 3470 3326 3531 pacto
3373 3462 3427 3515 in
3470 3461 3810 3517 bibliothecis

2230 3540 2493 3603 perpetuo
2548 3530 2621 3584 ita
2676 3532 2961 3603 asservari
2991 3530 3183 3595 velim,
3233 3541 3294 3603 ut
3326 3531 3508 3603 blattis
3542 3532 3809 3602 lineisque

2231 3601 2453 3656 annosae
2503 3607 2792 3671 suppetant
2843 3601 3044 3671 epulae;
3098 3604 3193 3657 sed
3234 3601 3287 3656 in
3342 3602 3518 3656 lucem
3568 3601 3811 3657 omnium

2230 3671 2453 3727 utilitati
2486 3671 2741 3742 proferri,
2784 3680 2984 3740 quanta
3018 3679 3207 3742 potero
3235 3672 3581 3728 accuratione
3612 3680 3669 3726 et
3689 3672 3813 3726 dili-

2232 3742 2415 3813 gentia
2445 3740 2714 3813 studebo,
2751 3740 3103 3812 satagamque
3149 3751 3209 3796 ut
3253 3742 3395 3813 quod
3447 3742 3814 3813 promovendo

2234 3810 2652 3893 ampliandoque
2684 3810 3040 3893 litteratorum
3087 3810 3369 3893 commodo
3412 3810 3467 3866 εί
3490 3812 3701 3893 viribus
3737 3813 3815 3865 inc

2236 3881 2379 3953 genii
2430 3881 2603 3953 deest,
2655 3890 2901 3951 prompta
2932 3882 3120 3953 saltem
3160 3891 3216 3937 et
3254 3884 3485 3953 ingenua
3538 3882 3815 3937 voluntate

2235 3950 2512 4027 pensetur.
2566 3950 2642 4002 lla
2677 3950 2903 4027 semper
2929 3951 3004 4006 fui
3035 3950 3333 4027 animatus,
3365 3968 3544 4023 neque
3570 3953 3814 4027 posthac,

2238 4020 2328 4075 ubi
2358 4035 2492 4103 usus
2508 4020 2743 4103 venerit,
2767 4020 3472 4103 ultro_suader‘e.desistam;
3509 4020 3816 4103 priesgtim

2239 4105 2360 4147 cum
2404 4090 2563 4159 hujus
2591 4089 2829 4163 instituti
2858 4091 2992 4145 adeo
3011 4092 3290 4163 fautorem
3310 4134 3325 4158 ,
3373 4089 3621 4163 quinimo
3643 4093 3815 4147 dicam

2241 4166 2543 4240 auctorem.
2590 4160 2761 4229 ipsum
2797 4159 3251 4240 Angustissimum
3304 4159 3813 4240 clementissimum-

2241 4243 2347 4299 quc
2370 4228 2647 4283 dominum
2689 4244 2865 4284 meum
2888 4232 3129 4300 quotidie
3157 4234 3426 4301 experiar,
3450 4241 3514 4288 ut
3542 4247 3814 4302 nunquam

2241 4307 2693 4380 votaprecesque
2719 4313 2889 4380 meas,
2918 4315 3040 4380 qua:
3068 4302 3146 4356 rei
3170 4302 3448 4380 litterariae
3472 4313 3815 4380 augmentum

2243 4369 2556 4439 TBSFiCiaM.
2588 4371 2774 4424 inanes
2802 4369 2869 4421 ah
2895 4369 3012 4439 ejus
3039 4373 3405 4428 muniﬁcentia
3444 4369 3712 4432 cecidisse
3745 4373 3818 4426 vi-

2246 4438 2439 4523 derim.
2491 4438 2759 4523 Quorsum
2788 4439 3020 4523 ‘isthazc,
3048 4442 3487 4523 inquies,_quasi
3536 4444 3818 4513 quisquam

2170 4512 2222 4571 D
2249 4510 2660 4583 tam_c:ecutia_t,_
2683 4516 2741 4561 ut
2770 4509 2844 4583 de
2870 4512 3096 4583 maximi
3124 4509 3399 4583 principis
3441 4509 3575 4582 erga
3620 4509 3818 4583 litteras

2249 4578 2499 4657 largitate.
2536 4577 2887 4657 dubitet,_ul_)i
2920 4588 3001 4635 tot
3019 4577 3373 4657 monumenta
3414 4577 3635 4639 eximia:
3668 4582 3820 4650 hujus

2281 4647 2429 4728 lorize
2461 4649 2786 4728 supersunt?
2832 4649 2950 4704 Non
2984 4651 3184 4728 alia_de
3213 4667 3410 4717 causa,
3449 4669 3620 4722 quam
3650 4664 3711 4707 ut
3738 4647 3821 4707 ine

2282 4662 2429 4700 torrze
2461 4662 2785 4715 supersunt!
2832 4662 2950 4704 non
2984 4662 3087 4705 alia
3116 4662 3184 4705 de
3213 4667 3410 4717 causa,
3449 4669 3620 4722 quam
3650 4664 3711 4707 ut
3741 4666 3819 4707 me

2245 4662 2444 4796 ffateor
2468 4716 2984 4796 enim)_expur_gem,
3014 4721 3061 4776 si
3088 4720 3269 4796 forsan
3298 4724 3641 4796 morositatis
3669 4725 3819 4778 incu-

2246 4787 2475 4866 Saveris,
2520 4787 2663 4855 quod
2687 4789 2955 4866 mandatis
2983 4792 3211 4846 antehac
3236 4793 3342 4846 tuis
3368 4792 3595 4866 obsequi
3635 4796 3822 4866 iterato

2248 4857 2575 4935 r‘enuerirui
2617 4857 2859 4935 modeste
2915 4875 3143 4935 namque
3190 4877 3294 4935 nec
3342 4863 3459 4935 sine
3506 4857 3822 4918 discrimine

2250 4925 2481 4980 Caesaris
2523 4925 2846 4981 liberalitate
2885 4930 2964 4984 uti
2993 4925 3235 4986 in_more
3281 4932 3453 4989 habeo
3482 4948 3499 4987 :
3533 4935 3699 4988 modo
3730 4948 3823 4986 au-

2251 4996 2892 5077 tem,_quando._‘tempus
2930 5000 3553 5077 ratioque__suadebant,
3592 5004 3825 5072 acceptis

2250 5064 2445 5145 litteris
2475 5066 2601 5129 tuis,
2642 5064 3246 5145 illico'Caesarem'adii,
3275 5074 3518 5145 exposui,
3540 5064 3627 5145 iet
3668 5064 3826 5142 cipe-

2252 5135 2425 5211 suisse
2453 5150 2679 5211 exorare
2700 5135 2820 5211 fuit.
2849 5137 2947 5211 Qui
2980 5140 3248 5211 enimtibi
3277 5135 3482 5211 Optimo
3513 5143 3655 5210 viro,
3696 5135 3827 5197 tam-

2252 5218 2357 5283 que
2385 5204 2529 5283 bene
2548 5205 2614 5259 de
2630 5221 2695 5283 _r_e
2722 5207 2985 5261 litteraria
3014 5210 3229 5283 merito,
3250 5204 3329 5283 id.
3357 5227 3597 5283 unquam
3628 5204 3826 5269 abnue-

2255 5281 2356 5339 ret,
2428 5275 2531 5329 uod
2555 5275 2698 5329 nulla
2730 5292 2891 5331 causa
2915 5275 3263 5347 prohiberet?

2329 5361 2347 5394 ι
2376 5288 2586 5397 [labeas
2637 5346 2798 5397 icitur
2839 5346 3254 5397 Nioelliannmm

2329 5361 2347 5394 ι
2376 5345 2586 5426 Habeas
2637 5346 2798 5426 igitur
2839 5345 3597 5426 Nigellianorumcarminum
3648 5367 3827 5408 crearo

2258 5413 2425 5483 plum,
2467 5413 2678 5492 optima
2708 5416 2811 5472 [ide
2835 5413 3185 5492 exscriptum,
3220 5420 3614 5492 diligenterque
3661 5422 3825 5478 colla-

2258 5492 2407 5566 tum,
2433 5489 2728 5566 eodemque
2771 5495 2976 5566 interea
3013 5489 3701 5566 priscarum'bistoriarum
3733 5507 3827 5546 cn-

2255 5554 2372 5636 pidi
2395 5554 2768 5636 instauarrhze
2801 5561 2875 5612 tui
2909 5554 3080 5628 gratia
3119 5569 3353 5636 recepto,
3382 5563 3451 5617 de
3477 5564 3693 5636 ceteris
3715 5564 3827 5614 Au-

2258 5632 2428 5694 gustae
2482 5625 2816 5700 l.ibli_othec:e
2867 5625 3432 5700 monumentis'spem
3485 5634 3827 5700 concipiant.

2258 5701 2521 5768 vetusque
2548 5694 2680 5768 adeo
2702 5696 2897 5768 dehoc
2920 5698 3187 5768 scriptore
3215 5694 3543 5755 desiderium
3582 5694 3831 5756 solcntur

2262 5760 2373 5818 llac
2398 5760 2575 5819 tamen
2613 5765 2665 5819 id
2692 5766 2787 5822 tibi
2814 5767 2931 5838 lege
2966 5760 3274 5839 praestatur,
3302 5779 3361 5825 ut
3389 5770 3527 5826 nihil
3556 5773 3621 5828 de
3648 5771 3834 5827 Genti-
