4006 6438
472 365 595 422 559-

1787 356 2091 413 ERMOLDI
2128 354 2399 411 NIGELLI

3614 348 3741 404 560

473 476 662 536 dietini
703 476 912 532 ordinis
955 473 1179 547 ejusque
1223 475 1511 540 abbatum,
1553 448 2049 531 monasteriorum,
2072 473 2121 531 A
2148 466 2291 536 quod
2325 467 2393 521 ad
2428 463 2688 532 Nigellam
2728 462 2948 518 ﬂuvium
2980 462 3139 517 situm
3168 469 3346 529 esset,
3377 462 3505 517 inde
3534 477 3627 517 me
3658 460 3747 515 ad

473 578 531 625 et
565 566 781 638 Regulae
813 565 1005 622 laudes
1038 581 1146 622 non
1184 575 1482 631 excurrat;
1526 573 1589 619 ut
1621 564 1835 619 mittam
1871 561 2047 617 eccle-

477 657 754 714 siasticam
782 656 926 711 illius
952 655 1310 711 eruditionem
1330 696 1344 721 ,
1375 671 1495 725 qua:
1523 655 1795 710 hominem
1827 653 2049 707 minime

474 748 676 804 laicum
711 746 923 818 prodit,
958 752 1016 800 et
1049 761 1170 815 quae
1205 745 1272 800 iis
1308 745 1641 815 temporibus
1678 744 1731 798 in
1768 742 2049 798 monachis

482 839 683 910 sapius
717 853 880 907 quam
914 837 970 891 in
1006 837 1354 891 saecularibus
1390 835 1604 891 clericis
1640 834 1873 904 spectari
1911 849 2047 889 con-

402 998 409 1001 _
455 923 694 997 'suevit;
726 929 964 984 abbatem
992 927 1437 1003 quoque_fuisse,
1463 942 1526 982 ea
1558 927 1833 991 indicant,
1865 926 1922 980 ni
1948 924 2053 979 t'al-

473 1021 583 1087 lor,
613 1037 733 1092 qua:
757 1020 806 1076 is
832 1020 997 1076 habet
1019 1020 1112 1075 lib.
1141 1034 1218 1084 tv,
1245 1018 1337 1074 ubi
1362 1017 1761 1090 expeditionem
1791 1017 2051 1071 adversus

473 1113 769 1175 Britannos
795 1111 1021 1166 rebelles
1047 1125 1191 1165 anno
1217 1108 1322 1165 824
1351 1116 1589 1163 enarrat.
1622 1106 1801 1177 lnquit
1828 1105 1971 1161 enim
1998 1123 2012 1159 :

604 1224 714 1274 Huc
737 1229 934 1283 egomet
955 1226 1141 1271 scutum
1166 1221 1403 1283 humeris,
1432 1232 1702 1283 ensemque
1718 1221 1988 1270 revinctum

666 1286 828 1335 Gessi.
844 1285 932 1332 sed
955 1298 1097 1332 nemo
1121 1297 1199 1333 me
1221 1284 1438 1334 lerieute
1459 1283 1611 1332 dolet.
1999 1283 2003 1286 ’

598 1320 1614 1408 ’[³ιῖἔῖιῖῈόἕέἧῖιὲἰέιῖΞ’ἷ-ιέἷί,’ἰὲἱῖῑῖιιῖιῖζ”ἑί
1639 1340 1776 1408 iniit:

706 1362 782 1408 ριιι
805 1362 897 1396 ιιοο
920 1362 1160 1405 εδιιιριριιε
1180 1362 1303 1401 l‘ISll,
1325 1362 1541 1404 miratur,
1563 1362 1614 1393 BI.
1639 1362 1737 1390 Illllt
1762 1362 1776 1390 ζ

668 1362 800 1458 Cede
820 1408 986 1468 armis,
1007 1407 1158 1456 frater
1181 1418 1195 1454 :
1222 1406 1432 1455 litteram
1458 1413 1613 1455 amato
1636 1406 1806 1465 magis.

482 1490 563 1553 Ex
602 1497 688 1552 his
713 1496 892 1567 primo
918 1494 1273 1550 confirmatur
1303 1494 1614 1548 Ermoldum
1644 1502 1891 1547 nostrum
1942 1507 2058 1546 mo-

483 1585 747 1643 nasticam
787 1584 956 1640 vitam
992 1584 1160 1639 fuisse
1194 1583 1536 1655 professum;
1573 1598 1681 1638 non
1720 1583 1825 1637 alia
1860 1584 2059 1653 quippe

482 1678 549 1733 de
578 1691 741 1732 causa
766 1675 1027 1746 Pippinus
1052 1688 1146 1729 rex
1177 1689 1301 1729 eum
1330 1674 1547 1729 intuens
1577 1674 1630 1728 in
1664 1673 1830 1728 risum
1857 1674 2056 1743 erupit,

481 1767 587 1822 nisi
615 1768 741 1837 quia
763 1766 929 1821 armis
957 1762 1259 1821 accinctum
1285 1764 1543 1819 cernebat
1566 1764 1838 1818 hominem
1860 1779 1892 1817 a
1918 1764 2058 1818 mili-

482 1858 589 1913 tari
624 1856 961 1927 prolessione
998 1856 1134 1911 adeo
1167 1855 1436 1919 alienum,
1469 1863 1524 1909 et
1553 1870 1705 1909 arma
1741 1854 2057 1909 monasticae

482 1949 622 2004 vesti
663 1957 776 2003 tam
810 1947 950 2002 male
988 1956 1192 2017 aptata.
1228 1947 1465 2002 Proinde
1498 1961 1624 2001 eum
1663 1946 1888 2000 ridendo
1926 1945 2055 2000 hor-

485 2045 636 2092 tatus
663 2045 749 2092 est
776 2046 838 2092 ut
861 2051 894 2091 a
923 2036 1113 2092 militia
1144 2036 1461 2092 abscederet
1484 2076 1499 2099 ,
1529 2043 1585 2092 et
1611 2035 1918 2091 litterarum
1946 2045 2060 2091 stu-

484 2129 624 2193 diis,
655 2129 799 2198 quod
831 2128 1153 2183 monachum
1183 2128 1409 2183 decebat
1429 2168 1443 2192 ,
1474 2125 1632 2197 eique
1661 2129 1714 2181 in
1744 2141 1893 2182 more
1919 2134 2056 2191 erat,

482 2226 725 2274 vacaret.
780 2217 1052 2273 Praeterea
1088 2218 1240 2273 illum
1280 2218 1501 2286 fratrem
1540 2218 1829 2289 appellavit
1862 2236 1875 2271 :
1918 2219 2062 2273 istud

484 2323 616 2364 vero
642 2324 842 2365 nomen
860 2350 874 2375 ,
908 2325 938 2364 a
967 2325 1075 2380 quo
1105 2324 1248 2365 nunc
1275 2310 1528 2366 monachi
1557 2318 1837 2379 tantopere
1867 2310 2062 2365 abhor-

482 2408 635 2464 rent,
668 2406 724 2455 et
745 2398 1016 2470 religiosis
1040 2400 1305 2455 duntaxat
1328 2400 1764 2456 mendicantibus
1789 2407 2061 2454 servatum

483 2491 713 2558 velunt,
744 2487 874 2547 olim
903 2493 1202 2548 monachos
1227 2493 1567 2563 potissimum
1599 2492 1950 2564 designabat,
1987 2491 2087 2563 uti;

484 2595 677 2636 eorum
725 2588 1028 2651 temporum
1078 2590 1423 2638 monumenta
1474 2579 1762 2645 evincunt,
1809 2581 1919 2636 imo
1963 2581 2066 2636 hoc

486 2671 663 2741 ipsum
685 2686 891 2742 .pocma
930 2689 1037 2729 non
1065 2688 1174 2728 uno
1204 2674 1257 2728 in
1288 2673 1408 2728 loco
1438 2672 1598 2727 ﬁdem
1629 2671 1776 2727 facit.
1819 2671 2067 2727 Secundo

487 2758 621 2821 hinc
656 2761 873 2818 elucere
906 2764 1071 2819 etiam
1102 2774 1281 2835 potest
1320 2765 1632 2821 Ermoldum
1661 2765 1824 2820 alicui
1872 2780 2066 2820 mena-

491 2859 662 2914 sterio
709 2853 912 2913 abbatis
964 2832 1121 2912 titulo
1170 2856 1471 2928 praefuisse.
1529 2858 1784 2913 Pluribus
1833 2858 2071 2913 ostendit
2112 2832 2121 2841 Ἴ

494 2950 844 3006 doctissimus
872 2949 1301 3015 Thomassinius,
1328 2958 1481 3019 parte
1508 2966 1603 3016 ιιι,
1630 2950 1724 3005 lib.
1752 2966 1806 3014 1,
1832 2965 1951 3020 cap.
1976 2949 2066 3013 40,

490 3040 559 3095 de
582 3039 841 3105 Beneﬁc.,
859 3047 1122 3111 regnante
1148 3038 1341 3095 Carolo
1368 3039 1581 3111 Magno,
1607 3041 1829 3112 ejusque
1853 3056 2070 3096 succes-

500 3129 752 3194 soribus,
798 3130 1151 3184 consuevisse
1196 3137 1309 3183 tum
1351 3129 1657 3199 episcopos,
1700 3139 1814 3184 tum
1848 3130 2068 3186 abbates

502 3218 571 3273 ad
610 3217 861 3273 militiam
897 3228 953 3273 et
987 3218 1135 3288 ipsos
1171 3218 1461 3283 accedere,
1502 3233 1738 3288 suosque
1776 3220 1977 3275 milites
2012 3221 2067 3275 in

490 3309 639 3381 regis
684 3308 964 3363 servitium
1012 3309 1229 3363 ducere.
1279 3308 1411 3363 Erat
1456 3308 1508 3365 id
1543 3325 1741 3366 munus
1774 3311 2066 3379 abbatum,

494 3416 602 3455 non
639 3402 1048 3455 monachorum.
1090 3400 1158 3455 Et
1194 3415 1504 3471 quanquam
1539 3399 1765 3458 Carolus
1808 3402 2066 3474 Magnus,

496 3488 696 3566 aliique
726 3489 1055 3550 Francorum
1084 3508 1241 3565 reges
1268 3494 1338 3549 ab
1366 3494 1671 3565 hujusmodi
1702 3510 1868 3551 onere
1896 3496 2072 3552 eccle-

497 3586 747 3643 siasticos
781 3578 1055 3640 interdum
1092 3599 1350 3656 proceres
1382 3584 1748 3654 absolverint,
1779 3587 1858 3642 uti
1893 3588 1946 3642 in
1980 3602 2074 3642 eoa

494 3694 617 3733 rum
653 3670 1053 3749 Capitularihus
1089 3677 1325 3746 legitur;
1366 3685 1421 3732 et
1454 3679 1704 3748 quamvis
1740 3681 2071 3736 monasteria

496 3769 675 3824 forent
708 3783 834 3838 quae
868 3782 899 3822 a
935 3768 1343 3837 suppeditandis
1379 3770 1489 3841 regi
1529 3770 1862 3827 militaribus
1898 3773 2071 3840 copiis

497 3858 759 3914 immunia
796 3859 1147 3923 haberentur,
1185 3866 1421 3914 attamen
1469 3860 1560 3915 ubi
1603 3862 1925 3932 gravissima
1966 3879 2070 3934 pus

495 3948 656 4004 blicae
701 3947 782 4003 rei
822 3948 1120 4003 necessitas
1168 3950 1463 4021 exigebat,
1512 3951 1690 4021 quivis
1734 3952 1970 4022 episcopi
2019 3962 2075 4009 et

498 4038 723 4094 abbates
773 4039 841 4093 ad
892 4038 1271 4109 expeditiones
1317 4040 1581 4097 militares
1624 4040 1931 4110 conﬂuere,
1981 4052 2075 4098 aut

499 4128 691 4186 saltem
730 4142 858 4184 suas
893 4136 1100 4184 turmas
1136 4128 1387 4185 conferre
1424 4131 1776 4202 cogebantur.
1818 4132 1932 4188 lloc
1980 4150 2075 4188 au.

498 4227 606 4275 tem
636 4218 956 4289 praestitisse
986 4217 1333 4274 Hermoldum
1362 4229 1609 4275 nostrum
1639 4221 1766 4276 hinc
1793 4222 2070 4289 discimus,

498 4311 591 4382 qui
626 4311 791 4365 etiam
828 4309 1115 4381 proﬁtetur
1148 4325 1207 4365 se
1238 4308 1307 4364 ab
1336 4310 1579 4365 omnium
1616 4312 1877 4383 sanguine
1910 4313 2077 4369 absti-

499 4402 714 4467 nuisse,
758 4415 934 4471 neque
969 4416 1123 4455 arma
1161 4415 1219 4456 se
1258 4401 1514 4457 detulisse
1548 4401 1601 4456 in
1636 4402 1864 4471 alicujus
1895 4405 2079 4473 perni-

500 4488 639 4547 ciem
667 4510 681 4545 :
717 4484 914 4562 quibus
945 4490 1132 4546 verbis
1162 4491 1409 4545 militiam
1446 4507 1597 4546 suam
1628 4507 1659 4546 a
1686 4492 1916 4548 crimine
1944 4508 2074 4562 pur-

500 4588 623 4651 gat,
655 4592 823 4649 seque
856 4576 1311 4651 irregularitatis,
1342 4588 1402 4635 ut
1428 4596 1571 4635 nunc
1598 4580 1860 4647 dicimus,
1888 4582 2079 4638 vincu-

502 4670 611 4725 lum
641 4666 886 4726 evitasse
911 4670 1114 4741 prodit.

574 4755 714 4816 Sunt
756 4775 888 4831 ergo
934 4775 1056 4831 qua:
1108 4760 1420 4817 Ermoldum
1467 4762 1717 4817 abbatem
1761 4765 2076 4820 monasterii

501 4849 734 4923 alicujus
773 4852 930 4908 nobis
963 4852 1245 4908 exhibent.
1285 4849 1542 4923 Superest
1569 4870 1713 4909 nunc
1741 4862 1802 4909 ut
1838 4855 2077 4925 inquira-

501 4959 624 5000 mus
660 4940 872 4999 cuinam
906 4938 1001 4998 ille
1034 4942 1333 5014 praefuerit.
1372 4942 1506 4999 Cum
1536 4944 1770 5017 legerem
1806 4945 1945 5017 apud
1970 4947 2079 5001 Dn-

503 5034 784 5092 chesnium
808 5043 861 5092 et
875 5031 1157 5090 Baluzium
1179 5030 1236 5090 in
1250 5035 1549 5107 Capitulari
1570 5036 1826 5093 Ludovici
1852 5037 1928 5093 Pii
1952 5054 2077 5109 spec

504 5134 689 5183 ctante
722 5127 786 5181 ad
830 5137 1032 5181 annum
1073 5127 1202 5192 817,
1242 5128 1382 5183 inter
1420 5129 1751 5183 monasteria
1787 5146 1904 5200 qua:
1937 5131 2081 5185 dona

502 5226 552 5272 et
585 5217 832 5272 militiam
881 5217 1058 5287 facere
1107 5215 1321 5281 debent,
1372 5217 1643 5272 recenseri
1692 5219 2078 5274 monasterium

503 5306 727 5380 Nigelli,
764 5300 1089 5363 occurrebat
1124 5306 1258 5361 mihi
1295 5306 1557 5362 dubitatio
1590 5324 1721 5363 num
1751 5310 1851 5364 sub
1882 5308 2081 5380 Nigelli

506 5397 727 5453 nomine
754 5397 940 5452 venire
972 5396 1210 5467 potuerit
1239 5392 1525 5453 Ermoldus
1548 5407 1733 5454 noster
1757 5410 2082 5469 agnomento

514 5484 777 5559 Nigellas.
812 5486 1004 5543 Fuisse
1040 5488 1186 5543 enim
1220 5489 1550 5544 monasteria
1597 5504 1718 5559 qua:
1759 5489 1828 5543 ab
1869 5490 2085 5544 institu-

515 5586 633 5634 tore
671 5592 777 5633 suo
805 5578 1302 5635 denominationem
1332 5581 1669 5651 acceperint,
1704 5580 1925 5636 minime
1951 5580 2086 5635 ditii-

513 5667 621 5724 ciie
649 5654 770 5724 erat
798 5669 1103 5726 ostendere.
1147 5667 1255 5726 Sed
1284 5688 1406 5726 cum
1448 5672 1784 5728 Mabillouius
1821 5671 1875 5726 in
1904 5671 2087 5726 Anna-

512 5756 655 5816 libus
707 5760 997 5817 contendat
1036 5764 1421 5820 monasterium
1451 5765 1552 5820 hoc
1595 5766 1665 5822 ita
1712 5775 2081 5829 nuncupatum

2153 557 2290 612 alias
2326 556 2670 626 conjecturas
2692 554 2954 610 converti.
2991 554 3108 610 Mea
3136 569 3266 625 ergo
3293 554 3339 608 si
3369 568 3475 608 non
3504 561 3746 608 senten-

2150 650 2259 715 tia,
2308 656 2462 703 certe
2503 645 2851 716 conjectura,
2892 645 3079 711 bonis,
3121 652 3181 698 ut
3224 644 3480 708 arbitror,
3529 642 3746 697 funda—

2151 740 2352 794 mentis
2403 739 2590 793 innixa
2643 746 2771 802 est,
2828 750 3023 805 nempe
3071 735 3278 789 nullum
3330 734 3497 789 alium
3552 732 3743 787 fuisse

2151 829 2466 884 Ermoldum
2513 837 2795 891 nostrum,
2844 841 3008 895 quam
3057 823 3438 879 Ermcnaldnm
3488 823 3745 876 abbatem

2152 918 2459 973 monasterii
2485 918 2800 971 Aaianemis
2827 929 2845 967 .'
2875 916 3016 985 quod
3056 929 3229 984 nuper
3257 930 3288 969 a
3317 914 3434 969 veri
3472 914 3748 969 similitu-

2154 1011 2279 1066 dine
2334 1012 2526 1065 abesse
2580 1023 2742 1079 supra
2794 1007 3012 1062 laudato
3062 1006 3374 1061 Mabillonio
3425 1005 3747 1060 videbatur.

2154 1099 2309 1168 Quod
2340 1108 2399 1154 ut
2426 1099 2708 1154 ostendam
2728 1136 2743 1161 ,
2773 1096 2955 1151 norint
2983 1096 3215 1151 lectores
3233 1136 3249 1160 ,
3275 1094 3590 1151 Anianense
3622 1109 3751 1149 mo-

2154 1192 2449 1247 nasterium
2468 1232 2483 1256 ,
2512 1190 2598 1245 cui
2627 1189 2694 1244 ab
2718 1186 2928 1243 Aniano
2953 1204 3111 1243 amne
3135 1189 3364 1244 inditum
3391 1196 3476 1244 est
3501 1202 3706 1243 nomen
3727 1228 3747 1252 ,

2157 1280 2320 1337 situm
2368 1282 2435 1336 ad
2481 1296 2632 1335 oram
2679 1281 2847 1335 maris
2893 1280 3273 1335 Mediterranei
3319 1280 3371 1333 in
3418 1278 3747 1342 Occitania,

2157 1386 2300 1427 nunc
2339 1369 2387 1424 le
2430 1370 2777 1440 Languedoc,
2810 1369 2862 1423 in
2907 1369 3132 1424 dimccsi
3180 1368 3378 1424 Montis
3422 1368 3748 1431 Pessulani,

2159 1477 2302 1516 anno
2346 1461 2453 1517 822
2495 1462 2742 1532 paruisse
2789 1459 3102 1513 Trutesindo
3142 1459 3351 1523 abbati,
3383 1459 3462 1512 uti
3495 1457 3751 1514 Mabillo-

2160 1552 2282 1607 nius
2316 1551 2458 1606 idem
2501 1552 2681 1621 palam
2709 1550 2838 1606 fecit
2865 1550 2921 1605 in
2952 1549 3266 1621 prtel'atione
3297 1549 3365 1604 ad
3394 1550 3575 1604 Vitam
3616 1565 3754 1605 san-

2161 1643 2237 1696 cti
2268 1641 2547 1697 Benedicti
2576 1641 2788 1696 abbatis
2813 1640 3139 1696 Anianensis
3166 1639 3347 1695 sazculi
3376 1655 3431 1693 tv
3460 1638 3749 1694 Benedict.

2160 1742 2318 1802 parte
2359 1749 2409 1798 ι,
2448 1749 2574 1804 pag.
2627 1733 2747 1788 19:2.
2798 1732 3057 1788 Ludovici
3103 1732 3185 1787 Pii
3226 1731 3461 1801 diploma
3505 1732 3559 1785 in
3601 1732 3754 1787 hanc

2085 1823 2132 1882 B
2163 1841 2275 1881 rem
2320 1826 2411 1882 ille
2453 1826 2657 1881 laudat.
2705 1826 2841 1880 Tum
2880 1825 3069 1881 eodem
3111 1833 3397 1890 monente,
3432 1826 3500 1880 ad
3542 1828 3777 1880 annum‘

2137 1914 2265 1976 '855
2305 1928 2361 1972 et
2403 1917 2529 1984 857,
2563 1918 2669 1971 tria
2715 1918 2783 1971 ab
2833 1917 2947 1986 ipso
2986 1915 3261 1971 Ludovico
3300 1915 3588 1987 privilegia
3618 1931 3756 1971 con-

2161 2026 2315 2068 cessa
2340 2008 2488 2064 fuere
2506 2008 2824 2063 Ermeaaldo
2854 2007 3030 2062 abbati
3051 2008 3364 2061 Anianmisis
3391 2010 3704 2061 monasterii
3732 2021 3753 2060 :

2163 2101 2237 2154 ita
2283 2110 2341 2154 ut
2392 2098 2528 2153 nihil
2577 2099 2755 2152 obstet
2810 2097 3099 2167 quominus
3140 2096 3397 2151 arbitrari
3437 2097 3753 2167 possimus,

2164 2199 2285 2262 post
2311 2205 2510 2245 annum
2542 2188 2649 2243 822
2676 2187 3055 2242 Ermenaldum
3080 2188 3222 2242 hunc
3250 2201 3489 2257 praeesse
3518 2185 3757 2255 cepisse

2163 2283 2337 2338 eidem
2366 2280 2717 2335 monasterio.
2747 2278 2915 2333 Porro
2944 2275 3321 2331 Ermenaldum
3347 2285 3404 2330 et
3431 2270 3753 2330 Ermoldum

2167 2372 2310 2428 idem
2340 2386 2536 2426 nomen
2567 2369 2765 2435 fuisse,
2797 2383 2865 2424 ne
2892 2369 3007 2439 ipse
3034 2368 3252 2438 quidem
3282 2367 3629 2422 Mabillonius
3656 2382 3757 2421 ne—

2168 2471 2289 2536 gat,
2321 2463 2538 2533 quando
2580 2462 2907 2533 suspicatur,
2952 2460 3030 2514 uti
3071 2476 3233 2531 supra
3271 2461 3569 2527 adnotavi,
3597 2475 3760 2515 eum-

2169 2558 2293 2612 dem
2326 2556 2471 2611 hunc
2502 2554 2881 2609 Ermenaldum
2914 2552 3083 2609 fuisse
3112 2564 3273 2623 atque
3303 2552 3625 2617 Ermoldus,
3656 2553 3756 2623 qui

2097 2661 2119 2671 ’
2170 2663 2313 2702 anno
2355 2647 2459 2702 83i
2507 2662 2538 2700 a
2579 2645 2853 2701 Ludovico
2878 2644 3121 2714 Augusto
3150 2645 3216 2699 ad
3245 2643 3535 2714 Pippinum
3566 2659 3756 2715 regem

2173 2740 2371 2794 missus
2421 2736 2540 2791 fuit.
2588 2735 2724 2790 Nam
2770 2734 3124 2790 Ermenaldus
3179 2742 3342 2805 atque
3393 2734 3758 2789 Ermenoldus

2171 2843 2338 2882 unum
2372 2842 2566 2882 nomen
2599 2833 2721 2880 erat.
2745 2825 2873 2879 olim
2901 2841 2915 2891 ;
2949 2839 3119 2894 eaque
3148 2824 3213 2878 de
3244 2840 3406 2900 causa
3438 2826 3582 2895 apud
3615 2824 3758 2878 Labo

2170 2919 2333 2974 benm
2380 2917 2563 2972 tom.l
2603 2917 2859 2973 Biblioth.
2907 2917 3399 2987 manuscriptorum
3445 2918 3499 2971 in
3541 2916 3752 2972 Hister.

2173 3008 2477 3078 episcopor.
2519 3007 2878 3063 Antissiodor.
2923 3008 3165 3063 occurrit
3206 3007 3372 3061 etiam
3412 3020 3584 3061 comes
3627 3010 3759 3078 pagi

2176 3098 2649 3153 Antissiodorensis
2690 3098 3041 3152 Ermenolclus
3079 3100 3326 3162 nomine;
3354 3108 3411 3153 et
3441 3099 3583 3168 apud
3628 3098 3761 3153 Boi-

2096 3183 2140 3249 C
2174 3191 2389 3247 landum
2424 3192 2490 3246 ad
2533 3192 2673 3245 diem
2705 3192 2738 3245 6
2764 3190 3006 3245 Januarii
3045 3191 3100 3244 in
3146 3189 3266 3246 Act.
3317 3190 3591 3257 Sauctor.,
3629 3191 3761 3245 Vita

2167 3280 2339 3334 sancti
2380 3279 2691 3334 Ermenoldi
2723 3280 2836 3335 sive
2859 3280 3177 3335 Ermiaoldi.
3207 3279 3320 3348 Qua
3347 3281 3561 3335 ratione
3581 3282 3760 3335 etiam

2168 3371 2222 3427 in
2252 3371 2492 3441 antiquis
2529 3372 2684 3427 libris
2724 3387 2877 3441 aeque
2923 3371 3118 3441 legitur
3153 3371 3422 3427 Arualdus
3460 3379 3517 3426 et
3554 3370 3765 3425 Arnol-

2168 3461 2267 3516 (ἕως
2286 3502 2301 3527 ,
2347 3461 2642 3516 Rainaldus
2671 3469 2727 3517 et
2755 3461 3046 3516 Bainoldus
3065 3501 3080 3527 ,
3120 3460 3403 3515 Bertaldus
3426 3469 3482 3517 et
3502 3461 3761 3515 Bertholo

2171 3554 2304 3621 dus,
2335 3554 2621 3609 Huaaldus
2662 3563 2720 3610 et
2765 3553 3080 3621 Hunoldus,
3111 3553 3453 3609 Atltelbaldua
3495 3563 3549 3608 et
3591 3553 3766 3608 Adel-

2171 3647 2386 3711 boldus,
2419 3655 2477 3701 et
2502 3656 2698 3701 ctetera
2728 3646 2992 3718 ejusmodi
3024 3648 3264 3701 nomina.
3314 3645 3428 3716 Age
3456 3660 3585 3700 vero
3613 3660 3761 3700 exe-

2171 3747 2380 3804 rantur,
2430 3752 2551 3807 quae
2594 3752 2681 3792 me
2722 3738 2789 3792 ad
2819 3737 3200 3807 suspicandum
3234 3735 3545 3806 impellunt,
3578 3750 3764 3789 unum

2171 3832 2527 3901 eumdemque
2556 3830 2830 3885 hominem
2854 3828 3022 3884 fuisse
3054 3826 3465 3882 Hermenoldum
3505 3826 3765 3880 abbatem

2172 3922 2545 3986 Auianensem,
2573 3932 2628 3977 et
2669 3919 3013 3975 Ilermoldam
3055 3928 3309 3974 nostrum.
3351 3916 3467 3973 Jam
3521 3919 3762 3973 nomina

2173 4013 2506 4068 concordare
2546 4012 2808 4076 vidimus,
2852 4011 3171 4080 dignitatem
3211 4016 3268 4064 et
3314 4017 3543 4078 tempus.
3588 4006 3765 4062 Nune

2176 4103 2315 4157 addo
2369 4102 2584 4158 elucere
2626 4116 2693 4156 ex
2757 4103 2874 4172 ipso
2920 4110 3199 4171 poemate,
3249 4099 3681 4161 monasterium,
3734 4114 3769 4153 a

2176 4206 2283 4261 quo
2337 4192 2556 4247 avulsus
2609 4190 2787 4247 fuerat
2834 4200 2993 4261 poeta
3046 4200 3233 4247 noster
3288 4199 3345 4245 ct
3391 4191 3443 4244 in
3488 4189 3765 4244 exsilium

2180 4293 2367 4349 actus,
2416 4285 2484 4340 ad
2531 4284 2876 4355 Aquitaniam
2922 4292 3225 4352 spectasse,
3275 4285 3377 4339 hoc
3415 4291 3495 4337 est
3539 4283 3612 4336 ad
3678 4298 3768 4337 re

2178 4394 2342 4448 gnum
2377 4380 2463 4433 cui
2492 4388 2619 4433 tunc
2643 4378 2902 4449 Pippinus
2931 4379 3188 4433 Ludovici
3216 4376 3299 4432 Pii
3327 4377 3463 4431 ﬁlius
3488 4384 3770 4445 prmerat.

2103 4535 2155 4593 Π
2181 4468 2294 4525 Sub
2325 4469 2486 4523 linem
2518 4469 2611 4523 lib.
2643 4484 2661 4522 ι
2692 4468 2807 4523 hzec
2833 4468 2933 4524 sibi
2961 4476 3111 4539 optat
3140 4467 3460 4524 Ermoldus:

2305 4602 2547 4664 Letusut
2568 4601 2708 4651 exsul
2734 4608 2817 4652 eat
2843 4602 3035 4664 Pipplni
3070 4603 3116 4651 in
3141 4613 3294 4662 regna
3322 4596 3558 4663 potentis,

2365 4663 2590 4716 Conferat
2612 4665 2903 4726 Altitonans,
2923 4663 3083 4715 Caesar
3106 4670 3161 4713 et
3183 4668 3289 4726 ipse
3314 4670 3498 4725 potens.
3554 4702 3571 4719 ,

2182 4766 2371 4823 Itidem
2401 4775 2689 4838 antequam
2719 4766 2935 4822 claudat
2965 4767 3159 4822 librum
3191 4782 3250 4820 ιιι
3284 4767 3357 4820 ita
3384 4764 3573 4819 canit:

2308 4879 2427 4930 Haec
2451 4881 2621 4928 eadem
2650 4879 2803 4941 pietas
2825 4881 2992 4940 (posco
3016 4885 3066 4926 et
3090 4889 3294 4939 reposco
3312 4875 3486 4938 ηιιειιε)

2367 4942 2551 4993 hiemet
2572 4942 2774 5004 l'ippino
2799 4941 2969 4990 reddat
2991 4942 3151 5003 opima
3173 4942 3268 5001 pio.

2184 5038 2355 5093 Viden
2404 5046 2466 5093 ut
2491 5038 2745 5093 Ermoldo
2773 5047 2960 5093 nostro
2988 5037 3150 5093 fuerit
3179 5053 3286 5092 non
3315 5035 3483 5091 solum
3511 5036 3685 5090 sedes
3717 5037 3775 5089 in

2182 5127 2509 5197 Aquitanico
2562 5143 2759 5199 regno,
2811 5128 2905 5185 sed
2953 5130 3119 5185 etiam
3166 5129 3306 5199 apud
3355 5126 3649 5197 Pippinum
3696 5128 3778 5182 ibi

2187 5230 2369 5285 regem
2400 5218 2634 5287 plurima
2665 5219 2881 5288 gratia?
2910 5219 3103 5274 Statim
3136 5220 3304 5289 igitur
3328 5217 3576 5273 occurrit
3609 5219 3782 5274 nobis

2186 5309 2483 5364 Aniattense
2519 5314 2892 5366 monasterium
2929 5312 2984 5367 in
3020 5312 3309 5381 Aquitania
3354 5311 3636 5381 positum,
3679 5312 3780 5366 cui

2186 5408 2315 5457 tunc
2342 5401 2621 5471 praefuisse
2650 5403 3030 5458 Ermenoldum
3051 5443 3067 5469 ,
3096 5404 3211 5459 sive
3240 5404 3554 5460 Ermoldum
3602 5405 3783 5459 abba-

2184 5499 2294 5547 tem
2324 5507 2495 5564 nuper
2527 5494 2781 5549 vidimus.
2824 5494 3049 5550 Accedit
3076 5495 3219 5566 quod
3249 5496 3417 5567 ipsius
3446 5496 3786 5552 monasterii

2185 5587 2521 5641 conditorem
2557 5587 2906 5643 Benedictum
2930 5588 3104 5643 virum
3140 5588 3432 5644 sanctitate
3456 5586 3743 5642 celebrem
3762 5628 3781 5652 ,

2186 5678 2368 5747 ibique
2406 5678 2640 5747 primum
2667 5678 2913 5735 abbatem
2933 5718 2948 5744 ,
2976 5696 3040 5735 ac
3063 5689 3250 5750 postea
3275 5680 3341 5734 ad
3370 5680 3787 5735 monasterium

2190 5767 2416 5823 lndcnse
2446 5769 2764 5825 translatum
2782 5810 2797 5833 ,
2827 5777 2881 5822 et
2910 5770 3182 5827 Ludovico
3211 5771 3307 5825 Pio
3337 5786 3496 5833 supra
3528 5782 3787 5825 ueteres
