4006 6446
224 380 311 436 561

919 373 1007 428 DE
1046 373 1272 429 REBITS
1311 371 1556 427 GESTlS
1594 371 1913 428 LUDOVICI
1957 373 2061 428 Pll.
2099 407 2167 417 ——
2202 376 2734 434 PROLEGOMENA.

3344 384 3454 442 562

231 491 514 552 monachos
547 473 803 555 charum,
834 488 1121 544 Ermoldus
1157 496 1342 542 noster
1371 488 1472 543 sub
1504 487 1665 542 ﬁnem
1714 488 1772 540 li-
1810 489 1857 547 Α
1887 488 1988 542 hoc
2027 489 2144 558 ipso
2203 498 2452 559 poemate
2489 491 2623 546 satis
2664 491 3087 550 intellexerimus
3138 496 3452 556 Ermoldum

233 586 309 642 bri
357 599 393 636 ιι
440 580 684 649 pluribus
730 580 1097 642 commendat,
1152 579 1462 648 pariterque
1511 579 1564 632 in
1607 579 1778 648 ipsius

232 671 538 732 Anianensis
585 669 814 724 cmnobii
863 669 1047 724 laudes
1093 671 1352 725 excurrit.
1404 669 1676 730 Praeterea
1725 672 1778 725 in

227 763 365 819 calce
396 759 514 812 libri
546 775 604 811 ιιι
636 759 872 828 ejusdem
903 759 1074 813 sancti
1116 759 1390 814 Benedicti
1436 768 1664 814 mortem
1695 775 1783 815 re—

229 855 328 910 fert
347 893 360 918 ,
392 865 509 920 quae
537 865 680 904 anno
708 849 800 904 821
839 849 1102 919 contigit,
1135 849 1374 920 quinque
1404 849 1656 907 videlicet
1683 866 1780 903 an-

226 947 306 1002 nis
334 950 620 1011 antequam
649 940 966 996 Hermoldus
995 950 1182 997 noster
1207 957 1363 996 suum
1392 956 1581 1011 poema
1613 942 1780 996 eonﬁv

224 1043 385 1091 ccret.
419 1033 493 1087 lbi
521 1048 651 1088 vero
680 1032 747 1088 ad
776 1033 949 1103 ipsum
980 1040 1224 1087 sanetum
1266 1032 1442 1086 virum
1483 1047 1779 1087 conversus

227 1125 334 1179 hmo
367 1123 528 1177 habet
556 1139 569 1175 :

397 1250 597 1302 Tertius
618 1251 665 1300 in
691 1258 854 1301 vestro
872 1251 1014 1300 ﬁnem
1040 1259 1178 1303 tenet
1198 1265 1315 1302 ecce
1343 1252 1536 1303 libellus

460 1311 687 1376 Nomine,
712 1319 767 1363 ut
788 1313 996 1363 Ermoldi
1017 1318 1086 1364 sis
1103 1329 1286 1364 memor
1309 1315 1435 1364 alme
1462 1319 1551 1365 tui.

221 1416 343 1481 Cur,
370 1415 586 1478 amabo,
616 1415 961 1471 Benedictum
987 1417 1114 1470 olim
1140 1418 1502 1472 Anianensem
1528 1418 1780 1472 abbatem

221 1513 399 1576 rogat,
431 1513 493 1558 ut
520 1504 762 1559 Ermoldi
790 1507 873 1560 sui
904 1506 974 1559 sit
1002 1521 1230 1567 memor,
1264 1506 1366 1560 nisi
1407 1507 1536 1576 quia
1575 1506 1783 1562 Ermol-

219 1595 314 1649 dus
343 1594 399 1647 in
429 1593 668 1662 ejusdem
699 1596 932 1650 ccenobii
967 1597 1226 1666 regimine
1265 1597 1552 1652 Benedicto
1582 1605 1636 1652 et
1668 1598 1781 1667 ipse

219 1693 580 1749 successerat,
613 1684 834 1755 ejusque
866 1685 1118 1742 fortassis
1145 1688 1309 1743 etiam
1341 1688 1635 1764 discipulus
1668 1690 1780 1750 fue-

215 1775 330 1827 rat?
367 1773 499 1840 Qua:
536 1776 720 1830 omnia
759 1791 824 1832 eo
867 1778 1081 1834 tandem
1108 1777 1433 1843 collineant,
1460 1787 1519 1833 ut
1534 1780 1774 1834 .nimium

213 1865 497 1920 verisimili
552 1867 767 1922 ratione
818 1868 965 1922 ducti
1013 1884 1402 1939 agnoscamus,
1453 1870 1775 1938 scriptorem

211 1965 464 2011 nostrum
514 1974 682 2015 unum
727 1975 850 2014 eum
898 1960 1216 2016 Ermenaldo
1267 1961 1560 2017 Anianense
1594 1965 1778 2020 abbate

207 2049 538 2102 censendum
567 2065 707 2115 esse,
739 2065 968 2118 eumque
995 2051 1166 2120 ipsum
1197 2051 1506 2108 Ermoldum
1538 2054 1774 2112 abbatem

208 2136 403 2202 fuisse,
434 2138 531 2206 qui
562 2153 592 2191 a
619 2137 888 2193 Ludovico
914 2139 1009 2194 Pio
1033 2141 1100 2195 ad
1125 2140 1406 2209 Pippinum
1436 2142 1602 2198 ﬁlium
1632 2161 1774 2201 anno

205 2226 302 2281 834
331 2227 548 2298 legatus
587 2238 672 2283 est
710 2229 930 2284 missus.
971 2228 1104 2284 Nam
1137 2231 1279 2300 quod
1312 2231 1654 2288 Mabillonius
1680 2235 1774 2289 adv

202 2335 387 2375 versus
418 2319 732 2389 hujusmodi
761 2321 1069 2391 Opinionem
1096 2322 1293 2390 objeclt
1311 2365 1324 2390 ,
1357 2340 1550 2396 nempe
1578 2327 1771 2382 verisi-

199 2410 319 2464 mile
355 2427 704 2481 nequaquam
739 2428 860 2468 esse
901 2429 933 2472 a
986 2413 1260 2469 Ludovico
1288 2413 1530 2485 Augusto
1561 2417 1614 2470 id
1653 2434 1774 2472 mu-

198 2500 337 2555 neris
389 2501 447 2556 ei
496 2503 846 2557 commissum
895 2505 988 2573 qui
1037 2503 1486 2560 Lotbarianarnm
1533 2509 1770 2577 partium

197 2589 400 2657 pridem
457 2589 677 2657 fuisset,
730 2592 879 2647 nullo
929 2593 1122 2649 nititur
1167 2594 1557 2664 fundamento;
1611 2599 1772 2669 idque

196 2678 391 2747 optime
449 2681 712 2736 sensisset
757 2684 1006 2754 egregius
1053 2684 1139 2739 ille
1179 2687 1429 2755 scriptor,
1481 2689 1526 2743 si
1577 2690 1664 2755 ei,
1714 2698 1774 2745 ut

194 2784 332 2825 nunc
362 2772 528 2828 nobis
549 2812 564 2836 ,
600 2781 769 2826 totum
799 2774 1035 2828 Ermoldi
1063 2790 1254 2844 poema
1286 2777 1468 2845 legere
1506 2778 1766 2835 licuisset.

195 2858 410 2918 Summe
441 2863 803 2926 abominanda
834 2863 1064 2920 ﬁliorum
1097 2867 1396 2938 eonjuratio
1443 2871 1494 2924 in
1539 2871 1770 2927 Ludovi-

191 2964 310 3004 cum
339 2951 504 3008 Pium
532 2953 697 3009 veluti
727 2970 794 3010 ex
835 2972 937 3012 ovo
981 2960 1196 3014 tandem
1239 2963 1415 3032 erupit
1458 2979 1600 3018 anno
1641 2965 1762 3021 850.

198 3041 404 3100 Attente
435 3056 621 3102 autem
655 3048 852 3120 legenti
885 3066 1104 3107 carmen
1135 3053 1371 3109 Ermoldi
1405 3058 1576 3112 nostri
1607 3057 1766 3114 facile

190 3139 467 3194 constabit
497 3140 626 3194 illud
653 3157 794 3197 anno
824 3143 927 3198 826
955 3146 1260 3201 confectum
1290 3147 1456 3203 fuisse
1477 3190 1492 3215 ,
1534 3158 1591 3205 et
1635 3165 1762 3205 eon-

194 3240 488 3297 sequenter
525 3235 762 3290 auctoris
802 3237 1056 3291 delictum
1101 3247 1264 3308 atque
1305 3237 1556 3295 exsilium
1604 3241 1763 3314 longe

191 3325 537 3388 prmeessisse
568 3323 986 3381 funestissimam
1026 3329 1168 3383 illam
1200 3330 1531 3391 Francorum
1563 3341 1767 3404 tragoe-

193 3410 355 3465 diam.
409 3413 541 3480 Quae
586 3415 633 3469 is
682 3427 903 3481 narrat,
948 3419 1002 3472 in
1046 3421 1235 3473 eodem
1277 3438 1419 3477 anno
1448 3421 1551 3477 8‘26
1592 3424 1766 3478 consi-

190 3509 378 3567 stunt;
413 3511 530 3558 tum
556 3505 622 3560 iis
653 3508 924 3562 enarratis
953 3511 1210 3564 continuo
1241 3509 1518 3582 subjungit
1557 3496 1613 3567 in
1655 3514 1763 3568 ﬁne

186 3607 369 3662 operis
399 3612 413 3648 :

245 3727 591 3806 limcquoque
614 3731 727 3804 dum
753 3744 1004 3805 canerem.
1045 3737 1305 3788 Strazburc
1339 3740 1539 3791 custode
1566 3742 1760 3806 tuebar,

306 3790 490 3840 Delieti
511 3790 695 3854 proprii
717 3796 940 3844 conscius
963 3807 1111 3859 atque
1135 3812 1269 3849 reus.

183 3931 323 4005 Ergo
353 3936 546 3991 eodem
574 3953 716 3996 anno
745 3939 849 3994 826
879 3941 925 3994 is
965 3957 1182 3996 carmen
1227 3957 1379 3998 suum
1418 3944 1754 4002 lucubrabat.

184 4019 406 4077 Accedit
446 4028 587 4095 quod
623 4028 910 4084 Ermoldus
947 4029 1260 4086 Lotbarium
1281 4073 1295 4099 ,
1328 4033 1629 4104 Pippinum,
1649 4037 1758 4091 Au-

184 4113 318 4181 gusti
348 4114 522 4181 ﬁlios,
550 4116 856 4174 Matfridum
901 4129 957 4177 et
1004 4121 1282 4193 Ilugonem
1308 4128 1564 4194 comites,
1594 4129 1757 4184 alios-

183 4213 282 4267 que
312 4214 707 4260 commemorat
732 4210 965 4276 passim,
997 4210 1208 4278 laudat,
1257 4229 1552 4285 eorumque
1593 4219 1758 4274 bene-

181 4290 470 4348 volentiam
512 4306 733 4365 captare
765 4299 996 4366 nititur;
1031 4301 1122 4369 qui
1155 4311 1333 4357 tamen
1361 4306 1562 4373 primas
1593 4323 1764 4378 egere

180 4379 229 4432 in
273 4390 350 4436 tot
400 4385 576 4439 turbis
624 4395 812 4442 contra
854 4389 1156 4458 piissimum
1189 4393 1570 4461 imperatorem
1601 4399 1752 4453 exci-

181 4471 316 4526 tatis.
369 4473 428 4528 Si
474 4475 600 4529 dum
644 4477 758 4532 hme
803 4480 1064 4535 scriberet
1104 4482 1422 4550 Ermoldus,
1469 4489 1746 4545 teterrima

178 4556 260 4613 illa
292 4564 602 4620 animorum
632 4569 922 4623 commotio
944 4571 1057 4640 jam
1099 4573 1418 4639 accidisset,
1463 4577 1750 4656 eidemque

176 4647 442 4711 immistus
477 4665 530 4710 et
559 4658 672 4727 ipse
701 4659 924 4727 fuisset,
956 4661 1024 4716 ab
1067 4664 1218 4720 hisee
1258 4667 1590 4738 principibus
1631 4647 1756 4736 tam

173 4755 306 4835 saepe
353 4747 644 4804 laudandis
688 4751 930 4820 profecto
973 4756 1360 4825 abstinuisset,
1404 4764 1746 4835 quandoqui—

175 4831 288 4889 dem
336 4841 404 4894 ad
454 4839 785 4896 Ludovieum
835 4854 944 4898 tam
987 4847 1128 4902 male
1156 4850 1223 4903 ab
1254 4851 1318 4904 iis
1348 4851 1592 4908 habitum
1627 4831 1741 4913 haec

173 4931 479 4998 scribebat,
523 4942 579 4988 et
625 4937 694 4990 ab
737 4937 852 5005 ipso
895 4937 1166 4997 Ludovico
1206 4944 1462 5011 poscebat
1499 4948 1744 5005 criminis

173 5022 379 5078 veniam
400 5035 460 5080 et
483 5025 784 5082 libertatem
807 5031 1112 5098 pristinam.
1133 5031 1245 5087 Non
1264 5041 1347 5088 est
1366 5049 1495 5106 ergo
1519 5037 1748 5094 miscen-

172 5107 266 5165 dus
293 5123 451 5182 poeta
481 5126 665 5171 noster
690 5133 812 5172 cum
839 5121 1174 5189 gravissimis
1204 5125 1329 5178 anni
1359 5125 1462 5180 850
1484 5135 1540 5181 et
1563 5129 1748 5184 subse-

172 5203 443 5264 quentinm
476 5206 790 5263 tumultibus
815 5225 829 5273 ;
855 5217 1016 5283 atque
1039 5227 1106 5264 ex
1135 5211 1241 5267 alio
1265 5213 1419 5282 plane
1444 5217 1669 5272 crimine
1691 5219 1744 5272 in

173 5288 416 5346 exsilium
439 5293 603 5350 fuerit
625 5296 712 5350 ille
735 5305 916 5354 trusus
939 5309 1066 5356 ante
1089 5317 1288 5356 annum
1302 5304 1427 5358 826.
1446 5305 1599 5362 Nunc
1612 5324 1744 5363 vero

173 5378 474 5446 conjectare
501 5386 601 5438 rite
624 5401 908 5454 possumus
951 5404 1072 5443 eum
1094 5392 1183 5445 vix
1208 5402 1328 5462 post
1351 5395 1589 5450 oblatum
1618 5414 1739 5467 poe-

172 5478 252 5520 ma
283 5469 383 5526 hoc
413 5473 684 5532 Ludovico
734 5477 979 5549 Augusto
1019 5481 1323 5536 restitutum
1351 5483 1514 5540 fuisse
1543 5487 1594 5539 in
1623 5504 1740 5558 gra-

175 5557 294 5613 tiam
316 5564 599 5637 principis,
629 5585 694 5623 ac
717 5570 910 5624 deinde
935 5586 1074 5626 anno
1099 5573 1200 5626 854
1229 5573 1344 5643 ejus
1369 5557 1734 5646 integritatem

177 5665 233 5704 ac
259 5654 414 5712 ﬁdem
445 5661 578 5717 adeo
605 5675 945 5734 perspectam
973 5667 1158 5733 fuisse,
1187 5679 1247 5723 ut
1271 5687 1394 5725 eum
1426 5671 1732 5730 Ludovicus

177 5739 422 5814 delegerit
464 5751 692 5822 legatum
731 5755 794 5810 ad
839 5755 1005 5812 ﬁlium
1042 5758 1338 5829 Pippinum.
1376 5763 1485 5820 lmo
1515 5782 1635 5822 eum
1663 5784 1728 5823 ex

1877 591 2129 633 nostrum
2177 579 2402 650 Pippino
2448 581 2547 651 ipsi
2598 581 2938 650 potissimum
2977 585 3249 642 studuisse
3293 591 3452 659 eique

1883 671 2109 724 charum
2147 669 2343 738 fuisse,
2388 671 2547 726 simul
2585 673 2748 727 etiam
2790 675 2855 728 ad
2885 674 3084 731 clarius
3122 682 3452 749 perspicien-

1882 759 2012 814 dum
2063 761 2381 816 deducimur
2427 779 2594 832 quare
2644 764 2944 822 Ludovicus
2987 767 3191 834 Caesar,
3239 774 3451 829 caeteris

1883 853 2059 922 ipsum
2099 854 2392 924 praeferens
2413 896 2428 922 ,
2457 871 2522 911 eo
2550 857 2629 910 uti
2661 858 2912 913 maluerit
2947 862 3014 915 ad
3043 861 3450 932 signiﬁcandam

1882 943 1992 997 ﬁlio
2021 951 2255 999 mentem
2285 961 2436 999 suam
2455 987 2469 1013 ,
2505 947 2876 1017 aptioremque
2904 949 3052 1004 illum
3083 953 3356 1008 censuerit
3384 955 3453 1009 ad

1880 1039 2324 1107 pertractandam
2367 1057 2489 1096 eum
2534 1043 2762 1113 Pippino
2803 1046 2918 1114 ipso
2959 1048 3037 1102 rei
3073 1048 3453 1107 ecclesiastica:

1882 1131 2277 1185 restitutionem
2309 1132 2363 1186 in
2392 1131 2695 1203 Aquitanae
2734 1150 2919 1206 regno.

1949 1221 2125 1290 Atque
2145 1221 2260 1276 haec
2279 1229 2406 1277 sunt
2432 1237 2549 1294 quae
2570 1224 2636 1279 de
2658 1233 2876 1282 auctore
2912 1229 3170 1284 carminis
3202 1231 3335 1286 mihi
3368 1233 3452 1287 di-

1880 1312 2049 1366 cenda
2074 1320 2413 1367 succurrunt.
2459 1312 2636 1369 Pauca
2674 1332 2817 1374 nunc
2848 1317 2916 1374 de
2945 1318 3059 1388 ipso
3087 1323 3323 1376 carmine
3360 1326 3453 1380 ad-

1881 1401 2089 1456 damus.
2118 1403 2291 1457 Habet
2339 1402 2582 1472 profeeto
2622 1406 2689 1460 ad
2728 1423 2789 1462 ea
2831 1416 3069 1479 tempora
3118 1411 3450 1469 Francorum

1882 1492 2108 1547 historia
2136 1495 2390 1561 probatos
2417 1502 2471 1549 et
2496 1494 2630 1550 ﬁdos
2670 1497 2980 1566 scriptores.
3032 1501 3284 1558 Attamen
3323 1505 3455 1560 illud

1879 1585 2434 1653 animadvertendum,
2463 1603 2568 1642 non
2601 1604 2718 1644 esse
2739 1590 3119 1648 historicorum
3143 1605 3237 1650 aut
3255 1612 3452 1654 munus

1880 1681 1975 1734 aut
2001 1675 2465 1746 consuetudinem,
2501 1681 2706 1736 minuta
2735 1698 2965 1754 qumque
2991 1689 3260 1757 persequi.
3289 1689 3454 1758 idque

1878 1768 2182 1838 praesertim
2206 1768 2258 1824 in
2289 1769 2472 1825 oculos
2503 1770 2742 1826 incurrat
2763 1772 3080 1843 legentibus,
3105 1778 3283 1848 magni
3306 1787 3454 1834 certe

1804 1835 1851 1894 Β
1878 1856 2409 1929 faciendos,jejunos
2435 1868 2614 1916 tamen
2637 1902 2652 1928 ,
2695 1861 3027 1919 Francorum
3054 1866 3311 1923 Annales.
3358 1869 3458 1925 Ve-

1878 1963 1998 2002 rum
2044 1956 2253 2017 poetas,
2285 1964 2393 2002 non
2424 1949 2600 2004 solum
2628 1951 2800 2016 decet,
2827 1953 2921 2006 sed
2967 1953 3133 2007 etiam
3179 1956 3316 2010 artis
3343 1972 3454 2012 suae

1878 2039 2178 2096 institutum
2217 2040 2532 2117 plerumque
2560 2043 2703 2118 cogit
2727 2081 2743 2109 ,
2785 2044 2858 2097 ita
2887 2059 3069 2098 rerum
3099 2057 3324 2102 eventus
3361 2057 3455 2103 aut

1875 2147 2032 2188 veros
2055 2140 2148 2187 aut
2180 2133 2331 2188 ﬁctos
2375 2133 2714 2200 describere,
2762 2144 2822 2190 ut
2869 2138 2932 2192 ad
2972 2138 3260 2208 singularia
3287 2141 3455 2196 etiam

1874 2221 2233 2276 minutissima
2275 2223 2616 2278 descendant.
2675 2224 2847 2292 Quam
2887 2226 3060 2299 legem
3109 2229 3176 2284 ab
3203 2230 3453 2288 Ermoldo

1872 2320 2058 2366 nostro
2079 2327 2187 2367 non
2213 2327 2336 2367 raro
2362 2313 2573 2382 impleri
2593 2315 2796 2381 videas,
2811 2332 2980 2386 eaque
3003 2319 3208 2374 ratione
3236 2319 3449 2379 illorum

1872 2408 2175 2471 temporum
2204 2403 2338 2458 ritus
2365 2418 2429 2457 ac
2469 2401 2648 2459 mores
2676 2405 2930 2475 graphice
2976 2407 3254 2463 delineari.
3306 2410 3446 2466 Hinc

1871 2501 2052 2552 autem
2077 2494 2400 2550 eruditionis
2424 2510 2605 2564 penus.
2633 2497 2796 2554 habet
2839 2500 2980 2556 unde
3006 2512 3298 2571 augeatur,
3323 2521 3450 2575 sup-

1851 2583 2141 2653 -plentibus
2168 2586 2341 2654 poetis
2387 2602 2450 2641 ea
2480 2603 2600 2657 quae
2636 2589 2688 2643 in
2740 2589 3186 2663 historiograpbis
3222 2593 3334 2649 fere
3361 2596 3454 2651 de-

1871 2676 2198 2753 siderantur.
2227 2677 2500 2748 Exemplis
2523 2695 2724 2749 parco:
2757 2682 2845 2737 illa
2892 2685 3035 2739 enim
3078 2701 3173 2754 per
3200 2702 3257 2742 se
3304 2687 3453 2744 colli-

1869 2783 1995 2838 gere
2046 2769 2339 2839 unicuique
2388 2770 2443 2825 in
2492 2781 2744 2842 promptu
2798 2775 2921 2829 erit.
2951 2775 3216 2832 Caeterum
3257 2794 3451 2848 poema

1868 2858 2076 2923 habes,
2135 2860 2253 2914 rudi
2299 2860 2541 2930 profecto
2570 2861 2806 2918 Minerva
2856 2864 3203 2933 confectum,
3253 2867 3452 2925 alicubi

1865 2951 2028 3006 etiam
2058 2950 2408 3022 caliginosum
2461 2962 2621 3024 atque
2666 2955 3004 3011 orationibus
3052 2957 3436 3029 interseptum,

1866 3059 1986 3113 qua:
2009 3043 2143 3100 nihil
2171 3043 2565 3111 delectationis,
2585 3044 2724 3100 tmdii
2756 3047 2919 3102 etiam
2946 3047 3145 3118 aliquid
3169 3049 3443 3106 interdum

1866 3135 2111 3191 aﬁ‘erant.
2143 3136 2210 3190 Et
2237 3135 2481 3206 profecto
2522 3137 2724 3192 nemini
2767 3139 2834 3193 ad
2880 3138 3008 3194 illud
3038 3140 3400 3196 accedendum
3426 3181 3442 3207 ,

1865 3227 2018 3296 quasi
2049 3226 2115 3280 ad
2139 3227 2397 3282 eximium
2426 3227 2697 3296 quoddam
2744 3229 2968 3299 poetica:
2993 3231 3125 3286 artis
3149 3230 3445 3302 exemplar.

1864 3319 2042 3375 Nihilo
2068 3328 2244 3374 tamen
2274 3321 2454 3376 secius
2479 3321 2549 3375 ad
2588 3321 2890 3376 institutum
2933 3337 3110 3377 meum
3151 3325 3295 3394 quod
3324 3326 3448 3379 atti-

1864 3417 1975 3475 net,
2025 3411 2300 3481 egregium
2333 3411 2671 3477 historicum,
2703 3410 2891 3478 ﬁdum,
2924 3415 3286 3483 synchronum
3329 3430 3451 3486 pro-

1865 3499 2016 3567 fero;
2051 3517 2224 3571 neque
2259 3502 2403 3557 enim
2427 3503 2657 3559 lectores
2687 3505 2793 3559 huc
2819 3504 2939 3560 volo
2964 3507 3032 3560 ad
3073 3508 3314 3575 poeticos
3353 3508 3451 3564 ﬁo-

1865 3607 1972 3656 res,
2017 3592 2111 3646 sed
2161 3593 2375 3660 quidem
2427 3593 2494 3647 ad
2525 3609 2684 3648 unam
2713 3596 2950 3651 historia:
2981 3597 3265 3652 veritatem
3307 3613 3450 3654 asse-

1865 3680 2154 3749 quendam.
2186 3679 2336 3739 Hauc
2385 3689 2564 3741 autem
2607 3683 2908 3739 luculenter
2955 3686 3187 3758 accipias
3229 3687 3295 3743 ab
3339 3687 3441 3742 Er-

1863 3769 2043 3824 moldo
2070 3779 2276 3836 nostro,
2307 3771 2500 3828 idoneo
2539 3788 2757 3829 suorum
2787 3783 3086 3846 temporum
3127 3787 3280 3846 teste,
3310 3788 3365 3834 et
3389 3779 3446 3834 in

1862 3860 1967 3918 hoc
2007 3863 2306 3931 prmsertim
2359 3880 2390 3918 a
2435 3864 2746 3923 melioribus
2774 3869 2949 3937 poetis
2993 3870 3260 3935 dissimili,
3300 3873 3445 3941 quod

1859 3951 2036 4006 nullas
2064 3968 2289 4021 usqu-am
2322 3953 2531 4010 fabulas
2572 3958 2866 4012 narrationi
2911 3973 3020 4023 suae
3050 3959 3440 4016 intermisceat.

1857 4040 1940 4096 Ad
1967 4042 2082 4098 hare
2111 4044 2410 4115 praecipuos
2443 4045 2708 4116 palatinos
2754 4064 3114 4121 proceresque
3145 4051 3281 4106 aulae
3323 4051 3439 4108 Ca:-

1857 4149 2056 4200 sareze,
2070 4136 2309 4205 aliosque
2331 4138 2569 4195 illustres
2598 4140 2742 4196 viros
2762 4157 2825 4197 ea
2845 4151 3161 4212 tempestate
3183 4143 3438 4201 ﬂorentes

1857 4229 2014 4283 nobis
2039 4228 2126 4282 ille
2156 4239 2563 4296 commemorat,
2593 4232 2638 4285 si
2664 4232 3148 4288 Walam-abbatem
3179 4235 3436 4304 excipias,

1856 4336 2017 4392 quem
2047 4322 2093 4375 is
2123 4321 2350 4379 fortasse
2376 4321 2478 4376 sibi
2499 4322 2766 4377 infensum
2796 4335 3060 4380 senserat.
3087 4325 3435 4396 Singulorum

1857 4418 2036 4465 autem
2065 4426 2129 4469 eo
2167 4410 2393 4468 consilio
2421 4413 2733 4468 meminisse
2779 4415 2993 4470 videtur
3019 4457 3033 4481 ,
3071 4406 3148 4471 ἰιι
3193 4420 3432 4475 omnium

1856 4502 2085 4570 gratiam
2115 4502 2296 4567 iniret,
2324 4511 2382 4557 et
2404 4519 2670 4574 quemque
2698 4507 2988 4576 propitium
3015 4509 3116 4563 sibi
3158 4511 3297 4580 apud
3331 4510 3438 4566 Au-

1854 4598 2068 4660 gustum
2124 4590 2454 4650 Ludovieum
2523 4593 2591 4649 ad
2653 4598 3073 4665 recuperandam
3130 4599 3435 4658 libertatem

1853 4680 2094 4737 haberet.
2130 4681 2236 4737 Sed
2274 4698 2384 4753 prae
2421 4685 2633 4760 caeteris
2671 4687 3001 4758 imperatrici
3050 4689 3234 4746 Judith
3280 4693 3435 4747 blan-

1855 4771 2089 4827 dientem
2117 4774 2534 4839 animadvertas,
2561 4792 2722 4846 quam
2751 4779 2997 4835 laudibus
3025 4791 3233 4846 onerat,
3265 4792 3319 4838 et
3336 4799 3432 4838 cu-

1842 4859 1934 4930 jus
1971 4876 2195 4931 puerum
2231 4863 2512 4929 Carolum,
2562 4878 2746 4936 postea
2797 4869 3011 4924 Call-um
3069 4872 3426 4941 appellatum,

1850 4950 2053 5023 Gratiis
2102 4954 2478 5009 charissimum
2509 4956 2744 5013 exhibet.
2790 4960 3117 5017 Ludovicnm
3163 4973 3428 5033 praeterea

1846 5041 2022 5111 ipsum
2049 5056 2116 5096 eo
2160 5043 2418 5100 virtutum
2461 5061 2525 5102 ac
2561 5049 2902 5116 potissimum
2935 5053 3209 5124 religionis
3263 5063 3427 5122 atque

1844 5133 2060 5202 pietatis
2072 5142 2335 5188 concentu
2353 5135 2613 5192 illustrem
2630 5140 2701 5193 ita
2717 5142 2908 5212 pingit,
2927 5151 2980 5196 ut
2997 5143 3153 5212 plane
3169 5151 3428 5211 appareat

1843 5237 2004 5291 quam
2030 5220 2178 5290 justo
2211 5225 2363 5280 titulo
2389 5227 2468 5282 Pii
2499 5231 2784 5300 appellatio
2817 5235 2869 5287 in
2901 5249 3022 5288 eum
3053 5233 3311 5288 translata
3337 5236 3425 5291 vel

1843 5328 1908 5370 eo
1943 5321 2182 5383 tempore
2211 5314 2389 5372 fuerit.
2421 5317 2537 5374 Uno
2562 5324 2726 5376 verbo
2752 5332 2833 5377 est
2863 5339 2959 5376 cur
2995 5322 3168 5389 Italia,
3196 5323 3424 5381 Germa—

1841 5405 1931 5459 nia
1971 5414 2026 5460 et
2051 5405 2242 5471 Gallia,
2269 5409 2464 5478 quibus
2485 5420 2614 5467 tunc
2635 5414 2756 5482 pius
2784 5415 2872 5468 ille
2895 5416 3147 5487 princeps
3175 5416 3422 5475 domina-

1839 5496 2019 5563 batur,
2052 5501 2254 5568 gratias
2277 5541 2290 5565 ,
2334 5517 2534 5571 easque
2575 5504 2835 5572 plurimas
2858 5507 3092 5563 habeant
3132 5510 3418 5583 Angustis-

1839 5589 1977 5644 simo
2000 5589 2199 5646 Caesari
2223 5593 2416 5647 Carolo
2438 5593 2526 5658 Vl,
2569 5595 2698 5649 nulli
2734 5600 3153 5666 praecedentium
3189 5605 3418 5677 impera-

1837 5687 2012 5735 torum
2044 5683 2281 5752 pietate,
2345 5683 2658 5740 fortitudine
2710 5694 2764 5743 et
2819 5692 3098 5759 prudentia
3141 5701 3411 5766 secundo,

1834 5773 1974 5841 quod
2006 5773 2362 5839 concesserit;
2409 5773 2770 5834 illustrissimo
2815 5782 3078 5852 (larcllio,
3130 5791 3270 5858 quod
3314 5792 3413 5843 im-
