  <div class='ocr_page' id='page_1' title='image "/cluster/home/n/w/nwhite01/storage/ocr_20150623/105/hvd.32044021109350/288.png"; bbox 0 0 4006 6450; ppageno 0'>
   <div class='ocr_carea' id='block_1_1' title="bbox 239 339 3440 412">
    <p class='ocr_par' dir='ltr' id='par_1_1' title="bbox 239 339 3440 412">
     <span class='ocr_line' id='line_1_1' title="bbox 239 339 3440 412; baseline 0 -12"><span class='ocrx_word' id='word_1_1' title='bbox 239 353 332 412; x_wconf 78' lang='lat'><strong>569</strong></span> <span class='ocrx_word' id='word_1_2' title='bbox 1091 344 1180 400; x_wconf 86' lang='lat' dir='ltr'><strong>DE</strong></span> <span class='ocrx_word' id='word_1_3' title='bbox 1218 339 1445 400; x_wconf 80' lang='lat' dir='ltr'><strong>REBUS</strong></span> <span class='ocrx_word' id='word_1_4' title='bbox 1482 342 1724 400; x_wconf 82' lang='lat' dir='ltr'><strong>GESTIS</strong></span> <span class='ocrx_word' id='word_1_5' title='bbox 1756 341 2079 400; x_wconf 80' lang='lat' dir='ltr'><strong>LUDOVICI</strong></span> <span class='ocrx_word' id='word_1_6' title='bbox 2112 343 2217 399; x_wconf 83' lang='lat' dir='ltr'><strong>PII.</strong></span> <span class='ocrx_word' id='word_1_7' title='bbox 2258 375 2328 385; x_wconf 94' lang='lat'><strong>—</strong></span> <span class='ocrx_word' id='word_1_8' title='bbox 2361 344 2488 400; x_wconf 86' lang='lat' dir='ltr'><strong>LIB.</strong></span> <span class='ocrx_word' id='word_1_9' title='bbox 2521 346 2554 400; x_wconf 90' lang='lat' dir='ltr'><strong>I.</strong></span> <span class='ocrx_word' id='word_1_10' title='bbox 3335 342 3440 400; x_wconf 82' lang='lat'><strong>570</strong></span> 
     </span>
    </p>
   </div>
   <div class='ocr_carea' id='block_1_2' title="bbox 1053 609 2640 696">
    <p class='ocr_par' dir='ltr' id='par_1_2' title="bbox 1053 609 2640 696">
     <span class='ocr_line' id='line_1_2' title="bbox 1053 609 2640 696; baseline -0.007 0"><span class='ocrx_word' id='word_1_11' title='bbox 1053 609 1517 696; x_wconf 76' lang='lat' dir='ltr'><strong>ERMOLDI</strong></span> <span class='ocrx_word' id='word_1_12' title='bbox 1576 612 2002 690; x_wconf 86' lang='lat' dir='ltr'><strong>NIGELLI</strong></span> <span class='ocrx_word' id='word_1_13' title='bbox 2075 610 2640 689; x_wconf 81' lang='lat' dir='ltr'><strong>PROLOGUS.</strong></span> 
     </span>
    </p>
   </div>
   <div class='ocr_carea' id='block_1_3' title="bbox 1289 783 2343 862">
    <p class='ocr_par' dir='ltr' id='par_1_3' title="bbox 1289 783 2343 862">
     <span class='ocr_line' id='line_1_3' title="bbox 1289 783 2343 862; baseline -0.001 -2"><span class='ocrx_word' id='word_1_14' title='bbox 1289 788 1660 862; x_wconf 81' lang='lat' dir='ltr'><strong>&#39;BEGIA</strong></span> <span class='ocrx_word' id='word_1_15' title='bbox 1716 785 2209 860; x_wconf 84' lang='lat' dir='ltr'><strong>EBMOLDI</strong></span> <span class='ocrx_word' id='word_1_16' title='bbox 2283 783 2343 859; x_wconf 75' lang='grc'><strong>³.</strong></span> 
     </span>
    </p>
   </div>
   <div class='ocr_carea' id='block_1_4' title="bbox 1605 923 2064 940">
    <p class='ocr_par' dir='ltr' id='par_1_4' title="bbox 1605 923 2064 940">
     <span class='ocr_line' id='line_1_4' title="bbox 1605 923 2064 940; baseline -0.007 -2"><span class='ocrx_word' id='word_1_17' title='bbox 1605 923 2064 940; x_wconf 68' lang='lat'><strong>——_</strong></span> 
     </span>
    </p>
   </div>
   <div class='ocr_carea' id='block_1_5' title="bbox 983 978 2639 1054">
    <p class='ocr_par' dir='ltr' id='par_1_5' title="bbox 983 978 2639 1054">
     <span class='ocr_line' id='line_1_5' title="bbox 983 978 2639 1054; baseline -0.002 -14"><span class='ocrx_word' id='word_1_18' title='bbox 983 985 1027 1040; x_wconf 88' lang='lat' dir='ltr'><strong>E</strong></span> <span class='ocrx_word' id='word_1_19' title='bbox 1066 983 1210 1041; x_wconf 93' lang='lat' dir='ltr'><strong>ditor</strong></span> <span class='ocrx_word' id='word_1_20' title='bbox 1239 985 1290 1051; x_wconf 69' lang='grc' dir='ltr'><strong>δ,</strong></span> <span class='ocrx_word' id='word_1_21' title='bbox 1317 986 1549 1040; x_wconf 84' lang='lat' dir='ltr'><strong>aetherea</strong></span> <span class='ocrx_word' id='word_1_22' title='bbox 1575 985 1822 1054; x_wconf 90' lang='lat' dir='ltr'><strong>splendes</strong></span> <span class='ocrx_word' id='word_1_23' title='bbox 1848 985 1939 1054; x_wconf 88' lang='lat' dir='ltr'><strong>qui</strong></span> <span class='ocrx_word' id='word_1_24' title='bbox 1967 982 2142 1040; x_wconf 93' lang='lat' dir='ltr'><strong>Patris</strong></span> <span class='ocrx_word' id='word_1_25' title='bbox 2165 981 2221 1035; x_wconf 91' lang='lat' dir='ltr'><strong>in</strong></span> <span class='ocrx_word' id='word_1_26' title='bbox 2250 996 2343 1038; x_wconf 89' lang='lat' dir='ltr'><strong>are</strong></span> <span class='ocrx_word' id='word_1_27' title='bbox 2595 978 2639 1037; x_wconf 89' lang='lat' dir='ltr'><strong>E</strong></span> 
     </span>
    </p>
   </div>
   <div class='ocr_carea' id='block_1_6' title="bbox 974 1073 2637 1149">
    <p class='ocr_par' dir='ltr' id='par_1_6' title="bbox 974 1073 2637 1149">
     <span class='ocr_line' id='line_1_6' title="bbox 974 1073 2637 1149; baseline -0.003 -16"><span class='ocrx_word' id='word_1_28' title='bbox 974 1078 1023 1133; x_wconf 82' lang='lat' dir='ltr'><strong>R</strong></span> <span class='ocrx_word' id='word_1_29' title='bbox 1058 1089 1282 1149; x_wconf 86' lang='lat' dir='ltr'><strong>egnator</strong></span> <span class='ocrx_word' id='word_1_30' title='bbox 1310 1079 1524 1145; x_wconf 91' lang='lat' dir='ltr'><strong>mundi,</strong></span> <span class='ocrx_word' id='word_1_31' title='bbox 1555 1079 1866 1148; x_wconf 83' lang='lat' dir='ltr'><strong>fautorque,</strong></span> <span class='ocrx_word' id='word_1_32' title='bbox 1900 1077 2246 1146; x_wconf 74' lang='lat' dir='ltr'><strong>Redemptor,</strong></span> <span class='ocrx_word' id='word_1_33' title='bbox 2273 1084 2329 1130; x_wconf 90' lang='lat' dir='ltr'><strong>et</strong></span> <span class='ocrx_word' id='word_1_34' title='bbox 2353 1082 2512 1131; x_wconf 87' lang='lat' dir='ltr'><strong>aucto</strong></span> <span class='ocrx_word' id='word_1_35' title='bbox 2589 1073 2637 1128; x_wconf 82' lang='lat' dir='ltr'><strong>R</strong></span> 
     </span>
    </p>
   </div>
   <div class='ocr_carea' id='block_1_7' title="bbox 967 1165 2650 1244">
    <p class='ocr_par' dir='ltr' id='par_1_7' title="bbox 967 1165 2650 1244">
     <span class='ocr_line' id='line_1_7' title="bbox 967 1165 2650 1244; baseline -0.002 -16"><span class='ocrx_word' id='word_1_36' title='bbox 967 1173 1018 1228; x_wconf 80' lang='grc' dir='ltr'><strong>Μ</strong></span> <span class='ocrx_word' id='word_1_37' title='bbox 1055 1174 1257 1230; x_wconf 90' lang='lat' dir='ltr'><strong>ilitibus</strong></span> <span class='ocrx_word' id='word_1_38' title='bbox 1281 1175 1457 1244; x_wconf 81' lang='lat' dir='ltr'><strong>dignis</strong></span> <span class='ocrx_word' id='word_1_39' title='bbox 1483 1189 1694 1229; x_wconf 83' lang='lat' dir='ltr'><strong>reseras</strong></span> <span class='ocrx_word' id='word_1_40' title='bbox 1722 1173 1813 1242; x_wconf 89' lang='lat' dir='ltr'><strong>qui</strong></span> <span class='ocrx_word' id='word_1_41' title='bbox 1833 1185 1997 1242; x_wconf 79' lang='lat' dir='ltr'><strong>regna</strong></span> <span class='ocrx_word' id='word_1_42' title='bbox 2022 1170 2210 1240; x_wconf 88' lang='lat' dir='ltr'><strong>poloru</strong></span> <span class='ocrx_word' id='word_1_43' title='bbox 2597 1165 2650 1224; x_wconf 84' lang='lat' dir='ltr'><strong><em>M</em></strong></span> 
     </span>
    </p>
   </div>
   <div class='ocr_carea' id='block_1_8' title="bbox 971 1257 2642 1335">
    <p class='ocr_par' dir='ltr' id='par_1_8' title="bbox 971 1257 2642 1335">
     <span class='ocr_line' id='line_1_8' title="bbox 971 1257 2642 1335; baseline -0.004 -14"><span class='ocrx_word' id='word_1_44' title='bbox 971 1265 1017 1321; x_wconf 94' lang='grc' dir='ltr'>Ο</span> <span class='ocrx_word' id='word_1_45' title='bbox 1052 1264 1145 1320; x_wconf 92' lang='lat' dir='ltr'><strong>Iim</strong></span> <span class='ocrx_word' id='word_1_46' title='bbox 1171 1266 1453 1321; x_wconf 87' lang='lat' dir='ltr'><strong>conclusos</strong></span> <span class='ocrx_word' id='word_1_47' title='bbox 1475 1265 1631 1334; x_wconf 90' lang='lat' dir='ltr'><strong>culpa</strong></span> <span class='ocrx_word' id='word_1_48' title='bbox 1656 1264 1918 1335; x_wconf 87' lang='lat' dir='ltr'><strong>parientis</strong></span> <span class='ocrx_word' id='word_1_49' title='bbox 1945 1264 2123 1317; x_wconf 82' lang='lat' dir='ltr'><strong>Avern</strong></span> <span class='ocrx_word' id='word_1_50' title='bbox 2584 1257 2642 1320; x_wconf 72' lang='lat'><strong>£0</strong></span> 
     </span>
    </p>
   </div>
   <div class='ocr_carea' id='block_1_9' title="bbox 975 1347 2642 1422">
    <p class='ocr_par' dir='ltr' id='par_1_9' title="bbox 975 1347 2642 1422">
     <span class='ocr_line' id='line_1_9' title="bbox 975 1347 2642 1422; baseline -0.005 -12"><span class='ocrx_word' id='word_1_51' title='bbox 975 1355 1018 1410; x_wconf 93' lang='lat' dir='ltr'><strong>L</strong></span> <span class='ocrx_word' id='word_1_52' title='bbox 1055 1357 1254 1410; x_wconf 90' lang='lat' dir='ltr'><strong>uminis</strong></span> <span class='ocrx_word' id='word_1_53' title='bbox 1286 1356 1476 1410; x_wconf 73' lang='lat' dir='ltr'><strong>aeterni</strong></span> <span class='ocrx_word' id='word_1_54' title='bbox 1497 1355 1711 1410; x_wconf 84' lang='lat' dir='ltr'><strong>revehis</strong></span> <span class='ocrx_word' id='word_1_55' title='bbox 1737 1353 1830 1422; x_wconf 87' lang='lat' dir='ltr'><strong>qui</strong></span> <span class='ocrx_word' id='word_1_56' title='bbox 1860 1351 2073 1408; x_wconf 77' lang='lat' dir='ltr'><strong>Christe</strong></span> <span class='ocrx_word' id='word_1_57' title='bbox 2097 1350 2309 1405; x_wconf 87' lang='lat' dir='ltr'><strong>tribuna</strong></span> <span class='ocrx_word' id='word_1_58' title='bbox 2597 1347 2642 1403; x_wconf 87' lang='lat' dir='ltr'><strong>L</strong></span> 
     </span>
    </p>
   </div>
   <div class='ocr_carea' id='block_1_10' title="bbox 968 1437 2637 1515">
    <p class='ocr_par' dir='ltr' id='par_1_10' title="bbox 968 1437 2637 1515">
     <span class='ocr_line' id='line_1_10' title="bbox 968 1437 2637 1515; baseline -0.004 -17"><span class='ocrx_word' id='word_1_59' title='bbox 968 1444 1015 1498; x_wconf 79' lang='grc' dir='ltr'><strong>Β</strong></span> <span class='ocrx_word' id='word_1_60' title='bbox 1051 1445 1173 1499; x_wconf 87' lang='lat' dir='ltr'><strong>avid</strong></span> <span class='ocrx_word' id='word_1_61' title='bbox 1198 1445 1558 1515; x_wconf 88' lang='lat' dir='ltr'><strong>psalmicanus</strong></span> <span class='ocrx_word' id='word_1_62' title='bbox 1579 1458 1824 1512; x_wconf 84' lang='lat' dir='ltr'><strong>praesaga</strong></span> <span class='ocrx_word' id='word_1_63' title='bbox 1850 1439 2112 1496; x_wconf 83' lang='lat' dir='ltr'><strong>carminis</strong></span> <span class='ocrx_word' id='word_1_64' title='bbox 2141 1439 2238 1494; x_wconf 90' lang='lat' dir='ltr'><strong>iIlu</strong></span> <span class='ocrx_word' id='word_1_65' title='bbox 2591 1437 2637 1491; x_wconf 84' lang='grc' dir='ltr'><strong>Ι)</strong></span> 
     </span>
    </p>
   </div>
   <div class='ocr_carea' id='block_1_11' title="bbox 969 1525 2637 1603">
    <p class='ocr_par' dir='ltr' id='par_1_11' title="bbox 969 1525 2637 1603">
     <span class='ocr_line' id='line_1_11' title="bbox 969 1525 2637 1603; baseline -0.005 -13"><span class='ocrx_word' id='word_1_66' title='bbox 969 1533 1018 1590; x_wconf 79' lang='grc' dir='ltr'><strong>ν</strong></span> <span class='ocrx_word' id='word_1_67' title='bbox 1047 1549 1146 1589; x_wconf 89' lang='lat' dir='ltr'><strong>oce</strong></span> <span class='ocrx_word' id='word_1_68' title='bbox 1173 1534 1322 1603; x_wconf 90' lang='lat' dir='ltr'><strong>prius</strong></span> <span class='ocrx_word' id='word_1_69' title='bbox 1346 1533 1649 1597; x_wconf 91' lang='lat' dir='ltr'><strong>modulans,</strong></span> <span class='ocrx_word' id='word_1_70' title='bbox 1673 1531 1874 1586; x_wconf 90' lang='lat' dir='ltr'><strong>dudum</strong></span> <span class='ocrx_word' id='word_1_71' title='bbox 1898 1530 2142 1593; x_wconf 88' lang='lat' dir='ltr'><strong>miranda</strong></span> <span class='ocrx_word' id='word_1_72' title='bbox 2171 1529 2308 1584; x_wconf 90' lang='lat' dir='ltr'><strong>relat</strong></span> <span class='ocrx_word' id='word_1_73' title='bbox 2589 1525 2637 1583; x_wconf 89' lang='lat' dir='ltr'>U</span> 
     </span>
    </p>
   </div>
   <div class='ocr_carea' id='block_1_12' title="bbox 976 1617 2632 1691">
    <p class='ocr_par' dir='ltr' id='par_1_12' title="bbox 976 1617 2632 1691">
     <span class='ocr_line' id='line_1_12' title="bbox 976 1617 2632 1691; baseline -0.002 -13"><span class='ocrx_word' id='word_1_74' title='bbox 976 1621 1017 1678; x_wconf 99' lang='grc'><strong>8</strong></span> <span class='ocrx_word' id='word_1_75' title='bbox 1052 1637 1180 1677; x_wconf 90' lang='lat' dir='ltr'><strong>acra</strong></span> <span class='ocrx_word' id='word_1_76' title='bbox 1205 1621 1514 1677; x_wconf 82' lang='lat' dir='ltr'><strong>futurorum</strong></span> <span class='ocrx_word' id='word_1_77' title='bbox 1536 1622 1630 1691; x_wconf 89' lang='lat' dir='ltr'><strong>qui</strong></span> <span class='ocrx_word' id='word_1_78' title='bbox 1655 1620 1920 1690; x_wconf 78' lang='lat' dir='ltr'><strong>prompsit</strong></span> <span class='ocrx_word' id='word_1_79' title='bbox 1947 1621 2198 1690; x_wconf 81' lang='lat' dir='ltr'><strong>dogmata</strong></span> <span class='ocrx_word' id='word_1_80' title='bbox 2229 1628 2355 1674; x_wconf 86' lang='lat' dir='ltr'><strong>vate</strong></span> <span class='ocrx_word' id='word_1_81' title='bbox 2591 1617 2632 1674; x_wconf 88' lang='lat' dir='ltr'><strong>S</strong></span> 
     </span>
    </p>
   </div>
   <div class='ocr_carea' id='block_1_13' title="bbox 977 1707 2628 1782">
    <p class='ocr_par' dir='ltr' id='par_1_13' title="bbox 977 1707 2628 1782">
     <span class='ocr_line' id='line_1_13' title="bbox 977 1707 2628 1782; baseline -0.004 -12"><span class='ocrx_word' id='word_1_82' title='bbox 977 1711 1020 1770; x_wconf 87' lang='lat' dir='ltr'><strong>C</strong></span> <span class='ocrx_word' id='word_1_83' title='bbox 1055 1711 1212 1768; x_wconf 84' lang='lat' dir='ltr'><strong>onfer</strong></span> <span class='ocrx_word' id='word_1_84' title='bbox 1235 1713 1516 1778; x_wconf 87' lang='lat' dir='ltr'><strong>rusticulo,</strong></span> <span class='ocrx_word' id='word_1_85' title='bbox 1545 1728 1651 1782; x_wconf 92' lang='lat' dir='ltr'><strong>quo</strong></span> <span class='ocrx_word' id='word_1_86' title='bbox 1670 1711 1872 1781; x_wconf 89' lang='lat' dir='ltr'><strong>possim</strong></span> <span class='ocrx_word' id='word_1_87' title='bbox 1903 1710 2136 1772; x_wconf 82' lang='lat' dir='ltr'><strong>Caesaris</strong></span> <span class='ocrx_word' id='word_1_88' title='bbox 2168 1710 2222 1764; x_wconf 91' lang='lat' dir='ltr'><strong>in</strong></span> <span class='ocrx_word' id='word_1_89' title='bbox 2249 1711 2321 1766; x_wconf 89' lang='lat' dir='ltr'><strong>ho</strong></span> <span class='ocrx_word' id='word_1_90' title='bbox 2585 1707 2628 1764; x_wconf 90' lang='lat' dir='ltr'><strong>C</strong></span> 
     </span>
    </p>
   </div>
   <div class='ocr_carea' id='block_1_14' title="bbox 969 1803 2628 1879">
    <p class='ocr_par' dir='ltr' id='par_1_14' title="bbox 969 1803 2628 1879">
     <span class='ocr_line' id='line_1_14' title="bbox 969 1803 2628 1879; baseline -0.004 -13"><span class='ocrx_word' id='word_1_91' title='bbox 969 1809 1014 1866; x_wconf 92' lang='lat' dir='ltr'><strong>E</strong></span> <span class='ocrx_word' id='word_1_92' title='bbox 1051 1809 1203 1865; x_wconf 80' lang='lat' dir='ltr'><strong>ximii</strong></span> <span class='ocrx_word' id='word_1_93' title='bbox 1231 1809 1425 1879; x_wconf 82' lang='lat' dir='ltr'><strong>exiguo</strong></span> <span class='ocrx_word' id='word_1_94' title='bbox 1456 1807 1794 1864; x_wconf 87' lang='lat' dir='ltr'><strong>modulanter</strong></span> <span class='ocrx_word' id='word_1_95' title='bbox 1819 1807 2028 1877; x_wconf 87' lang='lat' dir='ltr'><strong>poscite</strong></span> <span class='ocrx_word' id='word_1_96' title='bbox 2053 1815 2075 1846; x_wconf 79' lang='grc' dir='ltr'><strong>ο</strong></span> <span class='ocrx_word' id='word_1_97' title='bbox 2096 1807 2168 1859; x_wconf 89' lang='lat' dir='ltr'><strong>rit</strong></span> <span class='ocrx_word' id='word_1_98' title='bbox 2583 1803 2628 1859; x_wconf 88' lang='lat' dir='ltr'><strong>E</strong></span> 
     </span>
    </p>
   </div>
   <div class='ocr_carea' id='block_1_15' title="bbox 971 1894 2625 1969">
    <p class='ocr_par' dir='ltr' id='par_1_15' title="bbox 971 1894 2625 1969">
     <span class='ocr_line' id='line_1_15' title="bbox 971 1894 2625 1969; baseline -0.002 -14"><span class='ocrx_word' id='word_1_99' title='bbox 971 1899 1014 1955; x_wconf 71' lang='grc' dir='ltr'><strong>(Σ</strong></span> <span class='ocrx_word' id='word_1_100' title='bbox 1051 1901 1260 1955; x_wconf 89' lang='lat' dir='ltr'><strong>armine</strong></span> <span class='ocrx_word' id='word_1_101' title='bbox 1292 1907 1439 1969; x_wconf 85' lang='lat' dir='ltr'><strong>gesta</strong></span> <span class='ocrx_word' id='word_1_102' title='bbox 1467 1897 1634 1968; x_wconf 91' lang='lat' dir='ltr'><strong>loqui.</strong></span> <span class='ocrx_word' id='word_1_103' title='bbox 1669 1895 1944 1968; x_wconf 81' lang='lat' dir='ltr'><strong>Nymphas</strong></span> <span class='ocrx_word' id='word_1_104' title='bbox 1968 1912 2077 1952; x_wconf 90' lang='lat' dir='ltr'><strong>non</strong></span> <span class='ocrx_word' id='word_1_105' title='bbox 2098 1895 2362 1965; x_wconf 85' lang='lat' dir='ltr'><strong>deprecor</strong></span> <span class='ocrx_word' id='word_1_106' title='bbox 2391 1895 2499 1950; x_wconf 86' lang='lat' dir='ltr'><strong>lstu</strong></span> <span class='ocrx_word' id='word_1_107' title='bbox 2581 1894 2625 1952; x_wconf 87' lang='lat' dir='ltr'><strong>C</strong></span> 
     </span>
    </p>
   </div>
   <div class='ocr_carea' id='block_1_16' title="bbox 973 1983 2616 2061">
    <p class='ocr_par' dir='ltr' id='par_1_16' title="bbox 973 1983 2616 2061">
     <span class='ocr_line' id='line_1_16' title="bbox 973 1983 2616 2061; baseline -0.004 -14"><span class='ocrx_word' id='word_1_108' title='bbox 973 1992 995 2056; x_wconf 83' lang='grc' dir='ltr'><strong><em>ι</em></strong></span> <span class='ocrx_word' id='word_1_109' title='bbox 1031 1993 1186 2055; x_wconf 81' lang='lat' dir='ltr'><strong>nsani</strong></span> <span class='ocrx_word' id='word_1_110' title='bbox 1212 1991 1479 2061; x_wconf 90' lang='lat' dir='ltr'><strong>quondam</strong></span> <span class='ocrx_word' id='word_1_111' title='bbox 1507 1997 1568 2044; x_wconf 92' lang='lat' dir='ltr'><strong>ut</strong></span> <span class='ocrx_word' id='word_1_112' title='bbox 1589 1989 1753 2059; x_wconf 84' lang='lat' dir='ltr'><strong>prisci</strong></span> <span class='ocrx_word' id='word_1_113' title='bbox 1780 1987 1958 2043; x_wconf 84' lang='lat' dir='ltr'><strong>fecere</strong></span> <span class='ocrx_word' id='word_1_114' title='bbox 1991 1987 2133 2058; x_wconf 86' lang='lat' dir='ltr'><strong>perit</strong></span> <span class='ocrx_word' id='word_1_115' title='bbox 2592 1983 2616 2040; x_wconf 86' lang='grc' dir='ltr'>ι</span> 
     </span>
    </p>
   </div>
   <div class='ocr_carea' id='block_1_17' title="bbox 966 2073 2633 2154">
    <p class='ocr_par' dir='ltr' id='par_1_17' title="bbox 966 2073 2633 2154">
     <span class='ocr_line' id='line_1_17' title="bbox 966 2073 2633 2154; baseline -0.006 -15"><span class='ocrx_word' id='word_1_116' title='bbox 966 2082 1015 2138; x_wconf 82' lang='grc' dir='ltr'><strong>Ν</strong></span> <span class='ocrx_word' id='word_1_117' title='bbox 1046 2097 1110 2138; x_wconf 87' lang='lat' dir='ltr'><strong>ec</strong></span> <span class='ocrx_word' id='word_1_118' title='bbox 1136 2098 1266 2154; x_wconf 89' lang='lat' dir='ltr'><strong>rogo</strong></span> <span class='ocrx_word' id='word_1_119' title='bbox 1293 2081 1554 2146; x_wconf 88' lang='lat' dir='ltr'><strong>Pierides,</strong></span> <span class='ocrx_word' id='word_1_120' title='bbox 1581 2096 1684 2136; x_wconf 91' lang='lat' dir='ltr'><strong>nec</strong></span> <span class='ocrx_word' id='word_1_121' title='bbox 1712 2079 1900 2134; x_wconf 78' lang='lat' dir='ltr'><strong>thbi</strong></span> <span class='ocrx_word' id='word_1_122' title='bbox 1934 2078 2149 2132; x_wconf 83' lang='lat' dir='ltr'><strong>tramite</strong></span> <span class='ocrx_word' id='word_1_123' title='bbox 2169 2075 2196 2116; x_wconf 74' lang='grc' dir='ltr'>ἀ</span> <span class='ocrx_word' id='word_1_124' title='bbox 2225 2075 2353 2131; x_wconf 88' lang='lat' dir='ltr'><strong>lime</strong></span> <span class='ocrx_word' id='word_1_125' title='bbox 2583 2073 2633 2129; x_wconf 83' lang='lat' dir='ltr'><strong>N</strong></span> 
     </span>
    </p>
   </div>
   <div class='ocr_carea' id='block_1_18' title="bbox 981 2165 2614 2245">
    <p class='ocr_par' dir='ltr' id='par_1_18' title="bbox 981 2165 2614 2245">
     <span class='ocr_line' id='line_1_18' title="bbox 981 2165 2614 2245; baseline -0.008 -13"><span class='ocrx_word' id='word_1_126' title='bbox 981 2176 1004 2232; x_wconf 85' lang='grc' dir='ltr'>Ι</span> <span class='ocrx_word' id='word_1_127' title='bbox 1039 2174 1294 2245; x_wconf 83' lang='lat' dir='ltr'><strong>ngrediar</strong></span> <span class='ocrx_word' id='word_1_128' title='bbox 1318 2180 1574 2244; x_wconf 87' lang='lat' dir='ltr'><strong>capturus</strong></span> <span class='ocrx_word' id='word_1_129' title='bbox 1601 2185 1783 2241; x_wconf 87' lang='lat' dir='ltr'><strong>opem,</strong></span> <span class='ocrx_word' id='word_1_130' title='bbox 1807 2184 1909 2224; x_wconf 93' lang='lat' dir='ltr'><strong>nec</strong></span> <span class='ocrx_word' id='word_1_131' title='bbox 1934 2166 2195 2238; x_wconf 84' lang='lat' dir='ltr'><strong>Apollinis</strong></span> <span class='ocrx_word' id='word_1_132' title='bbox 2213 2165 2321 2219; x_wconf 88' lang='lat' dir='ltr'><strong>alm</strong></span> <span class='ocrx_word' id='word_1_133' title='bbox 2591 2165 2614 2219; x_wconf 82' lang='grc' dir='ltr'><strong>Ι</strong></span> 
     </span>
    </p>
   </div>
   <div class='ocr_carea' id='block_1_19' title="bbox 964 2257 2624 2334">
    <p class='ocr_par' dir='ltr' id='par_1_19' title="bbox 964 2257 2624 2334">
     <span class='ocr_line' id='line_1_19' title="bbox 964 2257 2624 2334; baseline -0.005 -11"><span class='ocrx_word' id='word_1_134' title='bbox 964 2267 1009 2323; x_wconf 86' lang='grc' dir='ltr'>Τ</span> <span class='ocrx_word' id='word_1_135' title='bbox 1046 2267 1151 2322; x_wconf 89' lang='lat' dir='ltr'><strong>alia</strong></span> <span class='ocrx_word' id='word_1_136' title='bbox 1173 2282 1296 2323; x_wconf 92' lang='lat' dir='ltr'><strong>cum</strong></span> <span class='ocrx_word' id='word_1_137' title='bbox 1321 2265 1557 2321; x_wconf 88' lang='lat' dir='ltr'><strong>facerem</strong></span> <span class='ocrx_word' id='word_1_138' title='bbox 1586 2275 1633 2331; x_wconf 80' lang='grc' dir='ltr'><strong>ο,</strong></span> <span class='ocrx_word' id='word_1_139' title='bbox 1656 2278 1792 2334; x_wconf 91' lang='lat' dir='ltr'><strong>quos</strong></span> <span class='ocrx_word' id='word_1_140' title='bbox 1817 2277 1954 2316; x_wconf 85' lang='lat' dir='ltr'><strong>vana</strong></span> <span class='ocrx_word' id='word_1_141' title='bbox 1979 2260 2173 2331; x_wconf 87' lang='lat' dir='ltr'><strong>peritia</strong></span> <span class='ocrx_word' id='word_1_142' title='bbox 2193 2260 2297 2314; x_wconf 90' lang='lat' dir='ltr'><strong>lusi</strong></span> <span class='ocrx_word' id='word_1_143' title='bbox 2579 2257 2624 2315; x_wconf 85' lang='grc' dir='ltr'>Τ</span> 
     </span>
    </p>
   </div>
   <div class='ocr_carea' id='block_1_20' title="bbox 969 2348 2621 2426">
    <p class='ocr_par' dir='ltr' id='par_1_20' title="bbox 969 2348 2621 2426">
     <span class='ocr_line' id='line_1_20' title="bbox 969 2348 2621 2426; baseline -0.007 -10"><span class='ocrx_word' id='word_1_144' title='bbox 969 2361 1018 2416; x_wconf 85' lang='grc' dir='ltr'><strong><em>Η</em></strong></span> <span class='ocrx_word' id='word_1_145' title='bbox 1051 2359 1266 2417; x_wconf 85' lang='lat' dir='ltr'><strong>orridus</strong></span> <span class='ocrx_word' id='word_1_146' title='bbox 1287 2368 1344 2414; x_wconf 89' lang='lat' dir='ltr'><strong>et</strong></span> <span class='ocrx_word' id='word_1_147' title='bbox 1365 2367 1504 2413; x_wconf 91' lang='lat' dir='ltr'><strong>teter</strong></span> <span class='ocrx_word' id='word_1_148' title='bbox 1526 2357 1791 2426; x_wconf 83' lang='lat' dir='ltr'><strong>depressit</strong></span> <span class='ocrx_word' id='word_1_149' title='bbox 1813 2355 1974 2411; x_wconf 90' lang='lat' dir='ltr'><strong>corda</strong></span> <span class='ocrx_word' id='word_1_150' title='bbox 2001 2353 2268 2410; x_wconf 83' lang='lat' dir='ltr'><strong>Vehemot</strong></span> <span class='ocrx_word' id='word_1_151' title='bbox 2298 2351 2316 2390; x_wconf 73' lang='grc' dir='ltr'><em>τ</em></span> <span class='ocrx_word' id='word_1_152' title='bbox 2574 2348 2621 2404; x_wconf 80' lang='grc' dir='ltr'><em>Η</em></span> 
     </span>
    </p>
   </div>
   <div class='ocr_carea' id='block_1_21' title="bbox 964 2436 2619 2517">
    <p class='ocr_par' dir='ltr' id='par_1_21' title="bbox 964 2436 2619 2517">
     <span class='ocr_line' id='line_1_21' title="bbox 964 2436 2619 2517; baseline -0.01 -10"><span class='ocrx_word' id='word_1_153' title='bbox 964 2451 1008 2507; x_wconf 85' lang='lat' dir='ltr'><strong>L</strong></span> <span class='ocrx_word' id='word_1_154' title='bbox 1044 2451 1210 2506; x_wconf 86' lang='lat' dir='ltr'><strong>imina</strong></span> <span class='ocrx_word' id='word_1_155' title='bbox 1237 2447 1431 2504; x_wconf 87' lang='lat' dir='ltr'><strong>siderei</strong></span> <span class='ocrx_word' id='word_1_156' title='bbox 1457 2447 1636 2517; x_wconf 86' lang='lat' dir='ltr'><strong>potius</strong></span> <span class='ocrx_word' id='word_1_157' title='bbox 1656 2456 1782 2517; x_wconf 89' lang='lat' dir='ltr'><strong>peto</strong></span> <span class='ocrx_word' id='word_1_158' title='bbox 1807 2443 2050 2508; x_wconf 90' lang='lat' dir='ltr'><strong>luminis,</strong></span> <span class='ocrx_word' id='word_1_159' title='bbox 2077 2451 2137 2497; x_wconf 92' lang='lat' dir='ltr'><strong>ut</strong></span> <span class='ocrx_word' id='word_1_160' title='bbox 2168 2440 2242 2496; x_wconf 88' lang='lat' dir='ltr'><strong>So</strong></span> <span class='ocrx_word' id='word_1_161' title='bbox 2576 2436 2619 2491; x_wconf 89' lang='lat' dir='ltr'><strong>L</strong></span> 
     </span>
    </p>
   </div>
   <div class='ocr_carea' id='block_1_22' title="bbox 967 2527 2618 2608">
    <p class='ocr_par' dir='ltr' id='par_1_22' title="bbox 967 2527 2618 2608">
     <span class='ocr_line' id='line_1_22' title="bbox 967 2527 2618 2608; baseline -0.008 -9"><span class='ocrx_word' id='word_1_162' title='bbox 967 2543 1013 2599; x_wconf 83' lang='lat' dir='ltr'><strong>V</strong></span> <span class='ocrx_word' id='word_1_163' title='bbox 1047 2557 1174 2597; x_wconf 88' lang='lat' dir='ltr'><strong>erus</strong></span> <span class='ocrx_word' id='word_1_164' title='bbox 1191 2539 1418 2608; x_wconf 63' lang='lat' dir='ltr'><strong>iustitiae</strong></span> <span class='ocrx_word' id='word_1_165' title='bbox 1447 2537 1698 2608; x_wconf 79' lang='lat' dir='ltr'><strong>dignetur</strong></span> <span class='ocrx_word' id='word_1_166' title='bbox 1720 2535 1861 2590; x_wconf 89' lang='lat' dir='ltr'><strong>dona</strong></span> <span class='ocrx_word' id='word_1_167' title='bbox 1886 2540 2073 2603; x_wconf 85' lang='lat' dir='ltr'><strong>precat</strong></span> <span class='ocrx_word' id='word_1_168' title='bbox 2571 2527 2618 2585; x_wconf 88' lang='lat' dir='ltr'><strong>U</strong></span> 
     </span>
    </p>
   </div>
   <div class='ocr_carea' id='block_1_23' title="bbox 965 2620 2618 2700">
    <p class='ocr_par' dir='ltr' id='par_1_23' title="bbox 965 2620 2618 2700">
     <span class='ocr_line' id='line_1_23' title="bbox 965 2620 2618 2700; baseline -0.01 -11"><span class='ocrx_word' id='word_1_169' title='bbox 965 2633 1012 2689; x_wconf 90' lang='lat' dir='ltr'><strong>D</strong></span> <span class='ocrx_word' id='word_1_170' title='bbox 1049 2633 1211 2688; x_wconf 90' lang='lat' dir='ltr'><strong>edere</strong></span> <span class='ocrx_word' id='word_1_171' title='bbox 1234 2650 1247 2686; x_wconf 91' lang='lat'><strong>:</strong></span> <span class='ocrx_word' id='word_1_172' title='bbox 1271 2644 1505 2700; x_wconf 90' lang='lat' dir='ltr'><strong>namque</strong></span> <span class='ocrx_word' id='word_1_173' title='bbox 1525 2627 1659 2683; x_wconf 91' lang='lat' dir='ltr'><strong>mihi</strong></span> <span class='ocrx_word' id='word_1_174' title='bbox 1681 2641 1789 2682; x_wconf 89' lang='lat' dir='ltr'><strong>non</strong></span> <span class='ocrx_word' id='word_1_175' title='bbox 1811 2625 1996 2697; x_wconf 87' lang='lat' dir='ltr'><strong>ﬂagito</strong></span> <span class='ocrx_word' id='word_1_176' title='bbox 2016 2623 2264 2678; x_wconf 87' lang='lat' dir='ltr'><strong>versibus</strong></span> <span class='ocrx_word' id='word_1_177' title='bbox 2284 2622 2408 2688; x_wconf 90' lang='lat' dir='ltr'><strong>hoc,</strong></span> <span class='ocrx_word' id='word_1_178' title='bbox 2429 2635 2536 2691; x_wconf 86' lang='lat' dir='ltr'><strong>quo</strong></span> <span class='ocrx_word' id='word_1_179' title='bbox 2573 2620 2618 2673; x_wconf 84' lang='grc' dir='ltr'><strong>Ι)</strong></span> 
     </span>
    </p>
   </div>
   <div class='ocr_carea' id='block_1_24' title="bbox 958 2708 2620 2794">
    <p class='ocr_par' dir='ltr' id='par_1_24' title="bbox 958 2708 2620 2794">
     <span class='ocr_line' id='line_1_24' title="bbox 958 2708 2620 2794; baseline -0.01 -13"><span class='ocrx_word' id='word_1_180' title='bbox 958 2725 1004 2782; x_wconf 92' lang='grc' dir='ltr'><strong>Ο</strong></span> <span class='ocrx_word' id='word_1_181' title='bbox 1041 2725 1188 2780; x_wconf 90' lang='lat' dir='ltr'><strong>mnia</strong></span> <span class='ocrx_word' id='word_1_182' title='bbox 1215 2730 1489 2794; x_wconf 86' lang='lat' dir='ltr'><strong>gestorum</strong></span> <span class='ocrx_word' id='word_1_183' title='bbox 1516 2730 1832 2790; x_wconf 84' lang='lat' dir='ltr'><strong>percurram</strong></span> <span class='ocrx_word' id='word_1_184' title='bbox 1859 2715 2073 2786; x_wconf 90' lang='lat' dir='ltr'><strong>pectine</strong></span> <span class='ocrx_word' id='word_1_185' title='bbox 2096 2728 2230 2782; x_wconf 89' lang='lat' dir='ltr'><strong>parv</strong></span> <span class='ocrx_word' id='word_1_186' title='bbox 2575 2708 2620 2765; x_wconf 93' lang='grc'>0</span> 
     </span>
    </p>
   </div>
   <div class='ocr_carea' id='block_1_25' title="bbox 976 2798 2616 2883">
    <p class='ocr_par' dir='ltr' id='par_1_25' title="bbox 976 2798 2616 2883">
     <span class='ocr_line' id='line_1_25' title="bbox 976 2798 2616 2883; baseline -0.012 -13"><span class='ocrx_word' id='word_1_187' title='bbox 976 2815 1000 2870; x_wconf 92' lang='lat' dir='ltr'><strong>l</strong></span> <span class='ocrx_word' id='word_1_188' title='bbox 1036 2831 1070 2870; x_wconf 94' lang='lat' dir='ltr'><strong>n</strong></span> <span class='ocrx_word' id='word_1_189' title='bbox 1101 2813 1297 2883; x_wconf 90' lang='lat' dir='ltr'><strong>quibus</strong></span> <span class='ocrx_word' id='word_1_190' title='bbox 1322 2819 1377 2866; x_wconf 92' lang='lat' dir='ltr'><strong>et</strong></span> <span class='ocrx_word' id='word_1_191' title='bbox 1409 2808 1592 2880; x_wconf 86' lang='lat' dir='ltr'><strong>magni</strong></span> <span class='ocrx_word' id='word_1_192' title='bbox 1612 2813 1841 2878; x_wconf 82' lang='lat' dir='ltr'><strong>possunt</strong></span> <span class='ocrx_word' id='word_1_193' title='bbox 1870 2817 2084 2864; x_wconf 81' lang='lat' dir='ltr'><strong>cessare</strong></span> <span class='ocrx_word' id='word_1_194' title='bbox 2115 2802 2140 2842; x_wconf 76' lang='grc' dir='ltr'><em>ε</em></span> <span class='ocrx_word' id='word_1_195' title='bbox 2162 2799 2388 2871; x_wconf 88' lang='lat' dir='ltr'><strong>magistr</strong></span> <span class='ocrx_word' id='word_1_196' title='bbox 2595 2798 2616 2861; x_wconf 84' lang='lat' dir='ltr'><strong>l</strong></span> 
     </span>
    </p>
   </div>
   <div class='ocr_carea' id='block_1_26' title="bbox 961 2885 2619 2961">
    <p class='ocr_par' dir='ltr' id='par_1_26' title="bbox 961 2885 2619 2961">
     <span class='ocr_line' id='line_1_26' title="bbox 961 2885 2619 2961; baseline -0.012 0"><span class='ocrx_word' id='word_1_197' title='bbox 961 2903 1004 2961; x_wconf 91' lang='lat' dir='ltr'><strong>C</strong></span> <span class='ocrx_word' id='word_1_198' title='bbox 1039 2917 1298 2959; x_wconf 62' lang='lat' dir='ltr'><strong>aesaream</strong></span> <span class='ocrx_word' id='word_1_199' title='bbox 1327 2900 1544 2956; x_wconf 84' lang='lat' dir='ltr'><strong>ﬂectant</strong></span> <span class='ocrx_word' id='word_1_200' title='bbox 1569 2898 1761 2960; x_wconf 88' lang='lat' dir='ltr'><strong>aciem,</strong></span> <span class='ocrx_word' id='word_1_201' title='bbox 1788 2894 1882 2951; x_wconf 91' lang='lat' dir='ltr'><strong>sed</strong></span> <span class='ocrx_word' id='word_1_202' title='bbox 1903 2891 2153 2948; x_wconf 88' lang='lat' dir='ltr'><strong>cantibus</strong></span> <span class='ocrx_word' id='word_1_203' title='bbox 2179 2890 2284 2944; x_wconf 90' lang='lat' dir='ltr'><strong>huc</strong></span> <span class='ocrx_word' id='word_1_204' title='bbox 2311 2889 2384 2943; x_wconf 90' lang='lat' dir='ltr'><strong>bu</strong></span> <span class='ocrx_word' id='word_1_205' title='bbox 2578 2885 2619 2942; x_wconf 91' lang='lat' dir='ltr'><strong>C</strong></span> 
     </span>
    </p>
   </div>
   <div class='ocr_carea' id='block_1_27' title="bbox 972 2977 2611 3065">
    <p class='ocr_par' dir='ltr' id='par_1_27' title="bbox 972 2977 2611 3065">
     <span class='ocr_line' id='line_1_27' title="bbox 972 2977 2611 3065; baseline -0.012 -14"><span class='ocrx_word' id='word_1_206' title='bbox 972 2996 997 3051; x_wconf 84' lang='grc' dir='ltr'><strong>Ι</strong></span> <span class='ocrx_word' id='word_1_207' title='bbox 1032 2995 1269 3065; x_wconf 87' lang='lat' dir='ltr'><strong>ncipiam</strong></span> <span class='ocrx_word' id='word_1_208' title='bbox 1295 2991 1588 3047; x_wconf 88' lang='lat' dir='ltr'><strong>celebrare.</strong></span> <span class='ocrx_word' id='word_1_209' title='bbox 1613 2987 1757 3045; x_wconf 86' lang='lat' dir='ltr'><strong>Fave</strong></span> <span class='ocrx_word' id='word_1_210' title='bbox 1782 2986 1961 3052; x_wconf 82' lang='lat' dir='ltr'><strong>modo,</strong></span> <span class='ocrx_word' id='word_1_211' title='bbox 1985 2982 2217 3046; x_wconf 81' lang='lat' dir='ltr'><strong>Christe,</strong></span> <span class='ocrx_word' id='word_1_212' title='bbox 2238 2985 2466 3054; x_wconf 87' lang='lat' dir='ltr'><strong>precant</strong></span> <span class='ocrx_word' id='word_1_213' title='bbox 2589 2977 2611 3033; x_wconf 92' lang='lat' dir='ltr'><strong>I</strong></span> 
     </span>
    </p>
   </div>
   <div class='ocr_carea' id='block_1_28' title="bbox 959 3067 2606 3149">
    <p class='ocr_par' dir='ltr' id='par_1_28' title="bbox 959 3067 2606 3149">
     <span class='ocr_line' id='line_1_28' title="bbox 959 3067 2606 3149; baseline -0.01 -8"><span class='ocrx_word' id='word_1_214' title='bbox 959 3086 1004 3144; x_wconf 89' lang='lat' dir='ltr'><strong>C</strong></span> <span class='ocrx_word' id='word_1_215' title='bbox 1041 3086 1269 3149; x_wconf 89' lang='lat' dir='ltr'><strong>armina,</strong></span> <span class='ocrx_word' id='word_1_216' title='bbox 1293 3097 1379 3138; x_wconf 91' lang='lat' dir='ltr'><strong>me</strong></span> <span class='ocrx_word' id='word_1_217' title='bbox 1407 3081 1599 3137; x_wconf 77' lang='lat' dir='ltr'><strong>exsilio</strong></span> <span class='ocrx_word' id='word_1_218' title='bbox 1628 3094 1727 3149; x_wconf 89' lang='lat' dir='ltr'><strong>pro</strong></span> <span class='ocrx_word' id='word_1_219' title='bbox 1752 3077 1876 3147; x_wconf 87' lang='lat' dir='ltr'><strong>quis</strong></span> <span class='ocrx_word' id='word_1_220' title='bbox 1904 3089 2048 3129; x_wconf 89' lang='lat' dir='ltr'><strong>nunc</strong></span> <span class='ocrx_word' id='word_1_221' title='bbox 2072 3071 2332 3143; x_wconf 89' lang='lat' dir='ltr'><strong>principis</strong></span> <span class='ocrx_word' id='word_1_222' title='bbox 2359 3069 2428 3130; x_wconf 84' lang='lat' dir='ltr'><strong>ab</strong></span> <span class='ocrx_word' id='word_1_223' title='bbox 2454 3069 2526 3124; x_wconf 90' lang='lat' dir='ltr'><strong>bo</strong></span> <span class='ocrx_word' id='word_1_224' title='bbox 2563 3067 2606 3125; x_wconf 84' lang='lat' dir='ltr'><strong>G</strong></span> 
     </span>
    </p>
   </div>
   <div class='ocr_carea' id='block_1_29' title="bbox 968 3158 2614 3236">
    <p class='ocr_par' dir='ltr' id='par_1_29' title="bbox 968 3158 2614 3236">
     <span class='ocr_line' id='line_1_29' title="bbox 968 3158 2614 3236; baseline -0.013 -1"><span class='ocrx_word' id='word_1_225' title='bbox 968 3179 1016 3235; x_wconf 80' lang='grc' dir='ltr'><strong>Δ</strong></span> <span class='ocrx_word' id='word_1_226' title='bbox 1051 3176 1274 3232; x_wconf 78' lang='lat' dir='ltr'><strong>uxilium</strong></span> <span class='ocrx_word' id='word_1_227' title='bbox 1297 3171 1602 3230; x_wconf 88' lang='lat' dir='ltr'><strong>miserando</strong></span> <span class='ocrx_word' id='word_1_228' title='bbox 1627 3171 1784 3230; x_wconf 83' lang='lat' dir='ltr'><strong>levet,</strong></span> <span class='ocrx_word' id='word_1_229' title='bbox 1810 3167 1898 3236; x_wconf 89' lang='lat' dir='ltr'><strong>qui</strong></span> <span class='ocrx_word' id='word_1_230' title='bbox 1927 3164 2105 3221; x_wconf 90' lang='lat' dir='ltr'><strong>celsus</strong></span> <span class='ocrx_word' id='word_1_231' title='bbox 2129 3162 2183 3216; x_wconf 92' lang='lat' dir='ltr'><strong>in</strong></span> <span class='ocrx_word' id='word_1_232' title='bbox 2211 3161 2300 3216; x_wconf 89' lang='lat' dir='ltr'><strong>aul</strong></span> <span class='ocrx_word' id='word_1_233' title='bbox 2565 3158 2614 3214; x_wconf 78' lang='grc' dir='ltr'>Α</span> 
     </span>
    </p>
   </div>
   <div class='ocr_carea' id='block_1_30' title="bbox 969 3251 2620 3340">
    <p class='ocr_par' dir='ltr' id='par_1_30' title="bbox 969 3251 2620 3340">
     <span class='ocr_line' id='line_1_30' title="bbox 969 3251 2620 3340; baseline -0.01 -16"><span class='ocrx_word' id='word_1_234' title='bbox 969 3268 1015 3332; x_wconf 78' lang='grc' dir='ltr'><strong>Ε</strong></span> <span class='ocrx_word' id='word_1_235' title='bbox 1051 3269 1174 3340; x_wconf 82' lang='lat' dir='ltr'><strong>rigit</strong></span> <span class='ocrx_word' id='word_1_236' title='bbox 1202 3268 1462 3337; x_wconf 85' lang='lat' dir='ltr'><strong>abjectos,</strong></span> <span class='ocrx_word' id='word_1_237' title='bbox 1488 3262 1666 3332; x_wconf 88' lang='lat' dir='ltr'><strong>parcit</strong></span> <span class='ocrx_word' id='word_1_238' title='bbox 1689 3255 2058 3331; x_wconf 42' lang='lat' dir='ltr'><strong>peccantibus&quot;,</strong></span> <span class='ocrx_word' id='word_1_239' title='bbox 2083 3264 2213 3326; x_wconf 88' lang='lat' dir='ltr'><strong>atqu</strong></span> <span class='ocrx_word' id='word_1_240' title='bbox 2575 3251 2620 3308; x_wconf 84' lang='lat' dir='ltr'><strong>E</strong></span> 
     </span>
    </p>
   </div>
   <div class='ocr_carea' id='block_1_31' title="bbox 974 3341 2610 3428">
    <p class='ocr_par' dir='ltr' id='par_1_31' title="bbox 974 3341 2610 3428">
     <span class='ocr_line' id='line_1_31' title="bbox 974 3341 2610 3428; baseline -0.009 -15"><span class='ocrx_word' id='word_1_241' title='bbox 974 3358 1014 3414; x_wconf 93' lang='grc'><strong>8</strong></span> <span class='ocrx_word' id='word_1_242' title='bbox 1046 3357 1223 3428; x_wconf 86' lang='lat' dir='ltr'><strong>pargit</strong></span> <span class='ocrx_word' id='word_1_243' title='bbox 1245 3356 1298 3410; x_wconf 91' lang='lat' dir='ltr'><strong>iu</strong></span> <span class='ocrx_word' id='word_1_244' title='bbox 1328 3355 1652 3408; x_wconf 88' lang='lat' dir='ltr'><strong>immensum</strong></span> <span class='ocrx_word' id='word_1_245' title='bbox 1679 3350 1812 3405; x_wconf 89' lang='lat' dir='ltr'><strong>clari</strong></span> <span class='ocrx_word' id='word_1_246' title='bbox 1845 3349 1961 3402; x_wconf 84' lang='lat' dir='ltr'><strong>vice</strong></span> <span class='ocrx_word' id='word_1_247' title='bbox 1992 3347 2194 3400; x_wconf 89' lang='lat' dir='ltr'><strong>lumina</strong></span> <span class='ocrx_word' id='word_1_248' title='bbox 2225 3344 2327 3400; x_wconf 88' lang='lat' dir='ltr'><strong>soli</strong></span> <span class='ocrx_word' id='word_1_249' title='bbox 2571 3341 2610 3398; x_wconf 91' lang='grc'><strong>8</strong></span> 
     </span>
    </p>
   </div>
   <div class='ocr_carea' id='block_1_32' title="bbox 963 3433 2620 3518">
    <p class='ocr_par' dir='ltr' id='par_1_32' title="bbox 963 3433 2620 3518">
     <span class='ocr_line' id='line_1_32' title="bbox 963 3433 2620 3518; baseline -0.01 -14"><span class='ocrx_word' id='word_1_250' title='bbox 963 3450 1012 3514; x_wconf 75' lang='grc' dir='ltr'><strong>Δ</strong></span> <span class='ocrx_word' id='word_1_251' title='bbox 1045 3449 1118 3503; x_wconf 89' lang='lat' dir='ltr'><strong>Ita</strong></span> <span class='ocrx_word' id='word_1_252' title='bbox 1147 3447 1290 3518; x_wconf 84' lang='lat' dir='ltr'><strong>regis</strong></span> <span class='ocrx_word' id='word_1_253' title='bbox 1310 3443 1512 3500; x_wconf 84' lang='lat' dir='ltr'><strong>Christi</strong></span> <span class='ocrx_word' id='word_1_254' title='bbox 1532 3442 1786 3512; x_wconf 87' lang='lat' dir='ltr'><strong>princeps</strong></span> <span class='ocrx_word' id='word_1_255' title='bbox 1812 3439 1904 3508; x_wconf 87' lang='lat' dir='ltr'><strong>qui</strong></span> <span class='ocrx_word' id='word_1_256' title='bbox 1931 3438 2165 3492; x_wconf 86' lang='lat' dir='ltr'><strong>maxime</strong></span> <span class='ocrx_word' id='word_1_257' title='bbox 2194 3443 2375 3504; x_wconf 87' lang='lat' dir='ltr'><strong>sceptr</strong></span> <span class='ocrx_word' id='word_1_258' title='bbox 2572 3433 2620 3488; x_wconf 77' lang='grc' dir='ltr'><strong>Α</strong></span> 
     </span>
    </p>
   </div>
   <div class='ocr_carea' id='block_1_33' title="bbox 961 3521 2616 3603">
    <p class='ocr_par' dir='ltr' id='par_1_33' title="bbox 961 3521 2616 3603">
     <span class='ocr_line' id='line_1_33' title="bbox 961 3521 2616 3603; baseline -0.013 -7"><span class='ocrx_word' id='word_1_259' title='bbox 961 3540 1012 3596; x_wconf 83' lang='lat' dir='ltr'><strong><em>R</em></strong></span> <span class='ocrx_word' id='word_1_260' title='bbox 1046 3555 1114 3594; x_wconf 79' lang='lat' dir='ltr'><strong>ex</strong></span> <span class='ocrx_word' id='word_1_261' title='bbox 1137 3536 1408 3592; x_wconf 84' lang='lat' dir='ltr'><strong>Ludovice</strong></span> <span class='ocrx_word' id='word_1_262' title='bbox 1447 3534 1550 3603; x_wconf 91' lang='lat' dir='ltr'><strong>pie,</strong></span> <span class='ocrx_word' id='word_1_263' title='bbox 1577 3538 1631 3586; x_wconf 92' lang='lat' dir='ltr'><strong>et</strong></span> <span class='ocrx_word' id='word_1_264' title='bbox 1657 3529 1877 3600; x_wconf 90' lang='lat' dir='ltr'><strong>pietatis</strong></span> <span class='ocrx_word' id='word_1_265' title='bbox 1913 3541 2135 3581; x_wconf 90' lang='lat' dir='ltr'><strong>munere</strong></span> <span class='ocrx_word' id='word_1_266' title='bbox 2172 3524 2324 3579; x_wconf 64' lang='lat' dir='ltr'><strong>Caesa</strong></span> <span class='ocrx_word' id='word_1_267' title='bbox 2569 3521 2616 3574; x_wconf 72' lang='grc' dir='ltr'>Β</span> 
     </span>
    </p>
   </div>
   <div class='ocr_carea' id='block_1_34' title="bbox 968 3615 2606 3699">
    <p class='ocr_par' dir='ltr' id='par_1_34' title="bbox 968 3615 2606 3699">
     <span class='ocr_line' id='line_1_34' title="bbox 968 3615 2606 3699; baseline -0.012 -13"><span class='ocrx_word' id='word_1_268' title='bbox 968 3631 992 3686; x_wconf 89' lang='lat' dir='ltr'><strong>I</strong></span> <span class='ocrx_word' id='word_1_269' title='bbox 1026 3629 1232 3699; x_wconf 86' lang='lat' dir='ltr'><strong>nsignis</strong></span> <span class='ocrx_word' id='word_1_270' title='bbox 1261 3625 1463 3690; x_wconf 90' lang='lat' dir='ltr'><strong>meriti,</strong></span> <span class='ocrx_word' id='word_1_271' title='bbox 1486 3623 1780 3693; x_wconf 68' lang='lat' dir='ltr'><strong>praeclarus</strong></span> <span class='ocrx_word' id='word_1_272' title='bbox 1809 3619 2061 3690; x_wconf 82' lang='lat' dir='ltr'><strong>dogmate</strong></span> <span class='ocrx_word' id='word_1_273' title='bbox 2086 3618 2269 3677; x_wconf 82' lang='lat' dir='ltr'><strong>Christ</strong></span> <span class='ocrx_word' id='word_1_274' title='bbox 2582 3615 2606 3670; x_wconf 85' lang='grc' dir='ltr'>Ι</span> 
     </span>
    </p>
   </div>
   <div class='ocr_carea' id='block_1_35' title="bbox 958 3706 2616 3789">
    <p class='ocr_par' dir='ltr' id='par_1_35' title="bbox 958 3706 2616 3789">
     <span class='ocr_line' id='line_1_35' title="bbox 958 3706 2616 3789; baseline -0.009 -11"><span class='ocrx_word' id='word_1_275' title='bbox 958 3721 999 3778; x_wconf 90' lang='grc'><strong>8</strong></span> <span class='ocrx_word' id='word_1_276' title='bbox 1036 3721 1222 3789; x_wconf 90' lang='lat' dir='ltr'><strong>uscipe</strong></span> <span class='ocrx_word' id='word_1_277' title='bbox 1244 3725 1539 3788; x_wconf 45' lang='lat' dir='ltr'><strong>gratanter»,</strong></span> <span class='ocrx_word' id='word_1_278' title='bbox 1570 3712 1776 3785; x_wconf 83' lang='lat' dir='ltr'><strong>profert</strong></span> <span class='ocrx_word' id='word_1_279' title='bbox 1805 3726 1923 3781; x_wconf 68' lang='lat' dir='ltr'><strong>qua:</strong></span> <span class='ocrx_word' id='word_1_280' title='bbox 1949 3711 2087 3766; x_wconf 89' lang='lat' dir='ltr'><strong>dona</strong></span> <span class='ocrx_word' id='word_1_281' title='bbox 2113 3709 2320 3780; x_wconf 85' lang='lat' dir='ltr'><strong>Nigellu</strong></span> <span class='ocrx_word' id='word_1_282' title='bbox 2576 3706 2616 3763; x_wconf 87' lang='grc'><strong>8</strong></span> 
     </span>
    </p>
   </div>
   <div class='ocr_carea' id='block_1_36' title="bbox 959 3799 2616 3874">
    <p class='ocr_par' dir='ltr' id='par_1_36' title="bbox 959 3799 2616 3874">
     <span class='ocr_line' id='line_1_36' title="bbox 959 3799 2616 3874; baseline -0.008 -8"><span class='ocrx_word' id='word_1_283' title='bbox 959 3810 1007 3866; x_wconf 78' lang='grc' dir='ltr'>Α</span> <span class='ocrx_word' id='word_1_284' title='bbox 1042 3809 1246 3865; x_wconf 89' lang='lat' dir='ltr'><strong>usubus</strong></span> <span class='ocrx_word' id='word_1_285' title='bbox 1275 3809 1304 3848; x_wconf 65' lang='grc' dir='ltr'>δ</span> <span class='ocrx_word' id='word_1_286' title='bbox 1336 3813 1456 3861; x_wconf 89' lang='lat' dir='ltr'><strong>acta</strong></span> <span class='ocrx_word' id='word_1_287' title='bbox 1478 3813 1657 3859; x_wconf 86' lang='lat' dir='ltr'><strong>tamen</strong></span> <span class='ocrx_word' id='word_1_288' title='bbox 1685 3801 1774 3874; x_wconf 91' lang='lat' dir='ltr'><strong>qui</strong></span> <span class='ocrx_word' id='word_1_289' title='bbox 1802 3810 2022 3873; x_wconf 84' lang='lat' dir='ltr'><strong>tangere</strong></span> <span class='ocrx_word' id='word_1_290' title='bbox 2042 3801 2282 3856; x_wconf 88' lang='lat' dir='ltr'><strong>carmine</strong></span> <span class='ocrx_word' id='word_1_291' title='bbox 2304 3807 2452 3855; x_wconf 88' lang='lat' dir='ltr'><strong>vestr</strong></span> <span class='ocrx_word' id='word_1_292' title='bbox 2568 3799 2616 3853; x_wconf 82' lang='lat' dir='ltr'><strong>A</strong></span> 
     </span>
    </p>
   </div>
   <div class='ocr_carea' id='block_1_37' title="bbox 2569 3890 2618 3949">
    <p class='ocr_par' dir='ltr' id='par_1_37' title="bbox 2569 3890 2618 3949">
     <span class='ocr_line' id='line_1_37' title="bbox 2569 3890 2618 3949; baseline 0 -4"><span class='ocrx_word' id='word_1_293' title='bbox 2569 3890 2618 3949; x_wconf 71' lang='grc' dir='ltr'><strong>Β</strong></span> 
     </span>
    </p>
   </div>
   <div class='ocr_carea' id='block_1_38' title="bbox 2564 3980 2616 4044">
    <p class='ocr_par' dir='ltr' id='par_1_38' title="bbox 2564 3980 2616 4044">
     <span class='ocr_line' id='line_1_38' title="bbox 2564 3980 2616 4044; baseline 0 -8"><span class='ocrx_word' id='word_1_294' title='bbox 2564 3980 2616 4044; x_wconf 85' lang='lat' dir='ltr'><strong><em>M</em></strong></span> 
     </span>
    </p>
   </div>
   <div class='ocr_carea' id='block_1_39' title="bbox 956 3893 2221 3972">
    <p class='ocr_par' dir='ltr' id='par_1_39' title="bbox 956 3893 2221 3972">
     <span class='ocr_line' id='line_1_39' title="bbox 956 3893 2221 3972; baseline -0.011 -14"><span class='ocrx_word' id='word_1_295' title='bbox 956 3903 1004 3958; x_wconf 75' lang='grc' dir='ltr'><strong>Β</strong></span> <span class='ocrx_word' id='word_1_296' title='bbox 1040 3901 1153 3972; x_wconf 80' lang='lat' dir='ltr'><strong>egis</strong></span> <span class='ocrx_word' id='word_1_297' title='bbox 1181 3900 1249 3954; x_wconf 93' lang='lat' dir='ltr'><strong>ob</strong></span> <span class='ocrx_word' id='word_1_298' title='bbox 1271 3896 1458 3952; x_wconf 68' lang='lat' dir='ltr'><strong>aeterni</strong></span> <span class='ocrx_word' id='word_1_299' title='bbox 1479 3903 1660 3950; x_wconf 86' lang='lat' dir='ltr'><strong>vestro</strong></span> <span class='ocrx_word' id='word_1_300' title='bbox 1683 3893 1772 3962; x_wconf 89' lang='lat' dir='ltr'><strong>qui</strong></span> <span class='ocrx_word' id='word_1_301' title='bbox 1796 3901 2016 3962; x_wconf 78' lang='lat' dir='ltr'><strong>pectore</strong></span> <span class='ocrx_word' id='word_1_302' title='bbox 2041 3905 2221 3960; x_wconf 90' lang='lat' dir='ltr'><strong>scmpe</strong></span> 
     </span>
    </p>
   </div>
   <div class='ocr_carea' id='block_1_40' title="bbox 962 3980 2396 4046">
    <p class='ocr_par' dir='ltr' id='par_1_40' title="bbox 962 3980 2396 4046">
     <span class='ocr_line' id='line_1_40' title="bbox 962 3980 2396 4046; baseline -0.008 0"><span class='ocrx_word' id='word_1_303' title='bbox 962 3991 1014 4046; x_wconf 83' lang='lat' dir='ltr'><strong><em>M</em></strong></span> <span class='ocrx_word' id='word_1_304' title='bbox 1049 3990 1192 4046; x_wconf 90' lang='lat' dir='ltr'><strong>ansit</strong></span> <span class='ocrx_word' id='word_1_305' title='bbox 1219 4004 1392 4043; x_wconf 89' lang='lat' dir='ltr'><strong>amor.</strong></span> <span class='ocrx_word' id='word_1_306' title='bbox 1417 3985 1597 4041; x_wconf 65' lang='lat' dir='ltr'><strong>Cresar</strong></span> <span class='ocrx_word' id='word_1_307' title='bbox 1624 3983 1885 4039; x_wconf 85' lang='lat' dir='ltr'><strong>famulum</strong></span> <span class='ocrx_word' id='word_1_308' title='bbox 1911 3981 2147 4038; x_wconf 84' lang='lat' dir='ltr'><strong>relevato</strong></span> <span class='ocrx_word' id='word_1_309' title='bbox 2170 3980 2396 4037; x_wconf 71' lang='lat' dir='ltr'><strong>cadente</strong></span> 
     </span>
    </p>
   </div>
   <div class='ocr_carea' id='block_1_41' title="bbox 970 4076 2634 4146">
    <p class='ocr_par' dir='ltr' id='par_1_41' title="bbox 970 4076 2634 4146">
     <span class='ocr_line' id='line_1_41' title="bbox 970 4076 2634 4146; baseline -0.004 -9"><span class='ocrx_word' id='word_1_310' title='bbox 970 4081 1018 4137; x_wconf 80' lang='grc' dir='ltr'><strong>Α</strong></span> <span class='ocrx_word' id='word_1_311' title='bbox 1055 4083 1312 4137; x_wconf 87' lang='lat' dir='ltr'><strong>ltitonans</strong></span> <span class='ocrx_word' id='word_1_312' title='bbox 1337 4079 1586 4136; x_wconf 89' lang='lat' dir='ltr'><strong>Christus</strong></span> <span class='ocrx_word' id='word_1_313' title='bbox 1604 4092 1703 4133; x_wconf 84' lang='lat' dir='ltr'><strong>vos</strong></span> <span class='ocrx_word' id='word_1_314' title='bbox 1724 4091 1831 4146; x_wconf 89' lang='lat' dir='ltr'><strong>quo</strong></span> <span class='ocrx_word' id='word_1_315' title='bbox 1857 4076 2111 4132; x_wconf 82' lang='lat' dir='ltr'><strong>sublimet</strong></span> <span class='ocrx_word' id='word_1_316' title='bbox 2138 4076 2195 4131; x_wconf 89' lang='lat' dir='ltr'><strong>in</strong></span> <span class='ocrx_word' id='word_1_317' title='bbox 2221 4078 2361 4132; x_wconf 85' lang='lat' dir='ltr'><strong>aethr</strong></span> <span class='ocrx_word' id='word_1_318' title='bbox 2566 4077 2634 4132; x_wconf 77' lang='grc' dir='ltr'><strong>Α.</strong></span> 
     </span>
    </p>
   </div>
   <div class='ocr_carea' id='block_1_42' title="bbox 261 4190 2698 4274">
    <p class='ocr_par' dir='ltr' id='par_1_42' title="bbox 261 4190 2698 4274">
     <span class='ocr_line' id='line_1_42' title="bbox 261 4190 2698 4274; baseline -0.007 -13"><span class='ocrx_word' id='word_1_319' title='bbox 261 4219 288 4248; x_wconf 74' lang='grc' dir='ltr'>ι</span> <span class='ocrx_word' id='word_1_320' title='bbox 309 4203 600 4274; x_wconf 84' lang='lat' dir='ltr'><strong>Inscriptio</strong></span> <span class='ocrx_word' id='word_1_321' title='bbox 619 4217 648 4256; x_wconf 89' lang='lat' dir='ltr'><strong>a</strong></span> <span class='ocrx_word' id='word_1_322' title='bbox 669 4198 902 4274; x_wconf 81' lang='lat' dir='ltr'><strong>secunda</strong></span> <span class='ocrx_word' id='word_1_323' title='bbox 922 4213 1086 4252; x_wconf 89' lang='lat' dir='ltr'><strong>manu</strong></span> <span class='ocrx_word' id='word_1_324' title='bbox 1113 4196 1376 4274; x_wconf 67' lang='lat' dir='ltr'><strong>apposita.</strong></span> <span class='ocrx_word' id='word_1_325' title='bbox 1462 4261 1477 4274; x_wconf 35' lang='grc' dir='ltr'>ἱ</span> <span class='ocrx_word' id='word_1_326' title='bbox 1499 4261 1513 4274; x_wconf 48' lang='lat'><strong><em>‘</em></strong></span> <span class='ocrx_word' id='word_1_327' title='bbox 1650 4259 1692 4274; x_wconf 47' lang='grc' dir='ltr'>ἢ</span> <span class='ocrx_word' id='word_1_328' title='bbox 1783 4192 1835 4250; x_wconf 88' lang='grc' dir='ltr'><strong>Α</strong></span> <span class='ocrx_word' id='word_1_329' title='bbox 1858 4190 2069 4274; x_wconf 55' lang='grc' dir='ltr'><strong>φράξαν</strong></span> <span class='ocrx_word' id='word_1_330' title='bbox 2090 4191 2465 4274; x_wconf 72' lang='lat' dir='ltr'><strong>subsequentis</strong></span> <span class='ocrx_word' id='word_1_331' title='bbox 2491 4205 2698 4270; x_wconf 81' lang='lat' dir='ltr'><strong>versus.</strong></span> 
     </span>
    </p>
   </div>
   <div class='ocr_carea' id='block_1_43' title="bbox 259 4259 3431 4330">
    <p class='ocr_par' dir='ltr' id='par_1_43' title="bbox 259 4259 3431 4330">
     <span class='ocr_line' id='line_1_43' title="bbox 259 4259 3431 4330; baseline -0.009 2"><span class='ocrx_word' id='word_1_332' title='bbox 259 4259 630 4330; x_wconf 36' lang='lat' dir='ltr'><strong>b‘l‘enebroso</strong></span> <span class='ocrx_word' id='word_1_333' title='bbox 667 4270 830 4325; x_wconf 86' lang='lat' dir='ltr'><strong>verbo</strong></span> <span class='ocrx_word' id='word_1_334' title='bbox 881 4284 975 4324; x_wconf 91' lang='lat' dir='ltr'><strong>sua</strong></span> <span class='ocrx_word' id='word_1_335' title='bbox 1005 4259 1279 4321; x_wconf 74' lang='lat' dir='ltr'><strong>exorditur</strong></span> <span class='ocrx_word' id='word_1_336' title='bbox 1302 4261 1600 4316; x_wconf 90' lang='lat' dir='ltr'><strong>Ermoldus.</strong></span> <span class='ocrx_word' id='word_1_337' title='bbox 1650 4259 1758 4314; x_wconf 88' lang='lat' dir='ltr'><strong>Pro</strong></span> <span class='ocrx_word' id='word_1_338' title='bbox 1862 4259 1885 4330; x_wconf 65' lang='grc' dir='ltr'><strong>Ῐ⁸</strong></span> <span class='ocrx_word' id='word_1_339' title='bbox 1937 4271 1958 4298; x_wconf 73' lang='grc' dir='ltr'>ε</span> <span class='ocrx_word' id='word_1_340' title='bbox 1996 4260 2109 4314; x_wconf 91' lang='lat' dir='ltr'><strong>Imo</strong></span> <span class='ocrx_word' id='word_1_341' title='bbox 2136 4259 2404 4330; x_wconf 70' lang='lat' dir='ltr'><strong>facerent,</strong></span> <span class='ocrx_word' id='word_1_342' title='bbox 2454 4269 2513 4330; x_wconf 85' lang='lat' dir='ltr'><strong>ut</strong></span> <span class='ocrx_word' id='word_1_343' title='bbox 2558 4261 2628 4330; x_wconf 76' lang='lat' dir='ltr'><strong>sit</strong></span> <span class='ocrx_word' id='word_1_344' title='bbox 2652 4274 2841 4330; x_wconf 89' lang='lat' dir='ltr'><strong>sensus</strong></span> <span class='ocrx_word' id='word_1_345' title='bbox 2868 4277 2886 4330; x_wconf 10' lang='lat'><strong>:7</strong></span> <span class='ocrx_word' id='word_1_346' title='bbox 2905 4275 3024 4330; x_wconf 87' lang='lat' dir='ltr'><strong>cum</strong></span> <span class='ocrx_word' id='word_1_347' title='bbox 3073 4259 3276 4314; x_wconf 85' lang='lat' dir='ltr'><strong>ethnici</strong></span> <span class='ocrx_word' id='word_1_348' title='bbox 3327 4261 3431 4316; x_wconf 71' lang='lat' dir='ltr'><strong>hoc</strong></span> 
     </span>
    </p>
   </div>
   <div class='ocr_carea' id='block_1_44' title="bbox 193 4327 3133 4411">
    <p class='ocr_par' dir='ltr' id='par_1_44' title="bbox 193 4327 3133 4411">
     <span class='ocr_line' id='line_1_44' title="bbox 193 4327 3133 4411; baseline -0.006 -11"><span class='ocrx_word' id='word_1_349' title='bbox 193 4327 430 4400; x_wconf 44' lang='lat' dir='ltr'><strong>condi—tor</strong></span> <span class='ocrx_word' id='word_1_350' title='bbox 449 4327 723 4411; x_wconf 71' lang='lat' dir='ltr'><strong>usurpata</strong></span> <span class='ocrx_word' id='word_1_351' title='bbox 772 4338 1173 4411; x_wconf 6' lang='lat' dir='ltr'><strong>voxgvidetur,</strong></span> <span class='ocrx_word' id='word_1_352' title='bbox 1222 4347 1527 4411; x_wconf 80' lang='lat' dir='ltr'><strong>quanquam</strong></span> <span class='ocrx_word' id='word_1_353' title='bbox 1580 4331 1758 4411; x_wconf 76' lang='lat' dir='ltr'><strong>potius</strong></span> <span class='ocrx_word' id='word_1_354' title='bbox 1859 4327 2336 4411; x_wconf 22' lang='lat' dir='ltr'><strong>facptyntﬂgqrum</strong></span> <span class='ocrx_word' id='word_1_355' title='bbox 2362 4329 2523 4411; x_wconf 77' lang='lat' dir='ltr'><strong>corda</strong></span> <span class='ocrx_word' id='word_1_356' title='bbox 2548 4329 2919 4411; x_wconf 50' lang='lat' dir='ltr'><strong>obteuebra&#39;vit</strong></span> <span class='ocrx_word' id='word_1_357' title='bbox 2948 4328 3133 4409; x_wconf 75' lang='lat' dir='ltr'><strong>satau.</strong></span> 
     </span>
    </p>
   </div>
   <div class='ocr_carea' id='block_1_45' title="bbox 193 4397 3430 4484">
    <p class='ocr_par' dir='ltr' id='par_1_45' title="bbox 193 4397 3430 4484">
     <span class='ocr_line' id='line_1_45' title="bbox 193 4397 3430 4484; baseline -0.005 -15"><span class='ocrx_word' id='word_1_358' title='bbox 193 4397 431 4484; x_wconf 78' lang='lat' dir='ltr'><strong>suspicor</strong></span> <span class='ocrx_word' id='word_1_359' title='bbox 459 4429 562 4484; x_wconf 83' lang='lat' dir='ltr'><strong>pro</strong></span> <span class='ocrx_word' id='word_1_360' title='bbox 589 4397 758 4465; x_wconf 63' lang='lat' dir='ltr'><strong>Editor</strong></span> <span class='ocrx_word' id='word_1_361' title='bbox 796 4409 1054 4484; x_wconf 81' lang='lat' dir='ltr'><strong>scriptum</strong></span> <span class='ocrx_word' id='word_1_362' title='bbox 1100 4397 1326 4484; x_wconf 75' lang='lat' dir='ltr'><strong>fuissé_a</strong></span> <span class='ocrx_word' id='word_1_363' title='bbox 1355 4397 1511 4484; x_wconf 64' lang='lat' dir='ltr'><strong>poeta</strong></span> <span class='ocrx_word' id='word_1_364' title='bbox 1539 4397 1755 4484; x_wconf 59' lang='lat' dir='ltr'><strong>editus,</strong></span> <span class='ocrx_word' id='word_1_365' title='bbox 1857 4468 1874 4484; x_wconf 42' lang='grc' dir='ltr'>ἱ</span> <span class='ocrx_word' id='word_1_366' title='bbox 1936 4397 2094 4484; x_wconf 39' lang='lat' dir='ltr'><strong>{Pro</strong></span> <span class='ocrx_word' id='word_1_367' title='bbox 2124 4398 2429 4484; x_wconf 54' lang='lat' dir='ltr'><strong>Bellantem,</strong></span> <span class='ocrx_word' id='word_1_368' title='bbox 2471 4397 2523 4450; x_wconf 87' lang='lat' dir='ltr'><strong>id</strong></span> <span class='ocrx_word' id='word_1_369' title='bbox 2552 4406 2635 4478; x_wconf 71' lang='lat' dir='ltr'><strong>est</strong></span> <span class='ocrx_word' id='word_1_370' title='bbox 2670 4398 2952 4454; x_wconf 89' lang='lat' dir='ltr'><strong>diabolus:</strong></span> <span class='ocrx_word' id='word_1_371' title='bbox 2986 4399 3060 4452; x_wconf 89' lang='lat' dir='ltr'><strong>ita</strong></span> <span class='ocrx_word' id='word_1_372' title='bbox 3103 4399 3246 4452; x_wconf 91' lang='lat' dir='ltr'><strong>enim</strong></span> <span class='ocrx_word' id='word_1_373' title='bbox 3292 4399 3430 4484; x_wconf 68' lang='lat' dir='ltr'><strong>banc</strong></span> 
     </span>
    </p>
   </div>
   <div class='ocr_carea' id='block_1_46' title="bbox 191 4467 3426 4554">
    <p class='ocr_par' dir='ltr' id='par_1_46' title="bbox 191 4467 3426 4554">
     <span class='ocr_line' id='line_1_46' title="bbox 191 4467 3426 4554; baseline -0.005 -15"><span class='ocrx_word' id='word_1_374' title='bbox 191 4467 590 4554; x_wconf 37' lang='lat' dir='ltr'><strong>aut‘editefpro</strong></span> <span class='ocrx_word' id='word_1_375' title='bbox 611 4491 782 4545; x_wconf 75' lang='lat' dir='ltr'><strong>natus,</strong></span> <span class='ocrx_word' id='word_1_376' title='bbox 806 4467 922 4534; x_wconf 74' lang='lat' dir='ltr'><strong>sive</strong></span> <span class='ocrx_word' id='word_1_377' title='bbox 955 4486 1093 4534; x_wconf 77' lang='lat' dir='ltr'><strong>nate.</strong></span> <span class='ocrx_word' id='word_1_378' title='bbox 1130 4475 1179 4530; x_wconf 92' lang='lat' dir='ltr'><strong>Is</strong></span> <span class='ocrx_word' id='word_1_379' title='bbox 1202 4467 1650 4529; x_wconf 57' lang='lat' dir='ltr'><strong>enim&#39;Cbristum</strong></span> <span class='ocrx_word' id='word_1_380' title='bbox 1676 4471 1757 4524; x_wconf 89' lang='lat' dir='ltr'><strong>aI-</strong></span> <span class='ocrx_word' id='word_1_381' title='bbox 1857 4468 2086 4549; x_wconf 73' lang='lat' dir='ltr'><strong>bestiam</strong></span> <span class='ocrx_word' id='word_1_382' title='bbox 2116 4485 2146 4522; x_wconf 91' lang='lat' dir='ltr'><strong>a</strong></span> <span class='ocrx_word' id='word_1_383' title='bbox 2169 4467 2462 4549; x_wconf 73' lang='lat' dir='ltr'><strong>scripturis</strong></span> <span class='ocrx_word' id='word_1_384' title='bbox 2487 4469 2655 4549; x_wconf 74' lang='lat' dir='ltr'><strong>sacris</strong></span> <span class='ocrx_word' id='word_1_385' title='bbox 2675 4477 3032 4524; x_wconf 85' lang='lat' dir='ltr'><strong>memoratam</strong></span> <span class='ocrx_word' id='word_1_386' title='bbox 3057 4477 3267 4524; x_wconf 88' lang='lat' dir='ltr'><strong>veteres</strong></span> <span class='ocrx_word' id='word_1_387' title='bbox 3292 4468 3426 4524; x_wconf 88' lang='lat' dir='ltr'><strong>alle-</strong></span> 
     </span>
    </p>
   </div>
   <div class='ocr_carea' id='block_1_47' title="bbox 191 4538 2580 4624">
    <p class='ocr_par' dir='ltr' id='par_1_47' title="bbox 191 4538 2580 4624">
     <span class='ocr_line' id='line_1_47' title="bbox 191 4538 2580 4624; baseline -0.007 -18"><span class='ocrx_word' id='word_1_388' title='bbox 191 4538 456 4624; x_wconf 59' lang='lat' dir='ltr'><strong>quuitur.&#39;</strong></span> <span class='ocrx_word' id='word_1_389' title='bbox 489 4538 508 4554; x_wconf 69' lang='grc'><strong><em>³</em></strong></span> <span class='ocrx_word' id='word_1_390' title='bbox 571 4538 621 4624; x_wconf 59' lang='grc' dir='ltr'><strong> </strong></span> <span class='ocrx_word' id='word_1_391' title='bbox 825 4617 844 4624; x_wconf 83' lang='lat'>_</span> <span class='ocrx_word' id='word_1_392' title='bbox 946 4617 962 4624; x_wconf 88' lang='lat'><em>_</em></span> <span class='ocrx_word' id='word_1_393' title='bbox 1021 4618 1034 4624; x_wconf 89' lang='lat'><em>_</em></span> <span class='ocrx_word' id='word_1_394' title='bbox 1256 4615 1284 4624; x_wconf 13' lang='grc' dir='ltr'><em>γ’</em></span> <span class='ocrx_word' id='word_1_395' title='bbox 1593 4610 1628 4624; x_wconf 32' lang='grc' dir='ltr'><strong>,Δ</strong></span> <span class='ocrx_word' id='word_1_396' title='bbox 1739 4617 1751 4624; x_wconf 32' lang='grc' dir='ltr'><strong><em>Δ</em></strong></span> <span class='ocrx_word' id='word_1_397' title='bbox 1859 4538 2039 4624; x_wconf 59' lang='grc' dir='ltr'><strong>ιζοείεο</strong></span> <span class='ocrx_word' id='word_1_398' title='bbox 2076 4549 2206 4624; x_wconf 62' lang='lat' dir='ltr'><strong>sunt</strong></span> <span class='ocrx_word' id='word_1_399' title='bbox 2222 4538 2580 4624; x_wconf 69' lang='lat' dir='ltr'><strong>interpretati.</strong></span> 
     </span>
    </p>
   </div>
   <div class='ocr_carea' id='block_1_48' title="bbox 261 4607 3357 4693">
    <p class='ocr_par' dir='ltr' id='par_1_48' title="bbox 261 4607 3357 4693">
     <span class='ocr_line' id='line_1_48' title="bbox 261 4607 3357 4693; baseline -0.005 -16"><span class='ocrx_word' id='word_1_400' title='bbox 261 4607 281 4662; x_wconf 65' lang='grc' dir='ltr'><strong>ἱ</strong></span> <span class='ocrx_word' id='word_1_401' title='bbox 317 4607 420 4677; x_wconf 87' lang='lat' dir='ltr'><strong>Pro</strong></span> <span class='ocrx_word' id='word_1_402' title='bbox 447 4620 729 4693; x_wconf 72' lang='lat' dir='ltr'><strong>postulato.</strong></span> <span class='ocrx_word' id='word_1_403' title='bbox 757 4617 901 4674; x_wconf 84' lang='lat' dir='ltr'><strong>Infra</strong></span> <span class='ocrx_word' id='word_1_404' title='bbox 946 4617 1111 4672; x_wconf 87' lang='lat' dir='ltr'><strong>habet</strong></span> <span class='ocrx_word' id='word_1_405' title='bbox 1151 4615 1350 4687; x_wconf 79' lang='lat' dir='ltr'><strong>pectine</strong></span> <span class='ocrx_word' id='word_1_406' title='bbox 1387 4627 1570 4682; x_wconf 77' lang='lat' dir='ltr'><strong>parvo,</strong></span> <span class='ocrx_word' id='word_1_407' title='bbox 1592 4610 1668 4664; x_wconf 87' lang='lat' dir='ltr'><strong>ita</strong></span> <span class='ocrx_word' id='word_1_408' title='bbox 1696 4617 1758 4664; x_wconf 90' lang='lat' dir='ltr'><strong>ut</strong></span> <span class='ocrx_word' id='word_1_409' title='bbox 1866 4607 1878 4608; x_wconf 29' lang='grc' dir='ltr'>ί</span> <span class='ocrx_word' id='word_1_410' title='bbox 1928 4608 2083 4693; x_wconf 59' lang='lat' dir='ltr'><strong>fPro</strong></span> <span class='ocrx_word' id='word_1_411' title='bbox 2105 4609 2341 4693; x_wconf 52' lang='lat' dir='ltr'><strong>deficere.</strong></span> <span class='ocrx_word' id='word_1_412' title='bbox 2366 4607 2598 4678; x_wconf 78' lang='lat' dir='ltr'><strong>Scripsit</strong></span> <span class='ocrx_word' id='word_1_413' title='bbox 2623 4607 2852 4693; x_wconf 56' lang='lat' dir='ltr'><strong>fortasse</strong></span> <span class='ocrx_word' id='word_1_414' title='bbox 2877 4607 3112 4693; x_wconf 79' lang='lat' dir='ltr'><strong>Nigellus</strong></span> <span class='ocrx_word' id='word_1_415' title='bbox 3140 4617 3357 4693; x_wconf 65' lang='lat' dir='ltr'><strong>certare.</strong></span> 
     </span>
    </p>
   </div>
   <div class='ocr_carea' id='block_1_49' title="bbox 193 4677 3430 4750">
    <p class='ocr_par' dir='ltr' id='par_1_49' title="bbox 193 4677 3430 4750">
     <span class='ocr_line' id='line_1_49' title="bbox 193 4677 3430 4750; baseline -0.001 -13"><span class='ocrx_word' id='word_1_416' title='bbox 193 4693 254 4747; x_wconf 79' lang='lat' dir='ltr'><strong>de</strong></span> <span class='ocrx_word' id='word_1_417' title='bbox 275 4709 335 4747; x_wconf 70' lang='lat' dir='ltr'><strong>ea</strong></span> <span class='ocrx_word' id='word_1_418' title='bbox 367 4677 499 4748; x_wconf 67' lang='grc' dir='ltr'><strong>γοὸε</strong></span> <span class='ocrx_word' id='word_1_419' title='bbox 528 4691 786 4746; x_wconf 68' lang='lat' dir='ltr'><strong>dubitem.</strong></span> <span class='ocrx_word' id='word_1_420' title='bbox 1152 4677 1164 4687; x_wconf 89' lang='lat'><strong>&#39;</strong></span> <span class='ocrx_word' id='word_1_421' title='bbox 1387 4677 1399 4682; x_wconf 79' lang='lat'>&#39;</span> <span class='ocrx_word' id='word_1_422' title='bbox 1631 4749 1638 4750; x_wconf 15' lang='grc' dir='ltr'>ί</span> <span class='ocrx_word' id='word_1_423' title='bbox 1927 4679 1956 4718; x_wconf 83' lang='lat' dir='ltr'><strong>h</strong></span> <span class='ocrx_word' id='word_1_424' title='bbox 1979 4677 2061 4732; x_wconf 85' lang='lat' dir='ltr'><strong>An</strong></span> <span class='ocrx_word' id='word_1_425' title='bbox 2110 4680 2288 4749; x_wconf 87' lang='lat' dir='ltr'><strong>potius</strong></span> <span class='ocrx_word' id='word_1_426' title='bbox 2335 4677 2517 4747; x_wconf 80' lang='lat' dir='ltr'><strong>ausus,</strong></span> <span class='ocrx_word' id='word_1_427' title='bbox 2548 4677 2690 4749; x_wconf 88' lang='lat' dir='ltr'><strong>quod</strong></span> <span class='ocrx_word' id='word_1_428' title='bbox 2720 4677 2966 4750; x_wconf 50' lang='lat' dir='ltr'><strong>poscere&#39;</strong></span> <span class='ocrx_word' id='word_1_429' title='bbox 2986 4680 3198 4736; x_wconf 89' lang='lat' dir='ltr'><strong>videtur</strong></span> <span class='ocrx_word' id='word_1_430' title='bbox 3243 4679 3430 4739; x_wconf 81' lang='lat' dir='ltr'><strong>subse-</strong></span> 
     </span>
    </p>
   </div>
   <div class='ocr_carea' id='block_1_50' title="bbox 256 4749 2301 4820">
    <p class='ocr_par' dir='ltr' id='par_1_50' title="bbox 256 4749 2301 4820">
     <span class='ocr_line' id='line_1_50' title="bbox 256 4749 2301 4820; baseline -0.005 -4"><span class='ocrx_word' id='word_1_431' title='bbox 256 4762 283 4801; x_wconf 76' lang='grc' dir='ltr'>ἀ</span> <span class='ocrx_word' id='word_1_432' title='bbox 314 4761 638 4817; x_wconf 89' lang='lat' dir='ltr'><strong>Lambecius</strong></span> <span class='ocrx_word' id='word_1_433' title='bbox 659 4759 823 4814; x_wconf 88' lang='lat' dir='ltr'><strong>edidit</strong></span> <span class='ocrx_word' id='word_1_434' title='bbox 845 4755 1128 4813; x_wconf 69' lang='lat' dir='ltr'><strong>(amem-At</strong></span> <span class='ocrx_word' id='word_1_435' title='bbox 1153 4769 1255 4809; x_wconf 91' lang='lat' dir='ltr'><strong>ms.</strong></span> <span class='ocrx_word' id='word_1_436' title='bbox 1279 4753 1446 4808; x_wconf 80' lang='lat' dir='ltr'><strong>codex</strong></span> <span class='ocrx_word' id='word_1_437' title='bbox 1469 4749 1755 4805; x_wconf 82' lang='lat' dir='ltr'><strong>manifeste</strong></span> <span class='ocrx_word' id='word_1_438' title='bbox 1859 4764 2031 4820; x_wconf 86' lang='lat' dir='ltr'><strong>quens</strong></span> <span class='ocrx_word' id='word_1_439' title='bbox 2053 4750 2301 4815; x_wconf 79' lang='lat' dir='ltr'><strong>tangere?</strong></span> 
     </span>
    </p>
   </div>
   <div class='ocr_carea' id='block_1_51' title="bbox 195 4821 1756 4899">
    <p class='ocr_par' dir='ltr' id='par_1_51' title="bbox 195 4821 1756 4899">
     <span class='ocr_line' id='line_1_51' title="bbox 195 4821 1756 4899; baseline -0.006 -17"><span class='ocrx_word' id='word_1_440' title='bbox 195 4829 348 4886; x_wconf 85' lang='lat' dir='ltr'><strong>habet</strong></span> <span class='ocrx_word' id='word_1_441' title='bbox 377 4833 541 4886; x_wconf 80' lang='lat' dir='ltr'><strong>limen</strong></span> <span class='ocrx_word' id='word_1_442' title='bbox 572 4845 589 4882; x_wconf 92' lang='lat'><strong><em>:</em></strong></span> <span class='ocrx_word' id='word_1_443' title='bbox 620 4844 793 4898; x_wconf 90' lang='lat' dir='ltr'><strong>neque</strong></span> <span class='ocrx_word' id='word_1_444' title='bbox 837 4829 994 4899; x_wconf 85' lang='lat' dir='ltr'><strong>aliter</strong></span> <span class='ocrx_word' id='word_1_445' title='bbox 1027 4825 1306 4896; x_wconf 86' lang='lat' dir='ltr'><strong>legendum</strong></span> <span class='ocrx_word' id='word_1_446' title='bbox 1350 4822 1636 4892; x_wconf 86' lang='lat' dir='ltr'><strong>persuadet</strong></span> <span class='ocrx_word' id='word_1_447' title='bbox 1674 4821 1756 4873; x_wconf 80' lang='lat' dir='ltr'><strong>in-</strong></span> 
     </span>
    </p>
   </div>
   <div class='ocr_carea' id='block_1_52' title="bbox 387 5256 3227 5339">
    <p class='ocr_par' dir='ltr' id='par_1_52' title="bbox 387 5256 3227 5339">
     <span class='ocr_line' id='line_1_52' title="bbox 387 5256 3227 5339; baseline -0.008 0"><span class='ocrx_word' id='word_1_448' title='bbox 387 5273 770 5339; x_wconf 82' lang='lat' dir='ltr'><strong>CARMINIS</strong></span> <span class='ocrx_word' id='word_1_449' title='bbox 810 5274 889 5336; x_wconf 85' lang='lat' dir='ltr'><strong>1N</strong></span> <span class='ocrx_word' id='word_1_450' title='bbox 932 5269 1326 5334; x_wconf 79' lang='lat' dir='ltr'><strong>HONOREM</strong></span> <span class='ocrx_word' id='word_1_451' title='bbox 1366 5266 1749 5331; x_wconf 87' lang='lat' dir='ltr'><strong>LUDOVICI</strong></span> <span class='ocrx_word' id='word_1_452' title='bbox 1790 5263 2455 5327; x_wconf 78' lang='lat' dir='ltr'><strong>CHRISTIANISSIMI</strong></span> <span class='ocrx_word' id='word_1_453' title='bbox 2497 5263 2850 5324; x_wconf 67' lang='lat' dir='ltr'><strong>CESARIS</strong></span> <span class='ocrx_word' id='word_1_454' title='bbox 2891 5256 3227 5321; x_wconf 81' lang='lat' dir='ltr'><strong>AUGUSTI</strong></span> 
     </span>
    </p>
   </div>
   <div class='ocr_carea' id='block_1_53' title="bbox 1185 5415 2422 5504">
    <p class='ocr_par' dir='ltr' id='par_1_53' title="bbox 1185 5415 2422 5504">
     <span class='ocr_line' id='line_1_53' title="bbox 1185 5415 2422 5504; baseline -0.006 -3"><span class='ocrx_word' id='word_1_455' title='bbox 1185 5422 1484 5504; x_wconf 82' lang='lat' dir='ltr'><strong>LIBER</strong></span> <span class='ocrx_word' id='word_1_456' title='bbox 1540 5421 1937 5503; x_wconf 87' lang='lat' dir='ltr'><strong>INCIPIT</strong></span> <span class='ocrx_word' id='word_1_457' title='bbox 2009 5415 2422 5498; x_wconf 84' lang='lat' dir='ltr'><strong>PRIMUS.</strong></span> 
     </span>
    </p>
   </div>
   <div class='ocr_carea' id='block_1_54' title="bbox 201 4939 3421 4978">
    <p class='ocr_par' dir='ltr' id='par_1_54' title="bbox 201 4939 3421 4978">
     <span class='ocr_line' id='line_1_54' title="bbox 201 4939 3421 4978; baseline -0.007 -6"><span class='ocrx_word' id='word_1_458' title='bbox 201 4939 3421 4978; x_wconf 78' lang='lat'><strong>_________________________________.__________________.</strong></span> 
     </span>
    </p>
   </div>
   <div class='ocr_carea' id='block_1_55' title="bbox 204 5613 3294 5706">
    <p class='ocr_par' dir='ltr' id='par_1_55' title="bbox 204 5613 3294 5706">
     <span class='ocr_line' id='line_1_55' title="bbox 204 5613 3294 5706; baseline -0.007 -17"><span class='ocrx_word' id='word_1_459' title='bbox 204 5632 466 5706; x_wconf 77' lang='lat' dir='ltr'><strong>Augustos</strong></span> <span class='ocrx_word' id='word_1_460' title='bbox 489 5636 679 5706; x_wconf 90' lang='lat' dir='ltr'><strong>opibus</strong></span> <span class='ocrx_word' id='word_1_461' title='bbox 708 5632 947 5689; x_wconf 87' lang='lat' dir='ltr'><strong>celebres</strong></span> <span class='ocrx_word' id='word_1_462' title='bbox 973 5625 1234 5699; x_wconf 65' lang='lat' dir='ltr'><strong>praecellis</strong></span> <span class='ocrx_word' id='word_1_463' title='bbox 1261 5634 1316 5680; x_wconf 89' lang='lat' dir='ltr'><strong>et</strong></span> <span class='ocrx_word' id='word_1_464' title='bbox 1339 5625 1521 5692; x_wconf 86' lang='lat' dir='ltr'><strong>armis,</strong></span> <span class='ocrx_word' id='word_1_465' title='bbox 1788 5629 1836 5690; x_wconf 84' lang='lat' dir='ltr'><strong>B</strong></span> <span class='ocrx_word' id='word_1_466' title='bbox 1865 5622 2127 5692; x_wconf 89' lang='lat' dir='ltr'><strong>Principis</strong></span> <span class='ocrx_word' id='word_1_467' title='bbox 2151 5630 2277 5692; x_wconf 81' lang='lat' dir='ltr'><strong>Opto</strong></span> <span class='ocrx_word' id='word_1_468' title='bbox 2307 5617 2452 5687; x_wconf 84' lang='lat' dir='ltr'><strong>loqui</strong></span> <span class='ocrx_word' id='word_1_469' title='bbox 2482 5614 2746 5684; x_wconf 72' lang='lat' dir='ltr'><strong>prmconia</strong></span> <span class='ocrx_word' id='word_1_470' title='bbox 2773 5613 3104 5684; x_wconf 87' lang='lat' dir='ltr'><strong>promptulus</strong></span> <span class='ocrx_word' id='word_1_471' title='bbox 3127 5613 3249 5668; x_wconf 87' lang='lat' dir='ltr'><strong>almi</strong></span> <span class='ocrx_word' id='word_1_472' title='bbox 3281 5632 3294 5667; x_wconf 91' lang='lat'><strong>:</strong></span> 
     </span>
    </p>
   </div>
   <div class='ocr_carea' id='block_1_56' title="bbox 199 5704 3247 5790">
    <p class='ocr_par' dir='ltr' id='par_1_56' title="bbox 199 5704 3247 5790">
     <span class='ocr_line' id='line_1_56' title="bbox 199 5704 3247 5790; baseline -0.008 -7"><span class='ocrx_word' id='word_1_473' title='bbox 199 5747 204 5754; x_wconf 76' lang='grc'><em>’</em></span> <span class='ocrx_word' id='word_1_474' title='bbox 273 5704 375 5784; x_wconf 60' lang='lat' dir='ltr'><strong>Sed</strong></span> <span class='ocrx_word' id='word_1_475' title='bbox 405 5704 669 5785; x_wconf 59' lang='lat' dir='ltr'><strong>LUDCVICB</strong></span> <span class='ocrx_word' id='word_1_476' title='bbox 697 5726 790 5784; x_wconf 88' lang='lat' dir='ltr'><strong>Dei</strong></span> <span class='ocrx_word' id='word_1_477' title='bbox 817 5725 995 5781; x_wconf 67' lang='lat' dir='ltr'><strong>Caesar</strong></span> <span class='ocrx_word' id='word_1_478' title='bbox 1023 5734 1206 5777; x_wconf 84' lang='lat' dir='ltr'><strong>amore</strong></span> <span class='ocrx_word' id='word_1_479' title='bbox 1234 5718 1421 5790; x_wconf 82' lang='lat' dir='ltr'><strong>magis.</strong></span> <span class='ocrx_word' id='word_1_480' title='bbox 1932 5715 2190 5776; x_wconf 84' lang='lat' dir='ltr'><strong>Conferat</strong></span> <span class='ocrx_word' id='word_1_481' title='bbox 2215 5709 2586 5779; x_wconf 84' lang='lat' dir='ltr'><strong>Omnipotens,</strong></span> <span class='ocrx_word' id='word_1_482' title='bbox 2611 5705 2700 5777; x_wconf 89' lang='lat' dir='ltr'><strong>qui</strong></span> <span class='ocrx_word' id='word_1_483' title='bbox 2731 5707 2891 5773; x_wconf 82' lang='lat' dir='ltr'><strong>valet,</strong></span> <span class='ocrx_word' id='word_1_484' title='bbox 2918 5721 3065 5760; x_wconf 85' lang='lat' dir='ltr'><strong>arma</strong></span> <span class='ocrx_word' id='word_1_485' title='bbox 3097 5704 3247 5760; x_wconf 85' lang='lat' dir='ltr'><strong>mihi.</strong></span> 
     </span>
    </p>
   </div>
  </div>
