4006 6448
234 367 330 421 575

292 480 461 546 Deque
487 474 629 544 lupis
655 475 820 531 torvis
847 478 1220 546 progeneravit
1242 493 1389 532 oves.

233 568 452 635 Denique
481 564 546 618 ad
571 564 838 634 Hispanos
865 574 1184 621 convertens
1209 569 1452 622 concitus
1476 581 1651 634 arma,

295 654 505 710 Finibus
534 667 564 705 a
589 654 824 722 pr0priis
847 655 1051 724 expulit
1079 655 1194 725 ipse
1223 656 1426 726 procul.

231 746 456 802 Culmina
482 751 766 809 terrarum,
793 745 875 799 vel
897 754 1027 815 quot
1051 748 1268 802 castella
1299 763 1617 821 peragrans,

292 836 528 892 Subdidit
555 837 815 906 imperiis,
843 854 990 892 arma
1020 835 1224 894 ferente
1253 841 1382 906 Deo,

227 929 352 985 Sunt
372 928 497 982 mihi
524 936 648 981 nota
677 928 881 993 minus;
907 930 993 984 vel
1021 931 1065 985 si
1095 931 1254 986 modo
1283 941 1410 986 nota
1438 931 1686 1000 fuissent,

281 1021 394 1075 Non
418 1028 624 1091 poterat
647 1022 874 1076 stolidus
895 1033 1089 1078 cuncta
1111 1034 1328 1082 notasse
1351 1028 1542 1098 stylus.

224 1113 318 1168 Sed
341 1128 455 1181 qua:
482 1110 621 1166 fama
651 1128 838 1168 recens
863 1115 1102 1184 stupidas
1132 1118 1374 1186 pervexit
1396 1121 1463 1173 ad
1491 1131 1671 1185 aures,

282 1202 532 1271 incipiam
555 1216 751 1256 canere
779 1221 793 1257 :
821 1213 1016 1258 cretera
1039 1205 1221 1274 linquo
1246 1207 1404 1261 catis.

221 1292 350 1348 Urbs
371 1299 486 1344 erat
509 1292 712 1346 interea
740 1292 1072 1348 Francorum
1098 1295 1367 1366 inhospita
1395 1295 1612 1364 turmis,

283 1382 580 1436 Maurorum
608 1383 748 1437 votis
775 1387 1042 1439 associata
1073 1386 1264 1456 magis,

217 1473 373 1539 Quam
394 1471 790 1528 Barchinonam
818 1485 844 1513 ι
875 1475 1040 1544 prisci
1071 1475 1256 1531 dixere
1284 1475 1485 1543 Latini,

278 1567 620 1634 Romanoque
641 1564 740 1619 fuit
763 1582 914 1620 more
934 1567 1098 1635 polita
1123 1568 1304 1624 nimis.

214 1655 325 1710 [hec
358 1656 663 1712 Maurorum
691 1657 876 1712 aderat
898 1673 1111 1732 semper
1135 1659 1298 1713 tutela
1330 1659 1622 1728 latronum,

275 1751 520 1803 llostibus
545 1751 829 1820 armigeris
855 1760 1014 1820 atque
1037 1752 1237 1822 repleta
1262 1753 1414 1806 satis.

208 1841 449 1908 Quisquis
479 1842 545 1893 ab
573 1841 824 1910 Hispanis
849 1842 1068 1895 veniens
1091 1841 1408 1910 rediensque
1431 1841 1651 1896 silenter

272 1929 421 1984 Hanc
446 1931 741 2000 ingressus,
771 1942 926 1986 erant
955 1935 1134 1987 omnia
1167 1942 1280 1987 tuta
1310 1934 1433 1986 sibi.

209 2019 358 2074 Sueta
385 2021 489 2074 fuit
511 2030 725 2076 nostros
749 2038 962 2092 semper
982 2023 1239 2091 populare
1263 2023 1548 2092 maniplos,

266 2113 328 2165 Et
352 2112 609 2166 reducum
635 2113 801 2182 spolia
825 2114 940 2169 bzcc
967 2115 1210 2184 capiebat
1241 2132 1429 2170 ovans.

230 2203 341 2257 lulti
363 2218 598 2272 namque
622 2204 786 2259 duces
813 2205 964 2259 vario
991 2207 1129 2260 hanc
1152 2207 1436 2261 conamine
1459 2205 1584 2261 belli

264 2292 531 2349 Obsedere
556 2296 644 2349 diu
671 2310 686 2349 :
714 2296 808 2350 sed
836 2296 1068 2350 voluisse
1095 2297 1121 2335 ιι
1149 2295 1268 2350 fuit.

200 2385 384 2452 Armis,
423 2386 663 2458 ingenio,
693 2403 784 2441 seu
816 2390 937 2458 quis
964 2405 1083 2442 cum
1113 2405 1218 2458 qua
1249 2398 1366 2444 arte
1394 2387 1629 2454 valebat,

264 2477 361 2533 Sed
385 2495 582 2549 pugna:
607 2480 781 2535 studia
809 2481 1071 2549 compulit
1100 2481 1186 2534 illa
1219 2480 1426 2551 procul.

199 2571 425 2640 Namque
449 2579 572 2625 erat
597 2572 790 2641 insigni
820 2588 1094 2626 murorum
1118 2574 1354 2641 pondere
1380 2571 1535 2635 fulta,

262 2661 523 2716 Marmore
553 2662 800 2733 praeduro
828 2672 1031 2716 structa
1060 2670 1268 2717 vetusta
1296 2662 1477 2716 nimis.

196 2753 372 2810 Junius
396 2756 642 2810 albentes
668 2773 788 2811 cum
817 2755 961 2810 ducit
987 2755 1040 2809 in
1064 2754 1267 2812 aethera
1294 2769 1516 2819 messes,

258 2845 321 2898 Et
350 2855 562 2901 matura
593 2847 756 2902 Ceres
789 2846 924 2902 falce
959 2849 1186 2902 secanda
1215 2847 1384 2910 venit,

196 2933 423 2991 Francus
450 2938 620 2991 habet
650 2953 853 3002 muros,
887 2937 1132 2991 celerans
1157 2952 1254 3006 per
1284 2954 1429 3002 rura,
1467 2953 1567 3007 per
1599 2939 1765 3005 mdes,

261 3025 321 3078 Et
345 3035 459 3079 sata
491 3027 809 3096 prmripiens
845 3044 1064 3080 munera
1093 3037 1265 3081 vastat
1294 3028 1432 3098 agri,

195 3114 291 3168 Seu
317 3127 339 3155 ο
365 3133 485 3172 cum
515 3117 713 3172 vinetis
738 3117 877 3172 soliti
902 3118 1187 3187 praedulcia
1215 3119 1409 3174 Bacchi

256 3205 458 3276 Cogere
491 3209 612 3262 vina
639 3228 651 3262 :
682 3224 812 3263 suus
841 3225 939 3263 nec
969 3207 1122 3263 labor
1148 3208 1292 3263 istud
1318 3217 1454 3264 erat.

192 3293 263 3348 Ac
287 3296 446 3351 veluti
469 3307 726 3352 autumno
753 3299 975 3353 densato
997 3300 1166 3354 milite
1197 3302 1360 3363 turdi,

255 3387 359 3442 Aut
383 3391 548 3444 variae
574 3391 820 3446 volucres
846 3393 966 3461 quis
989 3393 1142 3447 cibus
1173 3409 1272 3447 uva
1306 3401 1506 3456 manet,

189 3474 288 3531 Per
332 3480 511 3536 vineta
556 3482 754 3543 volant,
802 3483 1120 3552 rapiuntque
1148 3483 1432 3552 feruntque
1467 3484 1757 3553 corimbos,

255 3565 536 3636 Unguibus
563 3579 617 3623 et
641 3570 832 3624 rostris
857 3586 959 3624 uva
987 3580 1212 3626 venusta
1244 3573 1402 3640 perit.

186 3655 400 3709 Vinitor
433 3656 618 3711 infelix
649 3659 1014 3728 nequidquam
1041 3661 1286 3731 cymbala
1320 3662 1492 3715 tristis

184 3793 319 3861 patri
347 3795 574 3848 occurri!
597 3795 665 3847 ad
688 3792 1089 3852 Patrisbrunam
1119 3798 1295 3852 habitu
1329 3798 1622 3852 Vasconum
1644 3817 1760 3854 cum

187 3864 365 3917 coa’vis
396 3864 496 3916 sibi
521 3866 694 3931 pueris
720 3865 954 3919 indutus.

251 3945 294 4007 _a_
312 3931 546 3986 Circiter
572 3949 770 3987 annum
801 3936 922 4007 7;”.
949 3935 1224 4000 Saraceni,
1252 3938 1362 3991 sive
1393 3938 1613 3996 Arabes.
1639 3948 1760 4007 post

187 3999 418 4076 Africam
454 4012 793 4076 occupatam,
830 4005 1126 4076 irruptione
1157 3999 1295 4061 facta
1331 4009 1384 4060 in
1420 3999 1755 4076 Hispaniam,

187 4070 606 4144 plerosqueeius
637 4075 783 4142 regni
811 4070 1033 4144 populos
1064 4077 1115 4130 vi
1150 4086 1204 4130 et
1227 4078 1393 4132 armis
1420 4070 1621 4132 sensim
1649 4070 1758 4136 sua:

189 4140 776 4215 ditionisubdideruut.
811 4140 896 4198 Eo
928 4146 1089 4200 etiam
1125 4157 1368 4215 tempore
1402 4147 1757 4205 Barcinonem

190 4223 218 4289 ξι
244 4211 462 4289 profana
490 4222 657 4289 gente
673 4223 884 4289 captam
920 4216 1032 4268 veri
1058 4211 1270 4289 videtur
1300 4217 1495 4289 simile.
1528 4217 1602 4289 lbi
1628 4235 1757 4273 vero

189 4281 510 4348 incubabant
540 4299 603 4335 ac
627 4281 1039 4338 dominabantur
1071 4285 1271 4348 Mauri,
1301 4302 1422 4339 cum
1455 4287 1759 4342 Ludovicus

188 4345 619 4474 Pl'mlshadversus
673 4353 794 4407 illos
851 4345 1268 4423 expeditionem
1305 4355 1394 4408 hic
1451 4366 1758 4412 enarratam

189 4432 214 4470 s
291 4437 342 4474 ui
373 4461 387 4474 .

189 4432 387 4475 Slalllll.

247 4489 272 4528 δ
307 4490 582 4547 Obscurus
617 4507 825 4547 sensus.
864 4493 1116 4548 Fortasse
1151 4493 1240 4548 hic
1270 4493 1473 4563 fuerit:
1519 4495 1610 4549 sed
1661 4511 1750 4549 eo-

189 4571 296 4612 rum
323 4570 548 4634 conatus
578 4563 630 4614 in
655 4563 918 4618 desideria
945 4573 1148 4618 tantum
1172 4581 1228 4619 sc
1257 4565 1415 4619 solvit
1441 4583 1454 4618 :
1483 4581 1754 4634 nunquam

187 4633 528 4700 veroﬁcivitas
555 4642 732 4700 capta.

252 4709 271 4737 ο
312 4699 365 4754 Id
400 4711 519 4765 est,
555 4699 659 4756 non
688 4703 876 4757 messis
907 4711 1113 4758 tantum
1143 4712 1382 4773 tempore
1408 4702 1596 4759 Franci
1621 4705 1755 4760 Bar-

188 4767 521 4842 cinonenscm
545 4787 730 4842 agrum
763 4774 1104 4842 populantur,
1135 4775 1226 4828 sed
1252 4767 1414 4827 etiam
1450 4775 1751 4840 vindemia‘,

189 4850 285 4913 quo
306 4840 608 4913 Saracenos
644 4840 916 4913 labore‘ac
950 4860 1112 4897 onere
1140 4844 1423 4913 colligendi
1452 4861 1582 4899 uvas
1610 4847 1754 4900 leva-

187 4904 342 4984 bant_:
375 4911 472 4980 ipsi
499 4911 642 4964 enim
668 4912 860 4984 Franci
895 4904 1291 4984 prmripiebant.

217 5044 228 5054 ο
251 4977 273 5014 ιι
304 4977 406 5035 Pro
443 4997 596 5051 agro,
621 4977 910 5054 comitatu,-
942 4977 1072 5038 sive-
1093 4984 1363 5042 districta.
1396 4993 1454 5037 ut
1491 5000 1632 5038 nunc
1669 4986 1746 5039 (li-

189 5052 345 5124 cinius
374 5065 387 5103 :
421 5066 531 5120 quo
561 5052 724 5104 etiam
760 5069 918 5108 sensu
955 5056 1021 5108 ab
1055 5054 1289 5124 antiquis
1319 5056 1508 5110 eadem
1537 5071 1638 5108 vox
1663 5055 1746 5109 in-

189 5119 385 5190 terdum
413 5119 670 5190 usurpata
703 5124 956 5176 occurrit.

257 5197 278 5262 ξ
317 5188 404 5244 Sic
437 5188 880 5262 Caesareus'msq
917 5208 1013 5262 pro
1040 5191 1214 5255 solita,
1252 5201 1343 5246 aut
1379 5195 1656 5258 solemnia,
1687 5203 1746 5248 ut

190 5256 386 5334 opinor.
440 5261 860 5334 Vel'no_(_]uippe
907 5256 1144 5334 tempore
1192 5279 1340 5334 arma
1391 5256 1652 5334 parantur
1680 5279 1745 5320 ac

190 5326 394 5400 milites,
427 5339 539 5400 tum
586 5332 650 5383 ad
682 5326 912 5384 tuendos
950 5326 1195 5400 proprios
1225 5326 1522 5395 linem-tum
1568 5351 1595 5386 a
1622 5338 1632 5386 l
1661 5336 1745 5388 in-

191 5397 445 5473 vadendos
490 5399 726 5466 alienos,
775 5419 896 5456 cum
934 5397 1063 5456 belli
1096 5411 1267 5455 metus
1311 5413 1403 5455 aut
1446 5406 1742 5458 necessitas

192 5475 360 5521 Instat.

259 5535 586 5609 '“Nimirum
627 5540 882 5594 Kalen'lis
925 5539 1098 5593 Martii
1134 5541 1367 5609 antiquis
1411 5541 1738 5596 Francorum

194 5604 395 5682 regibus
435 5625 548 5682 mos
577 5611 678 5682 fuit
717 5609 992 5682 solemnia
1020 5612 1171 5681 regni
1205 5604 1420 5682 comitia
1458 5627 1733 5682 peragere,

193 5675 579 5753 conﬂuentibus
607 5680 736 5753 illuc
770 5675 1116 5753 proceribus:
1161 5675 1472 5753 countibus;
1512 5675 1736 5750 aliisque

195 5745 483 5806 reipublicae
512 5745 792 5807 ministris:
834 5750 1038 5804 Eiectos
1062 5751 1254 5816 vouuli,
1278 5768 1366 5805 seu
1391 5752 1619 5806 culmina
1648 5745 1735 5806 re-

1104 361 1192 416 DE
1227 361 1458 420 REBUS
1495 362 1740 419 GESTlS
1775 362 2097 426 LUDOVICI
2141 372 2248 428 Pii.
2278 403 2352 416 -—
2389 376 2516 432 LIB.
2558 377 2598 433 1.

3344 381 3451 436 574

1810 483 1865 542 Α
1953 483 2091 541 Arce
2116 487 2289 557 quatit
2313 504 2542 555 summa,
2570 505 2665 545 seu
2689 489 2796 546 ciet
2813 498 2932 548 arte
2959 505 3159 559 sonos;

1885 572 1995 630 Nec
2019 575 2194 632 facilis
2218 579 2506 648 prohibere
2545 581 2716 646 labor,
2746 581 2877 650 quin
2901 582 3117 652 agmine
3142 583 3310 640 denso

1950 665 2132 722 lnfesti
2163 678 2376 735 coeant,
2400 672 2763 742 diripiantque
2786 673 2973 742 dapes.

1882 752 2038 810 Ilaud
2063 757 2222 812 aliter
2247 757 2463 826 Franci,
2491 776 2610 814 cum
2641 761 2815 831 primo
2851 769 3095 831 tempora
3133 761 3346 835 frugum

1948 845 2181 915 Adsunt,
2214 859 2270 904 et
2296 852 2418 922 pagi
2449 850 2477 890 ἀ
2509 867 2734 906 munera
2763 851 3041 922 diripiunt.

1878 938 1991 996 Nec
2027 949 2210 997 tamen
2238 943 2354 998 haec
2399 945 2562 999 duros
2601 944 2780 1014 potuit
2817 960 2905 1000 res
2938 943 3188 1014 frangere
3212 944 3448 1012 Mauros,

1949 1031 2060 1088 Nec
2084 1033 2220 1087 varii
2246 1043 2491 1108 eventus,
2522 1050 2780 1106 armaque
2802 1036 2993 1091 crebra
3022 1035 3242 1090 ducum.

1879 1123 1982 1182 Vix
2007 1139 2222 1196 quoque
2247 1132 2324 1179 tot
2353 1126 2600 1182 volucres
2625 1125 2886 1182 tollebant
2910 1140 3134 1182 munera
3160 1124 3377 1192 Franci,

1948 1213 2090 1282 Quot
2115 1216 2217 1272 sibi
2242 1223 2403 1271 nauta
2433 1217 2581 1273 celer
2605 1233 2706 1288 per
2731 1233 2879 1272 mare
2905 1217 3052 1272 misit
3078 1232 3231 1286 opes.

1877 1303 2233 1376 Temporibus
2259 1307 2442 1361 multis
2469 1323 2556 1362 res
2585 1309 2702 1363 bzec
2730 1321 2788 1364 se
2814 1308 3042 1362 contulit
3066 1322 3267 1377 anceps
3298 1324 3312 1361 :

1943 1397 2104 1453 Parte
2133 1399 2200 1454 ab
2224 1406 2452 1468 utraque
2471 1396 2652 1452 ferunt
2682 1413 2872 1468 aspera
2903 1396 3043 1451 bella
3068 1395 3206 1451 fore.

1879 1487 2144 1558 Tempore
2177 1487 2381 1542 vernali
2409 1503 2533 1543 cum
2559 1503 2652 1542 rus
2676 1487 2941 1557 tepefacta
2962 1486 3202 1551 virescit,

1945 1577 2250 1648 Brumaque
2275 1577 2484 1632 sidereo
2517 1592 2641 1632 rore
2671 1575 2890 1648 fugante
2917 1574 3074 1648 fugit,

1877 1665 2146 1722 Pristinus
2182 1666 2386 1722 ablatos
2415 1682 2662 1722 remeans
2687 1667 2791 1722 fert
2817 1682 2992 1721 annus
3020 1667 3244 1732 odores,

1950 1757 2126 1826 Atque
2158 1758 2384 1813 humore
2409 1773 2546 1814 novo
2579 1758 2800 1814 fluctuat
2825 1759 2989 1814 herba
3018 1775 3210 1814 recens
3235 1778 3248 1815 :

1803 1823 1852 1883 Β
1880 1847 2046 1915 Regni
2067 1847 2191 1917 jura
2221 1857 2458 1913 movent,
2486 1857 2853 1918 renovantque
2882 1849 3111 1904 solentia
3141 1861 3165 1890 ο
3191 1864 3364 1922 reges,

1945 1935 2183 2005 Quisque
2208 1953 2334 1991 suos
2356 1937 2490 1992 fines
2517 1947 2575 1991 ut
2602 1947 2852 1992 tueantur
2879 1939 3013 1992 adit.

1874 2025 1984 2081 Nec
2008 2026 2185 2080 minus
2208 2027 2380 2080 accitu
2406 2026 2737 2081 Francorum
2777 2042 2926 2081 more
2971 2026 2990 2066 τ
3017 2036 3227 2083 vetusto

1941 2116 2058 2172 Jam
2086 2125 2235 2173 satus
2261 2134 2291 2172 a
2316 2117 2509 2173 Carolo
2530 2119 2742 2188 agmina
2767 2126 2890 2174 nota
2918 2126 3094 2174 vocat.

1873 2209 2093 2264 Scilicet
2120 2210 2324 2266 electos
2345 2209 2546 2278 populi,
2575 2225 2669 2264 seu
2698 2209 2937 2264 culmina
2966 2213 3136 2280 regni,

1943 2303 2182 2371 Quorum
2211 2303 2451 2358 consiliis
2476 2318 2564 2357 res
2597 2302 2901 2371 peragenda
2934 2312 3136 2356 manet.

1872 2392 2175 2450 Occurrunt
2209 2393 2413 2448 celeres
2441 2393 2620 2461 primi,
2651 2402 2951 2462 parentque
2977 2394 3228 2458 volcndo,

1943 2483 2090 2549 Quos
2119 2474 2361 2550 sequitur
2389 2476 2612 2550 propius
2650 2481 2838 2550 vulgus
2870 2483 3072 2536 inerme
3101 2484 3256 2538 satis.

1873 2572 2171 2627 Considunt
2198 2573 2410 2626 monili.
2446 2571 2650 2626 Solium
2676 2587 2769 2626 rex
2799 2575 3010 2628 scandit
3037 2565 3275 2641 avitum;

1939 2664 2143 2718 Caetera
2179 2665 2335 2718 turba
2365 2663 2496 2718 foris
2528 2679 2763 2734 congrua
2792 2665 2929 2718 dona
2967 2668 2991 2705 ε
3021 2675 3197 2735 parat.

1871 2758 2136 2827 Incipiunt
2162 2756 2284 2812 fari.
2316 2756 2492 2826 Cmpit
2519 2763 2645 2810 tunc
2683 2756 2760 2811 sic
2789 2754 3076 2821 Carolites,

1941 2848 2061 2902 Hcce
2093 2861 2305 2916 quoque
2331 2847 2398 2900 de
2426 2847 2645 2916 pr0prio
2671 2853 2891 2914 pectore
2918 2846 3081 2901 verba
3112 2845 3258 2900 dedit
3293 2863 3307 2900 :

1871 2936 2194 3008 Magnanimi
2220 2951 2493 3007 proceres,
2518 2936 2724 2990 meritis
2745 2949 2842 3004 pro
2873 2951 3095 2990 munere
3119 2936 3286 3008 digni,

1941 3030 2150 3083 Limina
2176 3029 2204 3068 ιι
2240 3043 2375 3097 quos
2401 3027 2588 3096 patria:
2616 3026 2907 3097 praeposuit
2930 3024 3180 3091 Carolus,

1869 3121 1950 3177 Ob
1994 3122 2094 3174 hoc
2120 3118 2498 3186 cunctipotens
2524 3116 2731 3185 apicem
2761 3115 3032 3170 concessit
3056 3116 3278 3172 honoris

1940 3212 2123 3277 Nobis,
2153 3218 2212 3264 ut
2249 3207 2442 3279 populo
2466 3209 2568 3261 rite
2591 3205 2825 3261 feramus
2853 3222 3032 3277 opem.

1863 3305 2086 3358 Annuus
2107 3302 2240 3356 ordo
2269 3300 2423 3362 redit,
2454 3314 2574 3353 cum
2608 3306 2794 3369 gentes
2823 3297 3073 3367 gentibus
3102 3297 3330 3361 instant.

1935 3395 2000 3446 Et
2026 3394 2144 3446 vice
2165 3391 2362 3460 partita
2393 3389 2580 3443 Martis
2607 3389 2840 3450 in,arma
2871 3398 3052 3441 ruunt.

1865 3484 2028 3538 Vobis
2053 3492 2178 3535 nota
2206 3481 2336 3535 satis
2365 3496 2451 3534 res
2479 3481 2612 3543 bmc,
2647 3478 2922 3548 incognita
2951 3479 3104 3534 nobis
3136 3497 3150 3533 :

1935 3571 2104 3625 Dicite
2133 3571 2439 3634 consilium,
2480 3585 2587 3638 quo
2615 3583 2937 3638 peragamus
2966 3569 3086 3622 iter.

1867 3663 1989 3718 Haec
2021 3679 2147 3728 rex;
2178 3671 2339 3732 atque
2360 3661 2540 3731 Lupus
2569 3663 2584 3701 ί
2617 3660 2763 3713 fatur
2788 3660 2868 3714 sic
2893 3658 2906 3709 i
2948 3658 3132 3714 Samio
3157 3669 3366 3723 contra,

1791 3172 1836 3234 C

1861 3798 1951 3867 gni
1987 3803 2142 3866 poeta
2168 3794 2404 3867 appellat
2433 3794 2720 3867 optimates
2748 3793 2871 3848 illuc
2906 3793 3131 3867 accitos.
3169 3793 3436 3867 Fredega-

1863 3862 2052 3922 rius'in
2080 3862 2279 3936 Chron.
2316 3884 2333 3914 ‹
2382 3862 2608 3936 Evoluto
2640 3880 2780 3918 anno
2812 3863 3066 3936 prmfatus
3103 3879 3194 3936 rex
3236 3862 3438 3936 (Pippi-

1860 3937 1984 4001 nus)
2025 3953 2054 3990 a
2099 3935 2356 3990 Kalendis
2399 3934 2572 3989 Martii
2607 3949 2794 3990 omnes
2837 3934 3096 3998 Francos,
3141 3934 3284 3990 sicut
3317 3951 3436 3990 mos

1858 4007 2189 4061 Francorum
2225 4013 2330 4068 est,
2374 4005 2614 4060 Bernaco
2653 4005 2778 4058 villa
2820 4006 2884 4058 ad
2923 4019 2981 4059 se
3011 4005 3196 4060 venire
3235 4020 3439 4074 praece-

1858 4079 1954 4162 pit.
2001 4098 2036 4162 b‘
2056 4077 2207 4130 Mitto
2224 4076 2471 4162 reliquos
2497 4075 2654 4162 hujus
2682 4076 2767 4162 rei.
2788 4083 2953 4162 testes
2974 4075 3396 4162 antiq_liis§ir_139§
3411 4092 3426 4162 ξ

1859 4144 1914 4202 id
1961 4147 2132 4203 solum
2172 4144 2405 4211 addens,
2452 4144 2924 4215 Langobardorum
2966 4159 3180 4215 quoque
3215 4144 3433 4215 regibus

1859 4217 1912 4272 in
1947 4232 2097 4270 more
2128 4215 2323 4280 fuisse,
2369 4217 2435 4269 ad
2464 4213 2729 4269 Kalendas
2769 4214 2987 4267 Martias
3022 4213 3236 4281 publica
3283 4213 3434 4279 regni

1859 4287 2075 4340 comitia
2107 4285 2325 4348 habere,
2369 4285 2549 4353 ibique
2589 4284 2733 4352 leges
2767 4292 3026 4353 statuere,
3071 4281 3268 4353 bellum
3297 4282 3436 4353 indi-

1859 4371 1984 4410 cere
2005 4396 2019 4419 ,
2068 4355 2144 4407 uti
2174 4350 2509 4421 potissimum
2541 4350 2754 4406 constat
2791 4368 2857 4406 ex
2891 4351 3295 4421 praefationibus
3333 4350 3435 4406 Le-

1860 4441 1985 4495 gum
2032 4418 2348 4493 Liutprandi
2389 4423 2531 4494 regis
2559 4431 2698 4493 part.
2735 4437 2807 4488 ιι,
2843 4418 2976 4478 tom.
3012 4421 3033 4475 l
3082 4418 3428 4477 Collectionis

1859 4497 2036 4552 huius.

1783 4531 1834 4590 Β
1861 4513 2074 4618 Miilbe
2097 4563 2334 4632 antiquis
2365 4563 2526 4617 etiam
2563 4561 2892 4632 temporibus
2919 4577 3036 4616 mos
3065 4561 3168 4616 iste
3191 4562 3430 4617 invalue-

1859 4644 1964 4699 rat,
1987 4644 2048 4688 ut
2069 4633 2323 4687 Kalendis
2348 4633 2573 4697 Martiis,
2599 4633 2722 4686 dum
2747 4632 2895 4702 regni
2919 4632 3134 4686 comitia
3167 4633 3428 4688 haberen-

1862 4716 1968 4767 tur,
1997 4703 2178 4774 populi
2213 4705 2351 4758 dona
2379 4704 2687 4759 conferrent
2712 4701 3004 4774 adgregem.
3034 4702 3090 4774 In
3128 4701 3427 4774 Annalibus

1859 4773 2213 4830 Fuldensibus
2239 4784 2293 4827 ct
2333 4773 2704 4830 Lambecianis
2735 4773 2802 4826 ad
2833 4789 3034 4826 anmun
3063 4773 3164 4827 750
3190 4775 3303 4827 bare
3332 4775 3427 4827 ha-

1855 4846 2051 4899 bentur
2080 4864 2090 4897 :
2124 4864 2140 4894 (
2179 4844 2340 4898 Certo
2366 4845 2451 4898 (lie
2487 4843 2653 4898 semel
2681 4843 2906 4896 in-anno
2937 4843 2988 4895 in
3017 4842 3203 4896 Martis
3232 4859 3424 4910 campo

1856 4917 2148 4969 secundum
2185 4915 2461 4980 antiquam
2498 4913 2939 4968 consuetudinem
2968 4912 3109 4967 dona
3139 4913 3245 4965 illis
3281 4913 3422 4980 regi-

1853 4984 1954 5039 bus
1982 5001 2011 5038 a
2043 4982 2252 5052 populis
2272 4982 2650 5052 oﬂ'erebantur.
2684 5001 2700 5032 ο

1920 5055 1946 5093 ιι
1999 5048 2200 5107 sensus
2250 5059 2586 5120 exposceret,
2635 5051 2936 5114 liminibus,
2987 5051 3092 5104 imo
3143 5048 3415 5120 limitibus.

1849 5123 2070 5177 Scilicet
2113 5117 2399 5190 proceres,
2447 5137 2582 5188 quos
2637 5121 2860 5175 Carolus
2910 5121 3179 5189 Augustus
3212 5117 3422 5186 genitor

1847 5209 2000 5247 meus
2024 5193 2090 5245 ad
2122 5192 2373 5262 tutandos
2402 5192 2548 5262 regni
2588 5191 2722 5246 ﬁnes
2747 5190 3004 5262 prtefccit.

1923 5263 1936 5302 ί
1979 5262 2065 5316 Uti
2112 5260 2251 5315 infra
2279 5254 2849 5330 apertcvdiciturmbic
2895 5260 3048 5330 lupus
3084 5254 3413 5330 Wasconum

1885 5333 2097 5399 rinceps
2126 5331 2242 5384 fuit.
2281 5323 2336 5384 n3
2377 5333 2491 5385 V'ita
2531 5331 2706 5385 Caroli
2747 5328 2923 5399 Illagni
2951 5323 3054 5394 'per
3093 5323 3416 5399 monachum

1875 5392 2307 5473 iiigolisiiieiiseiii
2335 5403 2531 5473 scripta
2553 5439 2568 5465 ,
2586 5401 2738 5473 idem
2771 5392 2998 5473 Carolus
3027 5408 3167 5473 anno
3191 5392 3291 5446 7G9
3316 5409 3416 5446 ex-

1848 5463 2171 5544 politionem
2199 5471 2344 5544 fecit
2385 5463 2749 5544 in'llnaldum,
2795 5466 2907 5544 sive
2955 5463 3416 5544 llunoldumgqut

1844 5534 2148 5612 Aquitania!
2179 5543 2432 5612 ducatum
2478 5540 2779 5612 invaserat;
2819 5534 3074 5612 ejusque
3109 5534 3411 5612 exercitum

1843 5604 1997 5667 du'xit
2022 5632 2040 5663 ι
2075 5610 2255 5681 Lupus
2278 5609 2470 5664 Wasco
2493 5607 2760 5676 princeps,
2789 5604 2925 5658 sicut
2948 5605 3153 5659 sciebat
3179 5604 3351 5728 logos.l
3389 5623 3408 5654 ι

1867 5723 1878 5728 _
3260 5690 3327 5728 an
3355 5688 3408 5726 us

1867 5723 1878 5730 ,
2156 5675 2172 5681 ’
2500 5675 2504 5676 ί
2689 5675 2693 5676 ί
3215 5675 3418 5744 Captus

1914 5753 1927 5804 i
1973 5753 2226 5810 Additum
2254 5756 2336 5804 est
2362 5764 2463 5802 ms.
2497 5745 2668 5802 codici
2701 5760 2866 5801 manu
2891 5745 3199 5802 recentiori.
