4022 6488
490 392 599 451 Βῖΰ

559 503 769 569 Sanlio,
800 500 895 572 qui
926 499 1158 569 proprize
1190 497 1365 569 gentis
1394 495 1588 568 agebat
1623 508 1780 564 opus,

492 596 822 651 Wasconum
849 590 1121 658 princeps,
1148 586 1326 643 Caroli
1358 584 1651 640 nutrimine
1678 594 1703 622 ι
1732 581 1925 646 fretus,

559 682 778 754 ingenio
803 688 965 749 atque
994 677 1099 732 fide
1126 678 1217 746 qui
1243 675 1534 745 superabat
1562 687 1712 730 avos.

494 777 632 841 Rex,
657 786 887 829 censura
912 769 1011 823 tibi
1044 768 1201 823 nobis
1225 780 1419 837 parcre
1448 776 1672 819 necesse
1699 770 1804 828 est.

565 865 802 920 llaustus
836 860 1045 916 consilii
1070 859 1226 929 cujus
1248 857 1317 911 ab
1342 871 1435 909 ore
1459 854 1597 913 (luit,

498 960 557 1015 Si
589 968 766 1013 tamen
794 956 824 995 δ
864 970 895 1009 a
929 953 1130 1011 nostris
1160 950 1337 1019 agitur
1361 945 1519 1003 modo
1551 945 1797 1016 partibus
1822 945 1937 999 haec
1962 956 2070 1008 res,

564 1051 727 1106 Parte
754 1062 897 1112 mea,
928 1053 1119 1109 testor,
1148 1059 1252 1114 pax
1274 1042 1380 1096 erit
1406 1050 1567 1109 atque
1596 1038 1771 1108 quies.

499 1144 726 1210 Duxque
752 1137 1015 1192 Tolosana
1043 1133 1187 1187 fatur
1208 1131 1507 1187 Vilbelmus
1537 1139 1560 1168 ε
1589 1128 1657 1182 ab
1687 1127 1841 1191 urbe,

568 1230 776 1301 Poplite
799 1227 825 1268 ει
855 1226 1049 1282 ﬂexato
1068 1225 1316 1281 lambitat
1345 1238 1440 1278 ore
1466 1221 1653 1290 pedes.

504 1326 549 1384 Ο
574 1326 666 1382 lux
690 1323 1044 1385 Francorum,
1073 1333 1191 1383 rex,
1222 1326 1278 1372 et
1298 1325 1476 1387 pater,
1507 1326 1681 1377 arma,
1712 1311 2007 1380 decusque,

574 1416 675 1484 Qui
706 1413 915 1469 meritis
940 1419 1123 1481 patres
1143 1408 1319 1463 vincis
1339 1413 1394 1462 et
1415 1413 1532 1459 arte
1556 1411 1700 1469 tuos,

504 1510 689 1565 Virtus
714 1506 856 1562 celsa
886 1503 1008 1568 tibi,
1038 1510 1093 1556 et
1122 1507 1305 1556 rector
1329 1496 1617 1568 sapientia,
1647 1508 1863 1565 magne,

574 1603 841 1661 Concordi
869 1611 996 1657 voto
1019 1600 1192 1672 patris
1220 1598 1286 1653 ab
1317 1612 1476 1652 amne
1502 1605 1703 1654 meant.

504 1698 621 1754 Rex
650 1711 768 1766 age,
800 1694 1061 1757 consiliis,
1094 1692 1139 1747 si
1169 1691 1379 1761 dignor,
1408 1687 1628 1744 consule
1658 1686 1883 1750 nostris,

577 1786 751 1857 Atque
779 1785 914 1841 meis
942 1785 1082 1839 votis
1102 1797 1200 1837 rex
1225 1781 1428 1851 pietate
1458 1779 1600 1834 fave.

507 1877 654 1935 Gens
679 1885 763 1933 est
789 1884 929 1931 tetra
953 1875 1116 1929 nimis
1138 1871 1288 1928 Sara:
1321 1872 1389 1926 de
1415 1872 1634 1927 nomine
1660 1869 1826 1935 dicta,

580 1967 711 2033 Quae
741 1966 874 2020 fines
908 1971 1124 2019 nostros
1153 1960 1477 2031 depopulare
1508 1959 1683 2025 solet,
1751 2027 1762 2035 _

510 2056 714 2121 Fortis,
744 2070 881 2124 equo
915 2053 1107 2118 fidens,
1139 2066 1412 2107 armorum
1439 2065 1662 2105 munere
1689 2064 1789 2104 nec
1814 2064 1944 2115 non,

587 2144 719 2213 Quae
749 2144 881 2199 mihi
907 2150 1033 2198 nota
1063 2153 1087 2181 θ
1115 2140 1300 2207 nimis,
1323 2148 1379 2195 et
1406 2140 1509 2195 sibi
1537 2149 1697 2194 notus
1718 2153 1840 2209 ego.

515 2236 733 2302 Moenia,
761 2243 964 2299 castra,
998 2233 1161 2296 locos,
1194 2247 1288 2287 seu
1324 2239 1518 2286 cetera
1545 2246 1687 2301 saepe
1716 2228 1896 2284 notavi
1930 2242 1945 2281 :

584 2326 792 2382 Ducere
817 2339 916 2379 vos
950 2337 1171 2393 possum
1199 2321 1413 2376 tramite
1437 2320 1682 2390 pacifico,

517 2414 615 2471 Est
639 2428 853 2486 quoque
886 2420 1147 2482 praeterea
1182 2425 1323 2467 saeva
1350 2411 1500 2466 urbis
1532 2409 1552 2449 ί
1587 2410 1643 2465 in
1673 2408 1870 2464 ﬁnibus
1892 2408 2018 2475 illis,

588 2505 761 2563 Causa
788 2504 914 2560 mali
941 2504 1075 2559 tanti
1106 2520 1226 2573 quae
1247 2492 1454 2559 sociata
1483 2512 1687 2564 manet.

519 2595 578 2654 Si
602 2596 801 2668 pietate
823 2593 940 2662 Dei,
975 2602 1160 2650 vestro
1182 2593 1412 2650 faciente
1445 2595 1654 2659 labore,

592 2685 720 2741 Haec
745 2686 1010 2756 capiatur,
1042 2684 1145 2739 erit
1168 2699 1275 2754 pax
1300 2684 1623 2755 requiesque
1651 2683 1777 2738 tuis.

523 2799 724 2869 Captus
738 2805 838 2869 gest
861 2795 1161 2869 Hunoldus,
1192 2802 1245 2850 et
1261 2795 1582 2869 Eginbardo
1606 2801 1742 2869 teste
1772 2793 1825 2846 in
1855 2791 2094 2869 ejusdem

525 2863 708 2925 Caroli
734 2867 878 2930 Vita,
911 2880 1006 2919 rex
1028 2883 1060 2934 _c
1088 2865 1237 2934 Lupo
1261 2863 1592 2934 wasconnm
1618 2864 1866 2934 duciper
1892 2863 2097 2934 legatos

527 2937 778 3001 mandat,
820 2944 883 2989 ut
917 2931 1198 3056 perfugam
1238 2933 1447 2988 reddat.
1488 2953 1506 2985 ι
1553 2931 1709 2985 Paria
1752 2932 2001 3002 leguntur
2045 2932 2100 2985 in

527 3005 823 3056 Annalibus
857 3004 1025 3056 iusius
1098 3003 1342 3056 einhardi
1368 3017 1432 3056 ac
1463 3002 1806 3056 Bertinianis.
1840 3001 1920 3055 An
1957 2999 2099 3055 idem

525 2999 823 3076 Annalibus
857 2999 1025 3076 ipsius
1052 2999 1342 3076 Eginhardi
1368 3017 1432 3057 ac
1463 2999 1920 3076 Bertinianiszn
1957 2999 2099 3076 idem

527 3076 694 3131 fuerit
734 3071 935 3143 Lupus,
974 3073 1067 3143 qui
1104 3071 1135 3126 a
1172 3081 1331 3142 poeta
1361 3081 1549 3127 nostro
1586 3072 1673 3125 hic
1710 3071 1983 3143 inducitur
2022 3071 2102 3126 lo-

529 3160 723 3216 quens,
753 3141 904 3198 certo
931 3141 1327 3216 aflirmarenon
1357 3142 1529 3196 ausim
1563 3160 1576 3194 :
1614 3154 1845 3209 namque
1870 3141 1937 3216 ab
1960 3154 2102 3216 anno

530 3210 636 3271 769
663 3229 834 3282 usque
877 3214 943 3267 ad
978 3228 1179 3269 annum
1205 3213 1307 3283 799
1338 3227 1445 3283 quo
1477 3218 1726 3283 suscepta
1767 3218 1851 3265 est
1889 3210 2100 3283 obsidio
2127 3218 2172 3283 ρ

530 3280 881 3349 Barcinonis,
916 3283 1018 3337 boc
1067 3283 1186 3338 loco
1227 3280 1511 3350 descripta,
1563 3280 1789 3337 multum
1844 3282 2101 3350 temporis

531 3354 856 3432 intercessit.
889 3353 1092 3432 Verum
1124 3353 1185 3432 si_
1214 3352 1373 3432 idem,
1400 3368 1506 3406 non
1554 3350 1691 3432 fuit...
1726 3350 1916 3432 procul
1942 3350 2105 3432 dubio

532 3423 699 3493 fuerit
736 3422 851 3490 ejus
892 3422 1054 3488 filius,
1094 3422 1187 3493 qui
1224 3430 1508 3493 propterea
1549 3420 1746 3493 duplici
1774 3420 1992 3475 nomine
2016 3421 2105 3476 hic

533 3489 791 3577 appellari
807 3493 1061 3577 ‘videt‘u‘r,
1094 3489 1285 3577 nempe
1325 3489 1505 3577 :lfupus
1536 3489 1841 3577 Santi0,_ut
1866 3505 1915 3577 la
1951 3498 2107 3559 patre

533 3560 910 3632 distinguatur.
951 3560 1677 3641 Atquejsldieituringenio
1716 3571 1765 3615 et
1804 3560 1909 3629 ﬁde
1949 3577 2104 3641 supe-

534 3649 679 3702 rasse
702 3629 823 3686 avos
854 3650 865 3684 :
899 3647 1019 3702 quin
1043 3629 1208 3686 verba
1229 3632 1470 3686 indicant
1496 3629 1613 3699 ejus
1636 3645 1849 3702 quoque
1876 3629 2107 3702 majores

532 3701 838 3757 Wasconiaz
883 3700 1179 3770 praefuisse.
1228 3702 1414 3755 Samio
1455 3711 1636 3755 autem
1671 3701 1801 3755 nihil
1846 3700 1988 3754 aliud
2022 3709 2108 3756 est

534 3770 963 3842 quam§ancius,
989 3779 1148 3840 atque
1171 3770 1348 3842 ltalice
1380 3770 1595 3835 Sancio,
1626 3785 1820 3842 nomen
1849 3770 1987 3842 apud
2011 3785 2105 3842 ve:

534 3840 681 3896 teres
707 3840 971 3908 Hispanos
996 3843 1274 3895 usitatum.
1298 3840 1480 3894 Comes
1503 3840 1713 3893 saucius
1736 3840 2019 3903 sancionis,
2040 3840 2107 3895 'id

536 3919 621 3965 est
649 3909 809 3979 filius,
838 3911 1074 3964 occurrit
1099 3911 1151 3964 in
1181 3910 1404 3979 epistola
1429 3909 1645 3979 Eulogii
1668 3909 2050 3979 Cordubensis.

610 3991 635 4019 ι
661 3978 719 4032 ld
744 3988 829 4048 est
870 3980 961 4048 qui
1001 3977 1239 4033 nutritus
1279 3977 1453 4033 fuerat
1481 3979 1533 4032 in
1566 3978 1685 4032 aula
1713 3978 1893 4033 Caroli
1930 3978 2105 4048 Magni

526 4062 570 4104 'a
596 4047 850 4118 pueritia.
893 4047 970 4102 Eo
998 4049 1141 4102 enim
1190 4064 1350 4103 sensu
1395 4063 1500 4101 vox
1544 4048 1645 4101 ista
1670 4048 1810 4118 apud
1831 4047 2107 4118 antiquos

537 4116 809 4189 occurrit;
841 4132 915 4189 ac
949 4118 1176 4188 proinde
1210 4118 1376 4187 ipsius
1419 4117 1561 4189 regis
1598 4116 1775 4189 Garuli
1812 4116 2107 4189 familiaris

539 4203 605 4258 ac
628 4187 953 4242 domesticus
976 4195 1095 4258 erat
1119 4205 1132 4241 :
1155 4204 1274 4258 qua:
1302 4188 1464 4258 resei
1490 4187 1778 4242 maximam
1807 4188 1859 4241 in
1879 4187 2107 4243 dicendo

539 4257 815 4312 fidentiam
856 4257 1147 4327 praebebat.
1174 4257 1360 4326 ’Atque
1400 4257 1526 4312 hinc
1572 4257 1871 4325 intelligere
1916 4272 2107 4327 possu-

538 4342 695 4392 mus,
728 4343 833 4397 non
861 4328 927 4381 de
956 4327 1107 4397 Lupo
1146 4329 1202 4383 in
1246 4327 1543 4397 Annalibus
1574 4328 1869 4397 Eginbardi
1901 4343 2106 4382 memo—

536 4396 779 4468 rato_l_iic
803 4397 911 4468 agi,
949 4395 1053 4468 sed
1074 4399 1289 4467 quidem
1326 4398 1392 4453 de
1423 4395 1535 4464 ejus
1564 4395 1691 4452 filio.

613 4467 643 4507 δ
672 4465 786 4520 Hoc
813 4465 896 4537 est
915 4509 929 4532 ,
967 4465 1233 4537 siquidem
1260 4483 1290 4521 a
1318 4469 1562 4537 partibus
1586 4469 1722 4531 istis,
1748 4467 1943 4536 quibus
1969 4484 2107 4537 pra:-

540 4549 707 4629 sum,‘
726 4536 988 4629 agendum
1018 4547 1102 4591 est
1127 4536 1356 4604 bellum,
1385 4536 1626 4609 profecto
1659 4546 1849 4593 auctor
1876 4536 2018 4603 sum,
2046 4547 2106 4593 ut
2131 4570 2183 4629 Β

541 4618 647 4674 pax
670 4604 812 4675 bello
839 4604 1175 4674 praeferatur.
1385 4604 1402 4609 ⁷
1540 4672 1545 4675 ι

615 4684 638 4712 ο
670 4673 726 4727 in
758 4673 1012 4746 bridovici
1040 4676 1133 4746 Pii
1168 4677 1287 4732 Vita
1323 4677 1390 4731 ab
1428 4673 1753 4731 Astronomo
1780 4676 2011 4746 scripta,
2041 4677 2107 4732 ad

544 4757 746 4828 annum
770 4744 872 4828 7S9
894 4745 1009 4828 haec
1025 4745 1286 4828 leguntur
1310 4766 1321 4799 :
1346 4764 1363 4796 ι
1386 4747 1665 4828 Cborsone
1686 4760 1714 4798 a
1739 4744 2111 4828 ducatuqu

541 4813 732 4885 insano
744 4814 1009 4882 submoto,
1025 4813 1328 4872 Willelmus
1348 4831 1445 4885 pro
1459 4830 1523 4869 eo
1543 4816 1865 4885 subrogatus
1880 4823 1981 4869 est.
2007 4816 2107 4881 Qui

543 4882 847 4939 Vasconum
873 4887 1162 4951 nationem,
1192 4895 1252 4940 ut
1280 4882 1406 4940 sunt
1430 4894 1620 4939 natura
1649 4882 1817 4950 leves,
1845 4894 1954 4940 tam
1985 4894 2108 4940 actu

542 4968 705 5023 quam
735 4954 943 5009 viribus
975 4956 1124 5011 brevi
1155 4955 1384 5024 subegit.
1437 4975 1457 5009 ι
1496 4955 1641 5010 ldem
1684 4970 1815 5011 vero
1860 4963 1941 5009 est
1964 4996 1978 5020 ,
2016 4956 2108 5024 qui

542 4972 705 5023 quam
735 4972 943 5009 vmnus
977 4972 1124 5011 brevi
1155 4972 1286 5011 suae
1326 4972 1384 5009 ιι.
1437 4975 1457 5009 ι
1499 4972 1641 5010 luem
1684 4972 1815 5011 vero
1860 4972 1941 5009 es:
1964 4996 1978 5020 ,
2016 4972 2106 5024 qlll

540 5032 665 5096 post
693 5024 843 5096 varia
870 5024 1072 5082 bellicae
1100 4972 1426 5081 fortituﬁinis
1448 5025 1837 5096 experimenta,
1863 5035 1987 5094 post
2010 5039 2106 5096 va-

545 5094 656 5166 rias
684 5094 750 5150 de
780 5094 1065 5166 Saracenis
1103 5096 1378 5159 victorias,
1407 5094 1561 5166 parta
1597 5096 1700 5149 sibi
1730 5096 1960 5163 ingentis
1995 5094 2110 5164 glo-

546 5164 641 5219 ria:
669 5164 943 5219 sareularis
968 5181 1119 5231 aura,
1143 5165 1344 5220 mundo
1369 5164 1582 5219 tandem
1610 5167 1927 5219 renuntiatis
1946 5206 1960 5229 ,
1995 5180 2110 5219 mo-

546 5236 845 5305 nasterium
873 5233 1226 5301 Gellonense,
1263 5249 1294 5289 a
1321 5251 1379 5290 se
1408 5234 1703 5298 conditum,
1736 5236 2010 5305 ingressus
2028 5243 2113 5289 est

543 5319 687 5379 anno
734 5304 838 5361 806
862 5345 892 5379 ,_
925 5306 1104 5379 ibique
1146 5314 1292 5360 tanta
1336 5306 1597 5379 virtutum
1639 5304 1813 5374 copia
1847 5305 2109 5374 reliquum

543 5374 669 5445 vita:
710 5376 941 5445 peregit,
990 5374 1048 5433 ιιί
1083 5378 1226 5432 inter
1266 5385 1483 5431 sanctos
1525 5376 1671 5430 viros
1704 5382 2110 5445 annumeretur.

543 5390 669 5428 vita:
747 5390 941 5445 ereglt,
990 5390 1048 5433 ut
1083 5390 1226 5432 luth
1266 5390 1483 5431 sanetos
1525 5390 1671 5430 Vll‘OS
1704 5390 2110 5429 annumeretur.

541 5442 671 5519 Ejus
691 5390 869 5499 Vitam
892 5448 959 5519 ab
985 5462 1250 5519 anonymo
1291 5446 1547 5519 scriptam
1577 5445 1866 5519 uon_longe
1887 5445 1970 5519 ab
1999 5442 2115 5519 ejus

544 5512 694 5587 obitu
717 5555 731 5587 ,
757 5524 812 5569 et
837 5531 865 5569 a
890 5516 1082 5574 Carolo
1109 5512 1382 5587 Stengelio
1400 5512 1633 5587 editam,
1646 5512 1986 5587 clarissimus
2008 5512 2114 5566 Ma-

545 5582 801 5656 billonius
845 5601 1032 5643 rursus
1080 5582 1369 5656 evulgavit,
1416 5593 1591 5656 atque
1624 5583 1912 5656 illustravit
1965 5583 2111 5656 inter

544 5651 675 5706 Acta
731 5664 1038 5713 sanctorum
1099 5651 1284 5714 Ordin.
1342 5651 1528 5711 Sancti
1579 5653 1851 5709 Benedicti
1909 5653 2107 5708 seculo

545 5731 758 5791 quarto,
788 5739 909 5796 pag.
939 5728 1035 5795 70;
1063 5743 1223 5797 quam
1252 5728 1488 5787 consule,
1523 5727 1567 5780 si
1591 5725 1745 5797 plura
1775 5722 2107 5797 le§g$9m

543 5793 910 5865 monumenta,
941 5793 1058 5868 quin
1082 5793 1241 5853 illum
1275 5799 1509 5853 comitem
1541 5793 1830 5865 appellant.
1861 5793 2103 5851 Habilio-

1799 371 2107 432 Ειυιοωι
2144 368 2420 426 NIGELLI

2088 490 2137 548 Α
2165 482 2294 538 Illuc
2320 483 2479 537 tende
2514 482 2740 552 gradum
2768 495 2886 545 rex,
2918 479 3056 535 infer
3078 494 3304 535 munera
3334 480 3536 536 massis
3568 481 3627 545 ⁸.

3672 352 3783 418 576

2242 574 2311 628 Et
2330 573 2625 629 Vilbelmus
2645 572 2749 627 erit
2771 572 3025 641 prwvius,
3056 572 3220 637 alme,
3247 578 3388 625 tuus.

2171 665 2309 721 Tum
2336 678 2431 717 rex
2459 663 2704 717 arridens
2726 661 2908 715 verbis
2937 661 3012 714 ita
3039 660 3186 715 fatur
3214 661 3424 725 amicis,

2242 755 2582 825 Amplectens
2612 753 2889 817 famulum,
2925 752 3109 807 oscula
3148 752 3346 822 datque
3379 752 3533 823 capit
3576 766 3595 806 :

2173 847 2359 904 Gratia
2386 854 2570 901 nostra
2602 844 2719 910 tibi,
2751 843 2929 899 Caroli
2960 844 3032 899 sit
3068 844 3245 914 gratia
3271 845 3469 912 patris;

2245 938 2359 996 Dux
2389 937 2529 991 bone
2556 976 2572 1003 ,
2611 951 2710 1006 pro
2755 935 2965 989 meritis
3009 949 3222 1003 semper
3251 934 3474 988 habebis
3503 933 3700 987 bonos
3728 932 3777 983 ιι.

2175 1026 2301 1082 Ηωο
2328 1042 2542 1096 quoque
2568 1041 2689 1096 qua:
2717 1026 2915 1080 recinis
2933 1066 2948 1090 ,
2973 1026 3087 1097 jam
3116 1025 3319 1079 dudum
3356 1024 3605 1094 pectoris
3639 1038 3775 1075 arce

2248 1122 2456 1177 Ponere
2483 1134 2613 1175 cura
2648 1118 2787 1174 fuit:
2816 1135 2961 1174 nunc
2990 1119 3218 1174 recitata
3254 1117 3488 1188 placent.

2178 1209 2413 1270 Consule
2444 1209 2702 1270 consiliis,
2730 1218 2789 1262 ut
2816 1209 3017 1279 poscis,
3046 1207 3268 1263 consulo
3293 1207 3432 1261 votis
3462 1224 3474 1260 :

2249 1301 2549 1357 Adventum
2580 1299 2743 1355 citius
2768 1299 2992 1362 credito,
3023 1298 3256 1363 France,
3289 1311 3490 1350 meum.

2180 1395 2423 1465 Namque
2442 1407 2628 1458 unum,
2653 1391 2843 1457 fateor,
2870 1406 3033 1463 cogor
3052 1390 3148 1445 tibi
3175 1390 3374 1451 dicere,
3401 1387 3663 1451 Vilbelzn,

2252 1488 2333 1542 Tu
2364 1486 2526 1541 modo
2554 1492 2735 1541 mente
2763 1484 2918 1538 avida
2950 1482 3165 1552 suscipe
3189 1481 3353 1536 verba
3379 1495 3497 1534 mea
3530 1494 3547 1533 :

2185 1581 2242 1639 Si
2270 1581 2401 1635 mibi
2427 1581 2537 1634 vita
2561 1594 2743 1634 comes
2767 1576 3003 1641 Domino
3019 1576 3288 1631 tribuente
3323 1575 3585 1644 supersit,

2227 1671 2305 1727 Ut
2340 1687 2489 1737 reor,
2520 1679 2683 1741 atque
2710 1684 2889 1725 meum
2918 1674 3202 1739 prosperet
3231 1668 3349 1738 ipse
3378 1668 3566 1731 itiner,

2184 1763 2393 1819 Possim
2422 1771 2513 1816 aut
2544 1760 2886 1816 Barcbinona
2910 1768 3031 1816 tuos
3056 1758 3169 1815 fera
3196 1772 3426 1814 cernere
3450 1774 3665 1823 muros,

2112 1860 2162 1919 Β
2258 1853 2389 1922 Quae
2423 1860 2500 1907 tot
2528 1851 2666 1908 bella
2696 1852 2832 1907 meis
2859 1851 3133 1907 lmtilicata
3157 1851 3341 1916 canis,

2190 1944 2384 2000 Testor
2407 1952 2695 2014 utrumque
2715 1949 2878 2013 caput
2902 1942 3166 2015 (humeris
3192 1940 3423 1997 fortasse
3446 1940 3780 1996 recumbens

2258 2038 2506 2094 Vilbelmi
2532 2038 2770 2102 comitis,
2799 2038 2914 2092 haec
2934 2051 3149 2107 quoque
3176 2035 3320 2091 dicta
3342 2035 3528 2104 dabat)

2194 2129 2300 2184 Aut
2328 2129 2459 2183 mihi
2494 2128 2802 2183 Maurorum
2836 2134 3027 2181 contra
3055 2133 3162 2181 stet
3190 2126 3348 2181 turba
3379 2125 3612 2197 profana

2266 2221 2443 2291 Seque
2466 2233 2709 2289 aliosque
2736 2226 2927 2289 tegens
2960 2218 3145 2288 praelia
3175 2216 3364 2272 Martis
3389 2225 3534 2288 agat,

2191 2312 2297 2367 Aut
2326 2320 2382 2366 tu
2408 2311 2747 2365 Barcbinona
2770 2309 2957 2364 volens
2986 2308 3280 2379 nolensque
3306 2317 3491 2363 vetata

2264 2403 2509 2458 Pandere
2537 2402 2771 2456 claustra
2795 2400 2955 2470 jubes
2984 2402 3000 2441 ί
3026 2441 3041 2465 ,
3078 2407 3135 2454 et
3164 2413 3279 2453 mea
3304 2398 3458 2469 jussa
3492 2407 3673 2470 petes,

2198 2495 2313 2551 Hoc
2342 2497 2501 2562 dicto,
2525 2511 2783 2566 proceres
2808 2496 2958 2550 vario
2983 2509 3232 2549 sermone
3264 2494 3574 2551 fremebant

2268 2586 2528 2642 Almifieis
2550 2587 2774 2657 pedibus
2798 2587 2948 2641 basia
2974 2587 3163 2641 stricta
3198 2587 3416 2641 dabant.

2195 2678 2331 2734 Tum
2364 2693 2455 2733 rex
2486 2676 2500 2728 i
2537 2678 2793 2749 Bigonem
2818 2677 3000 2733 verbis
3023 2677 3308 2747 compellat
3330 2685 3598 2742 amatum,

2197 2793 2320 2847 rius
2364 2807 2495 2846 vero
2541 2799 2763 2857 censet,
2813 2791 3036 2860 minime
3068 2790 3215 2845 ducis
3262 2790 3694 2860 appellationem
3733 2792 3777 2846 ei

2197 2877 2317 2917 esse
2347 2861 2755 2930 denegandam,
2808 2877 2929 2916 cum
2960 2859 3077 2930 ejus
3108 2859 3426 2916 antecessor
3463 2862 3666 2915 eodem
3712 2862 3779 2913 ti-

2201 2932 2312 2987 tulo
2365 2928 2651 2985 frueretur.
2708 2928 2774 2986 Et
2827 2928 3001 2986 recte.
3049 2930 3129 2984 En
3166 2939 3226 2984 ut
3266 2931 3490 2987 disertis
3529 2932 3715 2986 verbis
3754 2947 3783 2987 ι

2200 3010 2363 3073 poeta
2385 3010 2575 3073 nostro
2603 3001 3041 3073 appellaturidux
3072 2998 3383 3073 Tolosanns.

2272 3071 2299 3111 δ
2333 3070 2515 3125 Ritum
2542 3072 2683 3125 hunc
2716 3071 3082 3125 animadverte
3112 3070 3456 3141 deosculandi
3495 3072 3669 3141 pedes
3705 3087 3786 3130 re.

2204 3158 2329 3212 gum
2372 3150 2482 3194 tam
2528 3156 2690 3212 saepe,
2738 3157 2860 3195 cum
2909 3141 3053 3212 ipsos
3099 3139 3381 3212 allocutuni
3430 3139 3598 3196 erant
3639 3142 3786 3210 regni

2242 3213 2494 3273 rimatcs,
2520 3210 2671 3277 cujus
2695 3213 2860 3265 etiam
2890 3211 2992 3265 alia
3027 3209 3271 3278 exempla
3298 3209 3436 3264 infra
3469 3221 3784 3266 occurrent.

2242 3229 2461 3265 rimatcs
2479 3251 2494 3273 ,
2520 3229 2671 3277 ClljllS
2695 3229 2860 3265 etiam
2890 3229 2992 3265 ana
3027 3229 3271 3278 exempla
3298 3229 3436 3264 Intra
3469 3229 3784 3266 OCClll'l’l‘lll.

2202 3229 2357 3338 glanc
2397 3281 2642 3334 notitiam
2667 3281 3081 3350 [soeue‘debcas,
3124 3281 3361 3336 minutos
3400 3282 3485 3335 sui
3527 3283 3788 3351 temporis

2207 3366 2385 3408 mores
2407 3352 2752 3417 describenti,
2777 3366 2936 3421 quam
2965 3350 3253 3407 historicus
3273 3351 3359 3405 vix
3386 3360 3481 3406 aut
3504 3368 3785 3421 nunquam

2208 3429 2543 3477 annotasset.

2282 3500 2306 3528 θ
2352 3491 2553 3561 Nempe
2587 3491 2674 3545 ille
2722 3507 2863 3561 anno
2898 3490 3001 3561 793
3030 3507 3060 3544 a
3112 3488 3399 3545 Saracenis
3457 3489 3787 3560 Hispaniam

2200 3559 2333 3632 jugo
2359 3559 2729 3632 prementibus
2750 3560 2871 3630 fuga
2895 3560 3121 3625 salutem
3143 3576 3387 3632 quaerere
3408 3559 3641 3615 coactus
3671 3561 3786 3623 fuit,

2207 3630 2515 3685 ut‘an'nales
2556 3631 2965 3686 Moissiacenses
3002 3640 3285 3686 testantur.
3329 3630 3544 3686 Rursus
3580 3648 3712 3686 vero
3738 3642 3789 3683 et

2208 3701 2322 3771 ipse
2372 3701 2536 3757 variis
2592 3702 2828 3757 caedibus
2878 3702 3093 3757 eosdem
3146 3702 3449 3755 Saracenos
3497 3701 3791 3771 prostravit

2207 3770 2348 3826 anno
2377 3771 2481 3826 794
2508 3778 2562 3826 et
2604 3771 2977 3841 sequentibus,
3023 3771 3098 3823 uti
3130 3787 3227 3824 nos
3256 3771 3415 3826 docet
3443 3781 3639 3826 auctor
3664 3770 3792 3824 Vita:

2208 3856 2369 3911 supra
2404 3840 2714 3895 memorata:
2737 3842 2875 3911 apud
2902 3840 3286 3894 Mabillonium.

2281 3908 2302 3949 ῖ
2336 3912 2390 3965 Id
2413 3920 2496 3965 est
2527 3908 2785 3977 Barcino,
2809 3910 3115 3966 Maurorum
3151 3911 3453 3981 piratarum
3481 3924 3549 3965 ac
3580 3908 3790 3980 praedo—

2206 3981 2594 4062 numnasylum.

2281 4052 2307 4090 ⁸
2335 4047 2471 4117 Quid
2504 4052 2577 4105 sit
2613 4050 2807 4119 inferre
2842 4067 3060 4104 munera
3097 4050 3284 4119 massis
3324 4047 3569 4117 (Edipus
3616 4047 3786 4117 eXpli-

2206 4127 2310 4174 cet.
2364 4119 2540 4173 Massa
2578 4118 2718 4175 'nibil
2765 4120 2908 4174 aliud
2949 4118 3286 4180 significabat
3327 4119 3393 4173 iis
3432 4119 3787 4187 temporibus,

2206 4204 2367 4261 quam
2396 4205 2596 4261 pagos,
2640 4191 2798 4244 villas
2818 4231 2831 4253 ,
2872 4191 3094 4258 praedia.
3126 4189 3378 4261 Fortasse
3422 4186 3647 4241 munem
3675 4186 3789 4241 belli

2207 4258 2506 4325 intellexit]
2559 4276 2664 4329 qua
2694 4276 2827 4315 voce
2858 4276 2962 4313 non
2993 4259 3159 4315 semel
3186 4258 3323 4312 infra
3362 4268 3447 4329 est
3495 4272 3651 4329 usus.

2276 4330 2303 4369 ιι
2334 4329 2435 4383 Pro
2464 4323 2729 4396 honorem,
2775 4345 2894 4383 cum
2935 4329 3071 4383 bona
3111 4328 3375 4385 Prisciani
3422 4326 3604 4383 venia.
3650 4323 3790 4382 Infra

2205 4400 2367 4469 etiam
2403 4409 2666 4462 occurret,
2704 4415 2877 4469 neque
2907 4399 3092 4454 semel.

2282 4471 2298 4510 i
2329 4467 2433 4538 Pro
2449 4470 2676 4538 jubebis.

2281 4549 2295 4588 ι
2333 4536 2461 4593 Non
2486 4539 2651 4592 alium
2686 4541 2835 4609 bunc
2879 4546 3009 4609 puto
3049 4538 3251 4604 fuisse,
3280 4554 3442 4607 quam
3480 4538 3581 4609 qui
3600 4544 3792 4609 postea

2212 4608 2483 4678 Ludovico
2535 4609 2649 4678 ipso
2685 4608 2779 4664 Pio
2826 4606 3124 4678 imperante
3164 4606 3382 4663 creatus
3428 4616 3516 4662 est
3564 4606 3797 4678 Lutetia

2210 4676 2789 4743 Parisiorum'comes,
2825 4687 2879 4733 et
2906 4676 3217 4734 monasterii
3255 4678 3599 4733 Fossatensis
3631 4676 3795 4731 insti—

2210 4756 2359 4801 tutor
2384 4747 2501 4819 fuit.
2533 4747 2591 4803 In
2629 4749 2916 4819 diplomate
2959 4748 3138 4804 Caroli
3179 4748 3611 4819 CalviFraneia:
3649 4745 3802 4815 regis

2210 4832 2352 4887 anno
2388 4817 2491 4873 8H
2538 4816 3013 4887 apud'Baluzium,
3056 4830 3186 4873 tom.
3236 4818 3278 4872 ll
3308 4816 3637 4887 Capitular.,
3668 4832 3798 4885 pag.

2211 4886 2369 4958 1454,
2398 4886 2597 4958 legitur
2626 4889 3009 4944 monasterium
3044 4888 3366 4943 Fossatense
3387 4886 3459 4940 nd
3485 4887 3801 4958 petitipncm

2209 4953 2425 5029 Bigonis
2454 4953 2728 5029 'quondam
2755 4958 2975 5012 illustris
3004 4960 3238 5029 comitis,
3281 4953 3803 5029 susceptum'l‘uisse

2209 4973 2425 5078 rugam:
2464 4973 2728 5029 quondam
2755 4973 2975 5012 musms
3004 4973 3238 5020 comma,
3281 4973 3594 5025 susceptum
3626 4973 3803 5009 luisse

2207 5042 2271 5098 su
2332 5043 2429 5080 suo
2452 5027 2803 5098 munitieburde
2826 5038 2979 5098 atque
3009 5028 3307 5097 defensione
3329 5043 3359 5081 a
3388 5026 3673 5098 Ludovico
3705 5024 3805 5098 Pio

2211 5096 2552 5165 imperatore.
2570 5096 2817 5165 Ejusdem
2840 5094 3057 5165 Bi'gonis
3075 5094 3398 5151 mentionem
3422 5094 3559 5151 facit
3578 5095 3662 5149 cla
3672 5095 3800 5165 riss.

2212 5164 2547 5221 Mabillonius
2591 5163 2644 5221 in
2672 5167 2865 5222 Annal.
2906 5163 3271 5222 Benedictinis
3305 5167 3372 5220 ad
3412 5180 3617 5219 annum
3666 5163 3800 5226 8l6,

2213 5248 2321 5303 quo
2346 5235 2484 5289 idem
2511 5251 2693 5291 comes
2714 5253 2744 5290 e
2766 5238 2904 5291 vivis
2923 5238 3188 5301 excessit,
3217 5238 3321 5291 duo
3342 5234 3585 5303 ejusdem
3618 5232 3805 5303 Ludo-

2214 5301 2318 5359 vici
2346 5304 2633 5372 diplomata
2666 5305 2907 5361 referens
2931 5321 3028 5372 pro
3066 5301 3391 5362 Fossatense
3426 5301 3798 5365 monasterio,

2217 5322 2318 5359 VlCl
2346 5322 2633 5372 diplomata
2666 5322 2907 5361 relercns
2971 5322 3028 5360 ro
3067 5322 3391 5362 rossatense
3426 5322 3792 5365 ηιοιιειειει-ιυ.

2217 5374 2271 5428 in
2308 5375 2499 5443 quibus
2538 5374 2687 5445 idem
2736 5375 2867 5445 Bigo
2905 5322 3122 5429 illustris
3171 5392 3341 5429 comes
3395 5382 3743 5429 memoratur
3778 5388 3792 5423 :

2215 5459 2337 5499 eum
2366 5460 2493 5498 vero
2536 5443 2871 5500 Mabillonius
2902 5444 3187 5514 Begonem,
3238 5460 3332 5500 seu
3366 5444 3675 5514 BiegonemA
3703 5456 3799 5514 ap-

2212 5514 2393 5585 pellat.
2426 5514 2779 5585 Quantopere
2833 5531 2954 5570 eum
2978 5511 3297 5570 Ludovicus
3341 5511 3613 5585 diligeret,
3660 5511 3796 5564 hinc

2210 5582 2374 5639 etiam
2423 5584 2620 5647 babes,
2654 5582 2798 5640 (cum
2848 5600 2970 5640 cum
3016 5593 3172 5653 poeta
3219 5582 3483 5647 nominet,
3532 5582 3791 5653 Bigaufm

2210 5664 2462 5707 amatum.
2497 5654 2677 5721 Quare
2721 5655 2794 5709 nil
2838 5647 3065 5718 miruni,
3108 5654 3152 5708 si
3196 5652 3503 5707 Ludovicus
3532 5647 3649 5721 post
3683 5647 3789 5702 Ca-

2208 5723 2308 5778 roli
2348 5725 2515 5794 patris
2547 5733 2771 5779 mortem
2797 5740 2920 5794 cum
2950 5724 3292 5778 constituerit
3333 5723 3661 5778 Parisiorum
3695 5734 3787 5770 cu-

2207 5793 2412 5850 mitem.
2445 5794 2600 5850 istius
2624 5794 2800 5851 obitus
2826 5793 2964 5849 infra
2998 5801 3263 5847 narratur.
