4022 6442
202 321 298 402 371

267 453 482 512 Auribus
510 450 562 505 in
597 448 748 518 cujus
778 448 954 504 dulcia
988 451 1151 505 verba
1181 457 1354 504 sonat.

206 546 275 602 lto
299 544 430 600 celer
455 540 582 610 Bigo
609 557 622 593 :
656 541 770 594 haec
798 548 1101 594 nostrorum
1125 539 1321 594 edieito
1353 537 1550 603 turbis,

265 633 428 701 Atque
455 639 543 683 tuo
573 638 755 683 nostra
780 637 997 697 pectore
1026 631 1188 684 verba
1215 638 1372 685 sonat
1397 642 1445 682 ει.

207 729 232 768 ιι
251 723 474 794 Virginis
491 729 549 775 ut
569 721 802 791 primum
831 721 987 774 Titan
1014 719 1388 775 conscenderit
1414 729 1641 783 astrum,

264 817 325 870 Et
357 829 502 869 soror
539 813 590 866 in
613 812 832 882 propria
870 812 995 866 sede
1025 823 1282 881 sequetur
1308 813 1429 878 iter,

201 907 409 977 Agmine
441 904 661 958 densato
687 903 1220 972 prxfataaexercitus
1248 903 1397 956 urbis

266 995 447 1048 ania
471 1002 658 1047 noster
680 1008 848 1046 ovans
874 1001 1101 1060 occupet
1127 1006 1272 1044 arma
1304 999 1510 1044 tenens.

199 1087 323 1152 Bigo
340 1084 550 1138 facessit
571 1098 733 1154 agens
769 1083 958 1137 doctus
987 1097 1112 1136 mox
1141 1097 1265 1135 orsa
1293 1081 1529 1150 benigni,

261 1178 398 1246 Itque
425 1177 686 1244 reditque,
719 1175 898 1229 ferens
926 1175 1123 1245 inclyta
1144 1175 1293 1244 jussa
1324 1173 1484 1228 celer.

200 1267 296 1321 Rex
323 1267 438 1336 pius
463 1265 667 1319 interea
693 1265 892 1320 Christi
933 1280 1223 1320 succensus
1253 1279 1438 1318 amore
1461 1301 1476 1330 ,

257 1361 350 1414 Dat
387 1359 470 1428 pia
502 1358 838 1413 Christicolis
872 1357 1071 1411 mmnia
1103 1369 1125 1394 ο
1157 1358 1315 1425 digna
1345 1357 1493 1410 satis.

194 1449 417 1518 Namque
448 1447 629 1502 ferunt
659 1448 854 1502 multas
884 1449 1273 1502 monachorum
1302 1447 1405 1501 rite
1432 1454 1677 1501 catervas

253 1537 543 1592 lnstituisse
573 1537 678 1590 Deo
707 1537 807 1591 sub
833 1537 1035 1591 ditione
1070 1551 1184 1590 sua.

191 1627 326 1694 Quod
355 1627 476 1698 quis
516 1641 675 1682 nosse
705 1627 878 1698 cupit,
912 1641 1042 1698 rogo
1063 1667 1077 1692 ,
1123 1641 1287 1698 regna
1315 1627 1584 1696 Aquitana
1625 1640 1747 1695 per-

1479 1714 1671 1786 [agret,

252 1808 290 1862 E
324 1807 522 1878 quibus
549 1823 616 1863 en
645 1823 812 1861 unum
850 1807 1095 1862 chartula
1121 1815 1303 1862 nostra
1333 1807 1498 1862 canit.

186 1898 270 1952 Est
291 1898 443 1953 locus
468 1898 698 1967 insignis
721 1897 867 1952 cultu
891 1913 983 1952 seu
1013 1898 1306 1967 relligione,

245 1989 338 2044 Cui
365 1988 579 2044 Concas
607 1988 634 2028 ἀ
666 1996 858 2043 nomen
888 2005 982 2042 rex
1011 1989 1156 2043 dedit
1178 1989 1290 2058 ipse
1319 1988 1482 2058 prior,

186 2080 311 2137 Olim
344 2095 580 2148 namque
619 2078 750 2134 feris
777 2079 1068 2148 avibusque
1096 2080 1382 2133 canoribus
1413 2089 1434 2116 ε
1461 2087 1638 2148 aptus,

245 2172 570 2242 Ignotusque
606 2171 810 2224 homini
841 2185 936 2239 pro
964 2169 1177 2224 feritate
1205 2168 1320 2222 fuit.

183 2261 324 2316 Nunc
361 2275 578 2331 quoque
611 2259 992 2315 Christicolum
1028 2258 1371 2329 resplendens
1404 2260 1616 2330 agmine
1640 2259 1746 2314 fra-

1487 2351 1674 2422 [trum,

243 2444 478 2513 Quorum
516 2444 654 2498 fama
687 2444 844 2498 modo
873 2442 1032 2499 latius
1060 2444 1229 2498 mthra
1258 2443 1410 2513 petit.

182 2535 296 2591 llzcc
319 2553 537 2606 quoque
559 2536 694 2593 cella
727 2537 744 2574 τ
775 2536 849 2606 pii
873 2544 1182 2590 constructa
1205 2545 1288 2590 est
1309 2550 1532 2589 munere
1557 2534 1704 2603 regis
1727 2543 1742 2587 ξ

243 2627 533 2693 Fundavit,
557 2627 722 2682 coluit
746 2628 928 2690 rebus,
962 2635 1016 2681 et
1042 2625 1249 2681 ofﬁciis.

182 2717 317 2771 Valle
347 2718 500 2773 sedet
529 2733 718 2788 magna
737 2758 753 2783 ,
781 2717 1073 2787 praecincta
1104 2716 1324 2771 flumine
1354 2719 1380 2757 ε
1404 2731 1638 2781 amoeno,

241 2809 464 2876 Vinetls,
489 2811 696 2880 pomis,
729 2824 826 2863 seu
855 2809 1082 2878 dapibus
1105 2808 1290 2872 variis,

180 2898 408 2970 Rupibus
435 2901 640 2956 excisis
676 2900 850 2954 valido
877 2900 1106 2955 sudante
1142 2899 1323 2953 labore
1342 2940 1356 2964 ,

243 2988 355 3054 Quo
378 2997 565 3060 pateat
594 2989 744 3044 locus
774 2989 879 3053 hic,
923 2988 1115 3043 semita
1151 3001 1275 3058 rege
1303 2988 1498 3041 datur:

181 3078 356 3137 Dictus
388 3089 514 3137 erat
542 3081 812 3150 quondam
845 3078 1012 3132 frater
1037 3079 1354 3148 cognomine
1390 3076 1556 3131 Datus
1584 3076 1637 3142 h,

243 3173 409 3239 Quem
437 3173 684 3229 referunt
718 3173 892 3242 primo
929 3173 1075 3227 illum
1111 3172 1400 3226 incoluisse
1441 3169 1635 3223 locum.

179 3261 272 3318 Hic
292 3279 509 3334 quoque
531 3265 654 3319 dum
675 3263 880 3333 patrias
907 3271 1146 3317 servaret
1173 3264 1241 3316 ab
1263 3259 1506 3315 hostibus
1539 3260 1554 3298 ί
1577 3258 1744 3321 aedes,

243 3352 458 3422 Sospite
493 3362 667 3407 matre
697 3353 796 3407 sibi
829 3353 1174 3406 consociante
1197 3353 1373 3405 domo.

177 3440 426 3497 Protinus
457 3445 561 3497 heu
585 3457 779 3512 pagum
811 3442 978 3495 nimio
1008 3442 1238 3496 vallante
1267 3441 1497 3495 tumultu

243 3537 555 3592 itotinicum
581 3536 594 3587 i
628 3537 796 3590 Mauri
825 3536 1120 3590 destituere
1150 3536 1175 3574 ¹ί
1204 3536 1384 3589 nimis.

173 3633 488 3688 Pracvalidac
513 3631 706 3701 praedae
734 3628 958 3697 hujusce
991 3630 1134 3682 inter
1157 3629 1271 3682 fore
1302 3637 1532 3680 matrem

238 3721 558 3784 Affirmant,
585 3726 806 3773 cunctas
831 3717 1160 3784 exuviasque
1189 3718 1379 3770 domus
1403 3733 1416 3768 :

174 3815 435 3870 Hostibus
463 3811 695 3882 egressis
715 3807 974 3879 profugus
1004 3823 1099 3862 sua
1124 3808 1300 3861 visere
1329 3815 1464 3861 tecta

241 3906 452 3970 Certat,
483 3913 538 3958 et
576 3903 642 3957 ad
665 3912 824 3957 notos
848 3902 1078 3972 quisque
1107 3901 1282 3954 redire
1305 3899 1467 3964 lares,

179 3995 339 4050 Datus
368 4003 430 4048 ut
453 3993 672 4063 agnovit
693 3992 966 4061 propriam
999 3998 1334 4060 matremque
1354 3990 1678 4060 domumque

245 4089 544 4158 Dircptam,
574 4086 780 4139 varium
807 4092 1026 4154 pectore
1055 4092 1236 4138 versat
1261 4099 1421 4138 onus.

247 4230 270 4258 ι
304 4217 542 4274 Librarii
575 4231 748 4272 error.
783 4214 874 4271 Sic
907 4215 1051 4270 enim
1090 4215 1143 4269 in
1176 4231 1277 4269 ms.
1307 4215 1520 4285 legitur.
1560 4216 1750 4271 Scribe

183 4306 302 4342 sona
311 4329 322 4342 .

253 4361 275 4397 δ
311 4360 420 4412 lloc
450 4367 566 4422 est,
599 4357 994 4427 quamprimum
1036 4354 1279 4427 remissis
1305 4355 1577 4427 caloribus
1607 4355 1754 4427 testi-

185 4429 260 4481 vis
294 4440 586 4482 autumnus
620 4425 882 4490 accedet,
924 4435 1052 4479 tunc
1096 4425 1505 4478 Barcinonensis
1544 4426 1751 4478 obsidio

189 4501 282 4551 erit
311 4499 636 4552 inchoanda.
666 4496 848 4566 Neque
869 4468 1020 4549 ’enim
1052 4495 1117 4566 in_
1133 4495 1348 4566 regione
1374 4510 1401 4546 a
1425 4495 1536 4548 sole
1561 4495 1751 4566 adusta
1781 4468 1831 4526 D

189 4568 273 4620 mil
301 4569 440 4623 tibus
486 4565 620 4621 satis
651 4563 920 4636 patiimtim
950 4574 1031 4619 cst
1072 4563 1334 4619 obsidioni
1372 4565 1576 4634 patenti
1624 4565 1755 4619 insi-

188 4646 342 4702 stere,
375 4640 504 4692 dum
564 4649 722 4691 azstas
768 4636 956 4689 fervet.

253 4720 272 4746 ε
305 4709 486 4762 Primo
504 4708 696 4760 intuitu
717 4706 991 4776 legendum
1015 4705 1476 4776 videturmuncra.
1502 4707 1752 4760 Attamen

188 4781 483 4832 mmniorum
516 4778 728 4830 nomine
752 4774 1038 4845 significari
1073 4775 1161 4828 hic
1187 4774 1532 4845 intelligimus
1572 4792 1756 4831 mona-

189 4850 342 4902 steria
375 4860 430 4902 et
457 4848 738 4910 ecclesias,
767 4844 900 4915 quas
927 4844 1378 4915 LudovicusPius
1408 4848 1680 4900 excitavit.

251 4917 275 4956 ά
303 4917 643 4972 Mabillonius
675 4918 725 4970 in
757 4915 949 4968 Annal.
978 4914 1304 4967 Benedictin.
1333 4917 1398 4968 ad
1428 4932 1625 4970 annum
1653 4916 1754 4969 768

191 4987 369 5042 scribit
419 4988 590 5041 fuisse
635 4985 1090 5055 quitradiderint
1131 4985 1402 5038 conditum
1455 5001 1484 5038 a
1531 4986 1756 5054 Pippino

191 5056 516 5113 Francorum
563 5053 686 5124 rege
715 5053 1018 5124 Concltensei
1048 5054 1417 5124 monasterium
1452 5056 1502 5107 in
1535 5053 1757 5124 Aquita-

193 5127 295 5190 nia,
328 5131 491 5182 situm
525 5127 577 5179 in
625 5119 952 5179 Ruthenensi
991 5123 1229 5176 dimcesi.
1273 5119 1407 5176 Tum
1443 5125 1508 5180 ad
1554 5119 1755 5178 annum

193 5197 290 5250 8l2
329 5200 395 5253 de
442 5197 652 5267 origine
699 5192 1093 5267 ejusgcaenobii
1125 5193 1364 5257 disserit,
1420 5195 1656 5249 incertus
1702 5205 1757 5248 et

195 5263 653 5334 conjectanszd
697 5263 976 5333 Pippinum
1022 5277 1183 5334 supra
1234 5275 1610 5334 memoratum,
1666 5275 1759 5318 aut

197 5338 258 5389 ad
289 5331 629 5392 ’Ludovicum
672 5331 857 5396 Pium,
891 5340 985 5402 aut
1011 5333 1075 5384 ad
1125 5331 1406 5400 Pippinum
1454 5335 1758 5402 Aquitaniae

199 5420 391 5474 regem,
423 5407 680 5461 Ludovici
706 5403 871 5474 ipsius
903 5401 1641 5474 lilium,_iinstitutione-Inieci
1676 5420 1760 5458 re-

199 5470 320 5530 ferri
362 5470 543 5546 posse.
588 5470 854 5546 Habemus
892 5486 1034 5524 nunc
1064 5470 1362 5546 Nigellum,
1387 5473 1648 5546 idoneum
1679 5483 1756 5528 te-

201 5541 710 5609 stcmftribueutem
735 5545 876 5598 illius
904 5541 1155 5605 carnobii,
1184 5541 1295 5595 sive
1324 5543 1469 5595 cellze
1495 5544 1759 5611 originem

202 5611 467 5671 Ludovico
510 5617 632 5679 Pio,
683 5625 808 5668 tunc
836 5611 1134 5684 Aquitania}
1177 5611 1307 5684 regi.
1364 5612 1504 5684 idem
1546 5629 1758 5684 quoque

204 5694 353 5754 antea
375 5703 475 5740 nos
501 5688 756 5740 docuerat
786 5693 973 5738 auctor
999 5681 1406 5750 antiquissimus
1433 5681 1573 5737 Vitae
1594 5681 1759 5754 ipsius

207 5751 453 5811 Ludovici
481 5757 546 5812 ad
585 5771 784 5810 annum
809 5755 932 5810 811.

1053 339 1139 393 DE
1182 337 1409 396 REBUS
1447 335 1691 393 GESTlS
1732 337 2052 394 LUDOVICI
2091 337 2195 392 PII.
2225 368 2294 377 —
2333 339 2463 392 LIB.
2507 339 2545 393 l.

3319 339 3422 395 578

1773 451 1826 510 Α
1849 449 2076 504 Prorsus
2097 465 2292 520 equum
2324 450 2560 520 phaleris
2585 464 2820 514 ornans,
2867 465 2923 505 sc
2977 465 3077 506 nec
3130 432 3310 506 minus
3339 468 3424 505 ar-

3251 555 3354 597 11118

1849 639 1852 642 ‘
1923 630 2238 698 Conjunctis
2269 632 2432 687 sociis
2457 639 2682 702 apparat
2713 630 2792 686 ire
2819 645 3041 700 sequax.
3227 538 3247 614 [

1774 753 1781 759 -
1853 723 2015 778 Forte
2042 724 2143 778 fuit
2172 734 2409 779 castrum
2437 725 2578 779 vallo
2613 741 2707 780 seu
2737 740 3009 780 marmore
3033 724 3268 790 firmum,

1921 816 2038 882 Quo
2069 817 2292 872 reduces
2323 817 2634 873 Mauricum
2665 817 2851 887 spoliis
2874 825 3138 871 remeant.

1851 906 1967 960 i-luc
1991 906 2136 961 celer
2159 917 2213 961 et
2237 908 2369 962 socii
2395 908 2580 972 Datus,
2602 916 2933 976 cunctasque
2965 907 3208 977 popellns

1920 994 2180 1048 Certatim
2209 1004 2423 1061 coeunt,
2458 995 2708 1066 frangere
2742 997 2975 1051 claustra
3014 1003 3226 1066 parant.

1847 1081 1925 1137 Ac
1957 1082 2103 1136 velut
2131 1084 2388 1153 accipiter
2412 1085 2603 1154 pennis
2639 1101 2734 1154 per
2757 1085 2940 1140 nubila
2967 1087 3148 1155 lapsus

1925 1174 2110 1242 Ungue
2137 1175 2278 1242 rapit
2311 1174 2602 1239 volucrem,
2634 1183 2868 1245 notaque
2895 1177 2962 1230 ad
2982 1184 3135 1230 antra
3166 1175 3299 1244 fugit
3327 1192 3341 1229 :

1844 1263 1914 1318 At
1943 1265 2102 1318 socize
2123 1265 2406 1328 crocitant,
2431 1279 2732 1334 raucasque
2764 1280 2862 1334 per
2885 1267 3087 1320 :elhcra
3116 1280 3276 1320 voces

1918 1353 2290 1425 Nequidquam
2311 1355 2584 1422 recinunt,
2612 1365 2774 1426 atque
2802 1364 3103 1424 sequuntur
3132 1371 3308 1410 avem.

1846 1442 1964 1513 Ipse
1991 1445 2183 1498 sedens
2214 1451 2386 1508 tutus,
2414 1445 2650 1514 prmdam
2681 1447 3003 1517 stringitque
3036 1445 3285 1514 feritque,

1917 1532 2110 1587 Versat
2136 1542 2190 1588 et
2220 1533 2274 1587 in
2315 1544 2498 1603 partes
2519 1551 2654 1604 quas
2677 1536 2778 1590 sibi
2813 1552 3043 1606 cumque
3081 1537 3278 1607 placet.

1847 1622 1962 1676 Non
1990 1622 2148 1677 aliter
2183 1623 2353 1678 Mauri
2378 1624 2517 1678 vallo
2537 1626 2824 1695 praedaque
2847 1626 3024 1696 potiti,

1919 1713 2038 1766 Dati
2063 1713 2203 1768 bella
2232 1714 2443 1777 timent,
2477 1716 2704 1784 spicula,
2732 1717 2846 1772 sive
2872 1717 3068 1772 minas.

1774 1795 1821 1854 Β
1850 1803 1984 1858 Tum
2000 1803 2254 1871 juvenem
2279 1806 2418 1860 muri
2441 1808 2657 1876 quidam
2681 1809 2966 1877 compellat
2996 1810 3062 1864 ab
3086 1824 3232 1874 arce,

1915 1895 2059 1950 Voce
2084 1897 2411 1951 cachinnosa
2441 1898 2585 1953 dicta
2628 1898 2857 1954 nefanda
2895 1891 3074 1954 dabat.

1845 1988 1978 2042 Date
2009 2003 2194 2055 sagax,
2221 1998 2437 2044 nostras
2466 1991 2625 2044 modo
2656 2007 2775 2060 quae
2801 2007 2889 2046 res
2909 1992 3056 2046 vexit
3079 1991 3147 2046 ad
3170 2006 3327 2046 arces

1917 2078 2014 2143 Te,
2047 2079 2328 2150 sociosque
2358 2090 2497 2147 tuos,
2529 2082 2693 2136 dicito
2715 2098 2950 2152 namque
2977 2097 3190 2151 precor.

1847 2185 1903 2241 Si
1930 2187 2107 2251 modo,
2139 2203 2245 2257 quo
2269 2188 2494 2254 resides,
2526 2189 2616 2243 tali
2641 2205 2738 2258 pro
2767 2205 2989 2245 munere
3015 2190 3171 2245 nobis

1917 2278 2124 2333 Dedere
2152 2281 2324 2334 mavis
2349 2295 2566 2350 equum,
2607 2297 2716 2350 quo
2744 2281 3055 2351 phaleratus
3079 2282 3216 2336 abis.

1845 2369 1998 2426 Nune
2028 2371 2122 2425 tibi
2155 2379 2327 2425 mater
2348 2378 2437 2425 eat
2472 2387 2680 2442 sospes,
2708 2388 2801 2428 seu
2834 2382 3027 2427 caetera
3055 2373 3256 2443 praeda,

1917 2462 2013 2515 Sin
2043 2471 2243 2526 autem,
2275 2471 2398 2517 ante
2424 2463 2609 2518 oculos
2637 2461 2822 2516 funera
2847 2464 3036 2536 matris
3062 2463 3248 2516 habes.

1847 2552 2100 2607 Reddidit
2127 2567 2250 2606 orsa
2288 2552 2388 2606 sibi
2420 2553 2588 2606 Datus
2614 2568 2719 2606 non
2749 2552 2908 2622 digna
2935 2551 3105 2606 relatu
3135 2567 3149 2604 :

1919 2645 2130 2698 Funera
2161 2644 2350 2698 matris
2385 2658 2525 2713 age:
2559 2660 2659 2699 nec
2687 2645 2817 2715 mihi
2841 2660 2969 2699 cura
3008 2644 3160 2699 satis.

1847 2737 1982 2792 Nam
2006 2752 2162 2806 quem
2185 2737 2362 2805 poscis
2391 2751 2586 2805 equum
2606 2777 2621 2803 ,
2652 2752 2757 2792 non
2803 2751 3040 2806 unquam
3088 2735 3284 2790 dedere
3335 2733 3418 2788 di-

3147 2823 3304 2897 [gnor
3334 2841 3349 2879 :

1917 2914 2181 2988 Improbe,
2213 2913 2357 2972 haud
2387 2913 2634 2985 equidem
2663 2916 2730 2969 ad
2758 2924 2847 2969 tua
2875 2913 3027 2968 frena
3053 2914 3227 2969 decet.

1847 3008 1958 3063 Nec
1981 3023 2130 3062 mora
2161 3025 2174 3061 :
2205 3007 2438 3063 crudelis
2463 3016 2690 3061 matrem
2721 3006 2970 3062 consistit
2998 3006 3051 3060 in
3079 3020 3226 3071 arce,

1919 3097 1985 3150 Et
2011 3105 2135 3152 nato
2166 3113 2348 3152 coram
2374 3096 2687 3152 dilaceravit
2707 3111 2847 3150 eam.

1848 3187 2086 3257 Namque
2117 3187 2322 3251 ferunt,
2356 3186 2500 3241 ferro
2522 3189 2694 3258 primo
2717 3187 2954 3242 secuisse
2977 3184 3224 3256 papillas,

1916 3279 1981 3332 Et
2009 3278 2183 3347 capite
2213 3278 2475 3342 abscisso,
2509 3279 2613 3331 heu
2660 3276 2669 3314 '
2708 3286 2796 3330 tua
2827 3286 3022 3341 mater,
3044 3277 3138 3330 ait.

1843 3367 2075 3423 Frendet
2103 3367 2247 3422 enim
2275 3367 2459 3421 infelix
2485 3368 2649 3420 Datus
2687 3382 2786 3436 pro
2815 3366 3006 3420 funere
3033 3366 3240 3428 matris,

1917 3457 2068 3511 Nunc
2093 3457 2220 3517 huc,
2247 3471 2387 3509 nunc
2413 3455 2542 3509 illuc
2566 3454 2790 3510 fluctuat
2822 3463 2990 3524 atque
3019 3454 3204 3524 gemit.

1845 3546 1955 3602 Nec
1978 3555 2122 3615 patet
2147 3545 2221 3600 illi
2253 3546 2448 3609 aditus,
2475 3560 2576 3600 nec
2603 3546 2733 3609 vim,
2773 3560 2877 3613 qua
2899 3545 3137 3600 vindicet
3167 3555 3318 3600 artus

1919 3635 2123 3698 Matris,
2151 3636 2348 3700 habet;
2385 3635 2581 3698 tristis,
2616 3643 2799 3688 mente
2830 3649 3130 3702 carensque
3160 3633 3316 3704 fugit.

1849 3726 2107 3781 Omnibus
2127 3727 2341 3780 amissis
2370 3726 2597 3795 sumptis
2620 3725 2934 3780 melioribus
2963 3725 3165 3790 armis,

1916 3817 2090 3871 Ineola
2120 3831 2246 3872 mox
2274 3817 2443 3870 eremi
2469 3817 2634 3886 coepit
2666 3816 2842 3870 inesse
2868 3816 3006 3886 pius.

1846 3908 2040 3961 Durior
2069 3915 2126 3960 ut
2154 3907 2424 3976 quondam
2451 3905 2626 3960 fuerat
2646 3905 2792 3961 ferus
2814 3907 2866 3960 in
2890 3921 3020 3961 nece
3050 3906 3263 3970 matris,

1915 3997 2152 4051 Firmior
2181 3997 2305 4050 hinc
2334 4004 2542 4050 remeat
2565 3996 2630 4050 ad
2654 3996 2806 4066 juga,
2843 3993 3076 4060 Christe,
3106 4004 3218 4049 tua.

1848 4088 2109 4156 Tempore
2137 4102 2259 4141 nam
2287 4086 2457 4141 multo
2493 4087 2606 4150 haec
2632 4101 2813 4141 secum
2837 4085 2982 4140 solus
3015 4087 3210 4156 agebat

1923 4231 1946 4258 ε
1976 4220 2080 4272 Pro
2110 4219 2336 4273 canoris.

1926 4288 1943 4326 ί
1976 4289 2194 4342 Erudite
2223 4304 2318 4356 pro
2347 4303 2498 4341 more
2527 4288 2864 4342 Mabillonius
2889 4286 3050 4340 etiam
3080 4285 3422 4356 animadver-

1853 4357 1919 4411 tit
1969 4357 2033 4409 ad
2077 4355 2275 4410 annum
2316 4359 2420 4412 812
2462 4360 2778 4411 Conchense
2825 4356 3209 4409 monasterium
3261 4355 3428 4410 fuisse

1856 4428 2156 4498 quamdam,
2191 4427 2345 4498 veluti
2402 4426 2585 4481 cellam
2637 4427 2996 4498 Frigiacensis
3064 4425 3423 4498 Monasterii;

1858 4495 2054 4567 quippe
2077 4497 2249 4551 eidem
2268 4497 2504 4561 suberat,
2527 4506 2621 4551 aut
2641 4496 3073 4551 commendatum
3099 4495 3288 4550 saltem
3309 4495 3426 4550 fue-

1859 4575 1959 4620 rat.

1931 4640 1956 4676 3
2007 4636 2092 4691 Uti
2131 4651 2195 4690 ex
2245 4637 2535 4705 diplomate
2574 4637 2830 4691 Ludovici
2879 4635 2957 4689 Pii
3001 4643 3232 4700 constat,
3283 4635 3427 4704 quod

1855 4708 2039 4762 datum
2067 4707 2170 4761 fuit
2189 4722 2331 4760 anno
2355 4708 2481 4778 819,
2512 4709 2650 4762 idem
2679 4708 2950 4778 Augustus
2975 4706 3290 4778 Conchense
3316 4705 3428 4778 moé

1855 4778 2150 4832 nasterium
2184 4778 2238 4830 in
2275 4795 2407 4847 pago
2439 4777 2692 4831 Ruteuico
2713 4819 2727 4841 ,
2765 4775 2920 4844 super
2955 4775 3177 4847 rivulum
3213 4775 3426 4847 Dorda-

1856 4865 2000 4910 num,
2032 4847 2276 4900 vocabqu
2298 4845 2522 4907 Concas,
2544 4849 2643 4901 sub
2673 4863 2821 4901 suam
2860 4846 3077 4900 tutelam
3100 4845 3354 4898 admittit.

1925 4919 1952 4956 ιι
1986 4917 2150 4970 Recte
2175 4917 2352 4970 omnia
2395 4927 2698 4986 congruunt
2736 4933 2858 4971 cum
2906 4916 3206 4986 Diplomate
3244 4913 3421 4986 Ludo:

1855 4987 1960 5040 vici
2008 4987 2086 5039 Pii
2143 4986 2389 5052 Augusti,
2447 4980 2720 5054 spectante
2760 4987 2824 5039 ad
2874 4980 3072 5040 annum
3107 4980 3230 5054 8i9_,
3279 4980 3426 5054 quod

1857 5056 2078 5126 protulit
2108 5049 2315 5109 clariss.
2358 5049 2603 5109 ΒειΙιὶκίιιε
2653 5067 2782 5110 tom.
2823 5056 2884 5120 ll,
2931 5071 3052 5125 pag.
3088 5049 3425 5126 1416,οξψί-

1858 5123 2132 5186 tul-arium,
2164 5126 2253 5178 ubi
2295 5126 2498 5193 primus
2526 5126 2855 5182 Conchensis
2896 5123 3209 5193 monasterii
3242 5127 3424 5193 rector

1857 5196 2158 5265 appellatur
2201 5189 2590 5265 vir-religiosus
2630 5197 2781 5250 Dudo
2821 5196 3045 5265 quodam
3071 5189 3422 5265 nomineani

1859 5257 2048 5320 nostris
2084 5266 2396 5333 temporibus
2415 5257 2608 5320 "locum
2652 5257 2963 5332 illmn,'quo
2996 5258 3233 5333 nonnu_lli
3266 5257 3422 5311 Chri-

1856 5336 2015 5388 stiani
2075 5328 2282 5404 propter
2353 5346 2543 5390 metum
2605 5328 2986 5390 Saracenorum
3048 5328 3418 5398 confugerant,

1857 5405 2160 5475 inhabitare
2183 5406 2366 5475 cmpit.

1935 5477 1948 5515 ί
1988 5474 2040 5528 Id
2062 5484 2146 5529 est
2175 5468 2479 5539 Saracenis,
2508 5476 2598 5543 qui
2636 5471 2979 5543 Aquitaniam
3006 5468 3212 5523 crebris
3236 5468 3421 5524 incur-

1859 5545 2099 5602 sionibus
2124 5546 2445 5614 aliiigebant.

1932 5615 1945 5664 Ι
1992 5616 2116 5670 Sive
2149 5608 2512 5672 Ruihenicum.
2545 5627 2689 5663 nunc
2723 5610 2794 5661 La
2817 5608 3105 5678 Roucrgue.

1934 5686 1956 5723 ¹ί
1995 5685 2098 5738 Pro
2128 5695 2420 5744 vastavere,
2453 5681 2651 5750 ingenti
2685 5681 2857 5748 prmda
2889 5680 3139 5734 abducta.

1940 5755 1951 5792 ¹
1985 5757 2064 5810 An
2093 5755 2270 5824 potius
2301 5770 2312 5805 :
2339 5769 2401 5805 en
2427 5762 2516 5804 tua
2541 5761 2726 5815 mater,
2751 5751 2866 5803 ait?
