4022 6442
537 336 642 395 579

609 450 729 516 Hic,
751 447 878 519 quia
904 444 1234 502 mundanum
1261 445 1555 510 tempserat
1577 450 1738 491 omne
1761 432 1928 489 nefas.

540 542 668 598 meo
692 541 820 596 dum
853 534 1096 605 fama'pii
1125 533 1268 603 regis
1288 530 1534 601 pervenit
1564 528 1630 583 ad
1652 540 1829 589 aures,

613 630 736 685 Mox
764 626 979 683 Domini
1006 623 1265 679 famulum
1293 620 1363 675 ad
1390 634 1487 675 sua
1516 625 1659 673 tecta
1687 622 1862 670 vocat.

542 722 787 791 Namque
814 719 953 774 diem
992 723 1161 772 totum
1186 712 1339 783 parili
1368 724 1616 766 sermone
1641 707 1927 762 trahebant

615 811 755 875 Rex,
786 807 1126 877 famulusque
1150 804 1265 868 Dei,
1288 802 1568 873 relligione
1595 814 1775 870 pares.

550 904 687 960 Tum
718 917 814 958 rex
830 908 885 956 et
910 899 1080 954 Datus
1109 896 1286 968 primo
1305 893 1618 950 fundamina
1644 890 1839 945 Concis

620 992 871 1063 lnfigunt,
903 988 1182 1044 monachis
1207 995 1384 1041 castra
1407 984 1586 1037 futura
1613 989 1825 1051 parant.

549 1084 734 1156 Nuper
764 1098 870 1153 quo
894 1080 1074 1135 valido
1102 1078 1429 1135 recubabant
1457 1075 1671 1147 agmine
1698 1073 1889 1137 belvtc,

624 1174 885 1229 Redditur
907 1171 1031 1227 inde
1053 1171 1161 1226 Deo
1191 1184 1333 1224 nunc
1361 1180 1574 1236 quoque
1597 1172 1749 1235 grata
1774 1178 1946 1232 seges.

552 1266 762 1321 Interea
786 1264 928 1335 regis
962 1274 1233 1331 proceres,
1256 1257 1545 1329 populique
1566 1255 1859 1325 phalanges

624 1355 834 1410 Dudum
860 1350 1197 1413 commoniti,
1222 1350 1373 1419 jussa
1398 1347 1629 1401 libenter
1650 1352 1838 1415 agunt.

556 1444 805 1515 Undique
826 1443 1156 1499 conveniunt
1177 1439 1512 1494 Francomm
1548 1450 1700 1490 more
1732 1443 1984 1496 catervae,

625 1536 801 1607 Atque
826 1536 976 1591 urbis
997 1547 1023 1575 ι
1050 1546 1232 1588 muros
1256 1529 1425 1585 densa
1456 1541 1656 1583 corona
1687 1533 1850 1580 tenet.

555 1627 819 1684 Convenit
845 1636 973 1681 ante
998 1638 1187 1679 omnes
1222 1607 1416 1676 Carolo
1444 1626 1593 1673 satus
1620 1617 1833 1688 agmine
1855 1614 2083 1687 pulchro
2111 1630 2125 1669 :

633 1718 790 1778 Urbis
817 1718 885 1772 ad
911 1715 1136 1770 exitium
1161 1719 1452 1782 congregat
1477 1710 1505 1749 ιν
1534 1709 1621 1763 ille
1642 1704 1826 1764 duces.

554 1810 718 1866 Parte
740 1824 836 1865 sua
862 1807 1110 1878 princeps
1141 1802 1371 1858 Vilhelm
1406 1801 1637 1855 tentoria
1667 1799 1802 1869 figit,

634 1900 913 1973 Heripreth
941 1911 987 1964 ε,
1020 1895 1278 1952 Liuthard
1304 1893 1353 1959 τι,
1381 1893 1617 1963 Bigoque
1650 1902 1694 1956 ο,
1733 1890 1848 1945 sive
1884 1888 2022 1942 Bero
2050 1886 2094 1951 ΐ,

560 1990 748 2049 δῦηιίο
779 1995 824 2056 ε,
854 1988 1164 2053 Lihulfush,
1188 1984 1481 2039 Hilthibret
1506 1983 1546 2045 ί,
1570 1989 1732 2050 atque
1758 1979 2063 2034 Hisimbard
2083 1976 2096 2027 i
2115 2016 2131 2043 ,

631 2079 755 2137 Sive
781 2079 871 2133 alii
900 2078 1105 2148 plures,
1131 2089 1266 2144 quos
1296 2072 1526 2126 recitare
1557 2085 1709 2123 mora
1738 2076 1840 2123 est.

560 2168 768 2224 Caetera
797 2182 895 2238 per
929 2179 1149 2235 campos
1177 2160 1413 2218 stabulat
1441 2158 1632 2214 diffusa
1652 2156 1929 2225 juventus,

630 2260 894 2324 Francus,
924 2258 1141 2322 Wasco,
1169 2255 1364 2319 Getha,
1388 2252 1502 2307 sive
1523 2250 1796 2321 Aquitana
1820 2249 2037 2304 cohors.

559 2351 607 2408 lt
633 2351 815 2423 fragor
835 2350 904 2405 ad
929 2348 1148 2412 coelum,
1175 2352 1393 2401 resonat
1413 2342 1756 2413 clangoribus
1789 2340 1993 2403 :cther;

631 2443 851 2499 Clamor
876 2443 930 2497 in
952 2441 1105 2505 urbe,
1129 2453 1318 2509 pavor,
1354 2436 1515 2492 fletus
1535 2442 1591 2488 et
1623 2434 1800 2489 omnis
1822 2433 1992 2488 adest.

562 2534 691 2591 Haec
734 2546 950 2603 quoque
990 2531 1119 2586 dum
1168 2528 1393 2600 geritur,
1443 2525 1668 2580 reduces
1716 2522 1820 2579 fert
1864 2523 2137 2593 Hesperus

1802 2611 2066 2684 [umbras,

634 2710 997 2775 Barchinona,
1029 2719 1151 2763 tuas
1180 2704 1421 2777 possidet
1450 2702 1626 2758 hostis
1652 2717 1803 2773 opes.

564 2801 768 2859 Lucida
789 2815 1019 2869 namque
1047 2798 1294 2852 homines
1321 2804 1381 2848 ut
1405 2794 1640 2864 primum
1689 2807 1885 2847 aurora
1924 2791 2135 2857 revisit,

638 2891 961 2948 Commoniti
990 2889 1216 2944 comites
1249 2887 1396 2957 regia
1423 2894 1562 2940 tecta
1591 2892 1810 2954 petunt;

567 2983 769 3039 Ordine
793 2980 1022 3051 quisque
1061 2993 1159 3032 suo
1199 2991 1422 3047 prorsus
1473 2975 1823 3045 residuntque
1867 2990 1966 3045 per
2011 2974 2138 3029 her-

1899 3062 2066 3135 [bam,

639 3159 877 3214 Auribus
898 3155 1122 3211 attentis
1146 3156 1292 3225 regia
1313 3154 1454 3209 dicta
1479 3160 1689 3225 rogant.

570 3249 709 3305 Tum
736 3248 948 3304 soboles
968 3246 1145 3301 Caroli
1173 3245 1400 3316 sapienti
1430 3246 1547 3299 hmc
1574 3245 1741 3299 edidit
1766 3260 1860 3299 ore
1886 3262 1899 3297 :

641 3340 884 3411 Accipite
912 3341 1015 3394 hoc
1048 3336 1243 3392 animis
1266 3335 1574 3401 consilium,
1603 3349 1876 3405 proceres.

571 3432 629 3489 Si
661 3448 791 3506 gens
820 3431 923 3486 ista
952 3430 1119 3485 Deum
1145 3427 1366 3493 coleret,
1394 3426 1721 3496 Christoque
1740 3424 1998 3495 placeret,

642 3599 668 3627 ι
694 3586 751 3641 1d
780 3594 865 3640 est
884 3582 1324 3638 Barcinonensis.

641 3657 671 3696 δ
700 3654 1042 3725 Eginhardus
1073 3653 1126 3706 in
1153 3650 1450 3705 Annalibus
1475 3649 1541 3704 ad
1566 3649 1991 3725 annnmChristi
2012 3651 2138 3725 801,

574 3728 690 3783 haec
714 3723 903 3780 scribit
935 3741 949 3776 :
980 3740 998 3772 ί
1025 3723 1345 3791 Ipsazestate
1358 3731 1514 3789 capta
1528 3731 1609 3776 est
1632 3723 1931 3777 Barcinona
1950 3723 2144 3777 civitas

572 3799 628 3852 in
664 3794 940 3865 Hispania,
986 3790 1098 3865 jam
1143 3790 1358 3865 biennio
1409 3793 1648 3865 obsessa.
1712 3812 1730 3844 ι
1774 3793 1914 3865 Ergo
1945 3802 2142 3865 coepta

572 3861 784 3921 obsidio
818 3878 961 3917 anno
990 3862 1110 3932 799.
1154 3861 1311 3932 Paria
1339 3862 1486 3932 legas
1526 3862 1580 3916 in
1624 3861 1817 3916 Annal.
1862 3863 2137 3927 Fuldens.,

573 3934 898 3990 Berlinianis
926 3948 989 3986 ac
1007 3931 1348 3984 Loiselianis.

648 4014 671 4043 ο
695 4003 751 4057 ln
794 4002 914 4055 Vita
940 4000 1193 4055 Ludovici
1218 4000 1299 4053 Pii
1322 4014 1353 4052 a
1386 4001 1690 4070 synchrono
1711 4009 1934 4056 auctore
1953 4001 2143 4057 Astro-

574 4087 739 4129 nomo
767 4073 968 4141 scripta
995 4070 1064 4124 ad
1094 4084 1292 4124 annum
1319 4070 1426 4141 808
1456 4070 1769 4141 haaciverba
1795 4082 2092 4126 occurrunt
2126 4090 2139 4125 :

581 4162 601 4195 ι
632 4140 933 4198 Ludovicus
956 4156 1049 4195 rex
1076 4155 1172 4209 per
1196 4140 1538 4212 semetipsum
1572 4140 1855 4212 To_rtosam
1896 4150 2143 4212 repetere

581 4162 601 4195 ι
632 4155 933 4198 Ludovicus
956 4156 1049 4195 rex
1076 4155 1172 4209 per
1196 4155 1538 4264 semengsum
1573 4155 1603 4193 ‘t
1615 4155 1855 4195 ortosam
1896 4155 2143 4212 repetere

575 4214 786 4278 statuit,
814 4212 1019 4267 habens
1048 4224 1228 4265 secum
1254 4207 1378 4264 Heri
1419 4217 1615 4275 ertum,
1640 4209 1953 4266 Liutardum
1977 4213 2144 4266 lsem—

574 4283 803 4339 bardum
836 4322 851 4346 ,
911 4282 1254 4348 validumque
1297 4279 1565 4351 [raucis
1595 4281 2047 4351 supplementum.
2116 4304 2135 4336 ι

576 4354 836 4409 Eumdem
875 4368 1024 4415 esse,
1055 4351 1264 4423 quihic
1304 4348 1590 4423 Iferipretft
1617 4348 1717 4423 pro
1747 4351 2025 4423 "eripeth
2050 4368 2145 4422 ap-

574 4424 805 4494 pellatur
828 4462 843 4485 ,
893 4438 1050 4476 nemo
1074 4420 1483 4494 ’inliciasnierit.
1534 4420 1764 4494 Circiter
1793 4420 2141 4492 ea'tempoi'a

1840 312 2145 374 ERMOLDI
2184 309 2455 370 NIGELLI

2135 430 2189 491 Α
2280 421 2647 494 Baptismique
2674 417 2812 474 foret
2831 417 3070 486 unguine
3099 416 3262 472 tincta
3284 416 3460 500 sacri,

2218 517 2327 571 Pax
2357 513 2620 568 firmanda
2647 518 2794 566 esset
2821 510 2998 574 nobis,
3029 524 3133 579 pax
3158 515 3320 577 atque
3345 505 3610 572 tenenda,

2286 602 2550 675 Conjungi
2574 610 2633 656 ut
2649 600 2822 671 possit
2845 598 3124 668 relligione
3149 598 3282 652 Deo.

2217 696 2373 751 Nunc
2394 709 2525 750 vero
2544 691 2878 749 exsecranda
2901 697 3085 744 manet
3108 728 3124 754 ,
3172 696 3526 756 nostramque
3557 685 3786 741 salutem

2289 786 2551 856 Respuit,
2577 792 2634 839 et
2660 782 2907 852 sequitur
2935 779 3200 836 daemonis
3230 778 3479 864 imperia.

2219 879 2424 935 Idcirco
2452 878 2594 931 hanc
2628 874 2785 929 nobis
2805 872 2981 942 pietas
3006 872 3265 926 miserata
3295 867 3561 922 Tonantis
3626 872 3631 875 '

2294 965 2510 1022 Servitii
2538 966 2566 1005 ιι
2594 963 2851 1019 famulam
2882 961 3107 1017 reddere
3132 974 3367 1028 namque
3391 958 3557 1013 valet.

2223 1060 2378 1116 Nunc
2407 1073 2549 1114 nunc
2572 1064 2813 1112 actutum
2838 1068 3023 1109 muros
3044 1065 3399 1123 properemus
3422 1060 3480 1107 et
3503 1064 3664 1106 arces
3679 1091 3695 1115 ,

2293 1151 2338 1207 Ο
2360 1150 2575 1213 Franci,
2602 1157 2658 1204 et
2680 1147 2865 1201 redeat
2894 1144 3123 1217 pristina
3150 1144 3234 1199 vis
3261 1144 3479 1198 animis.

2223 1243 2436 1302 Eolico
2466 1241 2674 1296 monitu
2702 1239 2876 1309 rapidi
2901 1254 2998 1293 ceu
3027 1251 3309 1291 murmure
3329 1236 3476 1291 venti

2296 1334 2402 1389 Per
2431 1348 2542 1396 rus,
2568 1346 2664 1402 per
2692 1330 2874 1391 silvas,
2897 1342 2995 1398 per
3016 1327 3157 1383 freta
3186 1334 3381 1382 cuncta
3417 1325 3624 1381 volant.

2227 1426 2605 1496 Diripiuntque
2633 1423 2798 1487 lares,
2826 1430 3061 1491 segetes,
3090 1420 3348 1489 silvaeque
3378 1426 3743 1480 tremescunt;

2303 1516 2467 1574 Uncis
2494 1516 2583 1569 vix
2607 1515 2834 1585 pedibus
2860 1512 2974 1568 ales
3001 1512 3184 1581 aprica
3206 1519 3357 1567 tenet

2229 1609 2404 1665 Nauta
2439 1609 2605 1665 miser
2632 1608 2832 1672 subito,
2863 1606 2985 1661 velo
3013 1616 3272 1673 remoque
3300 1602 3509 1665 relicto,

2302 1700 2405 1755 Per
2430 1713 2579 1753 mare
2604 1695 2945 1766 fluctivagam
2973 1694 3138 1750 lintea
3168 1694 3290 1748 laxa
3314 1693 3499 1747 trahit.

2159 1777 2208 1837 B
2235 1787 2350 1843 Non
2385 1787 2543 1841 aliter
2555 1784 2709 1855 jussu
2732 1783 3068 1840 Francorum
3103 1784 3378 1839 exercitus
3404 1782 3583 1837 omnis

2309 1878 2468 1934 Urbis
2495 1879 2549 1931 in
2583 1877 2806 1932 exitium
2836 1876 2983 1945 itque
3005 1875 3252 1945 reditque
3281 1872 3556 1943 frequens.

2234 1969 2486 2026 Curritur
2513 1969 2568 2023 in
2594 1968 2781 2034 silvas,
2807 1967 3010 2037 passim
3040 1976 3199 2022 sonat
3221 1975 3340 2021 acta
3374 1967 3610 2032 securis,

2302 2060 2592 2116 Caeduntur
2616 2059 2796 2130 pinus,
2828 2058 3058 2129 pupulus
3083 2057 3191 2111 alta
3222 2058 3391 2112 cadit.

2236 2148 2335 2207 Bic
2359 2150 2532 2207 scalas
2558 2157 2836 2220 operatur,
2859 2149 2969 2220 agit
2996 2148 3084 2207 hic
3108 2148 3301 2203 ordine
3321 2149 3507 2212 sudes,

2308 2241 2407 2297 Hic
2436 2239 2540 2297 fert
2564 2255 2717 2294 arma
2743 2239 2908 2304 celer,
2942 2240 3217 2294 contrahit
3246 2239 3333 2294 hic
3370 2238 3597 2307 lapides.

2238 2333 2456 2405 Spicula
2487 2334 2656 2387 densa
2682 2331 2905 2397 cadunt,
2934 2346 3034 2387 nec
3064 2347 3169 2385 non
3198 2340 3252 2385 et
3277 2331 3486 2386 missile
3514 2330 3750 2385 fcrrum‘

2306 2424 2491 2479 Arietc
2519 2423 2757 2478 claustra
2784 2429 2997 2485 tonant,
3025 2420 3295 2491 fundaque
3322 2422 3514 2476 crebra
3541 2420 3687 2475 ferit.

2237 2513 2347 2570 Nec
2372 2514 2549 2568 minus
2575 2512 2779 2567 interea
2800 2510 3107 2565 Maurorum
3132 2510 3305 2580 spissa
3329 2519 3550 2566 caterva

2306 2605 2411 2659 Per
2449 2611 2625 2658 turres
2655 2602 2901 2658 residens
2929 2610 3109 2657 castra
3143 2611 3328 2658 tenere
3345 2610 3525 2673 parat.

2236 2696 2493 2766 Princeps
2520 2696 2671 2750 urbis
2693 2702 2813 2749 erat
2844 2694 3059 2749 Maurus
3094 2696 3417 2766 cognomine
3445 2695 3634 2750 Zadun
3667 2693 3710 2758 ι,

2311 2788 2513 2844 Urbem
2536 2787 2627 2857 qui
2649 2787 2791 2841 hanc
2815 2786 3009 2841 validis
3033 2796 3248 2841 rexerat
3282 2786 3536 2857 ingeniis.

2238 2880 2421 2935 Currit
2444 2879 2533 2934 hic
2552 2879 2619 2933 ad
2644 2892 2830 2933 muros
2854 2886 3049 2934 maesta
3076 2878 3371 2934 comitante
3389 2895 3599 2936 corona
3626 2899 3642 2934 :

2309 2971 2441 3039 Quis
2459 2985 2623 3026 sonus
2651 2971 2757 3026 iste
2780 2986 2970 3033 novus,
3000 2985 3036 3025 ο
3063 2972 3197 3026 socii
3218 2972 3242 3024 ?
3263 2972 3482 3043 rogitat.

2242 3062 2495 3118 Reddidit
2522 3069 2607 3116 ast
2633 3061 2705 3115 illi
2733 3059 3007 3115 contraria
3031 3059 3177 3115 dicta
3206 3061 3418 3129 roganti

2314 3153 2543 3221 Quidam
2566 3153 2634 3207 de
2657 3152 2839 3215 sociis,
2876 3152 3060 3206 omina
3094 3152 3227 3207 dura
3257 3166 3496 3208 canens:

2239 3246 2431 3301 Praelia
2484 3260 2593 3300 non
2642 3244 2834 3298 miscet
2884 3244 3019 3297 hero
3047 3255 3088 3283 ιιι
3117 3244 3369 3314 princeps
3397 3253 3426 3281 ιι
3475 3242 3568 3299 ille
3617 3245 3813 3301 Gotho-

3580 3335 3748 3409 imm.

2309 3427 2439 3495 Qua:
2478 3425 2676 3482 totiens
2696 3424 2899 3497 pepulit
2922 3424 3109 3479 lancea
3136 3433 3320 3481 nostra
3349 3426 3563 3496 procul.

2241 3586 2329 3651 l7,
2365 3585 2561 3639 Marem
2584 3582 2907 3651 Hispanicae,
2938 3587 2993 3636 et
3021 3579 3156 3634 infra
3188 3579 3598 3635 conlirmabitur
3622 3580 3717 3635 lib.
3753 3596 3808 3636 nt

2240 3650 2508 3710 Poematis
2537 3650 2713 3719 hujus,
2754 3652 2843 3705 ιιέιί
2872 3651 2938 3705 de
2975 3650 3089 3719 ipso
3124 3664 3300 3704 sermo
3343 3660 3607 3719 recurret.
3655 3651 3810 3704 Baln-

2242 3727 2358 3780 zius
2384 3734 2514 3778 tom.
2546 3718 3008 3793 ll’Capitularium’
3024 3762 3036 3783 ,
3066 3734 3187 3793 pag.
3218 3720 3374 3793 1490,
3400 3718 3812 3793 ,Ῑυάἰεῇυιιιριιοα

2241 3795 2347 3849 fert
2384 3794 2627 3848 habitum
2664 3791 2808 3847 anno
2836 3792 2940 3846 869
2982 3791 3037 3845 in
3068 3791 3176 3859 quo
3212 3791 3520 3845 nominatus
3556 3792 3647 3845 hic
3674 3792 3810 3846 idem

2240 3865 2378 3988 ἔξω
2412 3879 2615 3929 comes,
2638 3861 2752 3932 jam
2789 3863 2880 3917 diu
2912 3861 3022 3916 vita
3048 3860 3283 3928 functus,
3328 3869 3382 3916 et
3408 3860 3671 3917 Rau-udis
3703 3861 3812 3930 ejus

2306 3950 2374 3988 ia.

2306 3950 2374 3988 la.

2312 4005 2342 4085 ξ
2370 4000 2535 4071 Cujus
2559 4016 2717 4071 supra
2751 3999 2893 4056 facta
2927 4008 3011 4055 est
3040 4000 3259 4057 mentio.
3280 3999 3332 4056 Is
3359 4010 3477 4057 crat
3502 3998 3807 4057 Wasconiz

2241 4089 2571 4225 Ρῖἱιηᾶῗῌῆἶιη
2588 4143 2747 4225 hujus
2767 4141 2896 4225 mihi
2920 4141 3200 4225 vestigium
3227 4141 3611 4225 apudn'cteres
3635 4156 3801 4196 occur

2244 4215 2353 4281 rit,
2402 4214 2503 4269 nisi
2540 4212 2681 4282 quod
2728 4213 2779 4266 in
2817 4212 3450 4282 AnnalibLBenedictin.
3502 4214 3573 4266 ad
3620 4227 3815 4266 annum

2244 4288 2369 4341 8‘28.
2418 4281 2755 4339 hlabillonius
2785 4290 3045 4336 memorat
3086 4281 3400 4352 Leybulfum
3442 4283 3733 4352 quemdam
3762 4282 3818 4336 il-

2244 4356 2469 4410 lustrem
2510 4356 2704 4417 virum,
2740 4352 3058 4407 benelicium
3085 4352 3141 4406 in
3166 4351 3812 4417 inonachos'Lirinenses,

2248 4427 2332 4481 cui
2366 4425 2499 4479 nihil
2539 4426 2614 4478 rei
2639 4436 2760 4479 cum
2794 4427 2899 4476 isto
2929 4421 3140 4476 Lihulfo
3167 4421 3396 4476 fortasse
3423 4421 3545 4475 fuit.

576 4489 712 4548 vixit
737 4493 1060 4547 llerebertus
1087 4505 1269 4546 comes
1292 4489 1650 4555 Vivariensis,
1688 4492 1756 4547 ab
1783 4494 1887 4548 isto
1914 4489 2141 4549 fort—asse
2165 4492 2219 4553 D
2321 4497 2335 4536 ί
2375 4497 2478 4550 Pro
2510 4493 2812 4557 Ililliberth,
2849 4502 2907 4545 nt
2935 4491 3104 4560 infra,
3139 4492 3252 4547 sive
3289 4491 3588 4546 llildiberto
3612 4533 3628 4557 ,
3661 4506 3822 4563 quem

576 4564 840 4619 diversus.

646 4632 676 4671 ἀ
705 4631 831 4698 Qui,
879 4638 940 4685 ut
981 4645 1153 4700 nuper
1186 4629 1441 4694 vidimus,
1472 4644 1538 4683 ex
1584 4630 1704 4685 Vita
1738 4630 1993 4688 Ludovici
2036 4633 2139 4700 Pii,

578 4702 679 4772 ipsi
715 4702 826 4772 regi
864 4700 1376 4772 Tortosamuversus
1415 4715 1599 4772 comes
1644 4700 1766 4755 fuit.
1809 4702 1978 4772 Antea
2016 4720 2143 4759 vero

577 4768 741 4841 quam
782 4768 1012 4826 Barcino
1055 4770 1381 4841 deditionem
1425 4768 1672 4835 faceret,
1717 4782 1854 4826 teste
1900 4771 2139 4839 ejusdem

576 4840 729 4915 Vita;
743 4849 965 4915 auctore
985 4881 1017 4915 ,_
1045 4859 1065 4915 ς
1102 4840 1407 4894 Ludovicus
1430 4849 1748 4915 rexnoacto
1770 4844 1965 4912 populo
1993 4844 2140 4915 regni

573 4914 659 4968 sui
690 4911 897 4966 Tolos:e
915 4912 981 4965 de
1006 4912 1107 4975 his,
1138 4925 1256 4979 qua:
1271 4910 1478 4980 agenda
1504 4910 1855 4975 videbantur,
1871 4910 2136 4979 tractans,

575 4982 926 5051 deliberabat.
962 4981 1337 5051 Burgundione
1374 4995 1607 5051 namque
1636 4992 1878 5047 mortuo,
1919 4986 2143 5039 comita-

574 5064 663 5108 tus
690 5050 805 5118 cjus
843 5047 1194 5105 Fedentiacus
1226 5047 1479 5103 Liutardo
1506 5047 1590 5104 est
1620 5052 1928 5107 attributus.
1978 5074 1997 5105 ι

650 5134 675 5162 ο
714 5122 884 5187 Quem
924 5136 1084 5190 supra
1130 5120 1361 5190 vidimus
1400 5135 1511 5187 prae
1561 5120 1684 5173 aliis
1731 5121 1998 5177 Ludovico
2047 5123 2143 5178 Pio

576 5193 823 5257 charum,
870 5206 937 5246 ac
968 5189 1160 5245 deinde
1187 5189 1540 5243 constitutum
1577 5192 1828 5245 comitem
1867 5191 2140 5247 Parisieno

574 5277 710 5317 sem.

602 5378 605 5383 .
654 5332 673 5370 ί
705 5330 790 5386 Uti
814 5330 1153 5399 Eginhardus
1177 5329 1231 5382 in
1264 5328 1385 5382 Vita
1414 5329 1592 5383 Caroli
1619 5329 1788 5399 Magni
1815 5340 2003 5385 auctor
2032 5341 2137 5396 est,
2216 5353 2225 5360 ·

577 5402 717 5456 inter
770 5412 996 5456 caeteros
1042 5402 1133 5470 qui
1176 5400 1462 5470 postremis
1514 5400 1709 5470 tabulis
1752 5402 1929 5470 inclyti
1981 5402 2140 5469 hujus

578 5471 917 5539 imperatoris
982 5468 1380 5538 subscripsere,
1417 5468 1521 5524 fuit
1589 5469 1728 5523 Bero
1768 5468 1967 5525 comes.
2010 5468 2142 5527 Post

577 5549 786 5620 captam
832 5556 1044 5620 quoque
1079 5542 1472 5620 Barcinonem,
1504 5541 1556 5593 in
1606 5540 1723 5620 Vita
1764 5540 2016 5620 Ludovici
2060 5543 2138 5596 Pii

577 5604 801 5690 dicitur,
825 5604 972 5690 _Bera'
992 5627 1161 5690 comes
1187 5610 1377 5690 ibidem
1404 5609 1472 5663 ad
1495 5609 1786 5690 custodiam
1814 5604 2044 5665 relictus.
2077 5613 2143 5667 Et

578 5677 669 5756 ille
693 5678 928 5756 .quidem
973 5682 1182 5756 primus
1221 5679 1638 5756 Barcinonensis
1679 5694 1860 5756 comes
1904 5694 2139 5747 creatus,

580 5748 656 5802 uti
686 5748 797 5815 jam
836 5748 1213 5822 animadvertit
1250 5749 1443 5805 Petrus
1474 5750 1539 5804 de
1569 5748 1746 5803 Marca
1781 5749 1873 5804 lib.
1912 5768 1994 5818 in,
2024 5769 2141 5824 cap.

2245 4569 2496 4621 comitem
2529 4564 2691 4618 fuisse
2711 4577 2925 4617 censeo.

2319 4646 2333 4684 ι
2385 4635 2472 4691 Uti
2518 4650 2680 4704 supra
2721 4633 2952 4704 vidimus
2976 4646 3042 4686 cx
3070 4629 3190 4704 Vita
3236 4630 3503 4704 Ludovici
3535 4630 3642 4704 Pii,
3682 4631 3825 4704 idem

2241 4705 2515 4776 Angustus
2553 4701 2694 4776 anno
2719 4701 2821 4776 898
2851 4717 3033 4776 secum
3073 4702 3353 4776 Tortoszim
3377 4702 3534 4756 duxit
3566 4701 3825 4776 Heriber:

2244 4771 2379 4837 tum,
2400 4774 2733 4836 Liutardum,
2765 4772 3149 4826 lscmbardum.
3177 4771 3355 4841 Atque
3380 4781 3537 4825 antea
3560 4788 3710 4827 anno
3723 4772 3829 4827 806

2241 4845 2636 4904 lsemhardum,
2672 4842 3031 4897 Hademarum
3058 4882 3072 4904 ,
3103 4841 3316 4903 Beram,
3353 4841 3666 4897 Burrcllum
3701 4857 3829 4896 cum

2242 4916 2466 4985 reliquis
2495 4914 2753 4969 adversus
2797 4911 3097 4985 Saracenos
3131 4912 3347 4985 direxit.
3382 4911 3446 4965 Et
3475 4913 3630 4985 hunc
3655 4911 3830 4985 fuisse

2242 4981 2494 5042 comitem
2530 4991 2680 5054 puto,
2711 4997 2775 5036 ac
2799 4981 3054 5054 fortassis
3084 4991 3299 5054 patrem
3331 4981 3630 5054 lsembardi
3652 4983 3831 5054 comi:

2243 5057 2345 5119 tis,
2373 5055 2463 5124 qui
2505 5050 2558 5107 in
2602 5052 2897 5123 Capitulari
2941 5051 3119 5106 Caroli
3157 5050 3303 5106 Calvi
3343 5052 3488 5122 regis
3529 5067 3681 5107 anno
3723 5052 3830 5108 855

2244 5132 2593 5180 memoratur.

2315 5195 2482 5318 deoc
2507 5202 2588 5249 est
2614 5211 2626 5247 :
2652 5207 2745 5247 eos
2780 5192 2837 5247 in
2868 5192 3181 5246 servitutem
3213 5190 3369 5245 nobis
3407 5189 3550 5245 Deus
3577 5190 3827 5261 singulos

2315 5282 2326 5318 I
2368 5275 2440 5318 et.

2243 5273 2440 5319 tradet.

2323 5334 2338 5373 ὶ
2380 5335 2461 5388 Ab
2489 5334 2815 5388 Astronomo
2856 5333 2910 5386 in
2946 5332 3069 5387 Vita
3112 5330 3363 5384 Ludovici
3404 5329 3485 5383 Pii
3516 5331 3829 5400 appellatur

2243 5404 2428 5458 Zaddo
2449 5405 2559 5458 diu:
2597 5403 3021 5457 Barcinonensis.
3063 5402 3117 5454 In
3152 5400 3448 5454 Annalibus
3468 5401 3825 5461 Bertiuianis,

2242 5484 2297 5530 et
2328 5475 2653 5528 Metensibus
2680 5472 2745 5526 ad
2768 5488 2967 5526 annum
3003 5472 3101 5525 801
3146 5470 3343 5539 dicitur
3380 5480 3540 5539 capta
3587 5489 3605 5521 ι
3640 5469 3831 5524 Barci-

2245 5560 2385 5600 nona
2413 5545 2602 5598 civitas
2631 5542 2919 5613 Hispaniae,
2937 5542 3175 5595 etZatnn
3202 5537 3493 5609 praefectus
3516 5538 3650 5607 ejus.
3686 5558 3706 5590 ι

2316 5627 2357 5654 ιιι
2379 5613 2515 5667 Puto
2547 5614 2841 5683 prof/fieres.

2318 5695 2347 5722 ιι
2386 5678 2586 5753 Nempe
2622 5681 2943 5753 Wilhelmns
2977 5678 3481 5753 duxfTholosanus,
3512 5694 3673 5753 quem
3721 5692 3819 5730 su-

2247 5769 2344 5824 pra
2372 5749 2643 5809 innuimus
2672 5752 2989 5808 inclaruisse
3015 5768 3081 5807 ex
3092 5749 3302 5806 bellicis
3328 5749 3537 5805 actibus
3555 5751 3819 5806 adversus
