4022 6448
220 330 310 387 581

219 445 314 503 Sed
339 440 632 498 Ludovicus
669 441 820 496 adest
844 440 1021 498 Caroli
1051 441 1351 497 clarissima
1371 442 1570 513 proles,

280 534 493 592 Ordinat
519 532 633 602 ipse
662 534 846 598 duces,
877 541 933 588 et
961 534 1104 604 gerit
1124 549 1276 588 arma
1305 550 1489 588 manu.

218 631 275 687 Ni
294 630 530 685 celerans
553 628 743 682 subeat
768 628 982 683 miseris
1009 642 1155 683 nunc
1181 627 1428 684 Cordoba
1456 639 1481 669 ο
1520 627 1699 695 nobis,

278 721 480 783 Et-nos,
511 725 568 773 et
600 718 859 788 populus,
885 719 1124 789 urbsque
1154 720 1389 775 verenda
1423 721 1597 777 cadet.

212 812 297 868 Ille
320 810 530 881 quidem
561 810 749 864 tristes
773 810 1042 865 submisso
1073 819 1291 881 pectore
1314 826 1474 867 voces

276 900 460 964 Jactat,
483 907 540 954 et
563 913 596 953 e
619 898 753 953 turri
780 900 922 955 haud
946 900 1134 970 procul
1157 916 1308 956 arma
1337 901 1515 956 videt:

211 992 297 1047 Eia
324 990 462 1061 agite
488 989 645 1054 socii,
681 1005 868 1045 muros
894 1006 1174 1046 servemus
1199 992 1267 1047 ab
1288 993 1443 1047 hoste
1469 1008 1484 1059 ;

273 1063 714 1167 Auxilium'nobis
746 1080 991 1137 Cordoba
1020 1083 1158 1138 forte
1185 1082 1343 1138 feret.
1602 1129 1607 1134 .

209 1171 272 1225 At
298 1169 421 1224 mihi
451 1178 632 1225 mente
669 1170 819 1225 sedet
847 1170 1074 1225 multum
1095 1171 1239 1240 quod
1264 1171 1530 1241 displicet,
1559 1189 1593 1229 ο
1616 1189 1767 1245 gens,

273 1261 467 1317 Turbat
491 1270 548 1317 et
575 1262 818 1317 attonitis
843 1261 985 1332 quod
1011 1264 1240 1318 recitare
1264 1279 1422 1334 paro.

211 1353 327 1409 Hac
346 1368 473 1423 gens
503 1353 646 1410 celsa
681 1354 848 1420 vides,
883 1370 1005 1425 qua:
1035 1364 1249 1410 nostras
1281 1356 1492 1412 obsidet
1522 1371 1699 1423 arces,

272 1440 465 1509 Fortis,
501 1452 558 1499 et
580 1444 847 1515 armigera
882 1453 986 1511 est,
1011 1444 1273 1515 duraque,
1301 1446 1415 1502 sive
1441 1447 1601 1504 celer.

210 1530 338 1587 Ecce
364 1531 574 1588 fatebor
600 1533 746 1588 enim
774 1534 930 1589 vobis
957 1550 1101 1589 nunc
1126 1550 1316 1604 aspera
1345 1536 1489 1591 dictu
1506 1577 1521 1602 ,

269 1621 371 1675 Aut
400 1630 634 1686 taceam,
658 1630 751 1677 aut
772 1622 1020 1687 recitem,
1049 1638 1154 1677 non
1183 1622 1449 1694 placitura
1478 1635 1680 1692 tamen.

209 1711 332 1767 Nam
361 1728 741 1782 quemcunque
767 1730 864 1770 suo
891 1729 1179 1785 congressa
1215 1724 1298 1770 est
1327 1716 1511 1771 inclita
1536 1716 1696 1784 bello,

270 1800 490 1865 Nolcns,
521 1802 634 1857 sive
664 1802 874 1868 volens,
914 1802 1135 1858 servitio
1161 1800 1343 1858 subiit.

207 1894 520 1951 Romulequ
552 1895 577 1934 δ
627 1896 747 1961 sibi,
792 1898 938 1966 quod
989 1897 1262 1967 quondam
1300 1898 1440 1954 hanc
1476 1900 1717 1954 condidit
1745 1912 1766 1939 ο

1467 1989 1699 2061 [nrbem,

268 2075 523 2131 Subdidit
555 2076 834 2147 imperium
863 2092 982 2131 cum
1013 2077 1211 2133 ditione
1239 2094 1356 2134 sua.

208 2165 366 2220 Arma
400 2164 583 2219 ferunt
609 2182 843 2234 semper,
870 2166 1027 2221 bellis
1048 2175 1130 2221 est
1168 2175 1318 2224 sueta
1340 2170 1630 2239 juventus;

269 2252 473 2322 Bajulat
496 2248 868 2321 Inccjuvenis,
894 2255 997 2309 hoc
1017 2257 1127 2324 agit
1160 2266 1277 2312 arte
1310 2274 1497 2314 senex.

208 2341 437 2415 Namque
463 2344 642 2415 ipsum
675 2358 873 2401 nomen
916 2345 1248 2402 Francorum
1289 2349 1545 2407 horresco
1590 2367 1776 2409 recen-

1569 2444 1721 2517 [sons
1756 2459 1771 2501 :

271 2524 511 2582 Francus
537 2527 700 2581 habet
729 2544 923 2586 nomen
954 2530 980 2570 ἀ
1009 2547 1039 2586 a
1072 2531 1286 2590 l‘eritate
1314 2550 1431 2590 sua.

206 2616 333 2684 Quid
351 2619 460 2688 jam
495 2619 654 2689 plura
688 2620 877 2690 loquar
907 2624 1048 2679 tristi
1077 2641 1199 2680 cum
1227 2636 1465 2696 pectore,
1490 2628 1671 2684 cives?

272 2707 379 2764 Heu
413 2711 551 2766 mihi
582 2720 709 2766 nota
747 2714 900 2777 satis,
934 2731 1033 2771 nec
1056 2718 1281 2772 recitata
1302 2719 1535 2788 placent.

204 2796 500 2856 Firmemus
527 2818 711 2859 muros
738 2804 914 2859 valido
935 2808 1158 2862 custode
1184 2810 1445 2865 tenendos
1477 2828 1493 2864 ε

269 2888 553 2946 Portarnm
583 2901 768 2949 custos
801 2882 1054 2952 credulus
1081 2906 1243 2968 atque
1270 2914 1460 2971 sagax.

206 2979 404 3035 Interea
424 2982 656 3053 juvenes
682 2985 855 3054 spissa
885 2983 1184 3043 comitante
1210 2998 1427 3045 caterva

270 3070 452 3126 Ariete
493 3072 729 3129 claustra
754 3083 968 3142 terunt;
993 3078 1229 3148 undique
1254 3079 1399 3135 Mars
1434 3089 1666 3138 resonat.

206 3157 489 3217 Pulsantur
517 3164 656 3218 muri
683 3164 946 3234 quadrato
971 3182 1238 3225 marmore
1266 3171 1425 3239 septi,

275 3249 491 3322 Spicula
516 3253 680 3309 densa
703 3256 922 3322 cadunt,
946 3265 1001 3311 et
1024 3257 1225 3313 feriunt
1244 3261 1493 3316 miseros.

216 3341 346 3397 Tum
376 3342 594 3399 Maurus
618 3345 824 3401 Durzaz
854 3347 989 3402 turri
1017 3349 1320 3404 conclamat
1346 3353 1416 3406 ab
1452 3351 1559 3408 alta

274 3432 417 3488 Voce
446 3434 775 3490 cachinnosa
809 3435 1054 3491 bombica
1091 3439 1233 3494 dicta
1262 3455 1466 3494 canens
1493 3459 1509 3496 :

203 3522 247 3578 0
270 3540 404 3594 gens
429 3526 561 3581 dura
590 3528 772 3592 nimis,
800 3527 966 3581 latum
995 3527 1187 3584 dilfusa
1221 3546 1319 3600 per
1346 3533 1558 3597 orbem,

270 3611 385 3668 Cur
419 3614 507 3682 pia
532 3621 709 3668 castra
735 3615 945 3685 quatis,
979 3616 1356 3687 inquietasque
1377 3620 1537 3689 pios?

202 3783 721 3875 Αωδεεέίὲερὲῐιὲφ
739 3787 1177 3875 imaeue-ideo
1198 3787 1497 3875 οριιξοτυπι
1530 3792 1786 3875 Ρῑίιιςερε

206 3856 540 3928 appellatur,
574 3855 1069 3928 qn_ia_>0cc_ita_niam
1113 3861 1355 3928 regebat,
1388 3855 1550 3917 nunc'
1565 3862 1613 3916 le
1648 3855 1786 3919 Lan-

205 3924 424 4006 guedoc,
462 3940 584 4006 qua:
609 3924 1032 4006 Galliaﬁothico
1053 3924 1441 4006 appellabatur,
1473 3944 1565 4006 aut
1592 3934 1781 4006 saltem

209 3995 323 4065 ejus
352 3995 712 4070 portio,_‘q_u_ae
739 3996 803 4070 ad
824 3995 1102 4070 _ll_ispanos
1123 3995 1489 4070 contingebat.
1518 4001 1574 4056 In
1600 4003 1786 4058 Testa-

212 4064 392 4140 mento
411 4064 586 4119 Caroli
621 4065 793 4140 ltjagni
821 4064 1070 4140 Pippino,
1090 4069 1135 4122 si
1166 4064 1428 4140 defecerit
1450 4070 1780 4140 Ludovicus,

213 4134 555 4205 adjudicatur
585 4153 603 4185 ι
635 4134 941 4199 Provincia,
964 4146 1019 4190 et
1041 4136 1393 4205 Septimania,
1420 4141 1533 4194 sive
1556 4134 1786 4199 Gothica

213 4219 378 4274 usque
406 4206 473 4259 ad
500 4203 888 4277 Hispaniam.)
925 4207 993 4277 Et
1017 4203 1235 4277 quidem
1260 4209 1312 4262 in
1343 4218 1584 4264 veterum
1612 4212 1785 4266 Fran-

215 4274 808 4350 corum‘monumcntis
836 4274 1219 4350 Catina—saepe
1252 4290 1601 4350 memoratur,
1643 4281 1787 4350 quod

214 4344 265 4398 in
293 4360 354 4399 ea
392 4344 692 4400 Galliarum
722 4354 876 4414 parte
901 4345 1028 4400 olim
1063 4344 1224 4401 Gothi
1255 4347 1476 4402 fuerunt
1500 4344 1782 4405 dominati.

286 4428 312 4455 ι
340 4414 730 4487 Suberattunc
759 4423 809 4469 et
841 4414 1091 4487 Corduba,
1114 4416 1430 4482 Saracenis,
1474 4418 1654 4487 ibique
1693 4422 1789 4474 do-

216 4486 520 4541 minabatur
569 4485 785 4540 Abbaca
827 4500 951 4550 rex;
1005 4486 1099 4540 sed
1145 4487 1287 4555 quod
1326 4487 1375 4541 ei
1406 4481 1603 4542 bellum
1651 4481 1974 4555 foretDlus

218 4571 332 4609 cum
374 4555 588 4626 patruis
615 4557 728 4610 suis
749 4595 764 4620 ,
795 4571 824 4609 a
850 4555 1339 4612 Barcinonensibns
1375 4558 1587 4613 tuendis
1615 4561 1783 4615 absti-

219 4641 340 4679 nere
381 4634 609 4682 coactus
651 4636 755 4681 cst.
805 4626 1101 4681 Rodericus
1143 4627 1433 4682 Toletanus
1473 4630 1526 4682 in
1579 4629 1781 4685 Ilistor.

219 4694 399 4771 Arab.,
430 4711 555 4766 cap.
598 4694 667 4750 25
700 4714 770 4771 :hr
804 4697 937 4771 _Du_tn
968 4695 1205 4771 Albacan
1235 4697 1371 4752 bella
1403 4700 1663 4771 cunrsuis
1693 4717 1786 4771 pa-

219 4766 348 4837 truis
367 4765 670 4832 exerceret,
692 4765 984 4820 Christiani
1008 4767 1361 4837 Barcinonam
1389 4765 1782 4837 acquisieru'nt,

221 4843 272 4888 et
292 4836 497 4907 Arabes
530 4837 858 4907 vastationes
889 4844 944 4889 et
977 4836 1221 4907 incendia
1248 4845 1373 4891 sunt
1393 4836 1654 4907 perpessi.
1688 4860 1707 4891 ι

288 4906 315 4945 δ
343 4901 407 4961 Et
436 4906 655 4978 quidem
687 4922 853 4973 nuper
878 4906 1198 4978 contigerat,
1230 4916 1288 4959 ut
1313 4901 1534 4978 Carolus
1565 4908 1787 4978 Magnus

223 4972 586 5045 Romano—rum
604 4972 891 5045 imperator
908 4972 1327 5045 renuntiaretur,
1352 4977 1455 5031 hoc
1474 4988 1556 5031 est
1573 4972 1786 5032 die'Na-

222 5044 342 5101 talis
386 5045 601 5101 Domini
647 5044 787 5100 anno
829 5044 933 5100 800
979 5062 1086 5116 quo
1124 5045 1538 5100 Barcinonensis
1579 5047 1788 5101 obsidio

224 5118 565 5185 perdurabat,
614 5125 667 5169 et
696 5115 748 5168 in
780 5130 977 5169 annum
1006 5115 1334 5185 'sequentem
1376 5124 1459 5169 est
1487 5125 1784 5185 protracta.

292 5196 314 5223 ο
364 5184 593 5241 Difﬁcile
624 5187 877 5240 ostendas
912 5185 1264 5240 Barcinonem
1294 5200 1326 5239 a
1370 5184 1627 5241 Romanis
1655 5202 1789 5241 con-

226 5252 407 5310 ditam.
449 5256 564 5310 lmo
590 5256 657 5310 ab
681 5255 919 5309 Ausonio
943 5256 1242 5325 appellatur
1276 5252 1484 5309 Punica
1521 5256 1787 5310 Barcino:

228 5338 342 5391 quae
374 5326 540 5381 verba
578 5325 1089 5394 Carthaginensibus
1127 5325 1307 5394 potius
1341 5325 1481 5394 illius
1521 5326 1788 5394 originem

230 5395 460 5463 tribuere
486 5396 753 5449 videntur.
784 5393 1059 5449 Coloniam
1087 5393 1301 5463 quidem
1328 5393 1452 5449 illuc
1472 5409 1504 5446 a
1532 5393 1791 5449 Romanis

232 5455 512 5521 deductam
556 5464 743 5529 fuisse,
782 5474 936 5519 extra
981 5455 1403 5519 controversiam
1442 5473 1543 5518 est.
1586 5464 1793 5519 Plinius

233 5530 320 5587 lib.
366 5552 448 5599 nl,
500 5550 617 5605 cap.
662 5537 737 5590 ὃς
774 5553 793 5585 ι
846 5535 902 5588 In
948 5549 1043 5605 ora
1089 5536 1255 5589 maris
1295 5533 1501 5605 colonia
1538 5533 1786 5605 Barcino,

233 5603 856 5674 epgmmine'Faventia.
905 5624 925 5657 ι
974 5604 1034 5658 Id
1068 5618 1282 5674 quoque
1333 5618 1431 5658 nos
1473 5604 1669 5657 docent
1704 5603 1792 5673 la,-

236 5672 380 5745 pides
404 5676 578 5730 adhuc
604 5676 935 5745 superstites.

302 5742 326 5780 ἀ
362 5744 598 5801 Francos
624 5741 845 5815 populos
878 5761 984 5801 non
1011 5743 1153 5800 aliud
1190 5741 1495 5816 significare
1524 5757 1684 5814 quam
1727 5741 1790 5798 li-

1067 327 1155 382 θη
1188 325 1419 383 REBUS
1455 326 1702 386 GESTIS
1741 328 2063 387 LUDOVICI
2104 331 2208 387 PII.
2246 364 2314 373 —
2352 332 2479 388 LIB.
2520 335 2561 389 I.

3337 337 3445 394 583

1792 448 1846 509 Α
1871 443 2058 503 Nonne
2080 455 2242 517 putas
2261 447 2441 501 subito
2465 448 2563 501 has
2590 456 2835 503 evertere
2868 447 3108 505 funditus
3134 451 3295 518 aedes,

1944 538 2091 605 Quas
2124 537 2424 592 Romanum
2453 537 2608 593 annis
2635 537 2780 591 mille
2798 539 3008 609 peregit
3033 542 3212 610 opus?

1870 626 2097 698 Aufuge,
2114 627 2322 681 France
2342 626 2514 692 ferox,
2543 637 2596 682 te
2620 629 2928 698 aspectibus
2949 628 3203 687 abstrahe
3215 634 3439 703 nostris,

1941 716 2052 773 Nec
2076 718 2192 773 visu
2215 716 2410 782 facilis,
2438 732 2539 774 nec
2562 726 2650 773 tua
2664 716 2816 786 jussa
2837 718 3073 789 placent.

1870 809 2126 865 Reddidit
2151 827 2183 866 e
2207 818 2397 866 contra
2425 825 2531 865 non
2550 810 2732 864 verbis
2747 809 2892 865 dicta
2916 810 3164 867 nefandis

1940 896 2268 955 IIilthiberth
2307 916 2321 953 :
2359 915 2546 955 arcum
2570 899 2792 968 corripit
2817 914 2945 955 ecce
2972 916 3156 955 manu.

1870 987 2112 1057 Denique
2138 988 2393 1044 clamanti
2418 996 2605 1045 contra
2628 989 2778 1043 stetit
2798 990 2950 1044 ocius
2973 990 3139 1055 hosti,

1940 1079 2149 1134 Cornea
2184 1079 2388 1148 plectra
2418 1086 2627 1144 tenens,
2651 1086 2707 1133 et
2731 1080 2926 1145 trahit,
2958 1090 3121 1150 atque
3146 1081 3331 1153 plicat.

1869 1170 2003 1227 Acta
2041 1170 2235 1241 sagitta
2257 1171 2446 1226 volans
2464 1172 2692 1227 cerebro
2714 1186 2773 1227 se
2796 1174 3027 1229 contulit
3052 1183 3193 1240 atro,

1940 1261 2106 1331 Inque
2126 1277 2187 1317 os
2206 1260 2502 1316 vociferum
2532 1264 2722 1317 mersit
2743 1266 2947 1320 arundo
2968 1281 3189 1323 nocens.

1870 1354 1962 1409 Ille
1987 1355 2185 1410 cadens
2218 1370 2402 1409 muros
2440 1355 2642 1411 invitus
2672 1357 2875 1416 deserit
2909 1359 3067 1423 altos,

1943 1442 2008 1496 Et
2033 1443 2269 1497 moriens
2292 1442 2531 1499 Francos
2556 1446 2817 1515 sanguine
2854 1445 3024 1502 foedat
3055 1457 3194 1506 atro.

1872 1530 2147 1587 Clamores
2178 1526 2368 1586 tollunt
2393 1531 2594 1588 laetanti
2623 1542 2838 1604 pectore
2858 1536 3049 1591 Franci
3073 1555 3088 1603 ;

1944 1620 1986 1675 Ε
2011 1629 2197 1676 contra
2222 1622 2434 1678 Mauros
2462 1622 2619 1677 ﬂetus
2642 1624 2806 1679 habet
2823 1626 3075 1695 miseros.

1874 1711 2012 1765 Tum
2038 1713 2173 1766 varii
2195 1714 2379 1767 varios
2412 1715 2704 1770 demittunt
2729 1716 2934 1772 funeris
2956 1717 3100 1774 Orco
3135 1738 3149 1773 :

1798 1794 1846 1852 Β
1943 1802 2196 1856 Wilhelm
2235 1803 2559 1870 IIabirudar,
2589 1814 2646 1859 at
2673 1805 3007 1864 Liuthardus
3038 1810 3186 1865 Uriz.

1872 1890 2085 1945 Lancea
2116 1892 2426 1957 Zabirizun,
2461 1893 2662 1949 ferrum
2694 1896 2837 1952 forat
2860 1899 3021 1954 actile
3045 1900 3306 1969 Uzacum,

1941 1982 2126 2037 Funda
2163 1983 2291 2037 ferit
2319 1984 2561 2051 Colizan,
2585 2002 2713 2042 acer
2737 1999 2761 2026 θ
2786 1988 2994 2043 arundo
3023 1989 3227 2045 Gozan.

1872 2071 1988 2126 Non
2013 2072 2171 2126 aliter
2198 2073 2340 2128 bello
2359 2085 2611 2143 poterant
2637 2076 2894 2132 accedere
2916 2078 3138 2143 Franci,

1945 2165 2049 2219 Sed
2075 2180 2219 2219 nunc
2244 2167 2559 2232 missilibus,
2588 2184 2733 2224 nunc
2754 2184 2970 2238 quoque
2995 2170 3309 2226 fundibnlis.

1872 2253 2120 2311 Jusserat
2149 2270 2275 2311 acer
2298 2257 2379 2312 eis
2407 2256 2595 2312 Zadun
2623 2273 2724 2314 nec
2747 2261 2971 2316 credere
2999 2261 3161 2327 bello,

1947 2346 2057 2400 Nec
2086 2348 2282 2402 castris
2311 2348 2511 2403 vellent
2538 2347 2675 2404 forte
2705 2348 2911 2406 referre
2928 2353 3142 2421 pedem.

1875 2436 2002 2492 Ilzec
2027 2453 2242 2508 quoque
2264 2439 2347 2494 bis
2376 2439 2544 2495 denos
2575 2455 2664 2494 res
2689 2456 2787 2510 per
2810 2443 3083 2496 contraria
3110 2442 3252 2499 soles
3279 2441 3299 2482 ί

1945 2530 2179 2594 Accidit,
2206 2540 2432 2586 eventus
2452 2532 2680 2586 contulit
2707 2533 2759 2586 in
2789 2534 2986 2587 varias.

1877 2617 2126 2675 Machina
2147 2620 2292 2675 nulla
2321 2621 2461 2676 valet
2490 2637 2766 2676 murorum
2802 2621 3054 2694 frangere
3075 2633 3256 2693 postes
3283 2642 3297 2679 :

1944 2710 2156 2765 Invenit
2183 2712 2325 2766 haud
2355 2711 2560 2766 aditum
2593 2712 2764 2767 hostis
2792 2714 2845 2768 in
2868 2714 3111 2770 insidias.

1878 2802 1994 2856 Non
2030 2812 2206 2857 tamen
2237 2818 2269 2856 a
2296 2811 2476 2872 empto
2500 2812 2679 2858 cessat
2705 2805 3008 2860 certamine
3036 2806 3258 2872 bellum,

1950 2893 2089 2959 Quin
2116 2892 2256 2947 muri
2278 2893 2475 2949 crebro
2496 2893 2652 2948 obice
2674 2893 2910 2949 claustra
2945 2902 3106 2949 terat.

1877 2983 2089 3039 Interea
2112 2983 2328 3039 soboles
2349 2982 2527 3038 Caroli
2560 2983 2819 3053 praeclara
2842 2984 3079 3054 potentis

1951 3073 2177 3143 Sceptra
2202 3088 2364 3127 manu
2394 3081 2611 3143 gestans
2637 3073 2678 3126 it
2705 3074 2998 3129 comitante
3027 3075 3213 3140 choro,

1882 3164 2244 3231 Hortaturque
2272 3162 2461 3226 duees,
2488 3161 2739 3217 hortatur
2761 3163 2864 3218 rite
2884 3175 3154 3229 catervas,

1949 3253 2017 3308 Et
2040 3253 2220 3324 patrio
2249 3267 2401 3307 more
2430 3251 2619 3307 Martis
2645 3252 2699 3307 in
2726 3268 2877 3308 arma
2907 3264 3087 3309 vocat.

1880 3344 2097 3400 Credite
2117 3360 2261 3399 nunc
2276 3342 2525 3412 juvenes,
2552 3359 2806 3413 proceres
2822 3361 2967 3400 nunc
2991 3347 3197 3402 credite
3216 3352 3426 3419 cuncti,

1952 3436 2019 3489 Et
2040 3441 2293 3489 maneant
2319 3442 2501 3489 vestro
2525 3442 2746 3504 pectore
2772 3435 2934 3489 verba
2961 3451 3080 3491 mea
3106 3454 3121 3492 :

1882 3523 2054 3578 Antea
2083 3538 2190 3578 non
2215 3524 2373 3579 sedes
2396 3523 2628 3580 Domino
2658 3524 2927 3579 tribuente
2956 3536 3207 3595 paternas

1955 3615 2145 3670 Visere
2163 3630 2293 3670 cura
2323 3623 2526 3682 manet,
2553 3623 2646 3670 aut
2674 3631 2793 3672 mea
2822 3632 2990 3687 regna
3018 3619 3174 3687 mihi,

1884 3786 2044 3856 heros
2082 3785 2415 3856 contendunt
2431 3782 2629 3856 _multi,
2668 3792 2832 3856 atque
2861 3784 2914 3840 in
2942 3784 3133 3856 primis
3175 3786 3458 3846 Cluverius

1884 3854 1978 3912 lib.
2024 3871 2105 3921 ιιι,
2152 3870 2271 3926 cap.
2299 3854 2389 3920 20,
2418 3852 2669 3926 German.
2699 3852 2965 3926 Antiquai,
3000 3865 3161 3926 atque
3185 3857 3457 3917 Adrianus

1885 3926 2134 3980 Valesius
2185 3922 2238 3978 in
2288 3926 2477 3979 notitia
2517 3922 2812 3978 Galliarum
2846 3922 2926 3980 ‘ad
2959 3922 3147 3981 vocem
3200 3926 3453 3985 Francia.

1885 3997 2085 4052 Verum
2135 3994 2450 4065 Sigebertus
2497 3993 2904 4051 Gemblacensis
2958 3996 3012 4051 in
3062 3998 3287 4054 exordio
3345 4015 3456 4056 suae

1883 4065 2343 4148 Chronographim
2366 4066 2700 4148 haacihabet:
2733 4083 2753 4117 ι
2783 4066 3192 4148 Yalentinianus
3215 4066 3456 4148 Francos

1884 4137 2063 4191 Attica
2094 4135 2275 4205 lingua
2323 4135 2631 4207 appellavit,
2667 4136 2812 4204 quod
2838 4136 3037 4207 Latina?
3074 4136 3253 4207 lingua
3290 4138 3460 4207 inter-

1925 4213 2133 4260 retatur
2155 4204 2369 4273 feroces.
2420 4224 2436 4255 ι
2475 4204 2673 4258 Eadem
2697 4206 2791 4258 est
2810 4206 3075 4259 sententia
3114 4204 3459 4262 PauliEmi-

1909 4276 1967 4338 ii,
1990 4285 2153 4345 atque
2173 4273 2933 4345 anonymigErphesfordcnsis
2954 4273 3008 4327 in
3037 4273 3271 4345 Collect.‘
3286 4275 3459 4330 Pisto-

1888 4344 1977 4400 rii.
2008 4344 2207 4399 Contra
2237 4343 2377 4397 idem
2413 4343 2695 4397 Cluverius
2715 4357 2812 4410 pro
2836 4357 2933 4396 suo
2963 4359 3112 4398 more
3148 4344 3202 4397 in
3225 4343 3454 4401 aliorum

1890 4414 2240 4483 castigatione
2266 4411 2565 4483 impavidus
2600 4412 2831 4466 clamat:
2864 4430 2881 4461 ι
2918 4411 3290 4469 Deliraverunt
3316 4416 3457 4470 Pau~

2003 4432 2021 4467 ,ι
2064 4430 2240 4467 auone
2266 4430 2565 4483 impavidus
2600 4430 2831 4466 Clamat:
2864 4430 2881 4461 ι
2918 4430 3290 4469 uenraverunt
3318 4430 3455 4470 νωι-

2003 4430 2278 4546 iniibus,
2319 4491 2377 4553 et
2399 4481 2743 4553 Sigebertus,
2773 4492 2827 4536 et
2855 4483 3160 4552 quicunque
3196 4501 3317 4539 cum
3350 4487 3455 4552 his,

1887 4554 1973 4609 vel
2019 4569 2086 4608 ex
2137 4554 2327 4607 horum
2355 4551 2621 4605 lide‘talia
2650 4553 3017 4620 prodiderunt.
3066 4551 3086 4605 ὁ
3118 4554 3263 4607 Bona
3293 4551 3458 4612 verba

1886 4623 2125 4681 Cluveri.
2141 4622 2213 4678 Ut
2235 4631 2296 4677 ut
2317 4621 2728 4677 Valentinianus
2754 4622 2878 4676 hinc
2894 4623 3259 4689 sitarcendus,
3274 4639 3339 4679 en
3360 4627 3459 4681 tibi

1886 4693 2311 4766 vetustissimum
2355 4701 2570 4766 testem,
2608 4690 2821 4766 vel‘sub
2853 4692 3124 4766 Ludovico
3153 4692 3247 4750 Pio
3274 4696 3459 4766 Angu-

1887 4773 1972 4820 sto
1995 4764 2162 4818 fuisse
2188 4762 2654 4833 vulgo_creditum,
2685 4757 2923 4817 Francos
2958 4782 2991 4817 a
3017 4764 3223 4833 feritate
3246 4782 3342 4819 sua
3361 4757 3462 4819 no-

1885 4852 2003 4888 men
2027 4830 2320 4903 accepisse.
2352 4830 2430 4903 Illi
2456 4833 2640 4903 utique
2683 4832 2896 4897 melius,
2940 4830 3102 4903 quam
3150 4834 3459 4891 recentibus

1886 4901 2172 4975 perspecta
2200 4911 2319 4957 erat
2342 4901 2680 4956 Germanicae
2706 4916 2895 4956 eorum
2929 4901 3232 4973 temporum
3260 4903 3456 4973 lingua:

1887 4991 1986 5029 VIS.

1962 5055 1985 5082 ε
2033 5040 2279 5097 Secunda
2326 5056 2489 5095 manu
2536 5040 2775 5097 additum
2816 5040 2933 5096 loco
2971 5042 3172 5111 prioris
3213 5039 3459 5096 vocabuli

1888 5126 2050 5166 erasa

1964 5181 1982 5220 ί
2024 5181 2080 5235 Id
2092 5189 2184 5259 test
2209 5179 2397 5259 viginti
2424 5178 2533 5233 dies
2556 5194 2573 5231 :
2603 5180 2674 5234 ita
2694 5182 2836 5235 enim
2857 5181 3007 5259 loqui
3030 5178 3203 5249 poetis
3222 5177 3461 5259 antiquis

1889 5252 1943 5307 in
1967 5268 2064 5305 usu
2085 5251 2203 5306 luit.
2242 5251 2566 5319 Tcmperare
2594 5260 2770 5304 tamen
2799 5252 2930 5304 mihi
2955 5266 3057 5303 non
3087 5262 3301 5317 possum
3322 5251 3459 5319 quin

1889 5322 2130 5399 suspicer
2168 5317 2430 5399 Nigellum
2468 5334 2566 5390 pro
2588 5320 2784 5399 solibus
2808 5319 3037 5399 voluisse
3060 5332 3267 5399 ‘menses
3291 5317 3458 5399 signi-

1890 5386 2081 5455 ﬁcare;
2112 5392 2187 5445 uti
2212 5386 2353 5446 enim
2382 5386 2713 5445 Francorum
2736 5389 2970 5443 Annales
2992 5388 3209 5452 habent,
3240 5388 3293 5442 in
3317 5386 3459 5442 bien-

1891 5464 2037 5516 nium
2081 5471 2360 5532 protracta
2400 5469 2480 5515 est
2513 5458 3200 5532 Βίηςἰ-ημοιιρηεῑεηοίξδίἀὶο;
3252 5465 3313 5532 et
3341 5472 3461 5532 quae

1889 5528 2190 5602 sequuntur
2217 5534 2349 5587 satis
2370 5528 2879 5602 innuere‘videntur
2908 5528 2995 5583 diu
3013 5528 3130 5602 jam
3152 5528 3458 5602 perstitisse

1890 5597 2132 5657 Francos
2179 5603 2232 5657 in
2281 5601 2471 5655 eadem
2511 5597 2814 5665 obsidione,
2862 5613 2983 5653 cum
3018 5597 3323 5655 LudOvicus
3362 5614 3457 5654 rex

1889 5688 2146 5742 proceres
2171 5681 2253 5728 est
2278 5670 2560 5725 allocutus.
