4022 6438
515 321 624 384 5K3

1813 311 2118 370 ERMOLDI
2154 308 2426 368 NIGELLI

3665 301 3787 358 58L

520 438 694 508 Quam
725 438 839 493 haec
863 435 1012 500 urbs,
1042 430 1378 504 populusque
1405 445 1536 486 suus
1557 427 1808 498 belloque
1833 425 2082 496 fameque
2108 425 2161 484 Α
2254 421 2406 476 Haud
2436 419 2634 484 timidi,
2665 417 2884 482 fratres,
2911 418 3018 473 huc
3041 431 3142 488 ego
3173 417 3298 473 dum
3325 419 3570 474 redeam.

593 531 780 586 Victus
803 536 894 582 eat
925 525 1144 595 supplex
1171 524 1238 577 ad
1264 537 1380 577 mea
1400 522 1524 592 jura
1550 521 1711 574 celer.

522 621 678 677 Tunc
704 621 897 674 iterum
927 617 1144 686 quidam
1176 615 1459 684 spargebat
1483 613 1534 665 in
1561 612 1758 664 :ethera
1789 622 1977 674 voces;

591 712 730 766 Tuta
761 695 944 765 tenens
966 708 1126 771 muri,
1157 706 1361 760 ludicra
1389 704 1528 758 dicta
1554 702 1733 755 dabat.

520 805 747 868 France,
778 802 904 872 quid
929 800 1166 855 insanis?
1196 813 1294 853 cur
1321 796 1516 851 moenia
1541 801 1725 849 nostra
1756 791 2018 847 lacessis?

593 897 720 950 llazc
744 895 873 950 urbs
899 908 1006 948 non
1030 889 1229 962 poterit
1258 887 1532 956 ingeniose
1561 885 1698 954 capi.

522 987 690 1042 Nobis
711 1000 833 1041 esea
857 985 1009 1048 satis,
1037 995 1253 1044 carnes,
1281 993 1375 1033 seu
1402 976 1592 1030 mellea
1625 977 1762 1030 dona

594 1077 738 1132 Urbe
761 1082 1010 1139 manent;
1042 1071 1194 1127 vobis
1221 1077 1305 1124 est
1333 1081 1547 1138 quoque
1575 1066 1691 1120 dira
1719 1064 1910 1118 fames.
1947 1103 1958 1108 -

522 1168 776 1225 Reddidit
797 1183 828 1222 e
853 1174 1039 1221 contra
1066 1163 1246 1218 verbis
1273 1159 1543 1216 contraria
1569 1157 1734 1212 verba

596 1256 853 1319 Vilhelm;
885 1255 1177 1325 dedignans
1206 1251 1332 1305 talia
1360 1263 1492 1303 voce
1517 1246 1674 1300 tulit:

520 1347 776 1416 Concipe,
807 1345 1008 1410 Maure,
1037 1357 1250 1413 precor,
1276 1339 1419 1395 haud
1448 1337 1627 1392 mollia
1666 1334 1809 1390 dicta
1833 1333 2083 1402 superbe,

591 1435 700 1490 Nec
727 1435 992 1505 placitura
1017 1433 1136 1496 tibi,
1172 1444 1409 1499 veraque
1437 1427 1598 1482 credo
1627 1425 1776 1479 satis.

518 1524 708 1580 Cernis
730 1539 927 1594 equum
958 1521 1183 1576 maculis
1209 1519 1481 1587 variisque
1513 1515 1782 1572 coloribus
1810 1524 2014 1583 aptumt

589 1613 708 1680 Quo
735 1615 921 1678 vehor,
951 1611 1234 1666 intendens
1262 1607 1462 1664 muenia
1485 1614 1664 1661 vestra
1686 1603 1894 1673 procul.

517 1708 658 1761 Ante
687 1707 935 1776 equidem
957 1703 1159 1758 nostris
1189 1701 1422 1772 indignis
1443 1699 1710 1754 morsibus
1735 1697 1874 1752 escis

588 1796 826 1861 Occidet,
855 1803 910 1848 et
938 1801 1122 1849 nostro
1143 1793 1302 1847 dente
1327 1789 1576 1844 terendus
1603 1788 1728 1852 erit,

518 1888 710 1943 Vestra
732 1895 910 1942 vetata
930 1887 1091 1940 nimis
1115 1899 1274 1954 quam
1305 1883 1523 1946 maznia,
1557 1889 1742 1935 nostra
1768 1885 1983 1933 caterva

589 1982 813 2036 Deserat
838 1998 852 2033 :
882 1979 1027 2034 haud
1055 1992 1293 2046 unquam
1318 1975 1501 2044 praelia
1530 1981 1706 2042 empta
1733 1972 1948 2026 cadent.

518 2077 568 2131 Is
590 2077 741 2146 nigra
772 2091 896 2130 mox
925 2075 1096 2145 nigris
1123 2072 1395 2144 percussit
1420 2078 1639 2139 pectora
1663 2065 1860 2136 pugnis

588 2165 696 2221 Ora
720 2167 874 2220 uncis
898 2163 1107 2219 foedans
1128 2161 1396 2232 unguibus
1423 2168 1542 2212 atra
1571 2158 1772 2220 miser;

520 2261 589 2315 Et
615 2260 760 2315 cadit
787 2259 840 2314 in
870 2257 1058 2313 faciem
1085 2255 1368 2327 perculsus
1397 2254 1560 2310 corda
1598 2265 1818 2322 pavore,

591 2351 777 2406 Infelix
801 2352 1022 2420 pulsans
1050 2349 1275 2404 vocibus
1295 2347 1465 2402 aethra
1489 2345 1617 2414 poli.

521 2443 820 2497 Deseruere
852 2455 1006 2495 arces
1038 2438 1192 2504 socii,
1221 2451 1524 2506 magnoque
1556 2441 1776 2504 stupore

591 2531 855 2586 Mirantur
886 2529 1147 2593 Francos,
1171 2527 1440 2594 verbaque
1474 2525 1609 2578 dura
1639 2523 1824 2577 nimis.

519 2622 667 2677 Zado
688 2636 785 2691 per
815 2621 1105 2674 immensos
1131 2617 1300 2672 currit
1325 2613 1649 2669 furibundus
1679 2625 1904 2668 acervos
1928 2626 1942 2664 ε

593 2715 710 2781 Quo
736 2712 918 2783 fugitis
939 2712 1105 2776 cives,
1133 2724 1308 2780 quove
1336 2708 1532 2762 tenetis
1561 2707 1704 2761 iter?

521 2804 686 2867 Zado,
711 2803 806 2855 tibi
835 2801 1027 2854 Franci
1059 2801 1176 2854 hate
1202 2814 1346 2852 nunc
1369 2813 1627 2867 responsa
1654 2795 1935 2850 remittunt
1960 2810 1972 2848 :

593 2890 714 2946 Stat
739 2888 997 2959 placitura
1026 2899 1053 2928 ι
1090 2887 1268 2952 modo,
1293 2902 1415 2956 qua:
1449 2895 1629 2939 tamen
1661 2892 1787 2937 ante
1822 2897 1972 2952 cape.

520 2981 662 3037 Ante
688 2996 813 3036 suos
839 2979 1096 3034 mandent
1118 2980 1381 3049 probroso
1401 2979 1564 3032 dente
1594 2976 1851 3037 caballos,

591 3071 761 3138 Quam
789 3078 876 3124 tua
907 3079 1086 3124 castra
1113 3084 1348 3139 unquam
1379 3068 1684 3122 deseruisse
1711 3065 1912 3120 volent.

522 3161 568 3218 0
605 3163 786 3217 miseri
815 3163 958 3216 cives
981 3159 1094 3228 jam
1119 3161 1318 3214 dudum
1348 3161 1463 3214 haec
1489 3173 1589 3229 ego
1615 3157 1768 3212 vobis

594 3251 843 3313 Praedixi,
870 3267 994 3306 cum
1025 3251 1147 3318 quis
1171 3251 1352 3320 praslia
1383 3251 1590 3319 agenda
1609 3248 1813 3302 forent.

523 3342 676 3397 Nunc
702 3357 914 3412 quoque
939 3341 1219 3396 consilium
1246 3339 1604 3410 quodcunque
1630 3345 1714 3393 est
1747 3335 1878 3390 utile
1902 3334 2055 3390 vobis

602 3434 794 3497 Dicite,
822 3448 928 3503 quo
954 3433 1159 3487 valeam
1185 3441 1376 3486 czetera
1399 3432 1678 3500 perlicere.

527 3522 771 3592 Undique
793 3537 1026 3591 namque
1055 3523 1204 3576 vides
1225 3521 1491 3576 densatim
1518 3533 1766 3590 rumpere
1787 3533 1992 3584 muros,

593 3614 767 3682 Atque
791 3621 910 3668 tuos
945 3614 1088 3668 ferro
1111 3613 1442 3668 dilacerante
1473 3614 1628 3668 mori.

525 3705 769 3760 Cordoba
793 3705 934 3759 nulla
966 3706 1060 3760 tibi
1092 3706 1356 3775 promissa
1378 3703 1652 3772 juvamina
1680 3705 1879 3771 mittit;

599 3794 843 3862 Undique
870 3795 1149 3848 turbamur
1175 3794 1362 3859 Marte,
1393 3793 1658 3862 fameque,
1687 3795 1797 3848 siti.

527 3883 663 3951 Quid
688 3885 798 3953 jam
829 3893 999 3938 restat
1025 3886 1190 3949 enim,
1218 3885 1321 3938 nisi
1347 3885 1570 3939 Francis
1596 3900 1728 3953 pace
1754 3885 2008 3954 petenda,

601 3973 878 4027 Mittantur
905 3970 1076 4038 missi,
1107 3975 1197 4042 qui
1231 3975 1533 4029 celeranter
1556 3976 1716 4028 eant?

526 4063 619 4117 Ille
644 4063 858 4132 quidem
885 4063 1139 4119 frendens
1166 4074 1368 4120 vestem
1397 4068 1725 4131 conscindit,
1749 4077 1803 4121 et
1833 4075 1980 4124 atros

602 4154 895 4224 Disrumpit
919 4154 1117 4221 crines,
1150 4155 1510 4225 dilaceratque
1537 4156 1740 4213 oculos.

527 4244 594 4298 Et
619 4245 860 4313 sequitur
887 4246 1089 4311 verbis,
1116 4246 1418 4316 iterumque
1447 4247 1750 4318 iterumque
1776 4249 2002 4320 profana

599 4336 841 4392 Corduba
868 4351 998 4392 voce
1023 4346 1198 4404 vocat,
1237 4338 1641 4410 illacrymatque
1668 4343 1778 4396 diu.

529 4425 574 4481 Ο
601 4426 768 4480 Mauri
799 4413 1025 4492 celeres,
1052 4443 1158 4496 quo
1187 4445 1328 4484 nunc
1355 4431 1542 4485 fiducia
1569 4435 1768 4487 cessit?

601 4516 837 4570 Promite
861 4532 1002 4570 nunc
1023 4519 1185 4584 vires,
1216 4535 1358 4574 nunc
1380 4521 1566 4576 solitas
1587 4522 1739 4577 socii.

534 4602 734 4667 Unum,
763 4620 860 4674 per
883 4606 928 4659 si
957 4607 1086 4674 quid
1114 4609 1282 4662 nostri
1303 4609 1414 4677 jam
1445 4627 1572 4666 cura
1604 4614 1886 4680 remansit,

602 4698 868 4768 Deprecor
900 4717 912 4752 :
947 4700 1047 4755 hoc
1073 4717 1179 4756 uno
1209 4719 1430 4759 munere
1452 4705 1604 4759 lzetus
1629 4721 1743 4760 ero.

533 4795 647 4860 Ipse
678 4803 775 4860 ego
804 4793 1082 4861 conspexi,
1114 4810 1267 4849 muro
1297 4812 1400 4864 qua
1431 4806 1605 4851 castra
1636 4798 1920 4852 remittunt

606 4883 778 4937 Densa
804 4881 999 4945 locum,
1026 4896 1275 4941 constant
1297 4903 1527 4956 raraque
1558 4888 1775 4943 linteola
1805 4889 1856 4944 ι).

535 4973 616 5027 Me
645 4982 834 5042 potero
857 4974 1080 5029 insidias
1110 4976 1304 5030 illresus
1334 4980 1472 5031 ferre
1499 4994 1594 5048 per
1621 4980 1772 5034 illas:

606 5062 738 5116 Fors
768 5073 789 5100 ε
824 5063 954 5116 socii
987 5073 1111 5117 nota
1139 5079 1356 5119 currere
1386 5067 1452 5120 ad
1477 5069 1700 5122 auxilia.

536 5149 644 5204 Vos
671 5160 875 5205 tantum
899 5161 1083 5221 portas
1105 5169 1316 5208 summo
1339 5164 1548 5211 servate
1580 5157 1782 5224 labore,

611 5293 637 5360 ξι
676 5282 812 5360 _I_\'um
842 5295 922 5338 sat
947 5284 1236 5360 placitum?
1281 5287 1556 5360 anApotius
1584 5297 1723 5342 stant
1761 5289 2058 5360 placitum?

608 5351 638 5391 δ
674 5352 873 5409 Sensus
899 5351 979 5408 est
1024 5372 1037 5408 :
1079 5355 1252 5409 locum
1281 5351 1656 5422 animadverti,
1689 5351 1778 5414 ubi
1826 5378 1947 5415 rara
1975 5372 2102 5418 sunt

537 5421 769 5498 hostium
801 5425 1044 5498 tentoria.
1077 5433 1237 5496 atque
1263 5427 1440 5481 aditus
1465 5436 1629 5496 patet,
1663 5445 1758 5498 per
1782 5447 1939 5498 quem
1969 5448 2099 5486 eva-

540 5491 667 5545 dere
692 5507 785 5564 per
802 5495 990 5564 hostes
1015 5491 1234 5564 possim.

613 5571 634 5598 ε
677 5563 752 5616 Ac
793 5562 1174 5619 fortasse—mihi
1224 5565 1405 5621 licebit
1440 5569 1507 5621 ad
1551 5567 1949 5623 Cordubensem
1981 5568 2100 5624 Sul-

543 5637 726 5708 tantum
753 5644 1056 5708 penetrare,
1087 5637 1307 5706 ejusque
1336 5638 1626 5708 impetrare
1651 5638 1918 5708 praisidia.

612 5699 638 5737 ἀ
680 5699 875 5759 Eadem
918 5707 1078 5759 tradit
1107 5699 1292 5760 auctor
1323 5699 1451 5762 Vitfe
1482 5699 1732 5762 Ludovici
1765 5707 1840 5762 Pii
1869 5708 1952 5763 bis
1981 5723 2098 5762 vero

2197 511 2350 565 Nulla
2379 511 2594 581 quidem
2617 509 2830 564 fortuna
2852 524 3006 564 arces
3026 525 3124 564 vos
3144 508 3388 578 linquere
3414 520 3601 581 cogat,

2261 595 2376 655 Nec
2396 600 2601 670 campis
2627 599 2817 654 hortor
2848 611 3076 670 pergere
3097 598 3152 652 in
3182 613 3334 652 arma
3364 597 3528 654 foras.

2191 691 2353 746 Multa
2375 693 2538 747 etiam
2566 691 2820 746 mandata
2847 691 2962 745 suis
2982 691 3117 745 dans
3143 690 3310 745 cessit
3337 690 3405 745 ab
3434 692 3591 758 urbe,

2259 783 2327 837 Et
2353 783 2570 838 latitans
2599 782 2784 836 furtim
2813 782 3055 851 praeterit
3079 790 3272 852 agmen
3291 797 3482 836 ovans.

2189 871 2414 943 Jamque
2437 874 2650 928 tenebat
2671 873 2774 928 iter
2796 872 3038 943 perlaeta
3065 874 3278 928 silentia
3303 875 3515 929 noctis:

2258 963 2449 1018 Infelix
2470 963 2694 1018 nimium
2715 963 2966 1032 protinus
2997 963 3175 1016 hinnit
3205 978 3396 1032 equus.

2189 1049 2306 1118 Quo
2327 1050 2562 1115 clamore
2589 1058 2808 1104 movent
2833 1050 3082 1105 custodes
3113 1051 3328 1121 agmina
3356 1037 3552 1106 castris

2260 1143 2420 1198 Vocis
2448 1145 2515 1198 ad
2543 1143 2832 1208 hinnitum,
2858 1158 3092 1212 moxque
3111 1149 3413 1213 sequuntur
3440 1159 3586 1196 eum.

2187 1231 2280 1286 Ille
2307 1248 2505 1301 pavore
2529 1233 2671 1286 viam
2702 1233 2974 1302 linquens,
2999 1234 3272 1302 vertitque
3301 1233 3592 1298 cavallum,

2260 1321 2392 1377 Sese
2419 1323 2750 1392 praecipitem
2778 1324 2830 1377 in
2856 1324 3070 1394 agmina
3091 1325 3258 1379 densa
3291 1325 3457 1380 dedit.

2188 1411 2687 1482 Conspicit'invisas
2710 1413 2853 1469 haud
2883 1415 3002 1469 laeta
3029 1414 3207 1470 fronte
3229 1423 3496 1480 catervas,

2258 1509 2447 1564 Infelix
2477 1525 2578 1565 nec
2598 1510 2760 1565 habet
2787 1526 2894 1580 quo
2914 1521 3068 1566 eruat
3088 1512 3322 1584 ingenio.

2188 1599 2310 1655 Mox
2339 1602 2551 1671 capitur
2580 1601 2639 1668 ἀς
2668 1603 2861 1657 merito
2890 1603 3149 1668 vincitur,
3177 1603 3322 1658 haud
3347 1619 3523 1671 mora,
3549 1604 3691 1662 loris
3719 1623 3734 1661 ;

2261 1694 2485 1748 Ducitur
2507 1696 2576 1749 ad
2601 1697 2741 1764 regis
2770 1695 2932 1750 lintea
2972 1706 3112 1752 teeta
3143 1708 3400 1753 tremens.

2118 1779 2167 1842 B
2193 1787 2358 1843 Fama
2381 1790 2568 1844 volans
2596 1798 2761 1844 totam
2790 1792 2972 1846 turbat
3000 1791 3299 1847 terroribus
3327 1791 3532 1854 urbem,

2259 1882 2326 1935 Et
2354 1897 2535 1952 regem
2563 1891 2777 1952 captum
2812 1884 3025 1938 nuntiat
3052 1899 3148 1939 ore
3171 1899 3289 1940 suo.

2189 1972 2523 2042 Ingeminant
2549 1973 2750 2028 luctum
2780 1982 3086 2046 matresque
3104 1984 3392 2045 patresque
3405 1961 3686 2043 juvencli,

2261 2069 2372 2124 Hoc
2392 2085 2529 2140 puer
2557 2071 2806 2141 exiguus,
2833 2069 3046 2139 hocque
3073 2069 3252 2140 puella
3281 2071 3441 2142 gerit.

2191 2157 2302 2214 Nec
2333 2161 2510 2214 minor
2535 2161 2590 2214 in
2617 2161 2813 2216 castris
2844 2161 3048 2231 passim
3075 2176 3240 2216 sonus
3264 2161 3465 2216 aethera
3493 2161 3695 2233 pulsat,

2261 2251 2580 2320 Laetitiaque
2610 2251 2791 2307 fremit
2817 2252 3057 2306 unanimi
3087 2252 3335 2322 populus.

2191 2343 2402 2398 Interea
2428 2359 2534 2397 nox
2563 2352 2681 2398 atra
2707 2345 2905 2399 cadens
2933 2359 3129 2399 aurora
3161 2351 3400 2415 reportat

2258 2433 2413 2488 Alma
2442 2434 2582 2488 diem
2612 2451 2624 2487 :
2656 2433 2851 2489 Franci
2886 2435 3036 2506 regia
3066 2443 3240 2490 castra
3262 2443 3476 2506 petunt.

2193 2523 2330 2580 Tum
2353 2523 2529 2578 Caroli
2561 2524 2772 2580 soboles
2791 2533 2986 2594 pacato
3011 2534 3229 2595 pectore
3256 2526 3418 2592 fatur,

2258 2613 2434 2684 Atque
2464 2619 2575 2669 suis
2599 2614 2814 2670 famulis
2843 2617 2986 2670 dicta
3011 2618 3241 2688 benigna
3271 2615 3418 2673 dedit
3450 2633 3463 2671 :

2191 2705 2375 2760 Zadun
2404 2705 2470 2759 ad
2499 2705 2764 2775 Hispanas
2789 2707 3012 2776 cupiens
3040 2720 3330 2777 properare
3357 2718 3634 2776 catervas,

2259 2796 2532 2852 Auxilium
2557 2811 2807 2868 poscens,
2837 2813 3114 2868 armaque,
3143 2798 3257 2853 sive
3283 2814 3460 2868 pares,

2191 2886 2388 2956 Captus
2413 2888 2563 2942 adest
2589 2887 2797 2950 nolens,
2831 2887 3154 2958 vinetusque
3183 2896 3395 2944 tenetur
3423 2890 3654 2945 inermis

2258 2979 2400 3034 Ante
2423 2979 2566 3035 fores
2589 2988 2828 3044 nostros,
2855 2995 2960 3034 non
2983 2979 3080 3034 fuit
3105 2988 3228 3035 ante
3249 2981 3456 3036 oculos.

2192 3068 2302 3124 Fac
2331 3070 2592 3125 Vilhelme
2621 3085 2746 3125 suos
2774 3071 2944 3140 possit
2968 3087 3072 3141 quo
3097 3087 3323 3127 cernere
3344 3089 3555 3137 muros,

2115 3133 2160 3195 Ο
2262 3161 2330 3216 Et
2346 3160 2536 3229 jubeat
2560 3162 2714 3216 nobis
2742 3133 3240 3230 pandere-claustra
3265 3164 3430 3218 celer.

2190 3253 2301 3310 Nec
2351 3269 2504 3309 mora
2549 3269 2565 3308 :
2613 3254 2756 3310 Zado
2803 3270 3022 3309 manum
3071 3255 3313 3326 sequitur
3368 3255 3626 3326 religatus
3668 3253 3764 3310 hac

3491 3343 3692 3418 [benis,

2255 3437 2322 3492 Et
2350 3437 2534 3508 procul
2561 3452 2854 3507 expansam
2884 3439 3100 3493 sustulit
3130 3447 3247 3493 arte
3277 3451 3522 3492 manum.

2191 3527 2327 3584 Nam
2351 3529 2503 3600 prius
2533 3531 2829 3586 abscedens
2855 3532 3016 3587 sociis
3043 3529 3365 3602 praedixerat
3405 3532 3522 3602 ipse

2263 3621 2367 3676 Seu
2393 3622 2605 3677 fortuna
2637 3639 2886 3693 nequam,
2916 3640 3194 3696 prospera,
3232 3625 3347 3680 sive
3374 3626 3555 3690 cadat,

2191 3710 2389 3766 Nescio
2417 3730 2428 3763 :
2457 3713 2502 3767 si
2526 3728 2653 3768 casu
2676 3713 3008 3770 Francorum
3035 3717 3311 3772 incurrere
3337 3729 3360 3756 ε
3390 3718 3603 3781 turmis,

2266 3801 2374 3858 Vos
2399 3813 2600 3870 tamen,
2629 3813 2687 3858 ut
2714 3806 2845 3869 dixi,
2874 3814 3054 3861 castra
3083 3814 3258 3862 tenete
3283 3823 3496 3877 precor.

2195 3893 2330 3946 Tum
2363 3909 2552 3949 manus
2580 3895 2645 3949 ad
2674 3911 2860 3951 muros
2891 3897 3118 3952 tendens
3140 3898 3411 3953 vocitabat
3443 3897 3647 3954 amicos
3677 3916 3693 3953 :

2273 3985 2501 4040 Pandite
2525 3987 2638 4055 jam
2667 3989 2798 4043 socii
2825 3989 3059 4044 claustra
3087 3999 3267 4045 vetata
3299 3991 3409 4046 diu.

2194 4077 2506 4147 Ingeniosus
2537 4080 2666 4134 item
2698 4081 2894 4152 digitos
2919 4082 3198 4148 curVabat,
3223 4091 3278 4138 et
3301 4099 3509 4152 ungues

2264 4166 2487 4236 Figebat
2511 4168 2721 4238 palmis,
2746 4169 2862 4225 haec
2885 4169 3203 4226 simulanter
3226 4188 3411 4242 agens.

2196 4257 2310 4314 Hoc
2335 4268 2514 4315 autem
2551 4261 2748 4316 indicio
2776 4262 3025 4332 signabat
3047 4272 3223 4318 castra
3252 4263 3502 4327 tenenda,

2269 4350 2374 4405 Sed
2404 4360 2582 4406 tamen
2612 4353 2813 4408 invitus
2844 4351 3070 4408 Pandite
3093 4370 3224 4409 voce
3251 4365 3426 4411 vocat.

2120 4473 2175 4534 Β
2200 4439 2312 4494 IIoc
2341 4455 2468 4495 vero
2496 4457 2794 4511 agnoscens
2821 4443 3118 4499 Vilhelmus
3143 4447 3387 4500 concitus
3413 4442 3566 4500 illum

2271 4536 2543 4590 Percussit
2569 4553 2767 4607 pugno,
2803 4555 2912 4593 non
2939 4540 3259 4596 simulanter
3283 4557 3467 4611 agens.

2203 4625 2460 4682 Dentibus
2486 4627 2795 4684 infrendens
2816 4640 2996 4685 versat
3017 4631 3116 4686 sub
3140 4641 3356 4702 pectore
3378 4646 3540 4686 curas
3555 4647 3569 4660 ο

2270 4715 2492 4770 Miratur
2519 4717 2760 4773 Maurum
2790 4719 2882 4775 sed
2909 4723 3080 4792 magis
3107 4721 3398 4792 ingenium.

2204 4803 2450 4872 Credite,
2484 4808 2538 4862 ni
2580 4823 2793 4879 quoquc
2827 4812 2969 4880 regis
3007 4827 3264 4881 amorque
3307 4814 3578 4882 timorque
3621 4821 3759 4864 veta-

3580 4899 3704 4972 [ret,

2268 4985 2393 5040 Hmc
2422 4987 2538 5052 tibi,
2567 4985 2733 5052 Zado,
2763 4989 2877 5043 dies
2901 4989 3091 5043 ultima
3122 4987 3260 5043 forte
3289 4988 3448 5043 foret.

2198 5076 2412 5132 Interea
2444 5080 2626 5132 Zadnn
2658 5077 2866 5134 Franco
2894 5082 3118 5136 custode
3149 5090 3346 5144 tuetur,

2270 5169 2341 5224 At
2369 5170 2496 5224 socii
2531 5169 2549 5208 ί
2580 5169 2770 5226 ﬂentes
2789 5180 2968 5226 castra
2995 5180 3177 5226 tenere
3205 5179 3420 5240 parant.

2200 5301 2285 5356 bis
2304 5319 2348 5355 ε(
2370 5301 2550 5355 Zaddo
2572 5303 2674 5356 dux
2702 5301 3116 5356 Barcionennsis
3140 5315 3329 5355 suasus
3351 5308 3435 5354 est
3460 5315 3493 5353 a
3514 5299 3754 5369 quodam,

2201 5373 2322 5434 sibi,
2353 5379 2411 5426 ut
2437 5375 2678 5441 putabat,
2710 5374 2901 5434 amico,
2931 5372 3233 5425 Narbonem
3256 5386 3426 5441 usque
3455 5370 3753 5440 procedere.

2201 5441 2300 5508 Qui
2325 5440 2768 5511 comprehensus,
2799 5441 3065 5496 Ludovico
3094 5441 3202 5510 regi
3234 5449 3317 5494 est
3344 5440 3632 5493 adductus.
3673 5458 3688 5489 ι

2275 5523 2298 5582 ἦ
2340 5511 2643 5582 Scriberem
2669 5513 2956 5574 incurrere,
2983 5512 3122 5580 quod
3148 5525 3352 5582 sensus
3365 5511 3558 5582 poscit.
3739 5573 3749 5582 υ

2278 5580 2297 5619 ί
2339 5581 2393 5634 Id
2422 5591 2506 5636 est
2555 5582 2975 5638 Bareinonenses
3021 5581 3276 5636 Saraceni
3310 5580 3585 5635 civitatem
3630 5580 3750 5632 tueri

2201 5660 2448 5722 pergunt.
