4022 6452
183 517 351 582 Altera
374 517 503 572 luna
531 528 659 571 suos
685 511 989 586 complebat
1017 514 1073 568 in
1099 513 1289 570 ordine
1312 513 1475 580 soles,

249 615 353 670 Rex
383 608 685 678 Francique
704 607 865 663 simul
890 615 1067 663 castra
1093 616 1273 663 vetata
1299 615 1505 678 petunt.

185 706 416 766 Machina
442 704 606 758 densa
629 711 808 766 sonat,
831 701 1117 771 pulsantur
1140 709 1195 756 et
1215 701 1452 770 undique
1478 700 1638 766 muri,

256 799 390 854 Mars
416 796 562 859 furit,
589 807 713 852 ante
743 797 830 852 cui
862 812 968 850 non
995 795 1171 852 fuerat
1196 797 1408 851 similis.
1444 783 1446 785 ’

187 894 374 949 Crebra
397 892 592 962 sagitta
615 890 779 955 cadit,
811 889 860 943 vi
884 889 1044 945 funda
1074 898 1274 946 retorta
1301 889 1489 958 fatigat
1519 903 1534 940 :

250 981 360 1036 Rex
391 980 499 1050 agit
529 980 658 1034 illud
687 995 841 1050 opus,
882 979 1237 1035 accelerando
1267 979 1451 1034 duces.

185 1070 294 1126 Jam
320 1070 488 1124 Mauri
518 1070 701 1124 miseri
728 1085 826 1125 nec
847 1085 1033 1124 muros
1053 1071 1315 1126 scandere
1346 1070 1519 1124 celsos

249 1161 474 1221 Audent,
502 1177 602 1215 nec
632 1161 766 1214 turri
797 1175 1022 1216 cernere
1046 1171 1227 1216 castra
1250 1161 1451 1216 volent.

185 1251 258 1306 Ac
280 1251 422 1306 velut
449 1251 502 1304 in
525 1267 691 1322 parvo
717 1250 993 1307 volucrum
1019 1252 1132 1308 fors
1165 1253 1320 1306 turba
1349 1259 1652 1317 natantum,

250 1342 379 1397 Cum
408 1341 608 1396 residet
635 1343 882 1412 pavitans
912 1342 1132 1396 flumine
1161 1343 1257 1396 fisa
1285 1341 1446 1406 male,

184 1433 423 1502 Armiger
444 1448 572 1488 ecce
592 1431 741 1488 Iovis
769 1434 910 1488 coelo
937 1434 1218 1489 descendit
1252 1434 1320 1499 ab
1347 1433 1475 1497 alto,

250 1522 496 1576 Inventas
525 1523 728 1577 circum
761 1522 1157 1593 pervolitatque
1179 1523 1290 1578 diu.

185 1610 272 1666 Ila:
291 1621 452 1682 caput
479 1615 530 1667 in
564 1613 788 1667 fundum
813 1615 1050 1679 mittunt,
1075 1613 1424 1683 relevantque
1454 1613 1554 1668 sub
1576 1628 1756 1681 auras,

249 1705 350 1760 Ista
379 1706 517 1778 algis
540 1709 783 1773 recubat,
815 1707 904 1762 illa
933 1723 1184 1778 repressa
1205 1707 1318 1763 luto

183 1793 355 1851 Instat
370 1806 428 1852 at
454 1798 541 1852 ille
567 1814 732 1869 super
753 1798 965 1868 pennis,
999 1799 1364 1869 tremulasque
1386 1797 1616 1870 fatigat:

242 1885 371 1954 Quae
399 1896 561 1958 caput
594 1889 649 1942 in
679 1899 873 1944 ventos
901 1889 1164 1953 sublevat,
1194 1889 1282 1945 ille
1315 1890 1476 1960 rapit.

183 1973 295 2031 Non
323 1978 489 2032 aliter
515 1977 731 2033 Mauros
757 1979 976 2034 timidos
999 1978 1279 2050 fugitando
1309 1994 1407 2050 per
1428 1994 1620 2037 urbem

241 2071 556 2143 Insequitur
581 2072 788 2143 gladius
811 2073 1066 2143 undique,
1094 2087 1370 2144 morsque,
1394 2089 1580 2143 pavor.

185 2159 316 2217 Tum
343 2177 441 2217 rex
475 2163 590 2232 ipse
613 2163 737 2232 pius
765 2164 1012 2234 crispans
1044 2164 1241 2220 hastile
1269 2165 1494 2231 lacerto,

244 2252 409 2323 Inque
435 2254 629 2308 urbem
662 2256 946 2310 adversam
973 2256 1234 2326 compulit
1263 2257 1344 2311 ire
1369 2258 1530 2314 celer.

187 2340 344 2397 Hasta
368 2342 562 2397 volans
592 2344 770 2398 media
793 2346 972 2401 ventis
996 2362 1056 2402 se
1076 2347 1308 2403 contulit
1327 2349 1448 2403 urbi

253 2432 522 2489 Marmore
553 2435 795 2505 subjecto
823 2435 1005 2508 figitur
1029 2446 1149 2492 acta
1175 2439 1358 2493 nimis.

188 2524 294 2582 IIoc
317 2527 473 2598 signo
501 2527 672 2583 Mauri
697 2531 898 2586 turbati
930 2532 1096 2588 corde
1123 2547 1327 2603 pavore

251 2618 521 2674 Mirantur
546 2619 772 2687 ferrum,
795 2622 916 2692 plus
933 2622 1188 2691 jacientis
1213 2639 1369 2695 opus.

191 2707 320 2776 Quid
347 2709 630 2766 facerent?
653 2709 773 2765 Jam
799 2727 896 2766 rex
927 2713 1136 2779 aberat,
1152 2711 1268 2780 jam
1293 2729 1473 2786 pugna
1495 2714 1741 2785 tepebat;

254 2801 568 2858 Maurorum
595 2804 802 2873 primos
827 2805 1126 2860 abstulerat
1145 2805 1376 2876 gladius.

191 2891 420 2952 Tandem
447 2898 567 2969 jant
596 2898 722 2952 victi
751 2899 980 2953 nimium
1006 2899 1250 2970 belloque
1279 2899 1546 2971 fameque,

258 2988 497 3044 Consilio
528 2990 769 3044 unanimi
797 2992 1023 3046 reddere
1055 3000 1234 3046 castra
1258 2991 1460 3047 volunt.

193 3083 507 3142 Panduntur
534 3093 706 3157 portae
732 3099 781 3150 ιι,
804 3086 1105 3157 penetralia
1129 3094 1323 3141 cuncta
1349 3094 1652 3156 patescunt,

260 3177 497 3235 Servitio
531 3179 672 3252 regis
701 3179 830 3235 urbs
857 3178 1121 3240 labefacta
1143 3180 1308 3235 venit.

195 3269 442 3328 Protinus
461 3280 650 3343 optata
679 3279 1014 3335 sternuntur,
1043 3273 1186 3327 haud
1209 3288 1385 3338 mora,
1411 3273 1465 3328 in
1488 3274 1621 3330 urbe

256 3361 454 3419 Franci
485 3363 721 3420 victores
747 3364 996 3420 hostibus
1025 3364 1340 3434 imperitant
1369 3383 1380 3416 :

197 3452 492 3510 Sabbatum
518 3462 636 3511 erat
657 3469 894 3512 sacrum.
920 3469 1045 3509 cum
1069 3468 1157 3508 res
1182 3465 1268 3509 est
1299 3455 1400 3509 ista
1429 3466 1672 3524 peracta,

261 3546 491 3616 Quando
512 3549 664 3618 prius
687 3545 911 3601 Francis
933 3546 1062 3600 urbs
1083 3544 1350 3615 patefacta
1378 3545 1498 3600 fuit.

193 3636 440 3709 Namque
466 3646 726 3708 sequente
751 3638 838 3692 die
866 3636 1006 3691 festo
1038 3639 1354 3692 conscendit
1379 3638 1432 3691 in
1466 3639 1656 3693 urbem

263 3729 384 3784 Rex
407 3728 762 3800 Illudowicus.
785 3743 956 3783 ovans
980 3728 1189 3785 solvere
1210 3739 1335 3783 vota
1363 3728 1498 3784 Deo.

192 3811 583 3888 Mundavitque
609 3819 756 3874 locos
784 3819 876 3874 ubi
901 3819 1162 3874 daemonis
1193 3819 1336 3873 alma
1366 3820 1635 3886 colebant,

261 3913 332 3968 Et
356 3911 580 3968 Christo
607 3921 792 3982 grates
813 3911 1048 3966 reddidit
1076 3912 1192 3982 ipse
1221 3912 1357 3982 pias.

202 4003 395 4071 Missis,
429 4004 592 4060 dante
621 4003 753 4069 Deo,
783 4012 988 4058 remeat
1009 4003 1322 4058 custodibus
1343 4003 1501 4059 aedes‘

267 4098 347 4153 Ad
370 4097 623 4169 proprias
651 4099 826 4154 victor
846 4113 963 4163 rex,
985 4097 1324 4168 populusque
1354 4114 1504 4153 suus.

205 4188 422 4246 Ducitur
450 4191 659 4246 interea
686 4191 753 4245 ad
779 4188 1031 4245 Carolum
1059 4189 1218 4259 longo
1247 4189 1438 4243 ordine
1461 4190 1640 4259 praeda

272 4283 582 4339 Maurorum
615 4283 820 4354 spoliis,
845 4283 1269 4352 muneribusque
1296 4283 1517 4346 ducum,

209 4380 383 4438 Arma.
411 4389 468 4435 et
491 4381 694 4435 loricas.
726 4387 926 4444 vestes,
949 4377 1224 4450 galeaeque
1243 4385 1541 4442 comantes,

274 4470 507 4528 Parthus
528 4487 704 4542 equus
738 4470 1001 4540 phaleris,
1031 4486 1196 4524 aurea
1221 4469 1372 4526 frena
1403 4469 1586 4524 simul.

212 4559 239 4602 δ
276 4563 416 4620 Zado
445 4573 688 4620 tremens
717 4563 964 4630 nimium,
1007 4563 1300 4625 nolensaue
1343 4563 1582 4619 revisere
1609 4561 1785 4618 Fran-

735 4659 742 4665 '
1572 4654 1714 4730 [cos,

278 4749 453 4826 Pergit
481 4761 540 4809 et
567 4753 681 4822 ipse
707 4753 862 4824 pigro
889 4752 1454 4824 consociante'gradu.

279 4897 303 4928 ι
339 4888 398 4943 In
428 4889 762 4944 deditionem
789 4888 1046 4944 Ludovici
1079 4887 1161 4943 Pii
1201 4888 1433 4943 Barcino
1462 4889 1613 4943 venit
1641 4903 1785 4944 anno

217 4953 328 5022 80!,
377 4961 456 5014 uti
487 4959 788 5015 concordes
835 4958 1169 5014 Francorum
1221 4959 1445 5014 annales
1494 4967 1781 5014 testantur.

217 5025 398 5098 Pagius
445 5045 582 5086 vero
617 5029 824 5098 jamdiu
870 5030 1250 5084 animadvertit
1298 5030 1580 5098 deceptum
1620 5029 1788 5085 fuisse

216 5096 589 5156 Astronomum
621 5096 909 5155 auctorem
942 5100 1078 5155 Vita:
1121 5100 1382 5158 Ludovici

1456 5102 1513 5156 ii.
1544 5101 1670 5155 dum
1701 5116 1789 5156 se-

220 5169 322 5243 rius
348 5182 593 5243 ereptam
624 5171 916 5243 Saracenis
936 5173 1123 5226 urbem
1151 5173 1387 5243 scripsit.
1421 5242 1425 5243 ί
1498 5141 1513 5166 ’

284 5241 310 5280 ιι
345 5241 543 5312 Accipe
587 5243 737 5312 paria
781 5257 848 5296 ex
881 5242 1172 5314 Eginhardi
1217 5241 1536 5314 Annalibus,
1585 5260 1706 5314 quae
1736 5245 1811 5312 in.

221 5314 419 5399 caeteris
461 5311 783 5399 repetuntur
811 5327 825 5365 :
863 5331 880 5363 ‹
919 5311 1085 5399 ᾉθῑυε
1109 5313 1398 5399 prmfectus
1428 5314 1544 5384 ejus
1575 5311 1794 5399 (nempe

221 5379 547 5453 Barcinonis')
580 5392 633 5439 et
655 5383 742 5437 alii
767 5383 1073 5453 complures
1109 5379 1364 5439 Saraceni
1391 5379 1791 5453 comprehensi.

220 5450 373 5507 Zatus
395 5464 450 5509 et
480 5450 802 5510 Roshelmus
833 5450 940 5508 una
968 5454 1052 5508 die
1079 5453 1146 5508 ad
1184 5450 1528 5524 prmsentiam
1559 5456 1793 5516 impera-

225 5525 347 5579 toris
375 5527 610 5586 deducti,
639 5535 692 5579 et
719 5525 922 5580 exsilio'
941 5525 1178 5579 damnati
1214 5535 1357 5580 sunt.
1395 5546 1414 5578 ι

289 5606 309 5633 ε
354 5593 667 5651 Patriarcha
713 5596 1095 5665 Aquileiensis,
1151 5597 1233 5650 vir
1278 5599 1663 5662 sanctissimus,
1716 5598 1796 5652 uti

228 5667 517 5738 appellatur
545 5683 573 5720 a
604 5666 993 5738 Continuatore
1026 5665 1174 5720 Pauli
1212 5667 1433 5721 Diaconi
1475 5670 1616 5738 apud
1665 5667 1796 5724 Fre-

229 5735 438 5810 hcrumg.‘
463 5739 518 5792 In
551 5738 656 5810 Vit.
689 5737 1044 5810 patriar-Char.
1091 5738 1446 5810 Aquileiensis
1483 5735 1618 5810 quas
1651 5739 1795 5795 edidi

229 5814 350 5863 tom.
377 5807 439 5862 IV
471 5809 732 5864 Anecdot.
759 5807 961 5872 Latin.,
988 5823 1108 5878 pag.
1132 5807 1258 5874 240,
1289 5811 1355 5864 de
1382 5809 1471 5863 illo
1500 5807 1755 5866 scribitur
1778 5829 1791 5865 :

233 5895 252 5934 t
286 5879 364 5935 Ad
387 5880 679 5952 gloriosum
702 5878 955 5934 Carolum
986 5878 1237 5952 Magnum
1276 5879 1656 5950 imperatorem
1695 5898 1795 5953 pro

613 5977 890 6040 ΡΑτιιοι..
923 5971 1057 6051 CV,

1030 403 1122 461 DE
1160 400 1395 460 REBUS
1435 399 1684 460 GESTIS
1722 399 2039 460 LUDOVICI
2078 395 2185 456 PII.
2225 427 2296 440 ——
2330 392 2459 453 LIB.
2497 395 2538 451 I.

1765 518 1818 578 Α
1839 511 1970 586 Bigo
1992 518 2146 568 catus
2167 523 2464 580 properans
2495 503 2766 561 antevolat
2785 515 3001 574 agmen,
3031 509 3091 560 et
3116 501 3300 560 aulam

3302 384 3440 455 586'.

1914 603 2126 659 Primus
2151 601 2304 656 adest
2333 599 2533 665 Caroli,
2557 596 2746 652 nuntia
2777 595 2899 651 laeta
2930 594 3132 652 ferens.

1846 696 2011 751 Fama
2041 711 2229 750 recens
2253 703 2421 749 totam
2444 691 2786 748 commiscuit
2809 691 2962 745 ocius
2989 689 3195 758 aulam,

1917 789 2190 845 Caesareas
2221 803 2380 842 aures
2405 802 2526 841 mox
2554 784 2858 855 penetravit
2875 798 3062 839 ovans.

1849 881 1979 951 Bigo
2002 889 2225 935 vocatus
2255 880 2430 943 adest,
2460 877 2662 947 plantis
2690 877 2782 930 dat
2808 876 2958 931 basia
2991 874 3172 942 celsis,

1921 972 1985 1025 Et
2013 971 2256 1040 sequitur
2281 971 2461 1025 verbis
2485 970 2674 1024 ordine
2691 967 2842 1038 jussa
2873 969 2974 1024 sibi
3009 987 3024 1022 :

1851 1063 2018 1120 Filius
2039 1079 2164 1118 ecce
2193 1063 2282 1133 pio
2317 1062 2638 1118 transmittit
2669 1077 2888 1116 munera
2917 1062 3059 1132 patri

1923 1154 2162 1226 Augusto
2191 1153 2383 1208 Carolo
2405 1170 2495 1208 rex
2525 1153 2830 1208 Ludovicus
2855 1155 3020 1219 enim,

1854 1245 2098 1310 Munera,
2128 1261 2248 1315 quae
2273 1245 2470 1316 gladio,
2497 1255 2670 1310 scuto,
2701 1246 3027 1316 proprioque
3052 1245 3260 1302 lacerto

1928 1339 2132 1393 Extulit
2155 1355 2185 1392 a
2211 1337 2412 1393 Mauris
2440 1338 2616 1393 victor
2638 1339 2884 1394 habenda
2911 1339 3032 1394 sibi.

1858 1431 2058 1502 Regem
2092 1431 2253 1485 etiam
2280 1429 2432 1484 vobis
2454 1430 2628 1496 urbis,
2651 1446 2812 1500 quam
2834 1432 2978 1502 cepit
3007 1431 3060 1485 in
3092 1431 3282 1498 armis,

1931 1524 2098 1589 Misit,
2133 1525 2286 1579 adest
2313 1524 2498 1578 Zaduu
2523 1523 2755 1579 Caesaris
2778 1533 2903 1580 ante
2927 1524 3131 1580 oculos.

1865 1613 2030 1679 Urbs,
2057 1631 2178 1684 quae
2207 1614 2541 1671 Francorum
2566 1615 2768 1671 multos
2794 1616 3147 1686 populaverat
3168 1615 3323 1684 olim,

1934 1704 2090 1760 Victa
2116 1706 2260 1776 jacet
2285 1706 2444 1773 bello,
2470 1708 2618 1778 regia
2639 1707 2786 1776 justa
2807 1717 3016 1780 petens.

1864 1795 2005 1852 Tum
2025 1795 2251 1852 Carolus
2272 1797 2454 1853 Caesar
2478 1798 2691 1870 placido
2718 1800 2835 1856 haec
2860 1799 3029 1856 edidit
3055 1815 3174 1869 ore,

1790 1875 1838 1934 Β
1933 1885 2017 1942 Ad
2053 1886 2248 1943 coelum
2279 1889 2508 1944 tendens
2533 1889 2739 1945 lumina
2769 1905 2892 1946 cum
2920 1890 3170 1946 manibus
3194 1911 3212 1947 :

1865 1979 2052 2035 Gratia
2081 1978 2410 2036 Celsithroni
2438 1981 2730 2038 comitetur
2754 1983 2992 2038 maxime
3011 1981 3224 2052 prolem

1934 2069 2216 2138 Dilectam,
2242 2079 2460 2127 maneat
2483 2073 2659 2144 gratia
2685 2081 2869 2129 nostra
2897 2073 3023 2130 sibi.

1865 2161 2088 2219 Munere
2111 2177 2210 2234 pro
2233 2163 2328 2218 tali
2355 2178 2492 2234 quas
2519 2180 2740 2236 possum
2766 2165 2978 2222 solvere
2997 2175 3204 2238 grates,

1940 2251 2128 2308 Proles
2154 2253 2337 2324 digna,
2365 2254 2476 2310 Deo
2504 2271 2604 2326 pro
2631 2256 2842 2312 meritis
2868 2257 3146 2328 propriis?

1850 2342 1916 2400 .0
1935 2342 2148 2398 soboles
2175 2343 2438 2413 praeclara
2469 2346 2656 2412 nimis,
2684 2361 2846 2417 quam
2871 2361 3088 2418 semper
3111 2350 3307 2415 amavi,

1941 2434 2118 2491 Corde
2149 2444 2364 2502 tenens,
2385 2437 2572 2492 retulit
2598 2439 2742 2508 quod
2767 2440 3079 2510 patriarcha
3107 2441 3244 2496 mihi

1873 2526 2132 2583 Paulinus
2155 2538 2177 2568 ε
2212 2528 2504 2597 quondam.
2536 2527 2704 2584 Fama
2725 2538 2830 2595 est,
2854 2531 3167 2600 patriarcha
3190 2531 3462 2604 benignus

1948 2616 2184 2673 Venerat
2209 2619 2279 2672 ad
2301 2618 2459 2674 sedes
2488 2633 2615 2690 rege
2630 2619 2856 2690 jubente
2879 2622 3016 2691 pias.

1876 2709 2120 2782 Cumque
2144 2711 2230 2767 die
2254 2711 2486 2782 quadam
2508 2712 2738 2768 ecclesia
2775 2713 3042 2771 resideret
3065 2714 3122 2771 in
3150 2716 3315 2783 alma,

1949 2803 2230 2860 Attonitus
2259 2803 2479 2859 Christo
2510 2803 2767 2874 psalleret
2795 2805 2886 2861 ille
2909 2805 3099 2873 melos,

1789 2877 1791 2880 i
1877 2893 2133 2966 Contigit,
2165 2903 2223 2948 ut
2255 2893 2481 2950 Carolus
2503 2893 2531 2933 ά
2555 2895 2768 2950 soboles
2789 2896 3049 2966 praeclara
3071 2897 3286 2968 parenti

1949 2984 2117 3041 Oratu
2149 3000 2435 3054 procerum
2471 2995 2723 3057 pergeret
2749 2995 2940 3043 auctus
2965 3002 3088 3058 ope.

1877 3077 2034 3147 Isque
2061 3091 2211 3131 aram
2237 3091 2534 3147 properans
2555 3092 2679 3132 cum
2710 3077 3060 3147 processisset
3082 3079 3151 3134 ad
3181 3078 3353 3147 illam,

1951 3167 2070 3235 Quo
2103 3183 2258 3223 sacer
2281 3168 2511 3224 antistes
2536 3169 2720 3223 munia
2741 3169 2903 3241 digna
2931 3169 3114 3237 dabat,

1805 3250 1849 3312 C
1880 3259 2158 3326 Paulinus,
2181 3260 2302 3329 quis
2331 3268 2388 3314 at
2412 3259 2500 3314 ille
2529 3259 2689 3327 foret,
2721 3275 2845 3316 mox
2875 3260 3082 3334 flagitat
3114 3263 3279 3320 ultro.

1952 3352 2244 3407 Intendens
2276 3350 2510 3408 famulus
2539 3353 2778 3408 reddidit
2806 3370 2932 3410 orsa
2961 3366 2985 3395 ο
3007 3356 3130 3412 sibi.

1879 3443 1974 3499 Ille
1992 3453 2051 3498 ut
2073 3445 2327 3514 cognovit
2346 3444 2578 3512 primam
2600 3443 2839 3499 sobolem
2866 3445 3009 3501 hunc
3030 3446 3146 3501 fore
3166 3449 3334 3520 regis,

1951 3535 2258 3602 Conticuit;
2289 3545 2528 3606 coeptum
2557 3535 2648 3592 ille
2673 3547 2928 3608 peragrat
2953 3539 3074 3592 iter.

1883 3627 2127 3698 Denique
2157 3636 2277 3697 post
2305 3628 2542 3696 spatium
2568 3626 2829 3698 Pippinus
2859 3627 2879 3666 ί
2916 3640 3140 3686 venerat
3165 3632 3329 3689 heros

1955 3721 2356 3792 Magnanimum
2370 3721 2632 3792 juvenum
2655 3736 2776 3776 cum
2799 3723 3092 3780 comitante
3117 3724 3305 3792 choro,

1882 3815 2141 3871 Paulinus
2159 3815 2404 3869 celerans
2439 3813 2699 3870 famulum
2729 3815 3016 3885 compellat
3053 3816 3326 3884 eumdem,

1951 3909 2019 3963 Et
2053 3917 2205 3979 rogat
2236 3926 2249 3962 :
2292 3908 2381 3963 ille
2414 3908 2611 3963 iterum
2642 3923 2768 3964 vera
2799 3907 3006 3965 referre
3039 3918 3216 3980 parat.

1883 4002 2087 4058 Praesul
2127 4011 2184 4056 ut
2210 4003 2430 4072 agnovit
2450 4016 2666 4068 nomen,
2694 4003 2916 4073 regique
2941 4005 2966 4043 ε
2989 4003 3304 4070 recordans,

1944 4095 2067 4150 Mox
2089 4103 2249 4165 caput
2278 4093 2549 4150 inclinans
2578 4113 2590 4149 :
2617 4096 2789 4166 pergit
2817 4102 2874 4148 at
2903 4094 2994 4149 ille
3019 4094 3186 4150 celer.

1885 4185 2120 4241 Ultimus
2142 4200 2270 4242 ecce
2292 4185 2440 4240 venit
2473 4184 2799 4249 Ludovicus,
2827 4191 2882 4238 et
2903 4183 3056 4238 ocius
3087 4199 3242 4238 aram

1955 4277 2298 4348 Amplectens
2331 4276 2553 4346 supplex
2589 4276 2852 4330 sternitur
2879 4282 3042 4344 atque
3066 4274 3202 4330 solo.

1884 4369 2344 4439 Illacrymansque
2373 4369 2465 4421 diu
2491 4366 2744 4436 precibus
2767 4367 3027 4436 poscebat
3051 4363 3267 4436 Olympi

1961 4463 2298 4534 Regnantem
2326 4458 2628 4523 Christum,
2655 4472 2767 4528 quo
2798 4455 2900 4511 sibi
2937 4456 3104 4512 ferret
3131 4471 3310 4527 opem.

1891 4555 2004 4612 Hoc
2031 4571 2184 4612 sacer
2204 4555 2234 4594 ιι
2257 4553 2547 4624 aspiciens,
2571 4551 2702 4607 sella
2727 4566 2787 4606 se
2809 4549 3028 4606 sustulit
3053 4551 3250 4606 ardens

1811 4617 1866 4676 Β
1943 4647 2296 4718 Compellare
2318 4617 2538 4701 sacrum
2557 4659 2678 4699 cum
2701 4644 2902 4713 pietate
2921 4641 3118 4696 virum.

1893 4744 2068 4800 Antea
2093 4757 2217 4796 nam
2242 4740 2456 4811 Pippin,
2481 4736 2782 4808 Caroloque
2813 4737 3065 4802 abeunte,
3090 4737 3244 4794 sedili

1887 4878 2105 4965 imbus.
2137 4870 3479 4965 εεειεξίὲ.,ῆεξιριὶεέιάξξ,ιὶῑίξίῖεὶτίιξιεηςξες,δίηϊές

1894 4941 1996 5008 iste
2035 4950 2186 5004 mine
2230 4941 2536 5002 sanctitatis
2581 4945 2650 4997 ab
2697 4941 3025 5013 imperatore
3074 4941 3268 4998 Carolo
3304 4944 3476 5013 multa

1933 5020 2170 5089 rivilegia
2199 5016 2450 5072 obtinuit.
2489 5034 2507 5065 )
2544 5013 2620 5068 De
2649 5029 2714 5068 eo
2740 5012 2962 5084 legenda
2985 5014 3147 5068 etiam
3170 5029 3290 5083 quae
3315 5012 3478 5068 habet

1933 5090 2155 5138 lnhellns
2186 5097 2318 5138 tom.
2351 5084 2392 5138 ν
2423 5084 2542 5138 Ital.
2575 5083 2728 5138 Sacr.

1945 5084 2155 5164 gbellus
2186 5097 2318 5142 tom.
2351 5084 2392 5138 V
2423 5084 2542 5138 Ital.
2575 5084 2728 5139 Sacr.

1964 5162 1991 5202 ἀ
2031 5159 2294 5215 Videlicet
2318 5155 2496 5212 Caroli
2543 5154 2717 5226 Magni
2756 5155 2896 5211 filius
2926 5155 3342 5226 primogenitus,
3379 5153 3477 5227 qui

1895 5250 2037 5290 anno
2064 5231 2162 5286 8II
2199 5239 2322 5284 ante
2351 5238 2561 5298 patrem
2591 5243 2621 5281 e
2655 5227 2791 5282 vivis
2819 5235 3046 5298 ereptus
3067 5235 3169 5279 est.

1972 5318 1994 5345 ο
2056 5304 2133 5357 Ita
2185 5292 2399 5370 quoque
2458 5299 2607 5354 alibi.
2671 5298 2824 5370 Apud
2883 5292 3209 5370 Virgilium,
3263 5292 3358 5348 Iib.
3421 5309 3478 5349 ιι

1897 5375 2139 5437 Eneid.,
2175 5366 2415 5428 occurrit
2452 5387 2571 5425 orsa
2612 5366 2828 5438 referre,
2857 5380 2954 5435 pro
2996 5366 3156 5438 verba
3183 5372 3360 5438 coepta
3394 5380 3483 5420 re-

1896 5448 2060 5509 ferre,
2094 5435 2154 5497 ut
2185 5443 2405 5498 Servius
2433 5435 2685 5511 explicat.
2719 5437 2846 5511 Inde
2873 5435 3403 5511 nosterndesumpsit.

1975 5518 1994 5556 τ
2039 5505 2322 5588 Secundus
2345 5505 2522 5568 Caroli
2566 5509 2743 5578 Magni
2771 5506 2933 5588 filius,
2971 5505 3139 5560 Italia:
3169 5521 3287 5574 rex,
3315 5523 3480 5578 quem

1899 5606 2041 5646 anno
2069 5589 2174 5643 8l0
2205 5586 2490 5641 immatura
2523 5577 2675 5634 mors
2695 5577 2930 5632 sustulit.

1973 5665 1997 5703 δ
2039 5659 2221 5714 Potius
2249 5669 2534 5725 regemque.
2570 5649 2790 5705 Scilicet
2826 5657 3136 5725 recordatus
3177 5664 3302 5706 eum
3353 5664 3478 5706 esse

1897 5723 2064 5789 Italiae
2093 5721 2450 5799 regemfuiox
2481 5722 2530 5799 ei
2561 5729 2721 5799 caput
2750 5721 2978 5789 aperuit.

1970 5806 1999 5846 II
2035 5789 2452 5858 Provsacerdos.
2490 5789 2691 5848 Eadem
2736 5806 2867 5847 voce
2897 5793 3081 5852 multis
3111 5792 3234 5850 aliis
3260 5792 3318 5848 in
3347 5789 3484 5858 locis

1899 5877 2074 5935 utitur
2089 5878 2256 5946 poeta
2280 5874 2482 5923 noster.
