4022 6442
482 414 577 474 sai
1395 384 1405 397 '
1796 402 2102 462 ERMOLDI
2141 396 2412 461 NIGELLI
2884 371 2893 380 ’
3655 382 3761 446 sas

548 525 752 590 Altera,
780 524 875 589 ait,
906 536 1071 580 causa
1097 529 1184 579 est
1211 540 1354 581 nunc
1387 519 1691 595 peragenda
1715 518 1832 573 tibi.
2080 516 2136 579 Α
2229 511 2459 569 Caesaris
2481 509 2799 573 adventum,
2842 507 3005 563 dante
3030 504 3294 571 Tonante,
3325 502 3498 560 vides.

480 617 607 674 Haec
631 623 691 671 ut
721 625 849 671 nota
875 626 1098 672 manent
1127 627 1306 674 vestro
1333 616 1434 673 sub
1460 621 1700 686 pectore,
1727 608 1999 680 princeps,
2164 603 2277 661 Nec
2300 612 2389 657 tua
2412 601 2691 673 praeteriit,
2719 598 2959 671 Dionysi,
3000 597 3236 654 culmina
3260 604 3486 665 martyr,

551 712 781 766 Humani
817 712 1033 781 generis
1062 727 1181 767 sors
1209 720 1358 766 tenet
1385 711 1486 765 ista
1512 708 1677 762 viros.
2236 694 2372 763 Quin
2401 694 2587 749 adiens
2614 693 2827 748 tibimet
2855 699 3101 762 posceret
3134 688 3416 744 auxilium.

481 803 590 859 N08
627 792 836 869 οῐῐιέιθεν
878 802 1069 868 fateor.
1100 818 1266 874 porro
1292 797 1701 872 properabimus
1729 794 1895 867 illuc;
2167 796 2301 850 Hinc
2327 794 2428 849 iter
2454 792 2741 863 arripiunt,
2775 790 3109 845 Francorum
3136 801 3303 854 regna
3343 789 3665 854 peragrant,

553 891 670 947 Non
696 901 875 946 tamen
906 906 972 947 ex
998 891 1103 945 illis
1129 890 1252 960 quis
1280 888 1539 959 repedare
1562 885 1722 939 valet.
2240 886 2480 942 Tramite
2502 883 2729 955 paciﬁco
2759 896 2853 936 rex
2876 880 3045 949 Aquis
3073 876 3395 947 ingreditur.

485 982 723 1054 Surgite,
746 990 802 1037 et
828 980 1113 1037 ecclesiam
1142 979 1321 1034 cuncti
1345 989 1697 1048 properemus
1734 973 1789 1027 in
1828 970 2057 1024 almam:
2164 978 2283 1044 Eia,
2314 978 2590 1040 cammna,
2619 975 2787 1028 Deum
2824 970 3071 1042 precibus
3094 968 3307 1039 pulsare
3332 964 3546 1034 supinis

556 1074 821 1145 Hymnica
851 1082 976 1127 vota
1014 1072 1124 1126 Deo
1150 1069 1379 1141 psallere
1405 1077 1617 1136 tempus
1642 1063 1812 1118 adest.

2238 1070 2450 1133 Restat,
2490 1083 2598 1138 quo
2622 1065 2779 1121 nobis
2808 1062 3055 1119 conferat
3084 1060 3377 1129 eloquium.
3658 1115 3660 1117 ,

485 1163 810 1219 Auscultans
847 1160 1131 1224 famulum,
1170 1158 1386 1212 tandem
1424 1152 1678 1218 surrexit,
1709 1159 1765 1206 et
1792 1163 1982 1205 omnes
2167 1161 2306 1229 Quid
2332 1162 2484 1232 prius
2512 1157 2807 1227 incipiam?
2835 1171 2960 1210 cum
2983 1168 3103 1225 quae
3141 1151 3279 1223 gerit
3306 1148 3491 1205 omnia
3518 1148 3725 1219 prima,

559 1253 818 1309 Hortatur
842 1266 1021 1307 secum
1054 1249 1265 1305 solvere
1288 1256 1413 1304 Vota
1441 1247 1571 1301 Deo-
2245 1249 2527 1312 Coustent,
2557 1256 2719 1317 atque
2750 1245 2951 1300 micent
2978 1252 3128 1315 gesta
3156 1240 3385 1311 benigna
3420 1237 3544 1292 viri.

489 1346 601 1399 Nox
628 1346 730 1399 fuit
755 1346 844 1399 illa
875 1343 1091 1414 quidem
1125 1339 1349 1412 psalmis
1384 1337 1709 1411 hymnisque
1733 1332 1957 1399 referta,
2169 1341 2409 1410 Denique
2436 1338 2695 1393 limitibus
2717 1336 2947 1391 ﬁrmatis
2972 1333 3166 1388 ordine
3201 1332 3376 1403 regni,

559 1438 839 1493 Missamm
870 1434 1100 1491 modulis
1126 1442 1287 1501 atque
1313 1436 1532 1502 peraCta
1560 1428 1692 1482 dies.
2241 1431 2468 1487 Finibus
2499 1428 2711 1500 imperii
2740 1425 3124 1497 dispositisque
3155 1423 3340 1487 simul,

490 1530 668 1584 Tertia
701 1529 920 1598 jamque
952 1526 1066 1581 dies
1085 1525 1234 1580 claro
1261 1522 1515 1593 surgebat
1544 1519 1791 1590 Olympo,
2172 1523 2431 1579 Protinus
2457 1519 2715 1591 expendit
2745 1519 3029 1573 thesauros
3050 1516 3232 1586 largus
3268 1514 3443 1570 avitos

559 1617 989 1688 Re.~plendetque
1018 1617 1130 1669 suis
1148 1614 1386 1668 Phtebus
1418 1612 1473 1667 in
1497 1611 1629 1665 orbe
1656 1608 1846 1664 comis.
2243 1612 2351 1668 Pro
2374 1612 2621 1667 mercede
2648 1609 2840 1680 patris,
2872 1616 3033 1677 atque
3067 1607 3261 1661 anima:
3286 1606 3490 1677 requie.

488 1708 624 1766 Cum
654 1708 891 1777 undique
913 1706 1071 1760 turba
1101 1704 1212 1759 ruit
1236 1703 1571 1757 Francorum
1600 1698 1811 1755 concita
1842 1693 2041 1767 regnis,
2175 1704 2410 1774 Quaeque
2432 1711 2643 1773 patrum
2672 1701 2843 1754 virtus
2868 1698 3092 1753 Carolus
3119 1704 3486 1767 congesserat,
3520 1695 3639 1766 ipse

558 1804 725 1873 Regis
754 1802 810 1856 in
834 1815 1119 1856 occursum
1144 1798 1296 1869 plebs
1321 1796 1459 1868 petit
1486 1795 1664 1850 omnis
1689 1804 1879 1847 ovans-
2114 1871 2129 1873 Α
2168 1837 2175 1846 .
2248 1794 2587 1867 Pauperibus
2610 1790 2820 1857 tribuit,
2848 1788 3203 1858 ecclesiisque
3225 1789 3417 1842 sacris.

488 1894 557 1951 Et
587 1871 764 1950 Caroli
788 1907 1042 1962 proceres
1059 1904 1304 1961 prorsus,
1346 1887 1611 1958 regnique
1644 1884 1881 1954 priores,

2102 1871 2151 1932 Β
2175 1886 2355 1940 Aurea
2384 1899 2513 1939 vasa
2541 1882 2708 1947 dedit,
2744 1888 2946 1945 vestes,
2974 1893 3070 1934 seu
3094 1877 3256 1948 pallia
3282 1877 3451 1932 multa
3482 1894 3494 1931 :

560 1986 739 2057 A-tque
768 1984 1107 2038 sacerdotum
1138 1980 1312 2036 currit
1335 1978 1509 2032 amica
1538 1976 1754 2031 cohors.
2245 1973 2472 2047 Argenti
2505 1972 2746 2029 cumulat
2772 1969 2949 2041 ampla
2982 1968 3185 2025 talenta
3210 1968 3369 2023 meri.

492 2056 906 2142 Densanturque
941 2072 1062 2136 viae,
1092 2067 1366 2140 replentur
1389 2066 1628 2123 claustra
1654 2065 1936 2121 domorum
1960 2080 1977 2130 ;
2177 2067 2402 2140 Spargit
2422 2082 2555 2138 opes
2583 2067 2784 2131 varias,
2815 2078 2963 2118 arma
2990 2061 3487 2130 iuuumerandaque
3512 2056 3707 2115 valde:

564 2163 683 2220 Non
710 2163 923 2234 capitur
952 2167 1115 2226 tecto,
1154 2158 1367 2215 scandit
1396 2158 1452 2213 in
1482 2157 1591 2212 alta
1614 2157 1825 2213 domus.
2250 2160 2472 2217 Munera
2510 2159 2786 2216 distribuit
2811 2170 3016 2228 pauper
3038 2154 3283 2211 habenda
3305 2152 3421 2209 tibi.

492 2252 741 2311 Flumina
775 2267 882 2308 non
910 2251 1148 2307 retinent
1179 2249 1437 2320 trepidos,
1468 2262 1570 2303 nec
1597 2246 1818 2303 horrida
1845 2244 2002 2312 silva,
2178 2254 2225 2311 0
2254 2254 2382 2309 felix
2412 2252 2655 2317 Cui-olus,
2685 2249 2925 2307 sobolem
2955 2248 3046 2319 qui
3071 2246 3223 2317 liquit
3258 2247 3314 2301 in
3338 2246 3495 2313 orbe,

573 2346 683 2403 Nec
704 2343 945 2419 glacialis
974 2342 1289 2409 hiems,uec
1315 2340 1556 2411 pluviosa
1585 2339 1722 2395 dies.
2251 2345 2354 2414 Qui
2383 2344 2579 2415 satagit
2604 2342 2749 2408 coeli,
2781 2356 2888 2412 quo
2912 2351 3087 2411 pater,
3118 2340 3285 2394 intret
3318 2338 3444 2393 iter.

493 2439 599 2509 Qui
627 2446 743 2494 rate
769 2452 877 2493 non
903 2434 1093 2502 valuit,
1121 2442 1373 2505 satagens
1394 2432 1485 2488 hic
1504 2431 1646 2487 forte
1668 2437 1859 2485 natatu
2181 2436 2429 2494 Carceris
2454 2446 2609 2490 antra
2636 2434 2846 2505 aperire
2868 2432 3044 2504 jubet,
3072 2440 3361 2501 trususque
3389 2428 3614 2498 relaxat,

565 2529 743 2587 Trans
768 2527 989 2583 ﬂuvium
1010 2526 1221 2598 Ligeris
1252 2532 1429 2581 certat
1457 2523 1607 2579 abire
1635 2521 1808 2595 prior.
2251 2525 2458 2601 Exsilio
2487 2524 2691 2579 relevat
2717 2538 2818 2594 pro
2844 2523 3047 2594 pietate
3075 2521 3243 2578 viros.

494 2623 541 2682 Ο
566 2620 1055 2695 quantospopulos
1083 2621 1228 2678 celsa
1256 2621 1323 2677 de
1352 2635 1485 2691 rupe
1512 2620 1724 2676 videres
2182 2619 2317 2675 Mira
2341 2618 2488 2685 facit,
2515 2632 2741 2690 prorsus
2769 2616 2994 2672 memori
3012 2616 3299 2671 narranda
3329 2616 3520 2682 relatu,

564 2715 784 2786 Absque
812 2723 931 2771 rate
960 2716 1016 2769 in
1044 2706 1266 2768 ﬂ’uvium
1287 2728 1348 2769 se
1372 2714 1503 2767 dare
1523 2711 1866 2784 praecipites!
2256 2710 2410 2768 Unde
2440 2709 2523 2765 sui
2561 2707 2706 2763 fama
2735 2722 2879 2762 nunc
2907 2722 3071 2778 super
3095 2715 3245 2762 astra
3271 2717 3475 2763 manet.

500 2807 918 2865 Aurelianenses
940 2818 966 2847 ι
996 2805 1118 2860 illos
1144 2805 1315 2860 risere
1340 2812 1625 2860 natantes:
2182 2804 2348 2877 Eligit
2374 2803 2648 2873 extemplo
2677 2801 2872 2857 missos
2906 2813 2951 2868 ο,
2984 2816 3118 2872 quos
3145 2801 3325 2855 mittat
3346 2802 3402 2856 in
3431 2802 3642 2869 orbem,

567 2897 740 2953 Turre
769 2904 965 2953 vocant
991 2909 1239 2951 summa:
1268 2894 1421 2950 littus
1442 2904 1637 2961 amate,
1667 2895 1790 2951 viri.
2254 2896 2495 2964 Quorum
2526 2894 2638 2948 vita
2669 2894 2838 2965 proba
2870 2894 2956 2955 sit,
2992 2906 3254 2963 generosa
3286 2892 3442 2947 ﬁdes.

500 2988 654 3046 Unus
682 3003 835 3043 amor
859 2986 1071 3043 cunctis
1090 2994 1231 3051 erat,
1265 2986 1515 3043 omnibus
1544 3002 1652 3041 una
1679 2986 1947 3053 voluntas,
2185 2987 2407 3044 Munera
2437 3002 2572 3057 quos
2601 2995 2872 3055 nequeant
2896 2984 3058 3051 flecti,
3089 3001 3190 3042 nec
3218 3002 3359 3041 saeva
3384 2995 3663 3057 potentum

567 3079 808 3135 Cernere
835 3092 944 3148 quo
969 3075 1161 3132 faciem
1191 3076 1335 3149 regis
1355 3076 1422 3131 ad
1451 3092 1622 3148 usque
1649 3085 1870 3148 queant.
2257 3080 2574 3143 Blandities,
2605 3077 2779 3142 favor,
2811 3086 2904 3133 aut
2928 3079 3204 3149 ingeniosa
3228 3078 3364 3135 lues.

498 3170 838 3228 Conveniunt
869 3172 1114 3234 tandem,
1146 3168 1338 3240 recipit
1365 3183 1501 3240 quos
1530 3184 1625 3225 rex
1652 3169 1774 3241 pius
1795 3184 1983 3228 omnes
2188 3170 2290 3241 Qui
2320 3178 2611 3242 peragrent
2630 3169 2834 3225 celeres
2858 3168 3189 3224 Francorum
3221 3185 3387 3240 regna
3414 3172 3711 3244 perampla,

571 3261 775 3317 Ordine
800 3275 1073 3332 quemque
1093 3275 1191 3315 suo
1217 3274 1338 3315 cum
1362 3261 1578 3331 pietatis
1603 3277 1725 3333 ope.
2110 3244 2156 3308 (ἶ
2257 3259 2530 3317 Justitiam
2558 3258 2761 3313 faciant
2783 3258 3157 3329 judiciumque
3185 3260 3363 3315 simul.

497 3352 804 3408 Aureliauis
831 3368 1001 3408 ovans
1028 3352 1209 3408 Caesar
1232 3368 1356 3407 mox
1377 3353 1562 3409 visitat
1588 3356 1801 3423 urbem,
2187 3354 2334 3422 Quos
2380 3360 2556 3424 pater,
2590 3358 2681 3406 aut
2708 3351 2879 3422 patris
2922 3350 3024 3406 sub
3072 3360 3313 3424 tempore
3361 3366 3634 3425 pressth
3678 3372 3760 3411 ur.

570 3445 687 3512 Quo
716 3444 907 3498 vexilla
928 3444 1109 3499 crucis
1138 3443 1191 3509 ι’,
1218 3444 1333 3499 sive
1352 3442 1559 3498 Aniane
1587 3457 1793 3501 manes.
3510 3448 3695 3524 [gneus

500 3532 724 3590 Heburti
758 3533 908 3601 felix,
935 3535 1026 3604 qui
1054 3535 1231 3605 primo
1260 3533 1399 3589 hanc
1420 3532 1639 3605 perticis
1666 3550 1872 3604 arcem,
2261 3537 2578 3605 Servitium,
2610 3538 2870 3606 relevent,
2895 3554 3122 3596 munere
3150 3540 3171 3579 ί
3200 3540 3315 3597 sive
3343 3540 3489 3598 dolo.

574 3630 682 3685 Seu
711 3629 1023 3693 Maximiue,
1054 3638 1310 3684 sancteve
1328 3627 1506 3695 Avite,
1538 3628 1727 3685 micas.
2189 3628 2234 3686 0
2263 3639 2494 3701 quantos
2518 3630 2809 3701 qualesque
2832 3632 2999 3699 viros,
3032 3647 3167 3702 quos
3194 3648 3389 3703 aspera
3417 3634 3544 3704 jura

501 3726 630 3780 Inde
655 3724 954 3780 Parisiacas
976 3733 1265 3795 properant
1285 3726 1393 3780 cito
1418 3726 1597 3782 visere
1625 3727 1802 3793 sedes,
2262 3723 2482 3794 Lexque
2512 3734 2703 3779 aurata
2726 3724 2941 3794 premit,
2974 3733 3137 3794 atque
3169 3734 3362 3794 potens
3387 3724 3583 3794 pretio.

578 3817 696 3883 Quo
736 3816 1038 3887 Stephanus
1072 3828 1094 3856 ε
1124 3826 1333 3888 martyr
1360 3818 1594 3873 culmina
1624 3833 1833 3874 summa
1867 3824 2035 3886 tenet,
2190 3815 2414 3872 Liberat
2442 3817 2555 3886 ipse
2575 3823 2787 3886 potens,
2810 3826 2862 3870 et
2888 3813 3152 3869 libertatis
3179 3816 3439 3870 honorem

509 3906 651 3977 Quo,
677 3906 965 3973 Germane,
994 3916 1143 3962 tuum
1172 3909 1368 3963 colitur
1402 3910 1744 3966 sanctissime
1767 3926 1985 3982 corpus,
2267 3908 2495 3963 Praestat
2521 3908 2723 3961 habere
2744 3906 2826 3960 sui
2856 3905 3036 3961 Caesar
3061 3921 3246 3960 amore
3267 3908 3439 3977 patris
3462 3909 3476 3961 l

579 3998 697 4065 Quo
726 3996 1016 4052 Geuuveffa
1044 3999 1208 4052 micat
1233 3999 1383 4069 virgo
1408 3999 1586 4053 dicata
1617 3999 1745 4055 Deo.
2191 3997 2371 4070 Atque
2393 3998 2506 4053 suis
2527 3990 2779 4052 manibus
2805 3996 3100 4065 przelirmat
3126 4012 3349 4052 munere
3378 3999 3601 4055 chartas
3633 4002 3677 4067 ε,

505 4090 710 4146 Irmino
735 4088 759 4129 ά
792 4088 986 4159 plaude
1018 4088 1211 4155 libens,
1249 4090 1394 4161 quod
1422 4091 1619 4161 saepius
1652 4106 1780 4148 ecce
1811 4094 2054 4166 rogasti:
2263 4090 2469 4160 Degere
2493 4089 2615 4159 quis
2638 4097 2835 4143 cuncto
2862 4095 3103 4158 tempore
3118 4086 3243 4157 jure
3277 4100 3497 4159 queant.

576 4239 604 4266 ιι
620 4223 818 4279 Pnecla
828 4238 884 4277 ra
898 4222 1300 4279 Aurelianensis
1313 4223 1463 4287 urbs,
1483 4221 1725 4294 Orléans,
1745 4222 1897 4279 sedet
1908 4233 1963 4279 et
1978 4224 2092 4294 ipsa
2194 4224 2366 4281 hardo
2397 4233 2453 4278 et
2472 4223 2580 4294 iste
2597 4223 2770 4294 abbas
2788 4221 3121 4294 subscripsit
3150 4223 3440 4293 postremis
3462 4225 3656 4281 tabulis
3674 4225 3765 4282 Ca-

506 4296 575 4351 ad
600 4295 831 4365 Ligerim
863 4294 938 4364 (la
968 4294 1161 4365 Loire),
1193 4294 1287 4349 sed
1309 4310 1469 4365 supra
1493 4293 1952 4365 Andegavensem,
1981 4292 2095 4349 sive
2196 4295 2295 4350 roli
2323 4294 2517 4364 Magni.
2567 4292 2832 4347 Nonnulla
2858 4293 2973 4365 ejus
3001 4292 3122 4348 acta
3150 4292 3413 4349 memorat
3440 4294 3766 4353 Mabillonius

509 4364 730 4436 Angers,
764 4380 870 4434 quo
896 4364 1318 4436 Aquisgranensi
1347 4374 1402 4419 et
1427 4364 1717 4436 Parisiensi
1749 4381 1815 4419 ex
1843 4368 1975 4419 urbe
2000 4380 2095 4434 po-
2196 4367 2251 4421 in
2278 4366 2472 4419 Annal.
2502 4365 2837 4436 Benedictin.
2869 4364 2936 4417 ad
2962 4378 3161 4417 annum
3187 4365 3314 4418 825.

510 4433 988 4505 tissimumpopuli
1021 4433 1363 4490 conﬂuebant
1402 4436 1477 4488 at?
1514 4434 1849 4505 invisendum
1896 4433 2094 4489 novum
2272 4448 2296 4475 θ
2325 4436 2610 4505 Egregium
2635 4435 2776 4488 hunc
2802 4447 3005 4505 morem
3055 4445 3297 4488 veterum
3328 4435 3661 4493 Francorum
3692 4454 3769 4493 re-

506 4509 828 4575 Augustum.
892 4504 975 4559 Uti
1023 4506 1334 4558 adnotatum
1387 4506 1440 4558 in
1484 4504 1604 4558 Vita
1659 4504 1940 4575 Ludovici,
1982 4506 2096 4573 ipse
2199 4522 2323 4575 gum
2366 4504 2507 4575 Salis
2546 4512 2744 4575 norunt
2780 4504 3011 4575 eruditi,
3046 4506 3139 4559 sed
3196 4521 3305 4561 non
3354 4508 3489 4561 satis
3541 4508 3769 4563 laudant.

508 4574 743 4666 qupque‘.
774 4574 981 4643 Rampo
1005 4615 1020 4638 ,
1043 4645 1068 4666 Δ
1088 4583 1377 4666 antequam
1440 4577 1751 4666 perveniret
1810 4574 2087 4639 Thedwat,
2117 4606 2171 4666 D
2199 4574 2401 4645 Nempe
2430 4574 2805 4644 deligebantur
2832 4574 3017 4654 eximii
3064 4575 3164 4629 viri
3189 4616 3205 4657 ε
3254 4577 3344 4658 qui
3370 4578 3488 4632 vice
3521 4580 3665 4666 regis
3694 4581 3772 4633 iu~

515 4663 535 4698 ι
566 4643 1007 4719 ᾼυεᾳιίθηβηδθη)
1038 4643 1250 4719 devenit
1275 4647 1339 4719 ad
1372 4647 1577 4699 urbem.
1600 4663 1638 4719 -ρ
1699 4715 1709 4719 _
2047 4717 2057 4719 4
2117 4643 2170 4666 ν
2195 4643 2461 4719 gentique
2512 4643 2663 4719 citur
2693 4646 3018 4719 auctoritate
3055 4646 3360 4719 provinias
3388 4650 3774 4719 Aperagrabant

581 4715 610 4753 ιδ
640 4709 717 4768 Ibi
742 4713 927 4786 athuc
956 4714 1159 4786 visitur
1194 4716 1432 4769 omnium
1472 4714 1885 4786 amplissimum,
1918 4714 2090 4786 _illud-
2194 4709 2262 4772 Ed
2291 4709 2618 4786 singulorum
2643 4714 2909 4769 hominum
2950 4709 3138 4768 cauam
3167 4709 3459 4786 audiendos
3481 4709 3771 4771 ac'delibe-

498 4798 616 4855 'que
650 4782 958 4855 cathedrale
1002 4784 1255 4854 templum
1294 4786 1394 4840 sub
1432 4784 1616 4855 titulo__
1639 4784 1850 4839 Sanctae
1904 4784 2094 4855 crucis
2197 4782 2412 4849 randai,
2444 4798 2500 4839 ut
2522 4784 2735 4853 ipsimet
2758 4786 3165 4855 proﬁtebantur.
3199 4785 3397 4855 Eorum
3421 4788 3652 4855 proinde
3677 4790 3775 4841 vir-

558 4871 623 4911 eo
647 4854 770 4925 Opt.
801 4854 938 4909 Max.
970 4852 1226 4911 dicatum.
1257 4855 1517 4918 Anianus,
1568 4852 1876 4919 Heburtius,
1916 4854 2094 4909 Maxi-
2196 4868 2307 4913 tute
2333 4866 2389 4910 et
2416 4852 2555 4909 cura
2578 4852 2777 4909 abusus
2805 4854 3141 4919 tollebantur,
3199 4854 3322 4910 lites
3359 4852 3769 4921 dirimebantur,

512 4927 687 4999 minus
712 4935 761 4979 et
782 4925 996 4999 Auitus,
1029 4926 1202 4999 sancti
1220 4925 1350 4999 viri,
1377 4926 1729 4999 subquorum
1762 4925 1977 4999 nomine
2005 4926 2090 4980 in-
2195 4926 2619 4999 praepotentibus
2663 4934 2899 4997 terrores
2925 4939 2990 4978 ac
3018 4938 3192 4999 paenae
3218 4926 3619 4999 incutebantur.
3659 4928 3775 4982 Plu-

512 4997 777 5067 signiores
806 4995 922 5067 aliae
951 4995 1186 5051 basilica:
1218 4997 1271 5049 in
1320 4994 1694 5051 Aurelianensi
1735 4997 1955 5051 civitate
1978 5012 2093 5051 ma~
2195 4994 2331 5054 rima
2363 4996 2812 5067 mentiokistorum
2835 4994 3071 5067 occurrit
3101 4996 3260 5067 inter;
3274 4994 3446 5064 Leges
3469 4997 3776 5067 Langobar-

506 5064 628 5134 joi-e
655 5065 799 5137 cultu
831 5064 1332 5135 frequentabantur.
1606 5135 1623 5137 Α
2198 5070 2345 5123 dicas
2378 5068 2511 5121 etin
2555 5064 2954 5135 Capitularibus
2994 5079 3178 5137 regum
3222 5064 3775 5137 Francorumfatque

592 5148 614 5175 ο
647 5136 715 5189 Et
740 5134 828 5188 hic
843 5134 1243 5210 enumerantur
1283 5138 1551 5210 praecipua
1598 5135 1927 5210 Parisiorum
1956 5147 2092 5210 tem:
2197 5140 2337 5210 apud
2364 5137 2509 5210 alios
2536 5134 2779 5189 vetustos
2805 5143 3070 5210 auctores.
3106 5136 3538 5210 Plurimaetiam
3566 5134 3774 5192 illorum

514 5204 625 5291 pla,
645 5220 780 5291 _qu:e
806 5206 924 5291 pius
950 5207 1219 5287 Augustus
1252 5204 1385 5291 tunc
1409 5204 1666 5291 visitavit.
1720 5208 1824 5262 Res
1855 5219 1979 5264 nota
2000 5207 2093 5291 _nil
2196 5204 2391 5291 placita
2427 5208 2853 5291 habenttir__cum
2891 5206 3053 5263 edita.
3086 5213 3215 5291 tum-
3242 5207 3507 5291 inedita}.
3530 5217 3694 5291 atque
3726 5211 3772 5261 iu

514 5277 659 5349 aliud
687 5276 948 5349 exposcit,
965 5276 1104 5349 _nisi_
1122 5277 1263 5349 quod
1288 5276 1413 5349 hinc
1443 5277 1652 5349 discere
1672 5294 1976 5347 possumus,
1999 5281 2094 5332 ba-
2196 5276 2266 5333 iis
2299 5277 2588 5349 seligendis
2635 5276 2973 5345 potissimum
3000 5276 3224 5331 emicuit
3249 5276 3509 5332 Ludovici
3542 5276 3626 5333 Pii
3655 5293 3776 5349 pru-

516 5346 722 5402 silicam
744 5344 926 5418 Sancti
960 5344 1216 5416 Stephani
1243 5345 1569 5418 paucispost
1591 5344 1840 5418 Clodovei
1872 5364 2093 5418 regnum
2201 5350 2382 5403 drmia
2405 5344 2469 5418 et
2492 5344 2752 5401 charitas.

515 5418 672 5489 annis
697 5417 991 5481 conditam,
1042 5426 1203 5489 atque
1235 5432 1378 5470 anno
1432 5417 1567 5489 1610
1615 5434 1645 5470 a
1673 5416 1962 5489 Margarita
2012 5433 2096 5473 re-
2202 5487 2243 5489 ”
2280 5418 2298 5456 ί
2334 5417 2587 5489 Refertur
2615 5418 2731 5489 haec
2781 5431 2904 5480 vox,
2955 5417 3029 5489 uti
3062 5427 3119 5472 et
3162 5416 3304 5482 dolo,
3352 5417 3421 5471 ad
3477 5418 3774 5489 servitium.

517 5488 640 5558 gina
668 5489 989 5551 restitutam,
1014 5488 1140 5542 olim
1171 5487 1311 5543 inter
1337 5488 1635 5557 praecipuas
1663 5487 1830 5543 fuisse
1850 5487 2091 5552 Parisiis,
2200 5487 2403 5558 Nempe
2429 5487 2623 5558 multos
2646 5487 2937 5540 liberorum
2964 5487 3241 5541 hominum
3270 5494 3520 5558 potentes
3550 5488 3653 5542 viri
3678 5488 3778 5541 ini-

517 5556 785 5628 nerdicam
813 5560 1157 5628 praecipuam.
1338 5556 1349 5557 ί
1504 5556 1511 5557 “
2200 5574 2305 5628 que
2339 5556 2441 5612 sbi
2484 5556 2776 5611 effecerant
2817 5572 3031 5628 servos,
3082 5566 3175 5611 aut
3215 5558 3443 5627 pecunia
3488 5557 3639 5621 data,
3689 5564 3777 5610 aut

587 5574 1157 5680 :uicamlprzecnpuam.
2200 5574 2305 5680 ﬂue
2342 5574 2441 5612 s.m
2484 5574 2776 5611 cucceraut
2817 5574 3031 5621 servos,
3082 5574 3175 5611 aut
3215 5574 3443 5627 pecuina
3488 5574 3639 5621 aata,
3689 5574 3777 5610 aut

587 5627 615 5667 ά
644 5627 747 5683 Seu
832 5629 1040 5683 irmino.
1072 5630 1202 5683 Erat
1231 5629 1278 5683 is
1320 5629 1487 5685 abbas
1531 5628 1870 5685 celeberrimi
1910 5643 2097 5683 mona-
2237 5629 2343 5689 ult),
2372 5629 2483 5681 sive
2523 5628 2801 5697 mgeniose,
2860 5636 2917 5681 ut
2951 5626 3119 5697 Leges
3164 5628 3472 5696 loquuntur.
3529 5628 3605 5681 De
3634 5627 3779 5681 hisce

518 5700 670 5755 sterii
702 5698 889 5754 Sancti
922 5697 1175 5770 Germani
1207 5699 1273 5753 dc
1311 5699 1512 5763 Pratis,
1559 5700 1711 5768 cujus
1742 5700 1963 5770 gloriam
1999 5699 2097 5770 ιιπίέ
2200 5714 2441 5770 nonuna
2482 5706 2564 5751 est
2616 5698 2699 5751 lex
2748 5698 2886 5770 inter
2918 5697 3372 5767 Laugobardicas,
3430 5707 3595 5765 atque
3642 5697 3779 5751 inter

518 5785 642 5825 rum
669 5776 957 5833 auxerunt,
1004 5779 1059 5823 et
1087 5769 1261 5823 adhuc
1298 5785 1493 5841 augere
1532 5766 1767 5880 pergunt
1810 5769 2094 5824 clarissimi
2199 5767 2529 5880 Capitularia
2559 5782 2744 5836 regum
2780 5766 3130 5822 Francorum.

520 5840 770 5880 mnnnnhi
798 5854 830 5880 Α
864 5838 1286 5880 annrpantinnp
1318 5839 1500 5880 annti
1583 5841 1696 5880 miri
1750 5840 1909 5880 'l‘nctn
1942 5840 2097 5880 ιιῖςγίη..
2333 5834 2806 5880 Manumiguinmlm
2862 5848 3107 5880 vnto-rum
3164 5840 3366 5880 chartas
3410 5837 3612 5880 ‘nlnmn
3661 5834 3746 5880 exi

510 5840 830 5908 monachis
864 5838 1287 5912 Congregatione
1318 5834 1503 5897 Sancti
1529 5834 1719 5896 Mau'ri.
1750 5840 1910 5898 Teste
1938 5840 2097 5912 Bgin-
2274 5834 2302 5880 ⁸
2329 5834 2810 5895 Manumissiouum
2862 5848 3111 5905 veterum
3164 5840 3367 5905 chartae
3402 5837 3612 5915 jplures
3660 5834 3809 5913 exii.
