4022 6450
194 569 546 645 Belligeripse
572 573 730 639 pater
756 579 880 622 cum
918 563 1421 636 regna‘aequireret
1458 559 1646 625 armis,

257 668 489 723 Intentus
520 659 678 717 bellis
712 659 1065 728 assiduusque
1095 657 1258 722 foret,

196 761 323 818 Tum
347 754 534 811 vitium
567 763 594 793 ι
623 751 728 807 hoc
753 749 959 821 passim
987 749 1177 819 spissis
1214 747 1483 803 succrevit
1519 744 1725 813 aristis,

259 851 360 908 Sed
389 858 569 904 tamen
589 844 880 901 adveniens
899 858 1046 908 mox,
1073 841 1363 907 Ludovice,
1393 855 1566 897 secas.

198 945 370 1016 Qualia
399 957 497 1014 per
515 939 776 996 mundum
801 937 1069 1009 contregit
1099 946 1251 1009 gesta
1272 933 1461 990 celidri
1484 933 1514 974 ιι
1544 933 1558 987 l

259 1035 586 1095 Christicolis
620 1034 785 1091 cessit
806 1048 1030 1088 munera
1056 1038 1257 1103 quanta
1283 1027 1546 1100 quidem?

198 1129 313 1186 Haac
336 1127 478 1184 canit
506 1126 656 1197 orbis
682 1139 852 1180 ovans
883 1123 1007 1186 late,
1037 1121 1303 1193 vulgoque
1339 1117 1644 1182 resultant;

260 1219 380 1274 Plus
404 1216 602 1288 populo
632 1220 911 1280 resonant,
939 1228 1104 1284 quam
1129 1219 1295 1267 canat
1319 1218 1438 1264 arte
1465 1207 1656 1264 melos.

199 1310 286 1366 Cui
321 1321 342 1349 α
375 1309 680 1365 clarescens
701 1305 901 1364 crescit
929 1304 1174 1360 doctrina
1202 1317 1302 1374 per
1328 1301 1555 1357 orbem:

262 1401 616 1459 Commissum
643 1399 926 1471 imperium
953 1397 1190 1461 ordinat,
1221 1403 1416 1460 armat,
1456 1393 1574 1448 alit.

199 1494 325 1550 Tum
348 1493 503 1563 jubet
531 1492 698 1550 acciri
726 1491 972 1548 Romana
1001 1492 1068 1546 ab
1095 1491 1222 1546 sede
1242 1497 1557 1559 patronum,

263 1585 357 1641 Cui
384 1583 693 1655 Stephanus
715 1583 743 1623 ἀ
777 1599 974 1640 nomen
1005 1581 1202 1638 saecula
1225 1581 1346 1636 laeta
1371 1578 1594 1634 dabant.

200 1677 351 1734 Paret
379 1692 564 1731 amore
581 1676 748 1732 Sacer
775 1687 824 1742 θ,
845 1675 1119 1747 iussisque
1138 1675 1480 1742 obtemperat
1502 1667 1680 1735 almis,

264 1765 593 1821 Francorum
622 1773 882 1835 properat
902 1764 1081 1820 visere
1115 1777 1281 1834 regna
1310 1761 1501 1816 libens.

200 1850 498 1907 Caesareum
533 1849 552 1890 ί
582 1849 809 1905 Rhemis
839 1850 995 1906 laetus
1029 1855 1339 1920 prospectat
1366 1847 1433 1903 ab
1462 1845 1622 1911 urbe,

264 1940 414 2008 Quos
439 1940 513 1996 ibi
545 1942 571 1983 ⁸
599 1939 1142 2010 conciliumjusserat
1176 1948 1303 1995 ante
1335 1938 1470 1994 fore.

202 2031 540 2088 Concurrunt
562 2034 722 2097 varii,
770 2032 1105 2103 redeuntque
1137 2033 1238 2087 sub
1266 2031 1455 2086 ordine
1483 2030 1638 2087 missi

266 2128 518 2196 Caesaris,
551 2139 714 2201 atque
735 2127 888 2185 Sacri
911 2136 1038 2193 vota
1064 2127 1297 2198 benigna
1325 2125 1526 2182 ferunt.

206 2221 428 2276 Nuntius
465 2229 592 2276 ante
618 2220 781 2286 volat,
814 2226 999 2276 narret
1026 2219 1118 2290 qui
1147 2218 1394 2289 praesulis
1419 2217 1618 2274 ardens

269 2314 501 2371 Romani
529 2315 836 2376 adventum,
866 2311 1245 2368 concelerante
1270 2311 1464 2381 gradu.

206 2403 331 2461 Tum
381 2405 692 2461 Ludovicus
743 2417 908 2475 agens
975 2400 1182 2457 clerum
1217 2441 1232 2468 ,
1287 2401 1653 2473 populumque
1701 2414 1788 2456 se-

1475 2493 1710 2568 [natum,

269 2587 522 2655 Ordinat,
551 2587 806 2654 instituit,
830 2595 1128 2660 pmparat,
1160 2593 1323 2657 atque
1348 2585 1511 2642 locat.

206 2679 446 2736 Dextram
475 2679 581 2751 qui
609 2687 828 2736 teneant
857 2687 1088 2751 partem,
1121 2685 1447 2748 teneantque
1489 2675 1788 2740 sinistram,

273 2772 370 2842 Qui
398 2773 560 2846 prior
589 2772 832 2839 accedat,
870 2771 1070 2843 quique
1096 2777 1357 2840 sequatur
1382 2768 1509 2825 iter.

209 2866 379 2922 Turba
408 2867 762 2922 sacerdotum
790 2864 1038 2920 dextram
1068 2870 1216 2919 tenet
1241 2861 1458 2934 agmine
1477 2861 1641 2934 longo
1662 2902 1678 2927 ,
1767 2873 1770 2877 ‘

273 2957 575 3027 Psallentes
599 2965 848 3030 spectant
876 2956 1159 3029 relligione
1187 2963 1420 3026 patrem.

213 3053 363 3110 Parte
387 3055 494 3110 alia
527 3068 781 3126 proceres
813 3052 959 3120 lecti,
997 3051 1268 3124 primique
1290 3053 1542 3120 potentes

280 3145 630 3212 Consistunt;
656 3145 883 3216 populus
911 3144 1212 3216 posteriora
1241 3149 1409 3199 tenet.

215 3237 280 3294 At
306 3237 519 3295 medius
542 3236 723 3294 Caesar
745 3236 972 3309 gemmis
1000 3249 1240 3307 auroque
1264 3233 1558 3319 refulgens,

281 3328 445 3385 Veste
469 3329 598 3384 licet
621 3327 816 3393 radiet,
844 3326 966 3398 plus
992 3326 1195 3398 pietate
1220 3324 1406 3380 micat.

219 3416 556 3474 Conveniunt
580 3418 797 3474 tandem
823 3416 1050 3472 diversis
1075 3413 1321 3487 partibus
1350 3414 1510 3469 ambo
1535 3429 1552 3479 ;

287 3509 380 3565 Ille
414 3509 586 3581 gradu
609 3511 638 3550 ιι
673 3508 901 3580 pollens,
929 3509 1020 3563 hic
1046 3507 1288 3563 bonitate
1311 3505 1519 3576 vigens.

214 3597 366 3668 Alter
386 3601 444 3655 in
482 3599 706 3655 alterius
733 3605 1084 3668 conspectum
1113 3605 1172 3650 nt
1195 3595 1398 3650 lumina
1428 3591 1568 3658 fixit,

285 3692 474 3749 Currit
499 3693 555 3746 in
589 3689 869 3759 amplexus
893 3703 1020 3743 mox
1044 3685 1334 3743 celerando
1360 3685 1500 3756 pios.

215 3812 412 3869 stunt;
457 3817 660 3872 easque
698 3801 918 3872 singuli,
973 3800 1101 3872 dum
1149 3799 1402 3872 libertate
1453 3797 1804 3872 donarentur,

221 3876 320 3932 sibi
344 3891 378 3929 a
407 3869 642 3928 dominis
679 3869 1178 3926 mariumittentibus
1206 3869 1617 3938 conquirebant,
1652 3880 1727 3936 ut,
1761 3871 1807 3927 si

222 3961 357 4017 opus
399 3943 817 4017 foret,_exinde
864 3942 1167 4017 libertatem
1207 3941 1452 3996 eamdem
1499 3939 1553 3993 in
1573 3939 1809 4017 __judic_io

226 4009 529 4073 tuerentur.
580 4010 804 4068 Chartas
857 4011 1195 4082 ingenuitatis
1250 4018 1400 4082 tunc,
1434 4009 1705 4082 appellare
1751 4011 1807 4066 in

229 4103 322 4143 usu
353 4088 472 4140 fuit.
520 4085 671 4151 Quod
700 4098 812 4153 prte
855 4081 1068 4138 caeteris
1114 4095 1324 4135 summe
1353 4081 1474 4153 pius
1514 4081 1810 4151 imperator

229 4157 529 4212 Ludovicus
549 4150 817 4226 prmstitit,
848 4153 960 4223 ipse
987 4167 1257 4226 manusua
1278 4150 1498 4219 propria
1516 4150 1812 4206 manumis-

231 4244 404 4284 sorum
436 4223 657 4282 chartas
686 4225 900 4294 signare
929 4223 1225 4294 consuevit.

299 4310 324 4338 ⁸
358 4297 567 4366 Ubique
619 4288 920 4349 invaluerat
971 4308 1088 4346 mos
1130 4293 1238 4366 sub
1276 4289 1470 4344 Carolo
1499 4288 1723 4366 Magno,
1761 4299 1811 4344 et

232 4370 403 4439 spissis
432 4360 637 4430 aristis,
680 4367 785 4440 hoc
806 4375 889 4440 est
915 4378 1012 4440 per
1037 4363 1234 4440 multos
1258 4375 1458 4423 annos,
1492 4360 1683 4440 vitium
1710 4361 1814 4415 hoc

235 4434 591 4498 succreverat,
644 4445 703 4488 ut
729 4434 881 4488 liberi
923 4434 1205 4498 homines,
1235 4445 1530 4500 eorumque
1557 4434 1814 4502 conjuges

234 4521 283 4564 et
311 4510 458 4565 liberi
500 4509 558 4562 in
608 4507 921 4560 servitutem
973 4504 1356 4566 traherentur,
1397 4515 1574 4570 neque
1604 4509 1814 4555 tantum

234 4596 293 4634 ex
323 4582 478 4636 hosti;
503 4594 572 4632 us
599 4575 824 4631 devictis
843 4615 858 4640 ,
891 4575 986 4629 sed
1013 4575 1176 4628 etiam
1206 4589 1272 4627 ex
1297 4571 1426 4641 ipsis
1450 4586 1614 4642 regno
1642 4570 1812 4625 Fran-

1066 445 1156 503 DE
1195 441 1427 501 REBUS
1464 437 1714 500 GESTIS
1748 431 2077 496 LUDOVICI
2112 436 2224 492 PII.
2269 463 2340 477 --
2378 434 2509 493 LIB.
2552 436 2614 493 II.
2781 527 2784 530 ῃ

1783 560 1840 619 Α
1863 553 1979 610 Rex
2006 562 2181 609 tamen
2209 561 2335 610 ante
2364 568 2530 626 sagax
2557 553 2756 610 flexato
2789 553 2807 595 ί
2837 555 3042 625 p0plite
3069 555 3282 624 adorat,

3328 438 3437 498 ὅθι

1935 647 2144 719 Terque
2165 657 2482 719 quaterque,
2514 649 2628 715 Dei,
2658 649 2771 705 sive
2796 649 2852 704 in
2882 649 3087 705 honore
3111 649 3281 706 Petri.

1865 741 2105 815 Suscipit
2134 745 2275 801 hunc
2315 743 2542 815 supplex
2584 741 2927 816 Stephanus,
2973 743 3334 815 manibusque
3363 760 3451 801 sa-

3209 834 3378 891 cratis

1937 925 2194 985 Sublevat
2218 946 2250 986 a
2278 939 2446 998 terra,
2474 931 2651 986 basiat
2675 946 2771 987 ore
2794 929 2988 986 libens.
3186 834 3208 909 [

1866 1015 2021 1074 Nunc
2047 1021 2254 1088 oculos,
2281 1039 2424 1079 nunc
2451 1039 2570 1090 ora,
2601 1032 2782 1094 caput,
2810 1038 2954 1078 nunc
2981 1029 3225 1093 pectora,
3247 1018 3388 1077 colla

1936 1111 2120 1168 Basiat
2147 1113 2396 1171 alterutri
2427 1132 2653 1186 rexque,
2687 1115 2960 1187 Sacerque
2984 1117 3124 1186 pius.

1869 1202 2008 1259 Tum
2032 1206 2282 1262 manibus
2306 1208 2514 1277 palmas
2548 1207 2743 1280 digitos
2771 1207 3060 1278 digitisque
3089 1215 3357 1271 tenentes,

1855 1323 1858 1326 ~
1939 1294 2123 1352 Cazsar
2151 1313 2275 1353 cum
2303 1297 2579 1370 Stephano
2601 1299 2828 1355 candida
2856 1307 2999 1355 tecta
3025 1298 3179 1369 petit.

1873 1387 2173 1446 Ecelesiam
2200 1399 2493 1462 peragrant
2529 1391 2738 1462 primo,
2766 1391 3128 1463 precibusque
3151 1389 3460 1445 Tonantem

1945 1482 2300 1554 Compellant,
2326 1492 2506 1555 grates
2532 1492 2765 1554 votaque
2785 1484 2964 1540 danda
2984 1490 3216 1540 canunt.

1876 1571 2000 1630 Mox
2033 1574 2211 1630 aulam
2240 1583 2510 1645 repetunt,
2537 1577 2606 1631 ad
2633 1575 2861 1647 prandia
2890 1591 3084 1646 magna
3111 1572 3380 1630 volando:

1899 1651 1913 1662 ’
1950 1666 2268 1733 Considunt,
2297 1670 2548 1724 manibus
2575 1669 2706 1724 dant
2735 1668 2922 1724 famuli
2948 1668 3160 1724 latices.

1880 1760 2114 1816 Prandia
2143 1761 2303 1833 digna
2332 1762 2534 1828 colunt,
2556 1771 2888 1834 pratgustant
2914 1777 3140 1819 munera
3166 1758 3387 1828 Bacchi,

1953 1851 2024 1907 Et
2051 1867 2303 1908 sermone
2334 1854 2424 1924 pio
2440 1853 2554 1922 jam
2582 1869 2746 1924 super
2770 1869 2866 1909 ora
2890 1861 3130 1908 movent.

1807 1917 1857 1980 Β
1884 1941 1928 2000 Ο
1953 1958 2108 2000 sacer
2129 1917 2374 1999 antistisi
2393 1985 2408 2010 ,
2435 1917 2666 1999 Itomani
2688 1952 2876 2015 pastor
2895 1943 3076 2009 ovilis,

1951 2033 2054 2103 Qui
2084 2035 2204 2090 vice
2225 2023 2524 2106 apostolica
2550 2035 2732 2105 pascis
2753 2033 2896 2090 ovile
2915 2033 3064 2090 Petri

1884 2129 1914 2170 ι
1943 2126 2074 2196 Qua:
2112 2135 2164 2182 te
2188 2141 2351 2182 causa
2374 2126 2498 2182 tulit
2523 2125 2726 2199 (Caesar
2755 2125 2838 2182 sic
2857 2124 3037 2196 orsus)
3062 2123 3131 2180 ad
3151 2123 3315 2180 istam
3366 2193 3370 2196 η

1958 2218 2294 2275 Francorum
2324 2218 2599 2290 patriam?
2623 2217 2789 2274 redde
2810 2230 3073 2289 responsa
3102 2215 3259 2272 mihi.
3307 2207 3314 2216 ’

1885 2309 1980 2368 Ille
2009 2319 2070 2366 ut
2095 2303 2217 2366 erat
2242 2311 2503 2380 placidus,
2537 2318 2732 2383 pacato
2765 2317 2990 2381 pectore
3019 2307 3198 2375 fatur,

1960 2403 2305 2460 Perlustrans
2326 2419 2509 2475 regem
2541 2403 2782 2460 vultibus
2805 2403 3039 2460 assiduis
3070 2422 3084 2460 :

1890 2495 2022 2564 Quae
2052 2496 2298 2567 reginam
2331 2493 2514 2550 Austri
2541 2495 2815 2566 quondam
2841 2494 3106 2566 sapie..tis
3127 2509 3315 2552 amore

1956 2585 2060 2641 Per
2088 2586 2268 2642 varias
2294 2586 2504 2657 plebes,
2525 2601 2626 2656 per
2644 2585 2804 2652 freta,
2828 2601 3033 2659 perque
3059 2585 3213 2643 nives
3232 2627 3248 2652 ,

1892 2679 2020 2737 Haec
2047 2695 2136 2737 me
2156 2695 2320 2736 causa
2347 2688 2489 2746 tuas,
2527 2679 2731 2746 Caesar,
2765 2679 3109 2750 perduxitad
3143 2693 3337 2746 arces,

1964 2774 2067 2843 Qui
2096 2773 2505 2831 Salomoniacas
2529 2773 2643 2830 fers
2669 2773 2802 2828 mihi
2833 2774 2936 2830 rite
2970 2773 3157 2843 dapes.

1896 2867 2062 2924 Fama
2084 2883 2236 2924 meas
2272 2867 2500 2932 dudum,
2527 2867 2806 2938 princeps,
2846 2865 3096 2937 pervenit
3116 2865 3187 2920 ad
3213 2879 3376 2923 aures
3393 2902 3412 2931 ,

1967 2959 2179 3028 Quanta
2201 2959 2294 3014 Dei
2317 2959 2516 3030 populo
2538 2957 2649 3014 fers
2667 2967 2821 3029 pater
2840 2957 3038 3013 auxilia
3057 2997 3072 3022 ,

1897 3049 2218 3124 Quantaque
2241 3067 2338 3123 per
2355 3051 2617 3107 mundum
2635 3049 2984 3122 resplendent
3003 3049 3259 3120 dogmata
3278 3054 3486 3117 vestra,

1965 3145 2236 3202 Praecellis
2265 3144 2282 3184 ι
2316 3154 2437 3202 tuos
2467 3154 2586 3202 arte
2613 3145 2824 3218 fideque
2850 3153 3051 3217 patres.

1901 3237 2020 3295 Non
2039 3246 2222 3294 tamen
2251 3238 2526 3294 obsistens
2549 3238 2726 3309 potuit
2752 3252 2841 3294 res
2868 3237 2978 3293 ulla
3003 3237 3276 3294 volentem

1974 3326 2271 3400 Frangere,
2299 3326 2431 3397 quin
2456 3327 2662 3398 possim
2691 3341 2917 3383 cernere
2942 3335 3092 3399 gesta
3111 3335 3225 3382 tua.

1906 3415 2098 3472 Sermo
2123 3417 2342 3486 quidem
2368 3415 2548 3471 nullus
2566 3415 2738 3470 valuit
2765 3415 2898 3470 mihi
2925 3424 3074 3470 tanta
3103 3414 3312 3471 referre
3329 3455 3348 3480 ,

1977 3506 2190 3574 Quanta
2212 3507 2348 3561 meis
2371 3507 2589 3562 confers
2615 3516 2768 3577 gesta
2795 3506 3028 3579 benigna
3051 3506 3246 3562 oculis.

1905 3596 2129 3667 Reginae
2157 3611 2289 3667 ergo
2313 3597 2409 3652 tibi
2441 3596 2584 3651 illius
2609 3612 2756 3652 nunc
2780 3597 2948 3652 verba
2990 3610 3219 3652 renarro
3237 3635 3253 3662 ,

1980 3686 2111 3756 Quae
2132 3685 2528 3743 Salomoniacis
2552 3687 2777 3743 auribus
2802 3687 2918 3758 ipsa
2955 3685 3099 3741 tulit.

1915 3820 1936 3854 ι
1963 3817 2062 3873 pro
2083 3801 2450 3873 confirmanda
2488 3816 2642 3872 pace,
2690 3810 2745 3857 et
2786 3801 2994 3857 unitate
3025 3809 3227 3856 sanctae
3252 3800 3344 3856 Dei
3385 3798 3490 3858 Ec-

1909 3871 2107 3944 clesiae.
2145 3893 2164 3925 ι
2195 3871 2421 3942 Reliqua
2442 3871 2574 3944 vero
2601 3873 2710 3944 illic
2734 3874 2802 3926 ab
2822 3888 2888 3928 eo
2914 3881 3063 3944 gesta
3090 3873 3353 3943 praeterit,
3375 3887 3496 3943 qute

1908 3959 1938 3998 a
1972 3943 2305 4014 Francorum
2334 3943 2676 4014 chronologis
2713 3943 3116 4014 suntgpctenda.

1984 4026 2008 4054 ο
2048 4013 2152 4070 Pro
2206 4013 2471 4069 sacerdos.
2517 4014 2728 4069 Pluries
2778 4012 2920 4069 infra
2983 4012 3174 4068 eadem
3232 4028 3340 4068 vox
3390 4029 3490 4070 oc-

1908 4085 2102 4140 currit.

1987 4157 2006 4194 f
2041 4155 2186 4225 Lego
2211 4153 2390 4209 Ctesar
2418 4172 2554 4225 eum.
2586 4156 2651 4209 Et
2676 4169 2865 4225 reapse
2889 4153 3196 4225 Ludovicus
3217 4154 3499 4225 Angustus

1912 4223 2190 4293 Stephano
2214 4239 2386 4293 papae,
2409 4223 2852 4295 utiEgiuhardus
2877 4223 3086 4286 scribit,
3117 4223 3392 4295 t_I_themis
3413 4239 3499 4278 oc-

1912 4292 2132 4350 currere
2152 4292 2357 4347 statuit.
2397 4313 2416 4344 ι
2449 4292 2596 4359 Sive,
2633 4305 2690 4364 ut
2721 4294 2883 4364 habet
2923 4301 3112 4364 auctor
3143 4292 3278 4364 Vita:
3326 4293 3500 4364 ipsius

1912 4364 2191 4430 Ludovici,
2245 4381 2264 4414 ε
2295 4364 2585 4418 adventum
2637 4363 2753 4432 ejus
2803 4362 3027 4418 Bhemis
3066 4362 3359 4420 sustinere
3385 4372 3498 4420 sta-

1915 4435 2038 4490 tuit.
2069 4454 2088 4487 ι
2515 4447 2517 4450 ‘

1987 4507 2012 4545 ε
2050 4505 2300 4560 Restituo
2331 4521 2433 4575 quo
2479 4503 2601 4558 sibi.
2636 4504 2693 4558 Id
2718 4513 2825 4568 est,
2855 4517 2962 4576 quo
2991 4504 3046 4558 in
3074 4503 3194 4576 loco
3220 4505 3296 4576 ~ad
3324 4505 3502 4576 ponti-

1916 4575 2069 4648 licem
2099 4574 2473 4648 excipiendum
2499 4576 2673 4629 coacti
2703 4586 2837 4648 ante
2857 4574 3092 4641 fuerant,
3124 4574 3393 4634 Ludovico
3412 4577 3503 4648 ju-

236 4634 351 4705 core
363 4634 410 4706 in
451 4645 735 4718 suajectis.
766 4634 1056 4718 Ejusmodi
1094 4645 1283 4718 morbo
1316 4634 1811 4718 'prgeseutissimum
1836 4634 1892 4695 D
1915 4647 2092 4718 beate,
2125 4634 2324 4718 clerus
2341 4654 2395 4700 et
2415 4660 2669 4718 proceres
2693 4647 2864 4718 regni.

239 4723 524 4778 remedium
555 4711 803 4772 adhibuit
826 4711 1146 4770 ‘Ludoxicus
1177 4713 1321 4768 Pius.
1368 4712 1499 4767 Vide
1542 4713 1686 4768 inter
1712 4711 1814 4766 Le-

239 4808 324 4860 ges
345 4787 786 4874 Langonardicas
809 4784 1053 4855 ejusdem
1074 4783 1306 4855 Augusti
1334 4784 1536 4854 legem,
1571 4781 1816 4838 Primum

241 4879 480 4918 omnium.

305 4956 331 4993 1»
355 4957 479 5011 Sive
521 4951 777 5023 chelydri,
817 4949 1028 5006 scilicet
1056 4945 1291 5002 Satanas.

308 5055 330 5084 ε
351 5046 434 5100 An
462 5045 647 5116 potius
674 5043 824 5112 c'tjus
855 5042 881 5095 ?

306 5137 330 5178 ⁸
356 5139 527 5207 hujus
550 5153 619 5192 no
647 5137 787 5192 ninis
810 5143 1057 5207 quartus,
1079 5147 1237 5207 quem
1270 5129 1616 5207 aliiquinmﬂm
1640 5129 1822 5198 appel-

247 5208 347 5263 lare
369 5199 788 5264 consueverunt.
818 5199 949 5260 Eum
980 5220 1009 5257 a
1038 5199 1308 5258 Ludmico
1329 5199 1423 5254 Pio
1455 5201 1506 5254 in
1539 5199 1822 5254 Franciam

248 5280 469 5334 accitum
526 5290 844 5348 auctorem
892 5285 1051 5348 poeta
1086 5285 1296 5348 noster.
1348 5270 1659 5348 Theganus
1693 5285 1822 5324 vero

249 5366 395 5406 secus
430 5350 636 5406 sentire
663 5343 909 5410 videtur,
934 5346 1048 5419 haec
1067 5344 1134 5397 de
1163 5344 1350 5397 eodem
1376 5356 1512 5419 papa
1533 5343 1662 5419 seri}
1684 5357 1817 5396 ens:

256 5437 272 5468 ί
304 5420 497 5476 Statim
525 5429 810 5490 postquam
837 5415 1205 5490 pontificatum
1245 5412 1501 5479 suscepit,
1521 5411 1685 5489 jussit
1709 5425 1826 5465 om-

253 5505 367 5544 nem
397 5479 981 5561 popu'lum'llomanum
1011 5485 1319 5561 fidelitatem
1371 5496 1492 5561 cum
1514 5479 1824 5561 juramento

253 5550 560 5628 proturittere
585 5559 893 5621 Ludovico;
921 5565 976 5610 et
1001 5553 1238 5628 dirigens
1268 5552 1620 5628 legatossuos
1641 5550 1707 5604 ad
1731 5567 1823 5606 su-

257 5621 550 5698 pradictum
579 5630 898 5700 principem,
952 5621 1218 5700 nuntiavit
1255 5621 1668 5700 ei,’n‘t_libenter
1702 5637 1826 5700 eum

258 5690 432 5756 videre
463 5690 716 5756 voluisset
755 5690 809 5753 in
847 5690 966 5751 loco
989 5696 1294 5762 ubicunque
1334 5691 1436 5762 sibi
1459 5690 1770 5760 placuisset.
1799 5713 1819 5745 ι

260 5765 435 5842 lfieque
471 5772 655 5842 dispar
698 5785 818 5825 esse
869 5767 1080 5842 videtur
1121 5761 1420 5842 ngnhardi.
1464 5762 1827 5842 sententiain

261 5830 446 5915 Annal.
495 5830 849 5915 Francorum.
912 5830 1231 5915 Anastasius
1374 5830 1490 5915 eius
1512 5832 1650 5915 'Yita
1691 5833 1826 5915 nihil

264 5907 400 5967 aliud
423 5910 602 5981 habet,
635 5910 742 5970 nisi
765 5923 890 5968 eum
933 5905 1226 5978 arripuisse
1271 5904 1374 5962 iter
1409 5900 1467 5960 in
1512 5900 1822 5977 Franciam,

1981 4717 2018 4841 ll;
2047 4715 2267 4840 Sgilieet
2293 4715 2598 4788 Stephanus
2626 4715 2862 4786 pontifex
2883 4756 2900 4784 ,
2935 4717 3194 4788 dignitate
3221 4719 3334 4791 regi
3364 4735 3504 4792 prae-

2021 4804 2087 4841 en
2125 4827 2139 4840 .

1917 4802 2087 4844 cetten
2094 4803 2139 4840 ς.

1997 4859 2012 4898 ί
2046 4856 2163 4912 Non
2179 4857 2363 4929 solum
2391 4855 2528 4912 ﬂexo
2565 4856 3037 4929 genuLudovicus
3079 4859 3354 4929 Augustus
3383 4857 3504 4912 Stru-

1919 4928 2098 4998 phano
2141 4927 2788 4999 obsequiunljexhibuit,
2836 4928 2930 4999 sed
2957 4929 3120 4982 etiam
3147 4927 3268 4999 plus
3309 4928 3502 4999 fecisse

1922 4995 2136 5069 videtur
2164 5011 2238 5069 ex
2261 4995 2410 5051 hisee
2433 4995 2672 5069 Thegani
2697 4997 2935 5052 auctoris
2968 4995 3260 5069 synchi-oui
3284 4997 3498 5052 verbis:

1929 5085 1947 5116 ι
1983 5066 2268 5122 Descendit
2303 5076 2531 5138 uterque
2575 5067 2640 5118 de
2689 5081 2830 5136 equo
2876 5066 3010 5131 suo,
3047 5075 3101 5123 et
3146 5069 3398 5138 princeps
3443 5085 3502 5122 ελ

1923 5146 2278 5207 prosternens
2302 5137 2449 5191 omni
2497 5153 2722 5206 corpore
2757 5139 2811 5192 in
2849 5147 3046 5193 terram
3078 5137 3252 5192 tribus
3295 5140 3502 5192 vici..sz

1923 5215 2049 5288 ante
2074 5208 2234 5288 petes
2260 5208 2392 5288 tannti
2422 5207 2711 5288 pontificis,
2740 5217 2797 5264 et
2820 5209 2976 5264 tertia
3007 5209 3124 5263 vice
3167 5217 3382 5263 erectus
3416 5223 3501 5264 sa-

1922 5277 2116 5332 lutavit
2145 5277 2472 5346 pontificem,
2511 5299 2528 5329 ι
2562 5287 2668 5334 etc.

1999 5347 2012 5398 i
2050 5347 2156 5403 Pro
2181 5349 2426 5402 Antistes.
2465 5350 2540 5404 l.a
2563 5349 2618 5404 in
2649 5364 2750 5404 ms.

1994 5419 2019 5458 ιι
2048 5419 2221 5473 Antea
2264 5435 2364 5475 nos
2386 5421 2596 5474 monuit
2631 5427 2808 5489 poeta,
2831 5425 2996 5486 atque
3013 5416 3220 5489 iterum
3249 5418 3388 5474 infra
3418 5437 3500 5475 re.

1997 5498 2095 5556 tet,
2133 5489 2365 5545 accitum
2397 5489 2567 5544 fuisse
2608 5487 2919 5559 pontificem
2950 5501 2982 5559 a
3011 5487 3284 5544 Ludovico
3318 5489 3414 5545 Pio
3449 5493 3500 5547 in

1973 5562 2234 5615 ranciam.
2279 5559 2434 5614 Nunc
2494 5557 2824 5613 Ludovicum
2875 5557 3081 5614 inducit
3128 5560 3500 5616 sciscitantem

1927 5645 2147 5685 causam
2189 5646 2287 5684 cur
2314 5629 2402 5683 ille
2426 5643 2485 5682 se
2528 5629 2582 5680 in
2613 5626 2822 5681 Gallias
2852 5629 3160 5684 contulerit.
3208 5631 3324 5686 Non
3364 5631 3504 5688 bene

1929 5701 2033 5756 ista
2079 5701 2370 5756 cohaerent.
2407 5698 2474 5751 Et
2517 5697 2733 5766 quidem
2763 5708 3034 5768 postrema
3088 5702 3202 5757 haec
3227 5718 3351 5758 cum
3377 5702 3506 5758 reli-

1967 5771 2050 5826 uis
2063 5785 2255 5843 eorum
2286 5769 2958 5843 temporumchronologis
2981 5775 3336 5839 concordant,
3365 5787 3464 5843 pro
3478 5801 3500 5828 θ

1967 5786 2050 5826 ωε
2067 5786 2255 5826 eorum
2286 5786 2587 5837 temporum
2612 5786 2958 5838 cnronorogrs
2981 5786 3336 5839 concordant,

1928 5786 2178 5921 gentibus
2199 5838 2531 5921 Stephanum
2559 5837 2848 5921 IV_spon_te
2870 5841 2994 5897 illuc
3024 5843 3346 5921 profectum.

2008 5909 2028 5953 ι
2057 5907 2348 5982 Scripserit
2373 5907 2609 5968 fortasse
2629 5907 2866 5987 Nigellus
2895 5907 3250 5989 ρτωὲσιιὶσᾳαε
3278 5921 3418 5968 tuon
