4022 6448
524 397 636 462 595

523 522 791 581 Cerneret
814 530 875 581 ut
902 540 1110 601 regem,
1139 526 1391 595 famulos,
1419 528 1534 586 sive
1559 530 1751 589 ordine
1776 540 1975 599 vestes,

590 610 993 688 Pincernasque
1012 634 1158 685 suos,
1184 620 1298 677 sive
1317 622 1505 678 domos
1526 623 1707 681 varias
1729 640 1746 680 :

518 704 735 785 Felices
755 705 966 778 famuli,
996 709 1183 771 felices
1206 712 1441 789 denique
1462 716 1643 783 servi,

594 796 699 871 Qui
721 806 870 856 stant
895 808 953 856 et
978 813 1208 859 cernunt
1253 804 1459 877 inclyta
1488 814 1643 879 gesta
1665 814 1782 865 tua.

520 888 719 949 Haurit
736 900 792 949 et
818 909 952 951 aure
977 896 1067 967 pia
1095 897 1187 968 qui
1211 900 1463 973 dogmata
1493 908 1676 957 vestra
1699 902 1929 973 bestiis,

591 984 663 1043 Et
687 987 919 1065 populus
942 987 1095 1057 felix,
1118 978 1284 1073 regna
1302 974 1470 1051 beata
1494 994 1680 1067 simul.

525 1072 611 1132 Sit
624 1074 774 1135 Deus
796 1077 1046 1136 excelsus
1068 1072 1183 1138 toto
1208 1082 1527 1145 recolendas
1547 1099 1767 1159 amore,

594 1167 701 1239 Qui
721 1170 820 1226 tibi
840 1173 1113 1228 concessit
1132 1173 1385 1253 dogmata
1417 1184 1565 1233 tanta
1589 1185 1747 1253 pater
1768 1194 1786 1245 ;

523 1259 624 1320 Cui
673 1263 872 1338 placet,
922 1273 1085 1339 atque
1125 1267 1380 1326 thronum
1439 1270 1533 1342 qui
1581 1270 1676 1326 dat
1727 1270 1964 1328 retinere
2011 1284 2109 1341 pa-

1756 1362 2032 1439 [ternum,

594 1450 903 1527 Dilexitque
932 1469 1059 1511 suos
1086 1462 1139 1510 te
1159 1469 1324 1531 super
1339 1454 1654 1514 instituens.

523 1542 620 1602 Bis
664 1546 851 1621 regina
900 1532 1042 1603 Saba
1072 1556 1155 1604 est
1180 1546 1528 1621 Sa‘lomonem
1574 1546 1739 1607 aﬂ'ata
1781 1554 2104 1621 potentem:

592 1634 692 1694 His
721 1654 823 1725 ego
847 1647 898 1695 te
923 1628 1149 1725 supplex
1170 1657 1334 1698 ausus
1359 1642 1512 1699 adire
1537 1641 1635 1699 fui.

524 1731 604 1788 'l'u
633 1724 816 1803 tamen
841 1745 899 1786 es
921 1724 1129 1805 potior,
1147 1741 1203 1790 tu
1242 1734 1346 1791 rite
1364 1735 1642 1807 potentior
1664 1741 1849 1794 exstas
1875 1753 1893 1792 :

582 1818 679 1881 Ille
703 1808 951 1882 umbram
973 1828 1235 1894 retinens,
1265 1836 1319 1883 tu
1342 1829 1468 1901 quia
1490 1844 1619 1886 vera
1649 1829 1800 1886 colis.

520 1915 614 1972 Ille
635 1915 739 1973 fuit
769 1918 986 1988 sapiens
1010 1918 1259 2002 nimium,
1286 1920 1381 1976 sed
1402 1921 1565 1977 cessit
1589 1921 1796 1990 amori;

590 2007 671 2063 Tu
712 2009 927 2078 sapiens
952 2018 1101 2065 caste
1138 2012 1279 2066 vivis
1313 2028 1500 2069 amore
1524 2012 1642 2069 Dei.

520 2100 686 2156 Israel
708 2100 798 2155 ille
822 2099 923 2155 fuit
944 2084 1199 2174 regnator
1227 2102 1395 2159 solius
1414 2103 1560 2160 arcis
1582 2119 1597 2157 :

592 2193 673 2248 Tu
704 2194 826 2266 pius
857 2194 1085 2266 Europae
1112 2210 1279 2268 regna
1309 2204 1561 2270 potenter
1585 2196 1776 2254 habes.

521 2284 665 2358 Ergo
688 2287 857 2342 Deum
885 2288 1064 2343 cuncti
1088 2288 1341 2359 precibus
1371 2290 1650 2360 pulsemus
1674 2289 1892 2363 opimis,

589 2380 661 2437 Ut
684 2389 736 2436 te
756 2390 1042 2439 conservet
1083 2381 1239 2438 szecla
1262 2398 1360 2454 per
1379 2385 1558 2454 ampla
1578 2385 1712 2441 suis.

522 2471 618 2529 His
659 2474 890 2545 aliisque
934 2474 1105 2531 Sacer
1140 2491 1303 2546 quam
1332 2475 1579 2547 pluribus
1623 2477 1849 2547 insuper
1901 2474 2108 2535 almum

587 2564 887 2637 Compellat
910 2582 1115 2637 regem,
1145 2565 1332 2622 Caesar
1363 2575 1418 2621 et
1445 2567 1561 2638 ipsc
1585 2565 1836 2623 Sacrum.

520 2656 719 2715 Pocula
755 2659 923 2714 densa
954 2658 1162 2721 volant,
1196 2660 1475 2733 tangitque
1503 2659 1736 2715 volentia
1756 2658 2002 2718 Bacchus

591 2750 787 2816 Corda,
813 2751 997 2808 fremit
1021 2752 1250 2829 populus
1270 2752 1455 2806 laetitia
1486 2753 1751 2807 unanimi.

522 2840 838 2899 Transactis
864 2842 1036 2913 epulis
1075 2850 1324 2910 surgunt,
1353 2843 1665 2912 mensisque
1690 2842 1896 2897 relictis

593 2936 777 2992 Caesar
800 2952 923 2992 cum
946 2935 1223 3006 Stephano
1256 2926 1395 2991 lecta
1420 2945 1630 2992 secreta
1666 2936 1823 3005 petit.

520 3024 748 3085 Noctem
771 3026 915 3082 illam
942 3027 1111 3093 curis,
1142 3027 1419 3096 variisque
1442 3027 1542 3082 sub
1567 3027 1757 3082 ordine
1785 3026 1948 3083 rebus

594 3121 886 3175 Dimittunt
917 3138 930 3174 :
957 3120 1129 3176 oculis
1163 3136 1387 3176 somnus
1413 3128 1468 3174 at
1496 3121 1613 3191 ipse
1642 3118 1795 3193 fugit.

523 3210 682 3268 Mane
712 3227 852 3269 novo
876 3210 1058 3269 Caesar
1092 3196 1428 3283 Stephanum
1468 3227 1830 3284 proceresque
1857 3224 2107 3273 senatum

593 3288 907 3363 Convocat:
935 3315 1023 3361 ast
1051 3305 1127 3361 illi
1158 3306 1303 3380 regia
1328 3304 1480 3374 jussa
1510 3288 1714 3361 colunt.

520 3395 705 3454 Caesar
723 3397 780 3457 in
809 3396 1022 3454 excelsa
1050 3398 1299 3454 consedit
1323 3396 1451 3453 sede
1482 3405 1729 3467 togatus,

589 3488 758 3545 Multa
783 3498 973 3546 tenens
996 3490 1199 3553 animo,
1225 3506 1345 3560 qua:
1371 3499 1529 3561 parat
1559 3490 1823 3558 incipere.

521 3578 705 3636 Aurea
726 3580 857 3637 sella
888 3577 1117 3657 Sacrum
1144 3580 1303 3637 lateri
1326 3581 1553 3639 sociavit
1574 3581 1750 3643 amico
1766 3621 1782 3646 ,

588 3673 660 3728 At
682 3688 942 3744 proceres
965 3673 1209 3729 resident
1230 3674 1421 3729 ordine
1445 3674 1677 3744 quisque
1703 3686 1822 3729 suo.

519 3765 661 3821 Tum
685 3766 808 3834 pius
832 3765 948 3821 haec
972 3765 1175 3831 Cmsar,
1214 3764 1403 3833 Sacro,
1446 3765 1772 3838 famulisque
1798 3767 2042 3824 subactis

586 3855 774 3912 Edidit
795 3870 889 3910 ore
920 3856 1069 3925 prior
1091 3872 1259 3913 aurea
1288 3858 1451 3913 verba
1480 3874 1682 3914 sonans
1716 3876 1728 3912 :

519 3950 718 4008 Audite
745 3949 885 4015 haec,
909 3964 1186 4021 proceres,
1209 3960 1266 4006 et
1290 3959 1368 4017 tu,
1409 3952 1753 4007 sanctissime
1779 3950 2001 4022 priesul,

592 4041 709 4100 Hoc
734 4058 1024 4099 commune
1042 4044 1245 4099 bonum
1275 4044 1535 4113 suscipite
1564 4045 1869 4101 unanimes.

518 4135 601 4195 En
624 4135 768 4203 mihi
791 4135 1168 4208 cunctipotens
1192 4136 1483 4192 miseratus
1509 4153 1676 4207 regna
1700 4145 1928 4207 paterna

591 4233 774 4290 Cessit
792 4232 996 4290 habere
1024 4232 1191 4300 Deus,
1216 4242 1270 4288 et
1290 4234 1457 4289 decus
1490 4248 1654 4288 omne
1677 4233 1857 4289 simul.

519 4324 640 4382 Non
661 4325 889 4393 meritis,
921 4333 984 4381 ut
1015 4325 1200 4392 credo,
1239 4325 1393 4387 meis,
1423 4325 1517 4381 sed
1542 4325 1713 4396 patris
1735 4325 1999 4380 honorem

584 4415 741 4473 I-Iunc
780 4417 1048 4475 miserans
1085 4416 1336 4473 Christus
1361 4417 1526 4473 cessit
1550 4418 1753 4473 habere
1774 4402 1928 4472 mihi.
1966 4402 1973 4407 ’

519 4507 667 4581 Ergo
683 4523 878 4581 precor
913 4507 1071 4572 (ldos,
1102 4517 1163 4564 et
1179 4518 1252 4575 te,
1282 4509 1546 4580 praeclare
1569 4509 1825 4566 sacerdos
1843 4551 1859 4576 ,

592 4600 667 4658 Ut
686 4601 821 4658 mihi
845 4601 1060 4659 consilii
1086 4601 1190 4658 rite
1216 4603 1407 4660 feratis
1432 4618 1613 4676 opem.

518 4693 589 4751 Et
613 4692 753 4752 ferte
773 4694 1035 4751 auxilium
1058 4693 1148 4766 qui
1181 4711 1395 4752 mecum
1422 4696 1668 4768 rcgmina
1691 4703 1881 4752 nostra

526 4770 535 4775 ’
594 4783 860 4853 Servatis,
891 4785 1094 4853 famuli,
1122 4794 1287 4857 tuque
1311 4789 1465 4841 beate
1493 4785 1692 4851 Sacer,

520 4876 642 4948 Quo
662 4878 863 4945 clerus,
886 4878 1225 4949 populusque
1247 4891 1419 4943 meus,
1444 4891 1779 4948 pauperque,
1802 4884 2109 4955 potensque

588 4970 723 5027 Jura
745 4980 973 5042 paterna
996 4971 1151 5049 sequi
1174 4987 1261 5049 me
1286 4969 1522 5027 faciente
1542 4979 1767 5047 queant.

521 5063 731 5138 Regula
796 5076 825 5105 ει
879 5071 1067 5119 sancta
1118 5062 1344 5119 Patrum
1397 5065 1734 5135 constringat
1794 5064 1849 5119 in
1919 5067 2111 5123 ordine

1778 5156 2006 5229 [clerum
2023 5200 2036 5222 ,

478 5324 483 5334 _
607 5267 834 5324 tlnnuit
860 5276 1021 5339 poeta
1058 5267 1257 5323 librum
1287 5267 1352 5322 de
1400 5266 1519 5325 Vita
1544 5265 1876 5333 clericorum,
1905 5270 2019 5324 sive
2045 5269 2111 5325 de

524 5339 863 5394 Institutione
891 5339 1285 5403 canonicorum,
1322 5353 1483 5407 quam
1506 5347 1636 5393 tunc
1650 5340 1777 5408 pius
1802 5340 1909 5395 iste
1924 5340 2111 5395 Caesar

527 5411 916 5476 meditabatur,
953 5419 1011 5465 et
1037 5411 1156 5481 ipso
1175 5418 1405 5466 curante
1438 5409 1667 5465 subinde
1692 5411 1808 5479 ipso
1837 5425 1981 5481 anno
2005 5411 2109 5465 816

528 5481 582 5535 in
606 5482 837 5536 concilio
861 5480 1286 5552 Aquisgt‘anetisi
1313 5488 1621 5537 statuerunt
1667 5482 1926 5552 episcopi.
1954 5480 2110 5552 Quod

528 5552 677 5621 pium
722 5550 1067 5622 institutum,
1116 5552 1169 5606 in
1210 5565 1414 5622 paucas
1460 5562 1621 5606 antea
1660 5550 1922 5606 ecclesias
1958 5551 2112 5606 inve-

530 5628 702 5685 ctum,
735 5621 927 5676 deinde
955 5638 1052 5694 per
1085 5621 1342 5679 universa
1375 5636 1537 5690 regna
1561 5622 1917 5685 Francorum,
1943 5630 2112 5749 κῆ

530 5691 668 5747 adeo
706 5706 805 5749 per
847 5693 1019 5749 insam
1042 5693 1255 5748 Italiam
1272 5692 1557 5749 pruinagari
1589 5702 1827 5749 emotum
1853 5700 1958 5747 est.

530 5691 668 5765 adeo
706 5706 805 5765 per
835 5691 1019 5765 ipsam
1042 5693 1255 5765 Italiam
1272 5692 1557 5765 propagari
1589 5702 1827 5765 coeptum
1853 5700 1958 5747 est.

532 5758 600 5817 de
643 5758 917 5819 Ludovico
967 5765 1130 5820 habet
1174 5758 1478 5827 Adémarus
1532 5763 1588 5817 in
1640 5758 1739 5819 suo
1786 5762 2107 5819 Chronico:

540 5848 563 5884 ι
593 5830 766 5907 Jussi_t
798 5831 919 5907 fieri
948 5833 1230 5907 .Regulam
1253 5833 1552 5907 canonicis,
1591 5834 2009 5907 excerpum'de
2026 5834 2114 5890 di-

531 5903 951 5981 versisyatrum
974 5903 1289 5975 scripturis,
1305 5903 1807 5974 decrerim-esis
1816 5905 2115 5964 observan-

1833 410 2141 473 ERMOLDI
2176 409 2453 475 NIGELLI

2127 532 2182 599 Δ
2271 534 2339 591 Et
2366 531 2626 605 populum
2647 528 2818 589 societ
2837 526 2928 585 lex
2952 527 3266 586 veneranda
3284 525 3535 587 Patrum.

3676 404 3788 470 ωε

2205 625 2275 682 Et
2293 626 2683 681 monachorum
2708 622 2842 678 ordo
2861 620 3139 677 Benedicti
3171 620 3423 693 dogmate
3440 628 3685 688 crescat.

2277 716 2514 775 ﬂoribus
2530 722 2589 773 et
2607 715 2721 771 vita
2739 728 2940 786 pascua
2960 720 3149 769 sancta
3162 720 3337 784 petat.

2204 808 2367 867 Dives
2386 817 2512 882 agat
2529 809 2726 881 legem,
2748 820 2957 878 pauper
2978 814 3233 863 teneatur
3255 807 3446 864 eadem
3465 847 3484 876 ,

2274 900 2761 972 Nec'personarum
2782 899 2857 956 sit
2877 897 3028 955 locus
3051 905 3216 968 atqire
3245 898 3463 955 modus.

2206 993 2429 1051 Munera
2454 1006 2602 1050 saeva
2619 992 2800 1049 locum
2824 990 2990 1047 nullis
3025 990 3277 1047 redimita
3300 992 3541 1049 metallis

2278 1085 2436 1149 Haud
2456 1092 2703 1151 teneant,
2726 1084 2924 1140 cedant
2943 1083 3086 1139 dona
3108 1083 3346 1157 maligna
3360 1085 3577 1156 procul.

2207 1177 2268 1235 Si
2293 1193 2510 1251 quoque
2522 1178 2645 1250 jure
2664 1192 2884 1250 gregem
2908 1176 3128 1233 Domini
3148 1192 3251 1234 nos
3263 1176 3541 1250 pascimus
3561 1178 3781 1242 almum,

2272 1270 2446 1341 Quem
2466 1269 2623 1335 mihi,
2647 1270 2762 1327 sive
2797 1269 2917 1335 tibi,
2935 1276 3125 1340 pastor
3143 1279 3345 1338 amate,
3366 1272 3555 1327 dedit:

2206 1362 2778 1436 Corrigimuspravos,
2801 1362 3066 1418 donamus
3087 1376 3313 1419 munere
3334 1361 3536 1432 iustos,

2276 1457 2347 1514 Et
2373 1456 2602 1513 facimus
2632 1454 2889 1527 populum
2907 1455 3033 1528 jura
3052 1463 3281 1526 paterna
3307 1456 3460 1528 sequi
3488 1472 3507 1513 :

2208 1549 2345 1607 Tum
2365 1549 2511 1606 Deus
2540 1548 2789 1604 excelsus
2807 1548 2988 1613 nobis,
3026 1549 3333 1620 populoque
3354 1548 3579 1621 sequaci

2274 1642 2565 1705 Praestabit
2586 1642 2857 1699 miserans
2880 1655 3046 1713 regna
3066 1642 3225 1698 beata
3248 1641 3379 1712 poli,

2208 1734 2385 1807 Atque
2417 1735 2473 1791 in
2490 1735 2749 1807 praesenti
2786 1741 3035 1790 nostrum
3062 1732 3303 1790 servabit
3322 1733 3610 1799 honorem,

2278 1825 2511 1884 Infestos
2532 1828 2717 1883 hostes
2750 1826 2840 1882 hic
2873 1824 3064 1897 procul
3085 1822 3221 1881 b'ire
3246 1814 3393 1881 facit.

2126 1895 2183 1961 Β
2209 1917 2322 1978 Nos
2349 1920 2521 1976 simus
2545 1918 2694 1975 clero
2713 1895 3045 1988 exemplum,
3064 1931 3163 1973 seu
3184 1931 3376 1972 norma
3404 1914 3645 1987 popelli:

2280 2014 2556 2071 Justitiam
2578 2013 2771 2068 doceat
2793 2011 2992 2081 pmsul
3019 2019 3246 2081 uterque
3270 2008 3421 2066 suos;

2206 2108 2375 2167 Israel
2394 2109 2483 2164 ille
2505 2108 2602 2164 Dei
2620 2098 2861 2179 populus
2873 2105 3100 2161 dilectus
3123 2119 3329 2171 amore,

2282 2200 2384 2269 Qui
2406 2200 2636 2272 pedibus
2656 2198 2816 2255 siccis
2840 2212 2939 2269 per
2965 2198 3134 2253 maris
3152 2196 3251 2252 ivit
3275 2196 3397 2262 iter,

2209 2292 2305 2351 Cui
2339 2292 2480 2348 Deus
2505 2292 2561 2346 in
2581 2304 2768 2347 eremo
2792 2289 2958 2346 teritis
2977 2288 3283 2344 labentibus
3302 2286 3460 2342 annis

2280 2385 2477 2440 Manna
2494 2383 2674 2439 cibum
2699 2382 2906 2449 tribuit,
2928 2395 3064 2452 rupe
3084 2380 3308 2436 volucre
3328 2379 3522 2449 dapes;

2209 2476 2308 2534 Cui
2330 2475 2433 2532 fuit
2457 2490 2609 2531 arma
2638 2475 2798 2537 Deus,
2826 2471 3057 2543 gladius,
3083 2481 3405 2543 scutumque
3424 2474 3648 2551 viator,

2280 2567 2360 2624 Ad
2387 2567 2774 2639 repromissum
2808 2568 2954 2623 vexit
2981 2566 3189 2622 honore
3212 2564 3422 2629 locum;

2210 2662 2328 2732 Quo
2352 2668 2623 2732 praecepta
2644 2659 2740 2714 Dei
2768 2659 3004 2714 servavit
3030 2659 3273 2728 adusque
3295 2654 3569 2717 docentis,
3588 2652 3599 2658 ’

2281 2754 2556 2811 Justitiam
2579 2752 2766 2818 coluit,
2790 2753 3166 2825 iudiciumque
3185 2750 3364 2816 dedit;

2210 2848 2457 2920 Dumque
2485 2850 2540 2903 in
2581 2862 2765 2904 amore
2783 2848 2875 2918 pio
2901 2844 3186 2901 Dominum
3212 2842 3402 2899 dilexit
3432 2838 3714 2908 eumdem,

2279 2940 2397 2996 Non
2419 2940 2593 2997 aliena
2614 2953 2871 3009 sequens,
2904 2938 2997 2992 sed
3014 2936 3104 3007 pia
3129 2935 3274 2991 dicta
3306 2932 3403 2989 Dei
3434 2948 3452 2987 :

2210 3031 2481 3088 Adversas
2502 3030 2577 3085 illi
2599 3028 2895 3100 prostravit
2917 3026 3140 3082 numine
3158 3033 3367 3097 gentes,

2282 3124 2551 3193 Prospera
2578 3129 2772 3177 cuncta
2804 3119 2971 3183 dedit,
3000 3128 3166 3188 atque
3188 3116 3409 3172 inimica
3436 3112 3577 3171 tulit.

2212 3216 2258 3276 O
2284 3217 2413 3273 felix
2444 3229 2658 3284 semper
2682 3212 2893 3269 Domini
2927 3212 2970 3267 si
3002 3209 3156 3279 jussa
3182 3217 3402 3266 secutus
3536 3212 3541 3215 ‘

2281 3307 2526 3372 Adforet,
2557 3314 2821 3362 mternum
2847 3318 3015 3376 regna
3042 3309 3251 3357 teneret
3271 3306 3463 3357 ovans.

2212 3401 2427 3457 Divitiis
2452 3399 2669 3453 incaute
2690 3405 2748 3450 ut
2772 3396 2949 3467 primo
2972 3394 3192 3449 indulsit
3216 3393 3437 3463 opimis,

2281 3493 2554 3550 Justitiam
2592 3491 2767 3560 liquit,
2792 3498 2847 3545 et
2868 3488 3027 3544 simul
3059 3502 3218 3542 omne
3242 3485 3473 3550 bonum,

2212 3581 2776 3654 DeseruitqueDeum,
2803 3580 2971 3634 coluit.
3004 3592 3129 3632 mox
3158 3576 3300 3633 idola
3322 3590 3461 3631 vana
3492 3593 3510 3630 :

2284 3682 2489 3737 Idcirco
2514 3695 2706 3750 passus
2735 3687 2814 3733 tot
2838 3677 2975 3732 mala
3011 3676 3112 3731 rite
3148 3675 3266 3730 fuit.

2209 3774 2322 3839 Sed
2343 3775 2507 3829 Pater
2527 3773 2872 3827 arcliiteuens
2899 3769 3068 3840 plagis
3096 3769 3375 3838 variisque
3393 3762 3615 3839 ﬂagelil

2282 3866 2534 3921 Correxit
2579 3864 2781 3923 docuit,
2821 3860 3049 3932 pristina
3080 3859 3205 3928 jura
3228 3858 3376 3915 dedit
3410 3862 3415 3869 '

2213 3958 2285 4018 Ut
2318 3957 2481 4013 miser
2499 3955 2726 4011 aﬂlictns
2746 3952 2965 4008 Domini
2990 3940 3302 4027 meminisse
3326 3947 3545 4027 volebat
3564 3986 3582 4015 ,

2284 4049 2405 4104 Mox
2432 4049 2556 4118 pius
2576 4047 2720 4102 altor
2742 4046 2889 4101 enim
2910 4044 3244 4116 suscipiebat
3264 4057 3412 4097 eum.

2214 4143 2341 4200 Haec
2360 4158 2492 4213 gens
2522 4140 2634 4196 sola
2658 4140 2826 4194 Deum
2865 4147 3043 4201 norat,
3064 4136 3374 4208 partimque
3406 4130 3660 4189 Tonantis

2279 4234 2517 4290 Parebat
2551 4232 2746 4298 dictis,
2776 4237 2941 4302 atque
2979 4228 3192 4285 colebat
3215 4243 3361 4283 eum.
3462 4224 3467 4235 “

2212 4325 2423 4397 Cretera
2444 4323 2605 4379 turba
2631 4322 2852 4393 quidem
2873 4318 3129 4385 servabat
3144 4317 3298 4388 jussa
3334 4315 3562 4383 celidri,

2279 4419 2569 4479 Factorem
2590 4417 2871 4487 ignorans,
2897 4410 3156 4466 daemonis
3187 4423 3316 4464 orsa
3343 4419 3596 4478 sequens.

2212 4509 2313 4565 Hic
2334 4524 2432 4580 per
2455 4506 2830 4575 trinquadrum
2860 4514 2882 4542 ε
2911 4502 3195 4574 regnabat,
3220 4500 3357 4574 proh
3380 4498 3565 4555 dolor!
3586 4495 3779 4559 urbem,

2286 4600 2353 4655 Et
2371 4592 2540 4672 genus
2563 4596 2859 4653 humanum
2884 4593 2937 4649 in
2963 4608 3062 4649 sua
3085 4584 3453 4662 regna'dabat.
3580 4580 3607 4589 ’“

2210 4694 2437 4766 Jamque
2456 4691 2789 4754 sacerdotes,
2811 4702 2987 4758 reges,
3026 4683 3327 4742 solemnica
3351 4681 3481 4753 jura

2234 4794 2239 4801 '
2283 4784 2583 4842 Cessabant
2605 4794 2851 4854 prorsus,
2882 4780 3059 4836 hostia
3087 4778 3203 4834 sive
3230 4790 3407 4832 sacra.

2212 4880 2348 4934 Tum
2371 4879 2492 4950 pius
2513 4876 2739 4932 indoluit
2760 4874 2991 4947 genitor,
3017 4871 3365 4940 Verbumque
3393 4865 3587 4947 salutis

2281 4968 2609 5025 Transmisit
2647 4966 2865 5028 mundo,
2899 4973 2958 5018 ut
2982 4978 3083 5018 nos
3108 4960 3230 5033 pius
3252 4952 3489 5015 erueret”.
3560 4958 3573 4967 ’

2210 5060 2305 5117 llle
2328 5060 2461 5114 lavit
2490 5059 2711 5131 proprio
2743 5058 3012 5112 miserans
3044 5055 3111 5109 de
3140 5053 3407 5124 sanguine
3422 5046 3733 5119 'mundum,

2283 5151 2544 5225 Dogmata
2576 5149 2724 5205 clara
2750 5148 2915 5214 dedit,
2937 5145 3206 5225 justitiam
3234 5142 3440 5200 docuit.
3474 5142 3481 5151 '
3546 5144 3551 5151 “
3584 5150 3591 5159 ‘
3642 5142 3667 5149 “’

2216 5270 2339 5325 dam
2387 5285 2418 5323 a
2463 5268 2766 5332 canonicis,
2814 5275 2875 5321 ut
2914 5266 3056 5321 sicut
3095 5262 3346 5319 monachi
3382 5261 3687 5334 respiciunt
3733 5256 3800 5314 ad

2214 5340 2412 5425 librum
2439 5339 2658 5421 Regulae
2678 5331 2850 5393 sancti
2886 5335 3190 5421 Denedict'i,
3231 5334 3312 5388 sic
3335 5331 3621 5457 perlﬁgant
3641 5344 3806 5387 cano-

2215 5428 2324 5457 mm
2372 5421 2517 5457 mter
2543 5426 2601 5457 se
2626 5410 2823 5457 lllmtm
2851 5409 2988 5457 Vlla!
3025 5406 3373 5457 clencornm.
3412 5424 3431 5457 1
3520 5403 3617 5457 Ihtl
3638 5401 3806 5457 habet

2215 5412 2325 5468 nici
2372 5401 2601 5465 inter'sc
2626 5410 2824 5463 librum
2851 5408 2988 5464 Vitae
3025 5401 3373 5463 clericorum.
3412 5424 3431 5457 ι
3469 5401 3617 5458 Nihil
3638 5401 3806 5458 habet

2215 5482 2305 5556 hic
2332 5491 2492 5553 poeta
2520 5482 2588 5535 de
2631 5478 3161 5556 sanctimonialihqs,
3182 5476 3399 5556 quibus
3427 5485 3807 5556 tamengregu-

2212 5552 2319 5608 lam
2334 5548 2566 5623 quoque
2597 5551 3050 5623 praescribendam
3080 5548 3388 5605 Ludovicus
3420 5548 3661 5602 curavit.

2276 5625 2310 5666 δ
2336 5613 2630 5688 F'Ortassis',
2655 5623 2777 5677 hinc
2797 5619 3001 5695 procul.
3028 5636 3033 5647 ι
3078 5642 3087 5647 -
3210 5638 3215 5645 ο
3520 5636 3533 5644 ’-

2286 5706 2311 5736 ο
2325 5695 2439 5752 Pro
2450 5685 2914 5766 triquetrumfhoc
2934 5701 3019 5767 est
3038 5706 3138 5765 per
3165 5699 3278 5748 tres
3296 5698 3485 5767 partes
3498 5687 3666 5761 orbis,
3694 5685 3815 5767 sive

2212 5778 2331 5838 pert
2343 5761 2542 5838 totum'
2560 5774 2841 5838 terrarum
2858 5761 3091 5838 orbem,
3144 5761 3317 5835 quem"
3340 5761 3579 5817 'in‘tres
3617 5764 3815 5838 partes

2215 5827 2347 5913 590°
2392 5836 2724 5913 dividebant.
2782 5834 3033 5913 America
3074 5827 3291 5913 fecit???
3336 5838 3483 5913 ,Ψιισ
3502 5846 3508 5855 ³

2212 5906 2603 5981 medullula.
2678 5898 2721 5911 ﬂ
2830 5906 3017 5946 Ψη⁵⁸¹σ
3074 5906 3115 5931 Ην
3166 5898 3267 5930 “SA
3336 5905 3413 5929 nu
3530 5898 3797 5926 W1..-;
