4022 6498
292 383 394 449 597
1150 379 1238 436 DE
1272 377 1501 437 naeus
1539 376 1784 436 assus
1817 376 2144 437 LUDOVlCl
2181 377 2288 436 ru.
2328 409 2400 420 -
2436 339 2564 440 LlB.
2602 379 2665 436 η.
3439 374 3548 434 sas

284 497 595 569 infernique
612 502 806 570 potens
825 491 1090 566 confregit
1115 492 1338 548 numine
1360 491 1544 546 valvas
1561 530 1579 557 ,
1891 505 1942 566 Α
1967 491 2093 549 Haec
2113 501 2196 549 est
2221 507 2406 558 causa,
2439 491 2625 557 Sacer,
2656 507 2764 562 qua
2790 500 2844 548 te
2863 493 3134 570 accersite
3158 490 3367 568 rogavi.

355 593 515 650 Eruit
535 590 760 656 electos,
781 589 1043 644 daemonis
1068 601 1218 641 arma
1242 584 1380 641 tulit.
1407 613 1409 616 ‹
1710 589 1724 598 ”
2041 583 2272 654 Adjutor
2293 583 2451 641 fortis
2474 592 2591 641 esto
2615 585 2779 640 beate
2805 585 2998 640 mihi."
3079 599 3084 604 ·
3167 593 3176 616 ³
3217 593 3242 628 '-
3307 599 3312 620 ε

284 683 413 746 inde
435 680 670 754 superna
695 690 886 753 petens
908 677 1223 735 conscendit
1251 676 1306 731 in
1328 676 1533 731 rethera
1557 676 1759 742 victor,
1968 676 2108 734 Tum
2135 678 2303 735 Sacer
2335 679 2401 734 ad
2441 677 2640 734 caelum
2679 676 2872 748 palmis
2895 679 3036 732 ~’cum
3080 677 3286 735 lumina
3318 677 3554 738 tendens

357 774 746 832 Christicolum
765 771 926 829 nobis
948 784 1148 826 nomen
1168 768 1370 824 habere
1398 767 1564 824 dedit.
1687 791 1692 800 -
1752 797 1756 800 -
2037 770 2261 838 Orabat,
2289 773 2537 828 recinens
2563 773 2680 827 haec
2697 773 2920 843 quoque
2935 772 3104 827 verba
3127 771 3284 828 Deo:
3323 787 3357 814 δν
3409 761 3436 811 ί

287 869 530 940 Quisque
572 867 721 940 cupit
759 863 965 923 Christi
990 861 1135 920 nunc
1165 863 1364 918 nomen
1396 862 1619 928 habere,
1649 875 1871 918 necesse
1969 864 2016 923 Ο
2045 865 2155 922 Dee
2177 866 2528 931 celsitonans,
2552 865 2914 938 quiregmina‘
2937 872 3135 921 cuncta
3155 864 3361 922 creasti

361 1017 364 1019 λ
929 969 936 978 '
1329 967 1332 970 ’
1585 967 1592 969 ’
1695 955 1800 1029 [est
2037 955 2175 1012 Nate
2198 957 2360 1012 simul
2395 957 2634 1025 Christe,
2663 957 2898 1030 Spiritus
2925 965 3090 1030 atque
3115 968 3310 1024 sacer:
3340 947 3352 982 ³

357 1051 476 1120 Quo
502 1058 669 1123 caput
691 1048 976 1115 abscessit,
1000 1047 1271 1121 prendere
1299 1047 1619 1103 certet'iter.
1693 1069 1697 1072 ·
1761 1059 1786 1076 ν
1971 1048 2053 1106 Tu
2078 1049 2257 1115 Petre,
2295 1050 2388 1121 qui
2411 1050 2532 1106 cmlj
2565 1050 2856 1121 prteclams
2884 1051 3366 1122 claviger'exstas,

289 1144 550 1214 Quamvis
576 1139 740 1200 dante
765 1143 879 1199 Deo
913 1151 1062 1199 totus
1082 1155 1233 1197 nunc
1251 1143 1487 1198 mundus
1509 1141 1748 1196 abundet
2043 1143 2180 1199 Rete
2206 1145 2378 1200 trahis
2403 1143 2660 1215 populum
2689 1145 2756 1199 ad
2787 1144 2979 1199 ccelica
3003 1155 3170 1214 regna
3187 1152 3295 1198 tuo
3307 1159 3332 1210 :2

353 1235 741 1292 Christicolum
771 1235 970 1301 turbis,
990 1233 1353 1304 Ecclesitrque
1377 1232 1483 1288 ﬁde
1501 1274 1516 1299 ,
1971 1233 2040 1290 Et
2063 1249 2159 1290 vos
2176 1235 2456 1302 caelicolae,
2481 1251 2711 1305 quorum
2742 1251 2888 1292 nunc
2917 1249 3143 1306 corpora
3170 1235 3345 1290 Roma

287 1325 394 1385 Nec
418 1328 491 1382 sit
511 1342 648 1398 opus
675 1326 887 1382 Domini
921 1324 1153 1380 famulos
1173 1339 1272 1394 pro
1301 1325 1520 1379 nomine
1541 1323 1675 1379 caedi
1695 1364 1710 1390 ,
2042 1324 2258 1392 Servat,
2282 1333 2336 1380 et
2367 1325 2541 1382 cilicia
2575 1327 2766 1382 sedula
2796 1327 2960 1397 digna
2980 1333 3136 1398 para;
3239 1341 3248 1345 η
3333 1341 3341 1364 ι

355 1417 492 1473 Cum
522 1418 726 1489 passim
760 1416 963 1473 Christi
993 1430 1192 1472 nomen
1222 1418 1277 1470 in
1301 1417 1438 1472 orbe
1457 1416 1623 1481 boet;
1974 1418 2276 1491 Ad'populi
2303 1421 2570 1491 regimen,
2600 1421 2754 1492 regni
2785 1420 3149 1490 Ecclesiaaque
3175 1419 3431 1475 decorem

289 1509 353 1568 Et
386 1509 531 1564 male
560 1509 664 1565 ﬁda
697 1511 915 1576 cohors,
939 1507 1155 1565 Domini
1179 1524 1302 1580 quae
1321 1510 1514 1580 dogma
1537 1507 1770 1576 refutat,
2041 1509 2264 1567 Servate
2288 1513 2433 1566 hunc
2455 1527 2637 1584 regem
2667 1511 2829 1568 saecla
2859 1526 2960 1583 per
2983 1509 3162 1582 ampla
3185 1521 3422 1582 precor;

357 1602 599 1674 Cuspide
617 1601 950 1659 Chr‘isticolo
971 1600 1086 1671 jam
1117 1601 1308 1673 procul
1333 1609 1454 1657 acta
1482 1601 1661 1673 fugit;
1766 1592 1770 1596 λ
1977 1607 2260 1680 Dogmate,
2289 1617 2487 1674 marte,
2523 1611 2628 1665 ﬁde
2665 1621 2846 1666 mores
2873 1609 3134 1682 praecellit
3162 1610 3357 1676 avitos,

286 1696 549 1764 Quamvis
572 1697 827 1753 Ecclesia-
847 1693 1060 1763 Patres,
1097 1703 1422 1766 nostrosque
1445 1696 1660 1767 priores
2046 1697 2213 1754 Curat
2241 1707 2297 1754 et
2326 1701 2648 1767 Ecclesiam,
2683 1692 3082 1772 imperiumque
3107 1699 3268 1773 regit.
3347 1723 3352 1734 ·

290 1801 300 1822 '-
357 1790 508 1846 Mors
533 1791 656 1846 tulit
683 1799 803 1845 atra
825 1791 1064 1862 quidem,
1094 1800 1239 1846 nunc
1271 1797 1421 1846 tenet
1449 1789 1569 1844 aula
1591 1788 1688 1845 Dei
1719 1805 1733 1842 :
1979 1787 2048 1843 Et
2074 1791 2258 1844 sedem
2280 1790 2426 1845 Petri
2449 1805 2663 1848 summo
2695 1793 2950 1862 praeditat‘
2974 1792 3182 1847 honore
3199 1831 3214 1858 ,

285 1878 463 1937 Morte
494 1882 624 1937 licet
650 1881 1126 1952 nequeamus,‘eos
1145 1889 1416 1937 certemus
1441 1888 1666 1937 ovantes
1904 1870 1952 1931 Β
2053 1877 2120 1933 Et
2148 1879 2331 1944 Pater,
2363 1889 2419 1934 et
2457 1882 2627 1936 Sacer
2655 1892 2758 1947 est,
2789 1882 2952 1948 altor,
2989 1890 3046 1937 et
3073 1897 3227 1936 arma
3254 1880 3392 1938 suis.

352 1970 539 2028 Corde
563 1973 718 2043 sequi
738 1989 895 2044 puro,
928 1971 1270 2044 iustitiaque,
1298 1974 1422 2028 ﬁde.
1982 1969 2096 2025 Hoc
2119 1971 2262 2025 dicto
2283 1972 2530 2028 celerans
2551 1974 2890 2044 amplexibus
2917 1975 3078 2029 haesit
3102 1974 3316 2039 amicis.

283 2059 490 2132 Diligat
511 2065 690 2119 omnis
714 2065 876 2119 homo
904 2061 1167 2129 fratrem,
1183 2066 1486 2120 monitante
1506 2062 1735 2130 Joanne,
2050 2062 2230 2118 Laetus
2253 2065 2458 2118 honore
2493 2081 2609 2129 suo,
2643 2081 2868 2119 munere
2900 2066 3016 2120 sive
3041 2065 3210 2121 Petri.

356 2152 536 2221 Quem
561 2156 727 2220 videt,
755 2163 816 2210 ut
834 2156 1109 2212 Christum
1134 2171 1359 2213 cernere
1387 2167 1570 2213 mente
1588 2165 1773 2228 queat.
1981 2155 2228 2222 Inchoat,
2255 2166 2310 2210 et
2347 2158 2560 2212 cunctis
2587 2158 2861 2213 monitans
2887 2157 3143 2227 datjussa
3165 2157 3394 2225 silendi;

287 2244 389 2302 llic
408 2246 489 2302 ait
509 2247 578 2302 ad
599 2247 821 2303 Petrum
855 2265 867 2302 :
903 2248 1111 2317 Simon,
1141 2267 1229 2306 me
1263 2244 1467 2324 diligis,
1497 2267 1569 2306 an
1595 2252 1742 2307 non?
2054 2247 2163 2304 Ore
2189 2250 2420 2320 benigna
2450 2249 2619 2306 refert
2645 2250 2761 2306 haec
2796 2251 2918 2320 pius
2939 2266 3063 2307 orsa
3093 2251 3223 2324 pio:

353 2337 462 2394 'l‘er
481 2339 574 2395 cui
602 2339 799 2397 Petrus
833 2341 911 2397 ait
935 2359 948 2396 :
978 2341 1101 2399 Scis
1121 2344 1246 2414 quia
1265 2352 1432 2400 temet
1453 2359 1596 2400 amo.
1987 2339 2182 2396 Roma.
2209 2340 2321 2404 tibi,
2353 2341 2553 2406 Caesar,
2590 2343 2911 2396 transmittit
2932 2358 3162 2398 munera
3180 2342 3357 2410 Petri,

285 2432 342 2490 Si
364 2450 472 2499 me,
505 2434 766 2492 Christus
791 2436 887 2503 ait,
911 2437 1122 2503 hortor,
1139 2444 1209 2492 tu
1235 2438 1434 2509 diligis,
1471 2451 1641 2510 agnos
2059 2433 2229 2504 Digna
2261 2434 2392 2490 satis
2415 2435 2596 2504 digno,
2625 2436 3062 2505 conveniensque
3089 2437 3273 2492 decus.

345 2529 535 2586 Pasce.
562 2545 734 2598 meos,
757 2530 942 2598 Petre,
968 2547 1092 2587 cum
1132 2533 1352 2603 pietatis
1373 2547 1494 2601 ope.
1991 2523 2130 2580 Tum
2147 2525 2302 2593 jubet
2331 2525 2514 2582 afferri
2559 2529 2788 2598 gemmis
2816 2543 3058 2597 auroque
3083 2543 3370 2596 coronam,

281 2620 442 2696 Ergo,
473 2621 680 2690 S-acer,
709 2623 924 2695 plebem
964 2623 1138 2680 nostri
1166 2632 1250 2680 est
1277 2631 1474 2680 curare
1501 2624 1783 2680 subactam
1805 2665 1821 2691 ,
2063 2616 2194 2684 Quae
2216 2617 2565 2674 Constantini
2596 2629 2619 2657 ο
2645 2616 2876 2674 Cwsaris
2909 2627 3036 2673 ante
3061 2619 3185 2674 fuit.

343 2715 529 2773 Nobis
557 2732 720 2788 quam
756 2717 1018 2772 Dominus
1039 2726 1267 2788 pascere
1294 2717 1600 2773 Constituit.
1990 2705 2205 2779 Accipit
2235 2709 2350 2778 ipse
2381 2725 2569 2775 manu,
2605 2710 2787 2766 verbis
2814 2711 3110 2778 benedicit,
3137 2720 3194 2768 et
3216 2718 3366 2781 orat,

284 2805 360 2861 Tu
385 2823 562 2864 sacer
595 2807 835 2874 antistis,
877 2817 978 2881 ego
1001 2823 1098 2864 rex
1136 2823 1256 2864 sum
1287 2807 1778 2869 Christicolarum;
2065 2798 2368 2855 Sleu'mata
2403 2799 2420 2838 τ
2453 2801 2602 2855 clara
2629 2811 2840 2867 tenens,
2863 2803 3068 2858 lumina
3089 2817 3261 2875 pansa
3286 2800 3434 2876 polo.

297 2905 304 2910 '
349 2898 658 2957 Servemu‘s
692 2902 953 2973 populum
975 2903 1250 2974 dogmate,
1283 2903 1419 2975 lege,
1449 2902 1576 2958 ﬁde.
1996 2891 2096 2960 Olli
2131 2893 2274 2964 regis
2317 2894 2607 2963 imperium
2640 2896 2848 2960 mundi,
2897 2897 3226 2968 saeclumque
3274 2896 3579 2970 gubernas,

290 2991 512 3049 Addidit
549 3001 606 3049 at
636 2992 821 3050 Caesar
845 2997 1034 3068 paucis
1060 2997 1177 3053 haec
1207 2997 1428 3067 insuper
1458 3011 1553 3052 ore
1571 3036 1586 3063 ,
2066 2983 2168 3051 QUi
2194 2983 2381 3040 Ποπιαὲ
2405 2988 2431 3025 ⁸
2459 3001 2648 3042 censes
2677 2988 2826 3043 orbis
2848 2989 3051 3045 habere
3074 2998 3269 3060 caput.

365 3086 498 3155 Qua:
529 3102 688 3144 sacer
711 3091 928 3146 antistis
958 3091 1186 3162 suscipit
1216 3107 1346 3146 aure
1369 3093 1479 3163 pia.
1994 3078 2220 3143 Ellam“,
2264 3083 2625 3152 ρτθοίὺυείμιθ
2651 3084 2805 3147 meis,
2833 3092 2979 3156 Ρθιον
3001 3084 3161 3142 necte
3185 3084 3514 3164 δθηῖεηωι

297 3175 357 3233 Si
387 3189 475 3235 tua
503 3182 628 3254 jura
659 3193 683 3223 α
711 3192 951 3248 manent,
985 3183 1131 3240 Petri
1169 3185 1262 3255 qui
1292 3171 1536 3258 r‘egmina
1561 3200 1744 3253 curas,
1922 3241 1962 3258 η
2061 3173 2302 3240 Christe.
2339 3189 2557 3242 aurem;
2586 3177 2728 3232 votis
2752 3193 2850 3233 rex
2875 3179 2965 3248 pie
2987 3192 3170 3249 quaeso
3192 3176 3336 3234 fave.
3413 3180 3418 3184 ’

368 3270 437 3324 Ει
459 3241 580 3328 vice
597 3273 798 3343 partita
825 3241 1003 3344 paseis
1028 3275 1171 3330 ovile
1186 3241 1385 3332 ‘suumf
1729 3241 1744 3253 I
1919 3241 1964 3304 Ο
1994 3265 2228 3339 Adjuvet
2259 3268 2528 3334 Andreas,
2547 3241 2774 3336 Petrus,
2798 3241 3128 3342 Paulusque,
3155 3269 3418 3338 Joannes,

303 3356 397 3413 Sin
425 3361 592 3427 aliud,
637 3364 855 3434 penitus
883 3380 1100 3432 moneo,
1132 3375 1192 3420 ut
1237 3368 1369 3422 mihi
1399 3375 1596 3423 cuncta
1635 3367 1894 3423 sacerdos
2069 3364 2246 3435 Atque
2274 3365 2444 3420 Maria
2478 3367 2572 3421 Dei
2606 3377 2778 3422 mater
2797 3369 2976 3438 opima
3000 3368 3098 3439 pii.

373 3453 572 3510 Edicas
595 3474 608 3509 :
632 3454 830 3511 faciam
860 3474 984 3513 mox
1017 3467 1108 3515 tua
1138 3461 1306 3516 verba
1339 3462 1533 3517 libens.
1994 3457 2433 3528 lnduperatorem
2461 3461 2608 3514 hunc
2637 3460 2970 3517 Lud0vicum
2993 3470 3237 3532 tempora
3263 3460 3426 3534 longa

301 3542 373 3603 Ut
397 3560 519 3602 mea
545 3551 832 3621 progenies
852 3551 1000 3607 Petri
1030 3555 1270 3609 servavit
1295 3555 1582 3620 honorem,
2072 3548 2297 3604 Servate
2330 3565 2343 3604 ε
2374 3551 2671 3606 abscedant
2702 3553 2876 3606 tristia
2904 3561 3099 3608 cuncta
3133 3551 3342 3622 procul.

375 3641 471 3695 Sic
507 3657 606 3713 ego
643 3646 892 3711 servabo,
926 3647 1143 3718 praesul,
1174 3666 1362 3705 amere
1389 3650 1484 3705 Dei
1998 3639 2265 3710 Prospera
2295 3649 2488 3697 cuncta
2513 3643 2661 3709 date,
2693 3659 2796 3699 nec
2821 3659 2929 3698 non
2957 3651 3084 3714 peto
3111 3643 3274 3699 noxia
3303 3641 3466 3718 longe

303 3729 430 3786 Mox
460 3747 590 3789 vero
619 3733 880 3791 famulum
907 3748 1126 3794 revocat
1153 3739 1470 3796 Helisachar
1491 3743 1520 3782 ι)
1549 3748 1788 3795 amatum
1807 3781 1822 3807 ,
2069 3729 2110 3782 Ρ
2113 3728 2258 3784 enim
2284 3749 2295 3783 ε
2323 3731 2396 3785 Sil
2419 3731 2566 3794 felix:
2593 3733 2774 3803 Sitque
2797 3740 3102 3805 ροιευεαιιθ
3123 3734 3236 3789 di“-

374 3821 524 3879 Αυιιθ
554 3839 754 3883 sonans
787 3825 940 3897 cuius
965 3829 1082 3884 haec
1111 3831 1200 3900 pia
1228 3831 1370 3886 diem
1395 3832 1558 3887 dabat
1591 3849 1606 3885 ε
1999 3821 2126 3878 Haec
2151 3824 2247 3891 ait,
2270 3834 2327 3880 et
2349 3825 2594 3881 celerans
2617 3842 2738 3882 sese
2759 3828 3029 3882 convertit
3049 3828 3118 3882 ad
3147 3827 3348 3898 ipsum,

303 3914 700 3985 Excipe,’vade
730 3920 859 3985 cito,
892 3929 948 3976 et
986 3920 1157 3978 ﬁrmis
1189 3923 1305 3979 [uec
1330 3923 1508 3979 insere
1534 3924 1742 3980 chartis
1772 3935 1820 3991 ο,
2069 3919 2248 3990 Atque
2277 3931 2442 3975 manu
2470 3922 2644 3993 tangit
2668 3922 2890 3978 verticis
2913 3920 3021 3977 alta
3049 3935 3224 3978 sacra.

374 4006 507 4075 Quae
531 4009 654 4065 volo
685 4020 944 4082 perpetuo
969 4013 1075 4068 ﬁxa
1099 4018 1320 4071 manere
1343 4015 1586 4086 quidem.
1997 4009 2257 4066 Conferat
2287 4011 2666 4084 Omnipotens,
2710 4014 2864 4068 auxit
2896 4014 2986 4085 qui
3018 4028 3206 4071 semen
3231 4010 3488 4080 Abraha,

305 4097 516 4155 Censeo
535 4115 634 4171 per
655 4117 880 4173 regnum
909 4108 1114 4161 nostro"
1129 4107 1505 4163 moderamine
1533 4117 1766 4178 septum,
2073 4101 2138 4158 Ut
2159 4103 2343 4159 videas
2369 4115 2548 4173 natos,
2571 4107 2716 4162 unde
2740 4107 2953 4162 voceris
2974 4121 3130 4162 avus.

379 4191 555 4265 Atque
593 4211 690 4266 per
717 4197 1027 4270 imperium,
1057 4199 1220 4255 dante
1248 4200 1514 4264 Tonante,
1546 4217 1749 4257 meum.
1998 4194 2173 4248 Dedat
2202 4198 2539 4268 progeniem,
2578 4199 2814 4269 duplicet
2847 4198 3194 4268 triplicetque
3223 4203 3482 4268 nepotes,

307 4283 380 4342 Ut
399 4301 490 4342 res
504 4287 768 4344 Ecclesia:
807 4290 978 4354 Petri,
1003 4292 1258 4361 sedisque
1282 4292 1540 4363 perennis
1558 4333 1575 4359 ,
2074 4283 2291 4342 Semine
2323 4297 2378 4341 ut
2409 4303 2440 4343 e
2461 4299 2642 4344 vestro
2669 4297 2884 4344 crescat
2909 4289 3091 4359 opima
3117 4302 3294 4359 seges,

363 4380 564 4454 'lllzcsce
591 4383 810 4455 vigeant
832 4399 1048 4455 semper
1074 4386 1279 4441 honore
1309 4386 1425 4442 Dei.
2003 4375 2218 4448 Quique
2259 4388 2450 4450 regant
2493 4379 2754 4446 Francos,
2807 4394 2907 4434 nec
2956 4394 3063 4434 non
3112 4377 3451 4451 Romamque
3491 4392 3596 4452 po—

303 4475 558 4554 ,Ut'priu's
585 4479 827 4537 Ecclesia
853 4481 967 4537 hinc
995 4491 1275 4552 pastorum
1304 4499 1527 4538 munere
1558 4481 1694 4539 fulta
3269 4474 3522 4550 [ῑθιιῑθων

315 4591 338 4598 ·’
361 4567 662 4626 Summum
691 4572 946 4652 apicemd
979 4573 1174 4639 tenuit,
1196 4581 1252 4627 et
1275 4581 1458 4627 teneat
1477 4573 1748 4629 volumus.
1923 4608 1978 4669 Β
2077 4575 2260 4630 Donec
2284 4571 2668 4628 Christicolum
2697 4587 2892 4626 nomen
2921 4569 2977 4625 in
2999 4571 3132 4626 orbe
3160 4578 3339 4626 sonat.

303 4662 534 4736 Crescat
561 4667 734 4722 honor
760 4665 906 4722 Petri
939 4673 1128 4722 nostro
1169 4669 1269 4724 sub
1297 4674 1539 4738 tempore
1574 4684 1587 4722 :
1618 4667 1792 4722 crevit
1923 4661 1968 4669 ’⁷
2006 4666 2255 4740 Unguinc
2283 4664 2508 4729 suffuso,
2532 4665 2853 4736 hymnisque
2879 4675 2956 4718 ex'
2975 4663 3165 4719 ordine
3192 4661 3389 4731 dictis,

367 4759 735 4836 Temporibus
763 4759 942 4818 Caroli
963 4762 1136 4834 patris
1161 4772 1214 4817 et
1243 4769 1411 4832 utque
1435 4761 1563 4816 mei.
2077 4758 2327 4816 Caesareo
2357 4758 2523 4830 capiti
2551 4775 2677 4812 mox
2698 4756 2864 4811 decus
2885 4755 3165 4826 imposuit.

304 4852 574 4912 Addimns
616 4864 692 4922 at,
721 4855 942 4932 praesul,
978 4864 1190 4911 tantum
1227 4863 1314 4911 est
1347 4865 1406 4911 ut
1432 4871 1595 4926 supra
1633 4855 1898 4923 locutum,
2005 4849 2122 4906 Hoc
2147 4849 2242 4903 tibi
2273 4848 2466 4903 Petrus
2486 4862 2655 4902 ovans
2690 4847 2856 4901 cessit
2887 4846 3174 4901 mitissime
3198 4845 3437 4910 donum,

331 4953 334 4958 '
380 4943 655 5003 Iustitiam
690 4947 895 5003 recolat
925 4946 1015 5017 qui
1046 4946 1195 5002 sedet
1221 4963 1344 5002 arce
1374 4947 1542 5001 Petri.
2079 4943 2161 4998 Tu
2188 4943 2310 5012 quia
2328 4940 2596 5009 justitiam
2618 4941 2644 4979 δ
2672 4939 2820 4995 cedis
2841 4940 3043 4995 habere
3072 4939 3196 4994 sibi.

379 5113 404 5143 ι
433 5103 665 5162 Scilicet
717 5123 728 5159 :
769 5105 865 5160 Dic
893 5103 1050 5169 mihi,
1086 5103 1428 5176 sanctissime
1467 5102 1740 5176 pontifex,
1774 5118 1901 5176 num
2008 5111 2171 5171 atque
2223 5100 2370 5154 illius
2411 5099 2779 5176 archieratica
2817 5097 2944 5176 iura
2995 5115 3027 5153 a
3081 5093 3493 5176 sancto.Peltro_
3537 5093 3596 5148 in

309 5169 429 5242 jura
461 5175 700 5250 (scilicet
736 5163 1078 5250 temporalia)
1118 5175 1288 5250 sancti
1332 5163 1490 5230 Petri
1513 5163 1736 5250 intacta
1764 5173 1903 5239 sint,
2007 5163 2356 5250 successores
2394 5171 2655 5239 derivata,
2708 5163 2996 5248 confirmat
3062 5168 3233 5232 etiam,
3289 5163 3600 5220 Ludovicus

321 5245 537 5322 an‘ve'ro
563 5245 1356 5322 quisquam:ealninueritaut
1386 5245 1684 5322 usurparit.
2007 5245 2167 5322 Pius;
2505 5315 2554 5322 __
2823 5245 2862 5322 '_
2925 5311 2946 5322 '
3023 5311 3036 5322 ‘
3115 5308 3126 5320 .
3168 5307 3180 5321 .
3210 5305 3290 5322 Ν,

387 5317 414 5356 ἲ)
439 5305 644 5374 Fuit-is
674 5305 928 5372 Liudovici
955 5317 1033 5371 Pii
1067 5317 1444 5380 cancellarius,
1474 5305 1752 5387 ιιιύὶιεπιᾳυθ
1781 5331 1890 5386 pro-
2079 5328 2100 5353 ε
2133 5314 2472 5387 Describitur
2505 5315 2592 5371 hic
2621 5312 2901 5387 coronatio
2925 5307 3182 5365 Ludovici
3210 5305 3514 5387 Pii,_quam
3544 5312 3602 5360 et

321 5393 466 5459 stant
505 5389 748 5459 ejusdem
780 5389 1009 5459 Augusti
1055 5387 1370 5459 diplomata,
1406 5378 1561 5459 queis
1609 5378 1907 5459 subsci'ibit
2009 5387 2204 5459 reliqui
2251 5385 2583 5442 Francorum
2633 5384 2858 5441 annales
2911 5387 3218 5436 memorant
3277 5378 3344 5434 ad
3396 5393 3602 5433 annum

320 5454 608 5528 Dur-audit:
640 5454 896 5516 diaconus
924 5459 992 5513 ad
1021 5454 1184 5512 vicem
1219 5454 1552 5528 llelisacliar.
1591 5458 1906 5528 Appellatur
2009 5454 2331 5515 8165Nemo
2355 5470 2556 5522 autem,
2587 5465 2784 5528 praeter
2806 5462 3022 5528 poetam
3045 5465 3315 5528 nostrum,
3340 5463 3604 5528 coronam

323 5521 501 5610 intem
532 5530 602 5586 ab
621 5530 1012 5610 Egiuhardo‘et
1035 5528 1321 5610 Agobardo
1346 5519 1687 5610 presbyteret:
1719 5529 1901 5610 abbas.
2010 5540 2139 5610 tunc
2169 5547 2198 5586 a
2231 5529 2511 5601 Stephano
2532 5519 2672 5601 papa
2700 5519 3003 5582 adhibitam
3031 5523 3221 5578 tribuit
3240 5519 3603 5580 Constantino

325 5594 392 5674 Et
412 5615 541 5657 sane
561 5594 745 5674 muliis
768 5600 1035 5674 ctenobiis
1057 5594 1119 5654 ea
1146 5607 1305 5654 aetate
1328 5594 1543 5670 praefuit
1567 5598 1724 5654 titulo
1745 5599 1906 5654 abba-
2011 5602 2225 5674 Magno.

333 5667 413 5740 tis,
431 5682 488 5727 ut
509 5673 695 5728 mirari
716 5673 1027 5729 desinamus
1051 5667 1359 5727 nostrorum
1378 5678 1679 5740 temporum
1703 5686 1904 5738 mores,
2084 5667 2190 5728 1'ld
2221 5683 2324 5736 est,
2348 5686 2597 5726 coronam
2628 5684 2788 5724 manu
2815 5677 3024 5723 tenens.

332 5739 398 5794 ab
420 5741 484 5798 iis
505 5745 726 5802 minime
752 5742 1051 5800 absimiles.
1493 5739 1501 5740 “
1566 5811 1571 5812 ί
2088 5745 2112 5784 ε
2140 5743 2240 5812 Qui
2262 5741 2543 5812 destinasti
2578 5740 2804 5812 Romam
2835 5753 2958 5796 esse
2988 5746 3153 5812 caput
3179 5739 3390 5798 mundi.

403 5821 425 5852 ε
450 5813 594 5942 ρὲιεε
622 5815 907 5872 dolendum
937 5824 1022 5869 est
1067 5824 1194 5869 ante
1219 5813 1385 5868 multa
1418 5811 1614 5872 smcula
1660 5813 1908 5885 periisse.
2082 5815 2110 5855 ιι
2135 5807 2377 5880 Scilicet,
2405 5811 2520 5868 Hoc
2550 5811 2646 5868 tibi
2687 5809 2889 5869 donum
2936 5807 3131 5868 Petrus
3162 5813 3354 5878 mittit,
3390 5807 3529 5891 quia.
3553 5812 3614 5862 et

404 5881 429 5923 ἀ
520 5886 777 5942 rimatum
806 5883 1079 5942 pontiﬁcis
1130 5883 1353 5942 maximi
1399 5883 1452 5942 in
1504 5883 1750 5942 Ecclesia
1789 5883 1907 5942 Dei.
2014 5895 2073 5942 tu
2101 5885 2218 5942 eius
2259 5883 2666 5942 successoribus
2693 5884 2949 5942 concedis
2985 5889 3246 5942 exercere
3280 5883 3405 5942 iura
3431 5893 3609 5942 actu-

404 5881 429 5923 ἀ
476 5881 777 5944 Primatum
806 5883 1079 5960 pontiﬁcis
1130 5883 1353 5943 maximi
1399 5883 1452 5942 in
1504 5881 1750 5943 Ecclesia
1789 5883 1907 5956 Dei,
2014 5895 2073 5943 tu
2101 5885 2218 5956 ejus
2259 5883 2666 5943 successoribus
2693 5884 2949 5944 concedis
2985 5889 3246 5943 exercere
3279 5883 3405 5956 jura
3431 5895 3494 5938 ac
3509 5881 3609 5952 ju-
