4022 6426
442 433 588 489 Tum
615 432 764 492 videt
790 432 1253 511 induperatricem
1273 440 1592 513 sociamque
1609 439 1849 514 iugalem

515 525 779 600 Irmingat
805 540 834 571 ι
877 544 1105 601 prorsus
1131 534 1379 608 suscipit,
1404 529 1569 606 atque
1588 542 1758 591 tenet.

436 615 896 691 Penpiciensque
925 623 1038 691 diu,
1064 625 1095 666 1³
1117 627 1282 697 capiti
1292 628 1401 698 Qdat
1428 643 1557 685 mox
1584 628 1750 684 decus
1777 626 1941 697 alnlo,
2006 630 2013 635 ’

513 709 584 765 Et
613 710 934 773 benedixit:
957 713 1096 782 Ave,
1125 716 1330 774 femina
1358 728 1541 775 amata
1566 721 1696 777 Deo.

441 800 528 859 Sit
559 803 659 867 tibi
687 805 824 874 vita,
856 806 1009 864 salus
1037 808 1228 881 longos
1256 812 1511 869 distincta
1537 828 1637 885 per
1659 828 1853 881 annos,

511 895 771 969 Conjugis
797 900 1059 959 observes
1084 918 1301 977 semper
1329 914 1509 963 amata
1537 909 1777 964 thorum.

439 988 717 1063 “ultaque
741 1000 1007 1064 praeterea
1041 998 1339 1055 cumulavit
1369 1016 1596 1057 munera
1621 1000 1852 1073 praesul,

509 1082 742 1152 Aurum,
771 1101 869 1142 seu
896 1095 1097 1155 vestes,
1126 1106 1248 1162 quae
1275 1092 1378 1149 sibi
1410 1092 1585 1148 Roma
1615 1092 1780 1149 dedit.

436 1173 594 1232 Dona
618 1178 713 1233 dat
731 1180 1004 1251 Augusto.
1027 1186 1318 1257 Augustae,
1346 1185 1632 1258 sobolique
1657 1188 1919 1251 venustae,

509 1269 580 1324 Et
602 1268 823 1330 famulis
846 1276 1038 1332 tribuit
1063 1278 1256 1334 ordine
1279 1278 1419 1335 dona
1444 1294 1566 1336 suo.

435 1356 622 1419 Caesar
649 1362 700 1418 ei
730 1371 915 1433 grates
943 1366 1164 1437 sapiens
1187 1370 1454 1440 persolvit
1480 1371 1722 1442 opimas;

507 1449 823 1511 Muneribus
846 1453 1184 1528 Stephanum
1211 1475 1336 1515 mox
1369 1476 1602 1518 onerare
1614 1462 1793 1533 jubet.

434 1538 640 1600 Pocula
666 1544 797 1601 bina
829 1546 979 1604 dedit
1017 1550 1248 1618 gemmis
1275 1567 1516 1624 auroque
1544 1553 1731 1625 polita,

505 1632 642 1689 Cum
679 1636 878 1707 quibus
907 1639 956 1695 is
981 1638 1183 1697 Bacchi
1213 1628 1432 1699 hauriat
1460 1645 1656 1700 hausta
1683 1643 1874 1701 Sacer.

435 1722 806 1798 Cornipedum
832 1730 1101 1803 glomerat
1131 1737 1449 1805 prmstantia
1476 1751 1709 1808 corpora
1737 1750 1975 1802 necnon,

505 1818 701 1887 Qualia
734 1821 1072 1882 Francorum
1093 1827 1316 1900 gignere
1346 1838 1493 1886 terra
1515 1830 1674 1887 solet.

431 1913 616 1972 Aurea
645 1917 791 1975 dona
818 1918 1024 1987 ferunt,
1049 1931 1306 1995 argentea
1331 1939 1463 1980 vasa
1489 1932 1812 1995 sequuntur,

506 2009 677 2067 Pallia
712 2012 899 2080 rubra,
931 2014 1094 2069 simul
1126 2017 1358 2073 candida
1384 2017 1632 2073 linteola.

433 2105 607 2164 Plura
620 2108 751 2178 quid
771 2108 900 2166 hinc
924 2112 1260 2167 memorem?
1285 2127 1412 2168 nam
1437 2112 1803 2184 centuplicata
1825 2113 2032 2184 recepit

508 2194 734 2253 Munera
760 2196 1041 2256 Romanus
1066 2211 1090 2241 ο
1115 2217 1237 2273 quae
1260 2201 1479 2260 arcibus
1506 2204 1779 2260 extulerat
1807 2222 1822 2259 :

434 2283 566 2343 Haec
588 2285 792 2355 Sacro;
821 2297 878 2344 at
910 2289 1129 2348 famulis
1155 2291 1339 2350 Carsar
1367 2295 1611 2351 bonitate
1639 2296 1880 2368 repletus

508 2378 763 2453 Congrua
783 2381 927 2439 dona
963 2385 1113 2442 dedit
1137 2401 1239 2457 pro
1263 2387 1468 2458 pietate
1488 2403 1605 2444 sua.

433 2469 605 2527 Pallia
636 2472 805 2531 tincta
834 2476 1077 2545 quidem,
1106 2493 1210 2535 nec
1236 2494 1348 2535 non
1368 2489 1438 2537 et
1463 2481 1712 2552 corporis
1739 2490 1866 2554 apta

509 2561 794 2634 Tegmina,
824 2564 1164 2623 Francorum
1189 2583 1342 2625 more
1367 2579 1589 2641 peracta
1612 2571 1779 2628 bono.

434 2655 616 2715 Donat
642 2673 815 2731 equos
839 2661 1026 2716 varios
1054 2662 1373 2731 praestantia
1402 2662 1543 2719 colla
1566 2662 1826 2728 ferentes,

513 2738 757 2827 (λήψῃ
785 2750 1158 2827 vixpot’erant
1176 2753 1441 2809 scandere
1470 2754 1633 2809 dorsa
1662 2753 1767 2808 sui.

402 2840 559 2921 tHoc
584 2834 778 2908 sacer,
810 2850 866 2897 et
894 2842 1087 2899 famuli
1114 2844 1363 2901 laetantes
1392 2859 1619 2902 munere
1643 2844 1773 2900 doni

515 2931 651 2988 Cum
686 2931 843 2991 libitu
876 2933 1107 2992 Romam
1133 2950 1258 2992 mox
1286 2935 1551 3007 repedare
1579 2942 1797 3007 parant.
1822 2984 1829 2988 .

437 3023 595 3093 Missi
618 3024 751 3096 quin
782 3025 949 3082 etiam
979 3027 1109 3084 lecti
1134 3027 1428 3084 mittuntur
1445 3028 1679 3092 honore,

516 3114 620 3185 Qui
648 3106 914 3183 fovebant
948 3117 1284 3197 Stephanum
1312 3119 1368 3176 in
1392 3134 1490 3175 sua
1516 3134 1684 3189 regna
1710 3134 1950 3177 sacrum.

441 3208 628 3285 Caesar
661 3217 721 3265 at
756 3210 873 3281 ipse
903 3211 1028 3281 pius
1058 3210 1389 3284 Compendia
1411 3211 1439 3252 ἀ
1469 3220 1610 3269 tecta
1642 3212 1834 3269 revisit

513 3298 697 3356 Laetus
725 3315 851 3356 cum
883 3286 1103 3373 propria
1134 3303 1381 3375 conjuge,
1410 3318 1504 3359 seu
1536 3303 1743 3360 sobole.

440 3390 630 3466 Bigo‘e
662 3392 838 3465 ﬁdelis
866 3393 1015 3459 obit;
1045 3403 1343 3450 narrantur
1367 3394 1559 3452 funera
1588 3396 1723 3467 regi,

517 3483 829 3556 lnvitusque
855 3500 1012 3541 suum
1042 3486 1267 3553 deserit,
1298 3488 1434 3543 heu!
1468 3487 1765 3543 dominum.

441 3575 747 3651 Divisitque
775 3579 944 3650 dapes
979 3579 1025 3647 ί,
1056 3596 1157 3636 nec
1186 3596 1294 3636 non
1330 3582 1568 3652 partitur
1593 3582 1856 3638 honorem

514 3671 572 3726 lu
605 3672 844 3727 sobolem
875 3672 1152 3743 propriam
1183 3672 1369 3729 Caesar
1389 3690 1577 3730 amore
1600 3674 1795 3744 patris.

442 3759 705 3831 Denique,
724 3761 871 3819 fama
894 3772 1054 3820 sonat
1076 3763 1247 3820 latum
1276 3765 1494 3836 vulgata
1516 3779 1615 3836 per
1641 3765 1852 3830 orbem,

518 3853 674 3921 Quod
702 3855 827 3924 pius
851 3856 1183 3926 induperans
1212 3872 1379 3928 regna
1412 3874 1614 3913 novare
1647 3858 1791 3927 cepit
1815 3858 1863 3911 Β.

446 3943 679 4001 Ordinat
706 3946 910 4003 electos
933 3948 1090 4010 cleri,
1118 3956 1381 4019 notosque
1417 3949 1623 4012 ﬁdeles,

520 4039 763 4108 Quorum
793 4041 905 4107 vita
927 4042 1030 4098 sibi
1057 4043 1296 4114 cognita,
1320 4043 1435 4099 sive
1462 4043 1709 4115 placens,

450 4176 656 4231 stitiam
678 4176 731 4229 in
757 4176 1015 4245 populum
1038 4176 1343 4230 Romanum
1373 4193 1386 4229 :
1416 4190 1526 4246 quo
1551 4174 1771 4231 nomine
1793 4176 2038 4247 designa-

454 4249 496 4302 ri
528 4248 769 4302 arbitror
792 4247 1147 4316 temporalem
1175 4247 1575 4305 auctoritatem.
1606 4263 1768 4317 quam
1803 4247 2036 4317 impera-

388 4366 411 4376 -
448 4328 599 4377 tores
640 4318 831 4375 Franci
858 4318 1206 4388 pontiﬁcibus
1236 4333 1554 4374 concessere
1576 4319 1632 4372 in
1654 4318 1890 4388 Urbem.

524 4403 551 4430 ει
583 4390 819 4446 δοῖ-εὕων
840 4387 891 4443 tn
924 4388 1210 4454 Irminqart
1230 4406 1244 4443 :
1263 4389 1452 4457 utique
1474 4388 1617 4442 enim
1644 4387 2039 4450 lrmmqurdam

450 4460 612 4586 {ideo
647 4460 989 4545 appellatam.
1040 4458 1261 4516 Scilicet
1292 4459 1410 4515 haec
1432 4458 1609 4531 prima
1638 4457 1743 4514 fuit
1782 4458 2039 4515 Ludovici

498 4548 535 4585 ll
576 4546 794 4586 coniux.

498 4548 535 4585 ll
576 4546 794 4586 coniux.

527 4548 1070 4686 Lﬁsdiﬁ‘heganu‘m
1107 4603 1261 4686 paria
1294 4603 1623 4686 scribentem
1650 4617 1663 4654 :
1700 4599 2042 4686 (“Irmingar-

455 4673 583 4727 dam
606 4671 849 4742 reginam
872 4671 1157 4745 appellavit
1167 4672 1491 4745 Augustam,
1513 4671 2035 4745 etposuitcoronam

456 4740 693 4814 auream“
706 4750 871 4812 super
893 4740 1058 4814 caput
1077 4743 1213 4814 ejus.
1248 4740 1281 4797 ῐ
1304 4744 1379 4798 De
1402 4744 1512 4814 hoc
1538 4741 1679 4814 n_ihil_
1699 4740 2036 4814 apud_Egin-

456 4812 709 4885 bardum.
739 4810 913 4882 neque
934 4810 1074 4885 apud
1102 4810 1378 4885 auctorem
1402 4812 1540 4885 Vitae
1566 4810 1824 4885 Ludovici
1844 4810 1947 4865 Pii.

531 4894 555 4923 ο
585 4882 810 4940 Scriben
834 4881 1033 4952 lum,'si
1062 4884 1190 4955 quid
1216 4885 1394 4950 video,
1425 4882 1711 4955 ιίοηιιξηίαςἱ
1730 4890 1790 4936 ut
1821 4881 2037 4953 copule-

459 4961 549 5008 tur
574 4970 698 5011 cum
724 4955 950 5010 arcibus.
984 4953 1205 5010 Munera
1231 4972 1353 5025 quae
1385 4955 1529 5010 inter
1564 4953 1898 5022 Stephanum
1933 4968 2035 5023 pa-

456 5039 582 5093 pam
608 5036 665 5081 et
691 5025 1025 5082 Ludovicum
1047 5025 1203 5081 Pium
1241 5027 1627 5088 intercessere,
1669 5031 2039 5079 memorarunt

458 5096 651 5167 reliqui
690 5098 1081 5167 etiamirerum
1127 5094 1510 5151 Francicarum
1559 5094 1884 5167 scriptores,
1919 5094 2036 5167 sed

457 5165 619 5222 nemo
666 5176 776 5222 tam
817 5166 1097 5222 allluenter
1135 5182 1200 5221 ac
1240 5174 1397 5234 poeta
1437 5172 1641 5220 noster.
1678 5165 1752 5218 De
1780 5165 2037 5234 pontifice

382 5300 395 5311 θ
458 5236 570 5311 isto
588 5237 925 5311 Aguellusin
953 5237 1074 5311 Vita
1097 5234 1333 5311 Martini
1339 5234 1729 5311 archiepiscopi
1752 5234 2037 5311 Ravenna-

457 5308 528 5362 tis
561 5309 675 5365 haec
697 5309 926 5364 scribit:
962 5326 981 5359 ‹
1012 5308 1079 5363 Et
1097 5306 1189 5364 hic
1216 5307 1267 5361 iu
1293 5304 1577 5361 Franciam
1600 5321 1739 5374 papa
1769 5305 1833 5359 ad
1864 5305 2036 5359 Ludo-

457 5378 635 5462 vicum
686 5375 1330 5462 imperatorem_[supple
1387 5375 1723 5449 proiectus],
1776 5375 2035 5446 quidquid

453 5450 747 5520 postulavit
776 5453 845 5506 ab
873 5465 957 5511 eo,
990 5450 1246 5506 obtinuit.
1280 5468 1297 5500 ι

527 5518 1029 5596 ἀῃίεοθφεηεῑξε,
1055 5521 1100 5576 si
1123 5519 1437 5596 Theganum
1466 5515 2034 5596 audiamus,‘impera-

460 5585 1097 5669 tionRhemis‘rccedens,
1133 5585 1343 5669 avehit
1357 5588 1679 5669 Aquisgrani
1700 5585 1983 5669 palatium.
2006 5605 2027 5638 ι

459 5657 566 5715 Sed
597 5661 904 5727 accuratius
927 5670 1116 5716 auctor
1141 5659 1283 5715 Vita:
1320 5654 1576 5727 Ludovici
1610 5654 1799 5727 scribit
1826 5674 1838 5709 :
1871 5673 1890 5707 ‹
1929 5654 2031 5709 lm-

456 5739 684 5814 prraur,
700 5813 703 5814 ,
717 5726 785 5814 εέι
804 5727 1394 5814 commeminerat
1413 5726 1751 5814 ςοφηίέρηςὶ
1769 5727 2029 5814 esset:

461 5796 570 5857 inc.
605 5796 842 5857 Met-atus
879 5796 1059 5857 autem
1106 5796 1306 5859 ibidem
1343 5796 1656 5869 vigintl've't
1692 5796 1759 5855 eo
1801 5796 2034 5870 amplius

1540 6098 1591 6107 ..οδ

1759 322 2070 385 ERMOLDI
2106 322 2382 383 NIGELLI

2052 442 2108 507 Α
2129 440 2233 509 Qui
2261 447 2556 514 peragrent
2590 440 2758 498 urbes
2791 443 2967 516 regni,
2990 442 3262 510 ctenobia,
3283 451 3492 510 castra,

2201 532 2410 590 Cuncta
2433 534 2518 590 sui
2549 534 2840 605 implentes
2857 536 3012 607 jussa
3038 537 3277 608 benigna
3304 536 3429 593 viri.

2126 622 2247 690 Eia,
2273 624 2371 689 ait,
2396 639 2431 679 o
2461 622 2648 680 famuli
2675 633 2862 681 nostro
2887 626 3182 681 nutrimine
3207 625 3356 693 freti,

2194 712 2322 770 Sive
2345 714 2517 785 patris
2540 712 2718 771 Caroli
2744 730 2881 787 quos
2907 716 3045 773 bene
3067 718 3265 788 dogma
3294 718 3474 785 docet,

2127 805 2328 863 Intenti
2357 806 2561 862 nostris
2596 808 2820 864 omnino
2854 808 3107 865 insistite
3114 809 3307 880 jussis,

2199 896 2270 952 Et
2296 912 2417 954 mea
2443 899 2608 953 verba
2631 898 2725 970 pio
2748 907 2970 970 pectore
2998 900 3277 972 suscipite.

2128 988 2240 1046 Res
2267 990 2519 1060 equidem
2547 990 2852 1062 peragenda
2881 1000 3069 1049 manet
3097 993 3231 1050 satis
3251 993 3423 1050 ardua
3444 994 3633 1061 vobis,

2200 1082 2307 1139 Sed
2333 1084 2473 1140 bona
2500 1084 2664 1140 credo
2691 1085 2932 1155 quidem,
2956 1094 3192 1156 aptaque
3209 1085 3583 1143 Christicolis.

2127 1170 2270 1230 Ecce
2295 1182 2555 1244 operante
2581 1174 2716 1241 Deo,
2738 1185 3067 1247 patrumque
3084 1176 3271 1233 labore
3299 1176 3469 1242 ﬁdeli,

2198 1266 2409 1334 Limina
2441 1280 2731 1339 regnorum
2762 1269 3024 1325 inviolata
3056 1279 3309 1336 manent;

2127 1355 2405 1429 Famaque
2432 1357 2766 1416 Francorum
2800 1361 2989 1418 hostes
3014 1362 3207 1433 procul
3236 1361 3447 1433 expulit
3469 1369 3655 1430 atros;

2200 1449 2448 1508 Vivimus
2475 1467 2542 1509 en
2570 1453 2700 1515 laeti.
2727 1454 3083 1527 paciﬂceque,
3111 1456 3217 1528 pie.

2130 1538 2239 1597 Sed
2265 1542 2395 1611 quia
2430 1558 2539 1599 non
2565 1544 2723 1602 bellis
2751 1539 3072 1603 certandum
3095 1556 3197 1611 est,
3228 1548 3483 1605 ducimus
3512 1556 3726 1619 aptum,

2199 1632 2271 1690 Ut
2294 1649 2394 1690 nos
2417 1634 2677 1715 subjectis
2704 1653 2945 1711 congrua
2967 1639 3093 1710 jura
3120 1640 3334 1697 demus.

2128 1721 2265 1789 Nam
2286 1726 2439 1795 prius
2460 1726 2729 1791 Ecclesia:
2758 1730 3085 1802 culmenque
3108 1731 3386 1804 decusque
3417 1731 3727 1803 requiram,

2053 1822 2103 1883 Β
2202 1818 2358 1876 Unde
2386 1821 2496 1877 mei
2518 1831 2707 1893 patres
2732 1840 2932 1883 nomen
2961 1826 3016 1881 in
3048 1833 3199 1882 astra
3230 1825 3436 1883 ferunt.

2130 1910 2267 1968 Nam
2287 1913 2420 1969 mihi
2440 1924 2622 1971 mente
2636 1917 2808 1983 sedet,
2825 1918 3069 1976 dederim
3090 1919 3237 1990 quod
3255 1934 3431 1990 nuper
3445 1917 3503 1974 in
3523 1919 3722 1976 orbem

2199 2002 2454 2076 Legatos,
2484 2007 2712 2079 populos
2738 2009 3066 2079 quipietate
3091 2018 3310 2082 regant.

2129 2095 2286 2154 Nunc
2311 2114 2477 2175 nunc,
2507 2115 2542 2156 ο
2570 2098 2746 2168 missi,
2776 2101 2947 2157 certis
2977 2101 3216 2158 insistite
3242 2101 3423 2169 rebus,

2198 2189 2381 2261 Atque
2404 2206 2505 2262 per
2533 2192 2825 2264 imperium
2852 2193 3060 2250 currite
3090 2193 3196 2249 rite
3220 2208 3419 2261 meum,

2130 2283 2579 2355 Cauonicumque
2611 2301 2852 2358 gregem,
2877 2301 3175 2357 sexumque
3213 2287 3442 2357 probate
3478 2284 3723 2353 virilem,

2200 2376 2518 2433 Femineum
2540 2377 2570 2417 ιι
2593 2392 2692 2434 nec
2725 2393 2856 2444 non,
2884 2394 3006 2448 qua;
3023 2380 3113 2449 pia
3135 2387 3319 2437 castra
3345 2378 3549 2434 colunt.

2133 2468 2322 2539 Qualis
2351 2470 2485 2536 vita,
2513 2470 2701 2536 decor,
2727 2471 3204 2542 qualisdoctriua,
3229 2470 3553 2541 modusque,

2204 2563 2527 2635 Quantaque
2551 2565 2785 2637 relligio,
2810 2566 2956 2636 quod
2974 2565 3199 2637 pietatis
3225 2581 3383 2637 opus.

2132 2657 2454 2728 Pastorique
2476 2672 2695 2729 gregem
2721 2673 2842 2730 qua:
2869 2657 3250 2715 convenientia
3275 2657 3494 2729 jungat,

2207 2749 2281 2807 Ut
2303 2766 2434 2823 grex
2464 2758 2740 2822 pastorem
2769 2750 2981 2823 diligat,
3012 2751 3129 2824 ipse
3157 2759 3219 2808 ut
3240 2764 3395 2808 oves.

2137 2840 2198 2897 Si
2220 2841 2324 2898 sibi
2344 2841 2606 2909 claustra,
2633 2842 2844 2910 domos,
2867 2850 3078 2914 potum,
3104 2842 3470 2916 tegimenque,
3504 2842 3720 2900 cibum-

3519 2932 3653 3008 [quo

2204 3028 2422 3086 Praelati
2450 3030 2696 3087 tribuant
2721 3037 2989 3100 tempore,
3017 3028 3136 3085 sive
3164 3027 3304 3084 loco.

2139 3120 2296 3177 Haud
2317 3121 2477 3177 aliter
2502 3121 2775 3193 complere
2799 3130 3008 3192 queunt
3032 3135 3102 3176 ex
3126 3119 3319 3176 ordine
3343 3116 3554 3176 cultum

2060 3191 2107 3256 ϐ
2209 3212 2482 3278 Divinum,
2511 3191 2759 3279 nisi-haec
2788 3191 2881 3268 de:
2908 3212 2998 3282 pia
3022 3226 3155 3266 cura
3177 3217 3415 3281 patrum.

2139 3304 2247 3360 Sed
2278 3311 2461 3359 tamen
2484 3304 2728 3361 ecclesia:
2753 3303 2897 3360 vires
2921 3311 3240 3374 pensentur,
3273 3309 3331 3357 et
3355 3316 3487 3358 arva

2208 3394 2480 3465 Congrua,
2507 3395 2620 3450 sive
2640 3394 2758 3450 loca
2789 3394 3049 3450 fertiliora
3078 3394 3277 3449 minus.

2135 3486 2360 3542 Inventa
2385 3501 2611 3557 prorsus
2637 3486 2827 3542 rotulis
2857 3486 3183 3542 committite
3206 3486 3406 3554 cordis,

2207 3580 2287 3641 Et
2304 3581 2436 3637 mihi
2463 3581 2693 3638 sollicite
2716 3590 2911 3639 cuncta
2934 3580 3139 3638 referre
3165 3582 3360 3652 placet,

2139 3673 2243 3745 Qui
2276 3674 2448 3743 bene,
2491 3676 2652 3746 quive
2679 3675 2893 3743 minus,
2925 3676 3241 3747 medioque,
3274 3675 3519 3745 nihilque
3560 3676 3715 3749 (quod

2884 3824 2887 3829 .
3467 3767 3642 3841 [absit)

2212 3859 2429 3926 Vivant,
2456 3874 2551 3916 seu
2577 3867 2800 3917 teneant
2826 3861 3078 3933 dogmata
3107 3861 3287 3930 prisca
3319 3869 3555 3932 patrum.

2141 3949 2268 4006 Haec
2286 3966 2387 4018 ego
2408 3953 2694 4023 perpaucis
2721 3954 2917 4009 vestris
2941 3969 3085 4009 nunc
3118 3953 3302 4010 insero
3323 3952 3502 4008 verbis

2212 4044 2480 4108 Auribus;
2510 4052 2597 4100 ast
2618 4053 2829 4102 vosmet
2850 4061 3099 4117 quaerere
3119 4046 3274 4117 plura
3298 4046 3473 4103 decet.

2144 4178 2349 4239 diebus,
2385 4179 2703 4250 Aquisgrani
2735 4182 3078 4237 hiematurus
3101 4181 3279 4249 petiit.
3311 4199 3332 4234 ι

2219 4263 2252 4322 εί
2281 4250 2343 4307 Ut
2370 4268 2530 4321 supra
2553 4253 2820 4316 vidimus,
2857 4268 3041 4307 comes
3082 4252 3422 4313 Parisiensis,
3453 4259 3618 4322 atque
3644 4252 3713 4307 ita

2142 4320 2415 4394 Ludovico
2436 4320 2679 4390 Augusto
2700 4326 2922 4394 chartis,
2941 4331 3001 4377 ut
3017 4323 3185 4394 ﬁliam
3205 4320 3545 4394 imperatoris
3558 4324 3717 4394 ipsius

2143 4391 2352 4447 duxerit
2380 4411 2596 4449 uxorem
2616 4436 2631 4460 ,
2662 4394 2822 4450 sicuti
2853 4391 3244 4448 lidemfaciunt
3277 4391 3517 4449 Annales
3557 4391 3714 4448 Lam-

2143 4460 2378 4533 beciani,
2400 4474 2455 4518 et
2472 4463 3004 4533 llil-lensheimenses
3029 4464 3097 4519 ad
3125 4464 3271 4519 hunc
3307 4464 3483 4533 ipsum
3524 4473 3717 4519 annum

2143 4531 2268 4605 _8l6,
2294 4535 2387 4589 ubi
2411 4535 2458 4605 is
2482 4532 2796 4605 Pjrcopimu
2822 4546 2873 4589 et
2898 4534 3061 4605 Biego
3084 4531 3387 4605 appellatur
3406 4552 3424 4587 :
3449 4533 3562 4589 lilia
3595 4549 3718 4589 vero

2144 4602 2490 4674 imperatoris
2511 4602 2754 4674 Elph'eid.
2782 4604 2934 4660 Hanc
2953 4602 3228 4672 Alpaidém
3255 4604 3414 4660 nobis
3437 4605 3718 4660 nominare

2142 4671 2328 4746 liceat,
2354 4684 2414 4729 ut
2438 4671 2758 4746 aliis_licuit.
2792 4676 2952 4732 Teste
2976 4671 3133 4746 pceta
3157 4684 3344 4746 nostro
3374 4675 3566 4730 comiti
3596 4675 3722 4729 huic

2142 4742 2515 4817 Bigo_nomen
2556 4744 2681 4817 fuit.
2701 4746 2760 4801 Si
2786 4742 3030 4817 pressius
3070 4744 3534 4817 Theutouicorum
3573 4759 3720 4800 more

2138 4828 2246 4887 vox
2287 4814 2390 4887 ista
2416 4814 2843 4887 pronuntietur,
2879 4817 3025 4887 inde
3048 4816 3295 4887 exsurgit
3339 4816 3523 4881 Piceo,
3549 4822 3720 4887 atque

2140 4884 2278 4940 adeo
2301 4885 2590 4970 intelligus,
2614 4885 2867 4948 Biaonem
2889 4895 2935 4942 et
2961 4884 3303 4958 Piccopinitm
3339 4901 3511 4942 unum
3546 4884 3719 4942 idem-

2139 4968 2246 5023 que
2273 4955 2693 5012 nomen—fuisse.
3121 4955 3130 4958 “

2217 5025 2238 5064 ἲ
2268 5025 2376 5109 Pro
2406 5025 2747 5109 substantias,
2777 5034 2833 5082 et
2855 5041 2962 5081 non
2991 5026 3319 5109 semelapud
3337 5026 3487 5109 hunc
3502 5035 3718 5109 poetam

2141 5096 2398 5169 occurrit.
2426 5095 2673 5169 Partitur
2701 5097 2969 5169 honorent,
2997 5105 3056 5169 ut
3082 5095 3310 5169 subinde
3337 5095 3556 5169 legitur,
3586 5097 3719 5169 satis

2140 5166 2396 5237 ostendit,
2430 5166 2717 5234 dignitates
2744 5166 2967 5237 Bigonis
3000 5166 3203 5221 divisas
3216 5165 3413 5237 fuisse
3432 5168 3577 5222 inter
3602 5166 3717 5237 ejus

2140 5236 2301 5319 ﬁlios.
2325 5235 2467 5319 Frgo
2491 5251 2555 5291 ex
2584 5237 2652 5292 iis
2681 5235 2833 5292 unus
2846 5237 3171 5293 constitutus
3205 5235 3373 5293 fuerit
3398 5254 3575 5292 comes
3608 5235 3713 5294 Pa-

2141 5321 2396 5361 rmensts.

2214 5377 2242 5418 Β
2267 5378 2353 5447 ῥυ
2383 5378 2563 5447 potius
2596 5379 2777 5445 cupit?

2209 5447 2239 5487 ιι
2266 5445 2491 5503 Ηοόθεῑ
2519 5448 2943 5504 sanctimoniam
2963 5490 2979 5515 ,
3015 5464 3243 5520 quarum
3264 5450 3430 5505 etiam
3455 5458 3716 5520 moreset

2139 5517 2377 5573 claustra
2405 5533 2731 5591 cognoscere
2751 5535 2815 5574 ac
2837 5517 3127 5591 emendare
3151 5518 3387 5575 Caesarei
3412 5522 3566 5589 missi
3588 5519 3713 5576 olim

2139 5590 2491 5653 consuevere,
2520 5605 2628 5644 non
2654 5604 2811 5645 secus
2834 5606 2899 5645 ac
2926 5590 3311 5645 monachorum
3338 5599 3397 5645 et
3423 5593 3711 5647 canonico-

2138 5673 2278 5731 rum_.
2313 5657 2446 5714 Vide
2468 5660 2797 5731 Capitularia
2830 5675 3015 5731 regum
3047 5660 3410 5731 Francorum,
3431 5663 3514 5731 uti
3533 5672 3587 5717 et
3611 5660 3710 5717 Le-

2136 5744 2233 5801 ges
2254 5728 2714 5801 Langobardicas,
2736 5731 2831 5789 ubi
2851 5728 2970 5788 alia;
2991 5730 3195 5788 similes
3222 5729 3620 5788 admouimus:
3637 5731 3705 5783 ad

2135 5798 2333 5857 inlsz
2352 5798 2667 5858 occurrunt.
