4022 6448
197 397 286 456 601
1029 390 1118 448 DE
1153 388 1384 448 BEBUS
1417 384 1664 446 GESTIS
1700 388 2024 450 LUDOV'ICI
2053 388 2163 451 PII.
2196 422 2269 439 -—
2303 392 2436 452 LIB.
2473 392 2540 452 11.

194 517 407 585 Legatos
432 507 591 565 etiam
619 506 1006 564 monachorum
1035 520 1059 547 ει
1089 523 1154 562 ex
1190 506 1378 562 ordine
1407 505 1577 561 lectos

256 607 426 662 Caesar
449 601 634 655 adesse
660 601 828 664 iubet,
861 600 950 670 qui
977 615 1072 654 sua
1097 599 1247 669 jussa
1273 597 1475 661 colant,

193 697 326 766 Quos
351 694 541 748 iterum
566 698 744 746 mittat
767 705 866 761 per
893 705 1047 744 sacra
1076 690 1377 743 monastica
1403 694 1602 752 castra,

259 786 317 841 Et
346 791 494 854 rogat
518 782 812 851 inquirant,
843 790 903 835 ut
929 781 1017 850 pia
1041 781 1153 836 vita
1176 787 1335 836 meet.

191 879 280 935 Vir
298 877 607 932 Benedictus
637 875 664 915 δ
690 882 808 934 erat
833 873 1152 945 cognomine
1178 873 1370 944 dignus
1394 871 1603 933 eodem,

257 967 345 1024 Vir
369 967 712 1038 quamplures
737 977 757 1005 ε
782 967 928 1021 vexit
957 966 1198 1020 ad'astra
1229 965 1395 1020 viros.

192 1061 283 1116 Hic
310 1069 423 1114 erat
451 1058 502 1112 in
531 1056 732 1112 Geticis
752 1055 778 1095 ά
814 1057 928 1128 regi
961 1056 1112 1126 prius
1141 1056 1356 1128 agnitus
1384 1054 1550 1121 arvis,

254 1150 324 1204 De
351 1147 499 1216 cujus
529 1147 638 1201 vita
669 1161 840 1216 pauca
867 1145 1071 1200 referre
1101 1144 1251 1200 libet.

187 1244 278 1300 Hic
305 1242 400 1296 fuit
426 1241 646 1294 Anianre
670 1252 694 1280 ε
723 1240 918 1294 merito
949 1238 1205 1309 praelatus
1235 1237 1386 1302 ovili,

249 1335 450 1398 Pastor,
475 1342 529 1387 et
555 1333 713 1397 abba,
743 1332 888 1402 gregi
919 1330 1101 1402 regula
1133 1329 1329 1383 blanda
1353 1342 1470 1383 suo.

186 1425 334 1496 Regis
361 1430 419 1477 ut
445 1423 619 1478 almus
644 1438 798 1477 amor
825 1421 1126 1491 complerat
1150 1429 1372 1491 pectora
1405 1416 1568 1482 sacri,

247 1517 357 1584 Quo
387 1517 778 1572 monachorum
815 1516 950 1571 ordo
977 1515 1194 1583 vitaque
1227 1511 1535 1583 proliceret.

184 1607 272 1663 Hic
304 1607 402 1662 fuit
429 1607 662 1677 adjutor,
691 1623 902 1669 norma,
936 1606 1350 1676 exemplumque
1381 1602 1658 1673 magister,

244 1699 356 1767 Quo
386 1699 624 1755 faciente
647 1701 861 1770 placent
889 1715 1032 1754 nunc
1059 1699 1148 1768 pia
1180 1706 1356 1754 castra
1379 1697 1510 1750 Deo.

181 1790 406 1846 Moribus
437 1793 489 1846 in
523 1792 696 1847 sacris
733 1793 992 1862 regnabat
1021 1790 1244 1860 pulchra
1277 1788 1566 1841 voluntas:

1774 508 1828 570 Α
1921 505 2151 575 Accidit,
2181 525 2212 565 e
2236 509 2360 580 quis
2388 509 2665 576 nuncvista
2691 510 2899 568 referre
2921 511 3066 570 volo.

1850 599 2040 656 Cernis
2069 609 2128 656 ut
2157 602 2367 673 imperii
2395 603 2630 674 gravitas
2655 618 2773 659 mea
2801 611 3020 675 pectora
3046 614 3254 676 pressat

1921 690 2059 747 Mole
2082 709 2201 758 sua,
2238 708 2418 749 rerum
2445 695 2664 764 grandia
2693 694 2819 765 jura
2848 695 3027 752 nimis.

1848 781 1980 840 Illuc
2006 799 2131 838 nam
2160 791 2403 854 poteram
2429 786 2455 824 ⁸
2480 799 2820 854 reqmescere
2850 785 2989 840 forte
3021 801 3334 857 parumper,

1921 876 2166 945 Votaque
2190 877 2500 946 prmplacita
2532 878 2676 934 ferre
2705 888 2914 934 secreta
2937 878 3068 934 Deo.

1848 968 2033 1024 Altera
2059 985 2220 1024 causa
2248 978 2448 1036 monet,
2474 971 2727 1040 quoniam
2753 980 2806 1026 tu
2831 987 2957 1026 nam
2988 971 3102 1040 ipse
3130 969 3338 1035 fateris,

1921 1059 2191 1129 Ingratum
2217 1067 2342 1114 voto
2373 1061 2475 1115 hoc
2498 1076 2632 1131 opus
2658 1077 2779 1116 esse
2813 1070 2932 1125 tuo;

1851 1149 1961 1206 Nec
1990 1150 2178 1204 deceat
2206 1152 2500 1206 monachos
2520 1152 2546 1191 ιι
2576 1152 2824 1207 civilibus
2849 1153 3023 1208 infore
3051 1155 3245 1216 rebus.

1922 1244 2135 1316 Resque
2165 1244 2432 1315 palatinas
2462 1245 2604 1301 ferre
2631 1246 2863 1301 libenter
2888 1261 3002 1302 eos.

1848 1335 1980 1391 Illuc
2005 1335 2098 1390 sed
2124 1345 2339 1406 poteras
2370 1337 2385 1376 ί
2415 1335 2646 1390 fratrum
2675 1353 2871 1392 curare
2901 1337 3136 1402 labores,

1922 1428 2187 1498 Obsequia
2211 1430 2512 1498 hospitibus
2543 1445 2672 1485 cura
2699 1446 2892 1500 parare
2921 1430 3031 1500 pia.

1849 1519 2026 1590 Atque
2051 1521 2245 1575 iterum
2274 1530 2488 1577 nostras
2519 1531 2808 1576 renovatus
2834 1523 3015 1578 visere
3037 1520 3195 1577 sedes

1921 1611 2202 1668 Fratribus
2224 1623 2280 1668 et
2303 1613 2461 1669 solito
2487 1614 2630 1669 ferre
2657 1613 2978 1684 patrocinia.

1851 1701 2034 1757 Tertia
2061 1701 2074 1753 i
2111 1720 2342 1772 namque
2364 1713 2528 1774 patet,
2559 1705 2716 1760 nobis
2739 1705 3047 1775 nostrisque
3077 1701 3317 1758 subactis

1921 1792 2109 1860 Qualia
2138 1795 2286 1849 lucra
2312 1794 2490 1850 forent
2518 1796 2633 1850 hzec
2658 1796 2773 1852 loca
2798 1805 3019 1866 propter
3047 1794 3255 1865 Aquis:

241 1885 510 1952 Quantum
538 1885 743 1940 homini
770 1884 975 1940 licitum
995 1892 1078 1939 est
1100 1896 1345 1944 eernere,
1367 1886 1585 1933 sanctus
1605 1881 1742 1932 erat.
1772 1852 1820 1912 Β
1853 1882 1909 1938 Si
1937 1885 2116 1939 subito
2145 1885 2267 1940 ﬁnis
2294 1887 2513 1940 humani
2542 1889 2785 1957 corporis
2800 1852 2973 1952 ἐδάη,

181 1977 369 2040 Dulcis,
389 1988 604 2032 amatus
621 1986 757 2042 erat,
777 1976 1022 2041 blandus,
1053 1974 1424 2046 placidusque,
1450 1969 1745 2035 modestus,

239 2071 443 2140 Regula
475 2070 628 2137 cujus
655 2077 773 2125 erat
801 2078 1020 2139 pectore
1057 2067 1161 2122 fixa
1187 2081 1366 2122 sacro.

177 2163 281 2220 Non
311 2163 490 2220 solum
520 2163 821 2227 monachis,
851 2161 944 2215 sed
975 2161 1184 2216 cunctis
1207 2159 1550 2230 proficiebat,

239 2257 425 2314 Omnia
458 2255 638 2311 factus
659 2262 778 2310 erat
803 2254 1056 2310 omnibus
1084 2253 1201 2323 ipse
1227 2261 1403 2323 pater.

177 2348 249 2405 0b
270 2350 370 2404 hoc
399 2343 685 2420 ergo'pius
710 2345 892 2402 Ccesar
917 2345 1182 2400 dilexerat
1209 2344 1402 2414 ipsum,

215 2452 218 2459 '
242 2443 469 2498 Vexerat
504 2450 559 2497 et
588 2457 770 2514 secum
794 2439 860 2494 ad
886 2440 1146 2496 Francica
1180 2454 1344 2510 regna
1372 2436 1552 2494 simul.

177 2530 334 2602 Hujus
362 2532 662 2603 discipulos
695 2546 791 2586 rex
816 2547 914 2602 per
944 2515 1191 2586 coeinobia
1221 2529 1410 2594 mittit,

240 2623 526 2680 Fratribus
546 2623 855 2694 exemplum
887 2636 1185 2691 normaque
1214 2620 1328 2676 sive
1362 2617 1558 2676 forent.

178 2715 239 2770 Et
258 2715 406 2785 jubet
420 2717 717 2771 emendent
741 2714 1004 2785 quidquid
1022 2713 1164 2784 potis
1182 2721 1294 2778 est;
1313 2713 1589 2783 nequeunt
1609 2725 1750 2783 quae,

239 2806 316 2862 Ad
343 2823 401 2862 se
430 2824 496 2863 se
533 2807 771 2862 referant
796 2813 993 2863 cuncta
1022 2812 1205 2860 notata
1241 2803 1380 2875 stylo
1409 2803 1456 2857 ί.

179 2896 285 2952 Rex
307 2899 426 2969 pius
453 2899 688 2963 interea,
717 2898 1041 2954 Benedictus
1069 2905 1123 2951 et
1149 2896 1264 2966 ipse
1287 2893 1540 2950 sacerdos

241 2991 460 3050 Pectore
493 2992 784 3047 versabant
814 2991 997 3048 munia
1033 2998 1211 3046 amata
1236 2991 1364 3045 Deo.

179 3081 288 3139 Mox
315 3084 464 3155 prior
497 3084 824 3154 induperans
850 3082 1062 3139 blandis
1088 3081 1373 3153 compellat
1400 3079 1646 3136 eumdem
1663 3117 1679 3145 ,

244 3174 314 3230 Ut
340 3176 553 3241 solitus,
580 3175 761 3230 verbis
791 3189 1022 3244 semper,
1053 3187 1239 3228 amore
1260 3172 1388 3242 pio:

181 3266 310 3332 Scis,
337 3268 648 3330 Benedicte,
679 3282 821 3331 reor,
853 3266 1028 3336 qualis
1066 3265 1196 3320 mihi
1225 3279 1356 3319 cura
1383 3263 1453 3318 sit
1479 3260 1640 3332 hujus

242 3357 459 3415 Ordinis
489 3375 519 3413 a
551 3359 748 3429 primo,
776 3372 886 3428 quo
918 3357 1052 3412 mihi
1089 3365 1251 3412 notus
1277 3363 1427 3422 erat;

177 3447 462 3519 Propterea
490 3464 740 3519 cuperem
766 3448 1152 3518 propriumque
1177 3447 1360 3501 dicare
1383 3445 1642 3500 sacellum

241 3540 395 3595 llaud
420 3540 612 3611 procul
636 3555 667 3594 a
693 3548 880 3594 nostra
906 3538 1034 3592 sede
1063 3537 1117 3591 in
1144 3551 1329 3590 amore
1356 3535 1471 3590 Dei.

175 3629 306 3688 Tres
342 3645 478 3701 ergo
511 3631 582 3685 ob
616 3645 840 3695 causas,
885 3627 1018 3682 mihi
1063 3628 1253 3691 crede,
1296 3627 1413 3681 hac
1441 3627 1604 3682 corde
1651 3640 1750 3682 voc

1478 3715 1680 3788 [Iuntas

249 3889 277 3920 ι
299 3876 452 3932 Duos
481 3876 677 3932 missos
704 3875 861 3930 simul
888 3890 986 3944 per
1018 3873 1325 3944 provincias
1368 3875 1588 3930 mittere
1630 3891 1752 3932 mos

249 3889 277 3920 ι
303 3889 452 3932 uuos
481 3891 677 3932 missos
704 3889 861 3930 sumtu
888 3890 986 3944 per
1017 3889 1325 3998 Frovnncras
1368 3889 1588 3930 mittere
1630 3891 1749 3932 mos

178 3947 291 4013 fuit,
323 3962 558 4018 quorum
590 3962 727 4018 unus
748 3945 1010 4018 laicus,_a
1036 3957 1120 4018 ter
1145 3944 1291 3999 clero
1316 3946 1583 4018 addictus.
1617 3946 1749 4018 Epi-

180 4019 321 4089 scopi
343 4016 483 4088 ergo
506 4059 519 4080 ,
552 4027 644 4072 aut
671 4017 900 4089 abbates
921 4016 988 4070 ad
1015 4017 1084 4089 _id
1103 4017 1358 4089 muneris
1385 4016 1748 4085 eligebantur,

181 4086 399 4158 quorum
421 4086 599 4143 'ctiam
633 4087 848 4142 nomina
891 4088 944 4141 in
976 4086 1190 4143 olacitis
1219 4100 1408 4158 eorum
1443 4096 1748 4158 temporum

179 4155 440 4229 leguntur.
469 4159 764 4229 Episcopos
795 4166 1011 4229 tantum
1029 4166 1084 4229 et
1109 4155 1334 4211 comites
1357 4157 1575 4229 exlibct
1597 4161 1683 4211 uol
1708 4160 1752 4212 is

181 4227 478 4299 Capitulare
516 4227 1069 4299 'ejusdemrLudovici
1121 4238 1376 4299 spectans
1427 4228 1492 4279 ad
1549 4245 1748 4282 annum

181 4296 296 4364 823,
325 4308 456 4371 tom.
485 4301 530 4364 l,
553 4296 674 4371 pag.
697 4298 826 4371 B40,
858 4297 1081 4371 Baluzii.
1115 4296 1221 4351 Sed
1257 4298 1372 4351 huic
1405 4309 1654 4371 spectant
1683 4299 1752 4352 ad

182 4385 369 4424 annum
407 4370 518 4426 816
554 4367 611 4425 et
627 4367 777 4432 ⁷817,
817 4377 980 4438 atque
1015 4367 1084 4421 ad
1113 4375 1358 4437 tempora
1398 4368 1750 4422 conciliorum

181 4440 715 4512 Aquisgranensium.

244 4509 269 4551 Β
295 4512 581 4567 Piissimus
605 4527 666 4566 ac
693 4509 1080 4565 celeberrimus
1106 4511 1275 4564 abbas
1312 4509 1661 4573 Anianensis,
1687 4525 1750 4565 ac

1921 1976 2032 2030 Hoc
2061 1977 2451 2031 mandarentur
2482 1979 2725 2032 membra
2750 1978 2957 2048 sepulta
2981 1978 3120 2033 loco.

1839 2049 1978 2123 .Illuc
2003 2068 2249 2123 conversi
2277 2068 2303 2107 κ
2332 2077 2591 2139 caperent
2615 2085 2740 2124 mox
2765 2070 2948 2124 munia
2970 2069 3193 2136 Christi,

1917 2159 2095 2228 Atque
2122 2159 2308 2215 volens
2334 2160 2590 2230 placitum
2626 2161 2912 2216 consilium
2939 2163 3230 2231 acciperet.

1849 2249 1946 2306 His
1973 2249 2140 2305 Sacer
2165 2251 2384 2317 auditis,
2416 2253 2644 2322 pedibus
2664 2252 2942 2308 revolutus
2965 2253 3176 2319 amicis,

1919 2341 2133 2398 Laudat
2165 2344 2371 2398 honore
2395 2343 2584 2410 Deum,
2616 2343 2846 2400 Caesaris
2879 2354 3041 2415 atque
3068 2343 3250 2401 (idem.

1850 2435 1978 2492 Hazc
2023 2437 2156 2493 mihi
2184 2451 2420 2508 semper,
2463 2436 2558 2504 ait,
2583 2446 2709 2493 nota
2748 2445 2830 2493 est
2871 2446 2986 2506 tua,
3009 2437 3218 2509 Magne,
3241 2438 3433 2494 volun.

3229 2528 3360 2602 [εδδ.

1923 2617 2095 2686 Quam
2123 2619 2266 2675 Deus
2290 2617 2537 2686 afﬁrmet,
2564 2620 2657 2691 qui
2685 2618 2832 2676 dedit
2856 2634 3017 2676 omne
3042 2619 3265 2675 bonum.

1851 2709 2062 2766 Dicitur
2088 2708 2228 2764 Inda
2253 2709 2272 2749 ι
2304 2710 2474 2777 locus,
2503 2710 2703 2768 dudum
2727 2719 3075 2767 constructus
3104 2711 3172 2766 ab
3203 2709 3354 2780 ipsis,

1923 2801 2128 2860 Nomen
2152 2818 2305 2874 aqua:
2332 2803 2596 2869 retinens,
2620 2818 2741 2874 qua:
2767 2801 2885 2857 ﬂuit
2910 2811 3033 2857 ante
3051 2800 3218 2857 fores.

1852 2895 2086 2953 Milibus
2113 2897 2204 2952 hic
2235 2897 2404 2952 ternis
2433 2897 2602 2968 regali
2631 2896 2795 2951 distat
2822 2895 2890 2949 ab
2912 2895 3054 2960 aula,

1923 2991 2054 3059 Quae
2080 2991 2240 3047 modo
2272 2989 2476 3062 perlate
2503 2998 2628 3044 nota
2658 2996 2882 3044 vocatur
2903 2986 3094 3058 Aquis.

1851 3085 2162 3156 Cornigeris
2193 3083 2466 3154 quondam
2490 3082 2646 3138 sedes
2671 3080 2980 3153 gratissima
3003 3077 3198 3141 cervis,

1925 3175 2101 3241 Ursis,
2135 3189 2231 3230 seu
2255 3171 2465 3228 bubalis
2491 3179 2636 3243 apta,
2667 3170 2903 3241 ferisque
2926 3169 3123 3239 capris.

1855 3264 1965 3322 Sed
1986 3264 2290 3320 Ludovicus
2313 3279 2480 3335 agens
2506 3263 2758 3334 purgavit
2784 3261 2958 3316 lustra
2986 3260 3250 3324 ferarum,

1925 3355 2101 3426 Atque
2124 3355 2233 3409 Deo
2255 3362 2467 3424 gratum
2490 3353 2731 3408 condidit
2755 3360 2872 3408 arte
2894 3352 3090 3407 locum.

1852 3447 2126 3504 Fundavit
2153 3457 2429 3517 satagens,
2461 3447 2619 3501 rebus
2643 3445 2833 3499 ditavit
2860 3444 3076 3513 opimis,

1926 3539 2066 3607 Quo,
2095 3539 2405 3602 Benedicto,
2435 3547 2522 3592 tua
2549 3535 2750 3606 Regula
2775 3545 2960 3590 sancte
2986 3535 3148 3604 viget.

1856 3632 2100 3701 Namque
2123 3631 2266 3685 idem
2289 3629 2610 3684 Benedictus
2639 3635 2756 3682 erat
2783 3634 2937 3696 pater
2966 3624 3108 3678 illius
3128 3623 3279 3688 tedis,

1928 3726 1996 3781 Et
2017 3724 2324 3780 Ludovicus
2353 3721 2507 3777 adest
2533 3719 2736 3785 Caesar,
2763 3725 2819 3774 et
2843 3717 2982 3772 abba
3006 3714 3185 3770 simul.

1856 3881 2222 3942 monasteriis,
2253 3888 2364 3934 tam
2393 3879 2525 3933 viris
2563 3893 2727 3947 quam
2755 3873 3254 3947 sanetimonjalibus
3273 3872 3434 3947 femi-

1855 3956 1962 4017 nis,
1983 3952 2197 4007 vivendi
2229 3951 2526 4006 secundum
2555 3944 2810 4019 Regulam
2840 3947 3011 4019 sancti
3037 3944 3434 4019 Benedictiuinc

1855 4014 2295 4079 commutabilem
2346 4036 2569 4075 morem.
2611 4014 2771 4073 {Sed
2816 4019 2932 4072 hac
2986 4016 3157 4070 fusius
3210 4014 3264 4068 in
3314 4015 3435 4068 Vita

1856 4096 2028 4165 ipsius
2077 4093 2250 4148 sancti
2304 4091 2581 4146 Benedicti
2624 4089 2952 4144 Anianens‘s
3005 4085 3147 4156 apud
3189 4083 3435 4140 Mabillo-

1856 4181 2024 4220 mum.

1933 4239 1956 4275 Β
1991 4233 2244 4288 Fortasse
2269 4241 2429 4302 poeta
2453 4231 2673 4300 scripsit
2703 4239 2900 4298 potero.

1927 4307 1955 4345 ιι
1990 4304 2101 4358 lloc
2127 4293 2514 4357 adnotandum.
2543 4293 2672 4356 Nam
2696 4293 2762 4353 eo
2793 4296 2988 4352 smeulo
3022 4295 3227 4366 regiam
3251 4293 3429 4366 aulam

1856 4374 2277 4444 frequentabant
2305 4371 2530 4444 abbates
2549 4379 2754 4444 ,_atque
2783 4369 2850 4444 ad
2890 4367 3071 4444 m_unia
3093 4364 3300 4444 :palatii‘
3330 4379 3438 4444 non

1856 4432 2011 4500 inviti
2033 4442 2447 4498 adhibebantur.
2473 4432 2580 4496 Sed
2603 4432 2776 4510 neque
2798 4439 2910 4508 ipse
2927 4432 3251 4510 Benedictus
3275 4432 3435 4510 Ania-

1857 4515 2046 4571 nensis
2071 4514 2230 4568 aliter
2258 4529 2316 4568 se
2349 4512 2548 4583 gessit;
2579 4513 2671 4583 diu
2691 4504 2886 4578 nempe
2927 4517 3174 4583 versatus
3201 4506 3253 4560 in
3275 4504 3432 4569 Aula,

182 4592 353 4652 postea
376 4583 646 4643 lndensis.
676 4583 829 4651 cuius
860 4580 1036 4634 Vilam
1062 4581 1230 4635 habes
1253 4580 1305 4652 ὶη
1328 4580 1486 4652 _Ac_li_S
1509 4589 1748 4635 SﬂnClOI‘.
1778 4580 1832 4641 Ι)
1860 4585 2138 4640 Ραιαέὶιιειε
2174 4578 2375 4638 terebat
2402 4582 2560 4652 fores.
2613 4582 2749 4636 lliuc
2780 4591 2974 4652 tamen
3026 4578 3280 4652 discimus
3329 4592 3434 4632 non

183 4647 500 4709 Benedictin.
533 4647 833 4716 Saecnlftv,
859 4659 1014 4719 parte
1041 4667 1081 4714 ι,
1103 4667 1224 4720 pag.
1247 4649 1367 4705 194.
1398 4647 1527 4716 Ejus
1565 4665 1752 4720 mona-

184 4726 392 4779 sterium
424 4725 594 4779 situm
618 4723 718 4776 fuit
743 4722 795 4775 in
822 4721 996 4776 Gallia
1023 4719 1384 4784 Narbonensi,
1412 4723 1525 4775 sive
1543 4719 1753 4776 Occita-

184 4796 282 4857 nia,
315 4804 475 4864 atque
514 4796 566 4847 in
595 4793 816 4864 dioecesi
851 4792 981 4864 olim
1013 4791 1396 4864 Magalonensi.

214 4877 266 4983 Ic
295 4861 468 4920 Ita'in
511 4863 699 4920 codice
746 4878 848 4917 ms.
900 4861 1206 4933 Legendum
1263 4863 1376 4927 vir,
1421 4862 1510 4932 qui
1563 4879 1752 4932 quam-

234 4952 363 4983 ures-

183 4951 363 5002 pmres.

245 5006 269 5044 ιι
299 5007 440 5061 luem
467 5004 815 5063 Benedictus.
845 5012 907 5057 ut
929 5003 980 5057 in
1007 5001 1124 5070 ejus
1149 5000 1277 5056 Vita
1305 5002 1372 5056 ab
1399 5001 1590 5070 aequali
1617 5003 1753 5056 scri-

184 5083 264 5143 pta
305 5078 557 5139 habetur,
596 5095 616 5126 ‹
647 5092 713 5129 ex
757 5074 1014 5130 Getarum
1052 5087 1248 5144 genere
1293 5072 1537 5144 partibus
1581 5071 1752 5144 Goliae

185 5141 430 5202 oriundus
458 5147 583 5201 fuit.
616 5165 633 5197 ›
667 5146 970 5215 Itaquippe
1009 5141 1138 5198 olim
1167 5141 1434 5215 appellata
1474 5141 1752 5215 Occitania

186 5219 470 5284 provincia.
496 5231 641 5270 nunc
662 5215 710 5269 le
739 5214 1072 5284 Langtiedoc,
1106 5215 1232 5283 quia
1260 5214 1371 5269 illic
1402 5215 1586 5284 sedem
1617 5214 1751 5267 ﬁxe-

189 5283 261 5338 rat
283 5287 583 5342 Gothorum
619 5301 780 5357 gens,
807 5283 866 5339 in?
891 5285 1175 5357 Hispanias
1206 5283 1670 5357 quoquedi‘lfusa.

255 5369 277 5396 ε
307 5359 456 5413 Mora
494 5353 690 5410 teriu'm
736 5356 863 5409 olim
900 5353 1141 5424 insigne,
1174 5353 1349 5408 sitnm’
1380 5355 1446 5407 ad
1486 5353 1753 5408 Anianum

189 5424 416 5490 ﬂuvium,
450 5443 595 5482 nunc
622 5427 674 5479 in
705 5426 925 5480 dimeesi
952 5424 1148 5479 Montis
1198 5424 1498 5478 Pe::su!ani.
1527 5424 1610 5478 Ab
1654 5439 1751 5479 eo-

189 5499 299 5550 dem
331 5507 520 5553 sancto
549 5498 666 5551 viro
695 5497 984 5550 Benedicto
1013 5496 1290 5550 conditum
1322 5494 1441 5548 fuit.

258 5567 274 5605 ί
308 5571 512 5624 Auctor
539 5569 677 5622 Vitae
706 5566 960 5620 Ludovici
989 5566 1068 5620 Pii
1099 5567 1164 5619 ad
1196 5580 1393 5620 annum
1430 5564 1535 5620 817
1561 5583 1574 5618 :
1607 5584 1626 5616 α
1658 5565 1753 5619 1ιί-

193 5635 302 5691 dem
329 5641 605 5695 constituit
654 5639 792 5692 idem
826 5636 935 5691 Deo
965 5637 1213 5691 amabilis
1255 5637 1552 5705 imperator
1581 5635 1752 5690 Bene-

192 5707 379 5764 dictum
403 5712 679 5772 abbatem,
710 5716 914 5762 etcum
935 5723 1000 5763 eo
1036 5709 1332 5762 monachos
1361 5718 1595 5761 strenuae
1628 5713 1754 5763 vita:

191 5791 282 5846 per
308 5781 506 5842 omnia,
540 5781 629 5851 qui
658 5794 757 5849 per
785 5779 972 5851 omnia
1002 5777 1342 5851 monasteria_
1365 5777 1752 5851 monachorum

193 5856 375 5908 euntes
411 5847 805 5922 redeuntesque
851 5849 1176 5908 uniformem
1225 5847 1502 5907 traderent
1541 5850 1752 5908 cunctis

1858 4665 2046 4726 sponte
2075 4656 2126 4709 id
2151 4657 2217 4708 ab
2247 4670 2312 4710 eo
2338 4650 2562 4726 factum,
2609 4651 2825 4722 quando
2855 4651 2901 4706 is
2934 4650 3204 4719 in-ptobat
3243 4663 3426 4704 mona-

1855 4725 1979 4782 chos
2008 4725 2241 4780 civilibus
2271 4725 2422 4780 rebus
2447 4725 2731 4778 immixtos.

1933 4802 1948 4840 ί
1983 4798 2106 4860 Pro,
2141 4798 2356 4866 poteris.

1930 4868 1944 4918 i
1984 4869 2038 4922 Id
2069 4858 2175 4930 est,
2207 4867 2365 4920 tertia
2387 4880 2548 4920 causa
2575 4871 2724 4934 patet
2744 4879 2842 4934 cur
2863 4863 2991 4917 mihi
3025 4859 3293 4934 etpopulo
3336 4858 3438 4934 uti-

1855 4939 2124 4994 lissimum
2155 4928 2294 4991 foret
2321 4928 2708 4990 monasterium
2737 4933 2936 4988 habere
2955 4928 3277 5004 Aquisgrani
3305 4928 3436 4982 vici-

1856 5025 2005 5063 num.

1929 5080 1956 5118 ιι
1987 5079 2097 5132 lllis
2125 5076 2376 5130 videlicet
2399 5076 2492 5145 qui
2522 5075 2770 5145 abjurare
2798 5075 3053 5131 saeculum
3076 5070 3430 5145 constituunt,

1855 5150 2133 5217 vitamque
2178 5142 2535 5202 monasticam
2579 5142 2822 5217 eligunt,
2862 5153 3062 5217 praesto
3107 5142 3213 5197 erit
3250 5153 3430 5192 coeno-

1856 5221 2028 5283 bium,
2048 5215 2164 5289 quo
2181 5217 2309 5289 sine
2330 5233 2497 5289 imora
2521 5215 2771 5289 conferre
2795 5232 2853 5271 se
2866 5215 3108 5289 possint.

1935 5294 1951 5328 ι
1982 5281 2450 5344 Ιὶοἶεᾱίῐίεθῑὶοιιθ
2475 5288 2634 5358 hujus
2657 5281 2970 5358 monasterii
3006 5285 3118 5336 haec
3152 5281 3312 5335 habet
3333 5295 3420 5358 at:-

1856 5369 1976 5416 ctor
2012 5358 2148 5415 Viue
2179 5359 2351 5415 sancti
2394 5349 2669 5414 Benedicti
2715 5357 3070 5416 Anianen-sts,
3128 5368 3273 5406 num.
3321 5349 3426 5402 48:

1862 5450 1881 5482 ι
1913 5430 2081 5485 Vallis
2111 5438 2232 5485 erat
2252 5430 2445 5490 vicina,
2478 5445 2597 5498 quae
2623 5426 2898 5498 a_pal.ntio,
2939 5436 2997 5477 ut
3031 5437 3172 5498 reor,
3200 5438 3291 5476 sex
3325 5436 3428 5473 non

1857 5503 2087 5577 amplius
2110 5495 2557 5577 millibus-distat.
2593 5518 2609 5549 ι
2640 5495 2840 5577 (Poene
2867 5503 3063 5576 nostro.
3094 5495 3294 5577 distare
3318 5502 3429 5577 tau:

1856 5564 1970 5628 tum
2017 5574 2217 5628 dicitur
2263 5571 2492 5624 millibus
2527 5564 2708 5633 ternis)
2747 5584 2764 5616 ‹
2803 5565 2931 5632 Quae
2968 5565 3066 5620 viri
3106 5565 3198 5618 Dei
3229 5564 3425 5635 placuit

1854 5643 2052 5699 oculis:
2075 5644 2254 5714 ibique
2276 5641 2572 5714 imperator
2595 5636 3101 5714 jussit_construere
3126 5636 3276 5714 miro
3295 5648 3421 5714 ope—

1856 5729 1916 5769 re
1943 5706 2329 5769 monasterium
2351 5706 2496 5778 quod
2519 5714 2744 5778 vocatur
2761 5706 2919 5776 Inda,
2956 5716 3202 5764 mutuato
3246 5707 3311 5762 de
3347 5706 3428 5757 ri-

1853 5784 1978 5844 vulo
1997 5783 2239 5856 ejusdem
2264 5779 2421 5836 vallis
2445 5777 2682 5836 nomine.
2713 5796 2734 5833 ι
