4022 6444
575 377 685 441 605

578 497 707 556 Hac
723 492 842 554 loca
867 507 1009 565 sepe
1025 489 1174 555 colit,
1198 493 1559 560 properatque
1582 485 1820 542 revisere
1846 483 2053 550 caulas,

648 587 876 648 Ordinat
901 591 956 643 et
971 587 1242 654 sumptus,
1272 595 1498 638 munera
1533 581 1680 652 larga
1707 586 1885 649 parat.

1897 369 2206 430 ERMOLDI
2241 368 2528 432 NIGELLI

2190 498 2246 558 Α
2268 481 2429 545 Siste,
2453 479 2734 542 Camtena,
2764 472 2972 558 melos:
3001 471 3253 531 celerans
3279 469 3436 529 fratri
3455 486 3580 530 ecce
3605 472 3860 536 libellus

3771 354 3907 425 60L

2331 569 2738 630 Consoeiandus
2762 553 2939 636 adest,
2968 566 3079 625 line
3103 565 3340 640 jucunda
3361 582 3481 623 suo.

2153 749 3892 777 Μ

589 771 1612 805 ______________.___..

1789 896 2089 990 LIBEB
2161 887 2638 970 TERTIUS.

574 1154 807 1216 staris
834 1167 983 1209 arma
1010 1148 1105 1206 Dei
1138 1145 1450 1204 crescebant
1477 1155 1702 1197 munere
1727 1137 1880 1202 celsi,

647 1246 910 1304 Gentibus
930 1251 984 1298 et
1006 1237 1216 1295 cunctis
1243 1253 1348 1308 pax
1378 1243 1498 1291 erat
1524 1241 1683 1288 aucta
1713 1228 1839 1285 fide.

572 1338 847 1408 Famaque
874 1333 1209 1389 Francorum
1233 1327 1489 1384 Ludovici
1520 1337 1743 1380 munere
1770 1319 1948 1392 magni

645 1431 818 1487 Trans
840 1428 976 1484 freta
1003 1433 1198 1482 cuncta
1229 1423 1393 1488 volat,
1417 1430 1472 1477 et
1498 1420 1634 1492 petit
1653 1419 1823 1473 aethra
1848 1414 1980 1499 poli.

572 1524 720 1582 More
748 1532 926 1579 tamen
951 1521 1136 1593 prisco
1165 1515 1452 1589 regnorum
1479 1515 1667 1569 limina
1695 1526 1720 1555 ι
1751 1512 1954 1578 ϐωεπ,

641 1617 961 1684 Electosque
988 1614 1170 1675 duces,
1202 1609 1387 1664 adfore
1409 1609 1581 1679 prima
1615 1606 1784 1677 jubet.

569 1707 910 1764 Conveniunt
932 1720 1120 1759 omnes
1150 1702 1368 1773 placito,
1400 1709 1700 1770 parentque
1727 1695 1958 1769 jubenti,

637 1797 888 1855 Partibus
909 1811 1059 1867 :Pque
1082 1795 1194 1850 suis
1216 1808 1455 1865 congrua
1480 1793 1644 1847 verba
1671 1796 1886 1846 sonant.

2269 1126 2341 1184 Ut
2363 1128 2579 1199 requies
2601 1128 2704 1184 sibi
2730 1143 2905 1194 cessa,
2931 1135 3152 1186 movent
3184 1143 3312 1186 mox
3335 1130 3560 1190 horrida
3591 1131 3780 1200 bella,

2339 1220 2407 1274 Et
2427 1223 2653 1278 custode
2682 1237 2824 1278 novo
2853 1237 2982 1277 rura
3009 1221 3220 1293 replere
3249 1215 3461 1294 parant.

2267 1311 2480 1370 Lancea
2503 1331 2600 1386 pro
2627 1332 2817 1382 censu,
2850 1333 3049 1372 munus
3079 1331 3177 1387 pro
3199 1314 3323 1386 jure
3349 1317 3512 1373 duelli
3543 1320 3569 1358 ε

2338 1405 2604 1462 Redditur
2635 1408 2956 1478 hospitibus,
2984 1423 3085 1478 pro
3104 1408 3307 1479 pietate
3330 1416 3530 1464 tumor.

2268 1498 2502 1556 Francia
2537 1498 2591 1554 in
2614 1499 2838 1554 alterius
2857 1499 2886 1539 ιι
2911 1498 3162 1569 pulsabat
3186 1513 3355 1571 regna
3377 1498 3692 1570 triumphis,

2340 1593 2628 1664 Asperiora
2659 1593 2876 1663 quidem
2907 1608 3029 1662 quas
3058 1591 3159 1648 sibi
3192 1591 3304 1648 visa
3336 1591 3535 1649 forent.

2268 1689 2476 1745 Idcirco
2507 1688 2622 1743 haec
2646 1695 2826 1742 tantos
2858 1701 2946 1742 res
2971 1695 3054 1742 est
3077 1686 3300 1742 dimissa
3326 1703 3425 1758 per
3453 1703 3654 1751 annos,

2341 1779 2488 1837 Gens
2512 1779 2683 1851 magis
2709 1787 2872 1849 atque
2900 1778 3073 1848 magis
3095 1778 3288 1844 crevit,
3317 1786 3372 1834 et
3399 1794 3529 1832 arva
3565 1777 3776 1849 replet.

566 1892 772 1950 Nobilis
801 1892 942 1946 inter
964 1846 1100 1960 quos
1133 1846 1468 1942 Francorum
1518 1885 1762 1956 germine
1810 1880 2110 1952 Lantpreth
2135 1879 2164 1921 ι’
2195 1846 2244 1909 Β
2270 1872 2498 1943 Jamque
2531 1873 2762 1942 superba
2792 1871 2955 1926 nimis
2985 1870 3320 1926 Francorum
3348 1887 3511 1944 regna
3554 1869 3795 1928 lacessit
3821 1870 3839 1912 ί
3865 1897 3884 1924 ο

640 1982 802 2039 Venit
835 1990 892 2037 et
920 1982 1033 2051 ipse
1060 1995 1155 2034 sua
1182 1987 1335 2049 parte
1361 1978 1591 2032 volendo
1613 1977 1770 2031 citus.

565 2073 835 2130 Praevidet
857 2063 948 2127 hic
976 2071 1111 2126 lines
1135 2081 1157 2110 ο
1191 2113 1205 2136 ,
1226 2085 1362 2140 quos
1392 2069 1521 2124 olim
1546 2084 1678 2139 gens
1698 2066 1918 2121 inimica

639 2165 814 2220 Trans
839 2179 988 2219 mare
1018 2163 1180 2218 lintre
1212 2162 1399 2216 volans
1420 2170 1636 2230 ceperat
1665 2160 1893 2214 insidiis.

564 2255 666 2312 Hic
693 2255 922 2328 p0pulus
943 2255 1163 2309 veniens
1187 2268 1441 2324 supremo
1462 2268 1526 2308 ex
1550 2253 1680 2306 orbe
1700 2251 1946 2306 Britanni
1978 2249 2005 2291 ά
2044 2290 2061 2318 ,

635 2349 783 2418 Quos
809 2347 965 2403 modo
988 2347 1258 2404 Brittones
1282 2344 1543 2399 Francica
1574 2345 1750 2416 lingua
1780 2350 1955 2398 vocat.

563 2437 698 2497 Nam
729 2439 931 2495 telluris
957 2452 1143 2508 egens,
1170 2445 1332 2492 vento
1353 2434 1668 2504 jactatus'et
1697 2433 1879 2500 imbri,

633 2531 774 2585 Arva
802 2531 949 2601 capit
971 2544 1214 2600 prorsus,
1248 2537 1412 2598 atque
1447 2529 1647 2582 tributa
1674 2535 1831 2596 parat

561 2622 829 2694 Tempore
844 2633 1036 2691 nempe
1052 2620 1144 2675 illo
1159 2622 1260 2676 hoc
1289 2637 1382 2676 rus
1406 2636 1621 2689 quoque
1650 2617 1837 2673 Gallus
1861 2630 1885 2658 ε
1908 2616 2158 2683 habebat,

632 2711 858 2782 Quando
889 2715 1030 2768 item
1055 2715 1286 2783 populus
1313 2712 1562 2767 ﬂuctibus
1595 2723 1749 2767 actus
1772 2713 1946 2768 adest.

563 2807 671 2864 Sed
695 2807 821 2877 quia
840 2805 1093 2876 baptismi
1130 2805 1305 2859 fuerat
1335 2805 1422 2860 hic
1445 2805 1646 2859 tinctus
1683 2804 1848 2868 olivo,

632 2897 754 2953 Mox
777 2899 1013 2969 spatiarc
1039 2897 1165 2951 licet
1199 2896 1218 2935 ί
1253 2938 1266 2960 ,
1299 2906 1353 2952 et
1376 2891 1553 2952 colere
1581 2911 1712 2950 arva
1740 2896 1920 2950 simul.

633 3046 660 3076 ι
688 3033 796 3089 Eos
838 3033 1064 3089 innuere
1091 3035 1309 3088 videtur
1344 3033 1434 3104 qui
1461 3034 1648 3089 eodem
1673 3032 1871 3104 siccqu
1909 3033 2164 3104 appellari

560 3113 847 3186 coeperunt
889 3105 1214 3186 ngare/tiones
1268 3104 1380 3160 sive
1432 3103 1681 3158 marchisi
1725 3120 1755 3157 a
1807 3106 2050 3160 custouia
2102 3105 2164 3159 li-

563 3177 755 3229 mitum
784 3177 955 3229 rctmi.

635 3246 664 3286 δ
690 3245 796 3301 Pro
835 3244 1136 3317 Lantperlc,
1185 3246 1300 3301 sive
1350 3244 1645 3300 Lamberto.
1692 3245 1818 3300 Fuit
1848 3246 1893 3302 is
1937 3247 2162 3302 Andica-

561 3317 755 3387 censis,
782 3317 899 3372 sive
921 3317 1305 3387 Andegavensis
1348 3333 1539 3375 comes.
1597 3317 1640 3371 si
1691 3317 2052 3372 Mabillonium
2101 3319 2154 3372 in

561 3385 1117 3443 Anual.Bene;lictin.
1149 3388 1538 3459 auscultamus,
1589 3404 1652 3443 ac
1704 3398 1985 3459 propterea
2038 3388 2156 3443 Bri-

561 3460 758 3513 tanniae
779 3459 992 3528 minori,
1027 3459 1089 3513 de
1116 3475 1217 3528 qua
1247 3458 1603 3528 infringitur,
1654 3458 1749 3512 sua
1794 3460 1995 3514 ditione
2027 3473 2156 3513 con-

561 3531 845 3583 terminus.
879 3527 1030 3583 Hunc
1062 3527 1251 3583 auctor
1278 3529 1414 3583 Vitzn
1450 3527 1707 3583 Lnlovici
1751 3530 1896 3583 nullo
1936 3532 2154 3586 nomine

561 3597 900 3669 Luntbertum
926 3601 1160 3669 appellat
1182 3601 1248 3654 ad
1293 3615 1492 3654 annum
1519 3601 1643 3655 823.
1681 3599 1722 3652 T
1746 3617 1815 3654 im
1849 3603 1912 3652 al
1955 3617 2157 3656 annum

561 3668 688 3735 8‘29,
719 3668 1329 3726 comitem’anbertum
1361 3672 1623 3725 nominat.
1675 3672 1786 3741 Ego
1836 3670 1885 3725 Ν
1906 3681 2157 3725 (macten-

563 3756 693 3806 sem,
723 3756 826 3795 non
854 3742 1257 3796 Andicarensem
1301 3743 1544 3796 comitem
1598 3742 1762 3796 fuisse
1811 3744 2045 3797 arbitror
2089 3758 2156 3797 ex

563 3808 704 3864 infra
735 3811 1072 3868 adnotandis.

641 3888 664 3951 ς
705 3879 840 3951 Hinc
867 3896 996 3951 ergo
1018 3883 1200 3945 habes,
1237 3882 1516 3936 Lantberto
1542 3882 1921 3937 demandatum
1967 3883 2159 3940 vicina:

565 3948 861 4022 Britanniis
911 3948 1094 4022 ﬁnium
1159 3953 1404 4006 tutelam.
1456 3954 1813 4022 Eginhardus,
1851 3953 1916 4005 ad
1959 3968 2158 4010 annum

561 4017 690 4084 826,
739 4030 1006 4076 memorat
1051 4021 1348 4076 Britannici
1393 4017 1574 4076 limﬁis
1603 4023 1862 4076 custodes.
1898 4022 2158 4078 A'lrevol-

567 4089 670 4146 dus
708 4089 1068 4146 Floriaceusis
1095 4093 1146 4146 in
1189 4092 1352 4147 Libro
1407 4093 1785 4148 Miraculorum
1821 4092 1878 4147 S.
1932 4093 2158 4149 Benedi-

563 4157 1058 4234 cti,cap._55,hzec
1086 4164 1270 4234 habet,
1309 4171 1428 4218 acta
1476 4174 1596 4234 post
1642 4164 1849 4218 obitum
1897 4164 2154 4220 Ludovici

561 4230 645 4286 Pii
677 4249 691 4286 :
728 4230 1056 4289 «Marcbisis
1082 4233 1377 4288 Britannici
1404 4230 1591 4290 limitis
1627 4236 1772 4289 inter
1806 4250 1863 4289 se
1891 4235 2155 4291 dissiztcn~

565 4301 711 4358 tibus
760 4302 959 4362 bellum
1003 4305 1199 4359 oritur.
1255 4303 1511 4371 Quamvis
1563 4307 1709 4361 enim
1767 4305 2027 4361 llainoldo
2066 4324 2155 4362 occ

565 4373 854 4428 cumbente
907 4373 1079 4430 victor
1132 4375 1456 4431 Lambertus
1505 4377 1798 4440 exstiterit,
1860 4391 1966 4431 non
2019 4379 2154 4433 adeo

565 4451 746 4519 tamen
774 4442 1021 4519 victricia
1045 4447 1120 4519 ab
1144 4446 1506 4519 boste_retulit
1529 4449 1703 4519 signa,
1728 4469 1745 4499 ι
1765 4457 1868 4500 etc.

635 4511 744 4566 διὰ
772 4514 1175 4589 estuBritann‘ite
1217 4516 1462 4589 majoris,
1518 4511 1724 4589 Anglia:
1781 4533 2150 4589 nunc;quam

2335 1966 2452 2022 Nec
2483 1972 2741 2022 contenta
2773 1963 2888 2019 solo
2918 1978 3026 2034 quo
3061 1964 3351 2035 peregrina
3381 1962 3485 2019 fuit

2261 2057 2476 2123 Infelix,
2508 2059 2695 2128 ignara
2727 2054 2907 2118 simul,
2935 2053 3269 2110 contendere
3295 2063 3470 2120 sueta,

2336 2149 2601 2222 Sperabat
2625 2147 2866 2203 Francos
2894 2142 3223 2216 exsuperare
3250 2146 3438 2218 agiles.

2264 2241 2417 2298 Hunc
2440 2255 2590 2303 vero,
2617 2247 2676 2293 ut
2697 2237 2831 2302 dixi,
2856 2236 3151 2307 Lantpreth
3177 2236 3467 2307 compellat
3495 2237 3648 2296 avito

2333 2332 2517 2389 Cwsar
2539 2347 2712 2396 more,
2744 2345 2941 2401 rogans
2970 2338 3163 2385 cuncta
3189 2327 3395 2384 referre
3418 2329 3545 2387 sibi.

2264 2426 2336 2485 Ut
2355 2441 2488 2499 gens
2513 2426 2601 2481 illa
2624 2425 2792 2482 Deum
2815 2424 3020 2480 recolat
3039 2423 3314 2495 cultuque,
3342 2425 3579 2496 ﬁdeque,

2334 2520 2699 2590 Ecclesiisque
2728 2517 2820 2573 Dei
2851 2517 3027 2589 qualis
3054 2518 3295 2573 abundet
3318 2519 3510 2574 honor.

2263 2614 2365 2685 Qui
2395 2615 2466 2670 sit
2495 2614 2669 2684 plebis
2697 2628 2868 2673 amor,
2898 2627 3018 2682 quae
3049 2611 3121 2666 sit
3155 2611 3383 2685 justitia,
3414 2627 3536 2683 qure
3559 2627 3675 2684 pax

2337 2707 2500 2778 Regis
2533 2707 2710 2760 honor
2734 2703 2930 2774 qualis,
2960 2703 3103 2774 quod
3131 2703 3348 2774 pietatis
3371 2719 3530 2775 opus.

2264 2803 2487 2872 Insuper
2513 2799 2579 2854 ad
2612 2797 2625 2849 i
2668 2808 2886 2854 nostros
2908 2813 3026 2867 qua:
3055 2796 3124 2851 sit
3153 2795 3383 2851 salvatio
3408 2798 3584 2853 lines:

2337 2891 2538 2948 Ordine
2564 2898 2762 2946 cuncta
2790 2903 2889 2944 suo
2917 2887 3022 2951 dic,
3055 2887 3194 2953 volo,
3230 2884 3464 2954 France,
3489 2887 3649 2943 mihi.

2265 3037 2564 3085 certamen.
2622 3023 2770 3079 Infra
2831 3023 2994 3079 etiam
3057 3023 3224 3078 babes
3278 3023 3400 3078 belli
3444 3040 3672 3080 munera
3730 3042 3874 3082 more

2269 3099 2426 3155 vehit.
3455 3125 3458 3130 -

2337 3167 2756 3239 hSupplendum
2808 3166 3045 3239 videtur,
3104 3165 3295 3233 partis,
3346 3167 3534 3239 gentis,
3589 3176 3690 3222 aut
3739 3168 3868 3238 quid

2266 3235 2735 3296 simileI'Sensus
2783 3246 2906 3291 est:
2953 3235 3287 3290 Francorum
3345 3235 3594 3307 populus,
3647 3235 3873 3294 dimissa

2264 3312 2558 3367 Britannic
2587 3309 2892 3365 cismarinre
2926 3323 3078 3368 cura,
3128 3307 3363 3361 studium
3417 3321 3578 3362 omne
3637 3309 3871 3365 collos:-

2264 3385 2358 3438 bat
2395 3384 2447 3437 in
2478 3383 2669 3437 vincen
2693 3382 2759 3434 iis
2778 3380 2900 3432 aliis
2922 3381 3119 3449 regnis,
3151 3394 3272 3448 quae
3297 3379 3401 3434 sibi
3425 3380 3612 3435 acrius
3653 3383 3871 3436 obstare

2265 3463 2358 3508 aut
2389 3456 2583 3508 obesse
2619 3468 2779 3521 posse
2815 3452 3059 3520 putabat.

2343 3527 2358 3566 ί
2396 3526 2508 3579 Sub
2540 3526 2651 3593 ipsa
2693 3522 3174 3593 Merovingirorum
3207 3536 3393 3588 regum
3423 3522 3591 3592 stirpe
3615 3523 3865 3579 Britanni

2262 3592 2925 3654 Cismarini’rebellionem
2954 3592 3153 3662 pl.1ries
3195 3593 3390 3653 fecere,
3448 3595 3682 3648 testibus
3737 3593 3870 3650 Gre-

2263 3669 2415 3740 gorio
2440 3663 2754 3740 Turoncnfe
2789 3674 2843 3740 et
2872 3662 3200 3740 Fredegario
3247 3663 3300 3717 in
3341 3663 3655 3740 Ghmnicis.
3708 3665 3866 3720 Anno

2263 3733 2478 3808 ﬁdoque
2532 3735 2895 3808 786ACarolus
2922 3733 3158 3808 Magnus
3201 3735 3458 3808 «perﬁda:
3507 3738 3691 3805 gentis
3733 3752 3866 3790 con-

2264 3805 2550 3862 tumacia‘n
2591 3806 2729 3862 mira
2772 3806 3050 3860 celeritate
3102 3805 3489 3874 compressit.»
3550 3808 3630 3861 uti
3679 3817 3869 3861 auctor

2261 3889 2346 3933 est
2362 3879 2698 3949 Eginbardus
2714 3894 2729 3942 ;
2744 3877 2898 3946 cujus
2909 3877 3073 3949 etiam
3091 3882 3218 3949 sunt
3241 3877 3403 3949 verba
3423 3875 3489 3949 ad
3505 3893 3714 3949 annum
3729 3877 3863 3933 799:

2266 3968 2285 4000 ‹
2311 3945 2472 4004 Wido
2506 3962 2687 4004 comes
2726 3963 2791 4002 ac
2817 3945 3128 4016 praefectus
3164 3947 3458 4002 Britannici
3504 3947 3697 4003 limitis
3741 3964 3861 4004 cum

2262 4022 2425 4075 sociis
2451 4019 2741 4075 comitibus
2771 4027 2939 4073 totam
2979 4017 3258 4090 Britonum
3284 4017 3637 4090 provinciam
3689 4019 3864 4090 perlu-

2261 4101 2551 4153 straverat,
2580 4106 2730 4143 arma
2760 4091 2960 4145 ducum
2989 4089 3080 4158 qui
3114 4105 3172 4143 se
3196 4089 3540 4153 dediderunt,
3581 4089 3860 4158 inscriptis

2261 4163 2596 4229 singulorum
2626 4160 2956 4221 nominibus,
2989 4160 3213 4231 detulit.
3244 4180 3262 4213 ι
3312 4160 3515 4215 Eadem
3567 4160 3864 4231 pneferunt

2259 4241 2315 4287 et
2343 4234 2432 4287 alii
2468 4232 2800 4287 Francorum
2841 4230 3083 4302 annales.
3128 4232 3330 4302 Auctor
3357 4247 3492 4286 vero
3534 4230 3857 4302 anonymus,

2259 4305 2354 4376 sed
2397 4305 2750 4376 synchronus.
2802 4302 2936 4356 Vita:
2980 4301 3160 4376 Garuli
3210 4301 3410 4372 Magni,
3464 4304 3611 4376 apud
3660 4303 3862 4357 Ducbe-

2258 4370 2458 4437 sninni,
2482 4375 2597 4429 haec
2623 4375 2696 4428 ita
2722 4381 2926 4427 narrat.
2963 4390 2980 4422 ‹
3001 4370 3178 4428 Guido
3202 4370 3406 4440 comes,
3456 4370 3554 4442 qui
3597 4373 3658 4429 in
3714 4389 3857 4428 mar-

2258 4461 2376 4500 cam
2411 4445 2703 4499 Britannia:
2727 4444 3065 4514 prazsidebat,
3101 4457 3206 4497 una
3229 4458 3351 4497 cum
3376 4445 3542 4500 sociis
3577 4445 3854 4514 ingressus

2258 4516 2615 4579 Britanniam,
2651 4513 2928 4584 totamque
2948 4515 3308 4583 perlustrans,
3337 4514 3392 4569 in
3417 4513 3750 4571 deditionem
3777 4531 3858 4569 ac-

566 4581 822 4655 deserens
846 4583 934 4638 ille
952 4586 1201 4655 populus,
1233 4581 1379 4643 et'in
1435 4581 1659 4642 Gallioni
1713 4581 1988 4649 Celticum,
2005 4581 2020 4588 ’
2044 4591 2155 4644 sive
2181 4595 2235 4654 1)
2260 4588 2431 4654 cepit;
2459 4595 2511 4641 et
2535 4587 2647 4655 regi
2669 4601 2816 4640 arma
2841 4581 3039 4641 ducum
3065 4586 3160 4654 qui
3188 4601 3248 4640 se
3273 4585 3620 4652 dediderant,
3662 4586 3852 4641 inscri-

568 4651 904 4708 Armoricam
935 4651 1160 4719 delatus,
1206 4658 1276 4711 ibi
1317 4661 1498 4712 sedem
1538 4676 1602 4713 ac
1649 4659 1877 4713 subinde
1915 4660 2156 4714 domina-

567 4722 772 4795 tionem
809 4725 1020 4780 statuit.
1053 4727 1393 4795 Eginhardus
1428 4727 1480 4782 in
1522 4728 1819 4783 Annalibus
1854 4728 1920 4782 ad
1957 4746 2155 4786 annum

567 4792 694 4858 786,
723 4802 960 4852 veterem
998 4792 1431 4853 commemorans
1480 4800 1782 4862 historiam,
1825 4801 1940 4853 ait:
1979 4820 1998 4850 ‹
2021 4801 2155 4856 Cum

568 4864 639 4919 ab
665 4864 851 4936 Anglis
871 4875 926 4924 et
951 4866 1255 4924 Saxonibus
1278 4869 1556 4923 Britannia
1607 4870 1781 4924 insula
1827 4870 2019 4924 fuisset
2077 4873 2157 4925 in-

567 4949 944 5008 vasa,magna
974 4953 1102 5008 pars
1124 4940 1417 4994 incolarum
1455 4938 1570 5007 ejus
1598 4956 1743 4994 mare
1773 4940 2066 5006 trajiciens,
2101 4944 2154 4998 in

566 5005 775 5088 ultimis
812 5005 997 5064 Gallia:
1027 5011 1242 5092 linibus,
1269 5005 1592 5076 Venetorum
1622 5021 1678 5067 et
1707 5005 2154 5068 CoriOsolitarum

566 5087 814 5148 regiones
849 5087 1149 5148 occupavit.
1176 5098 1193 5131 ι

570 5215 582 5228 ⁸
646 5160 669 5228 εξ
696 5148 810 5203 Hoc
835 5159 918 5228 est
946 5149 1338 5228 cum_nondum
1359 5150 1582 5228 Franci
1620 5150 1833 5228 Gallias
1875 5152 2154 5228 sibi_s_ub-

561 5219 842 5293 jecissent.
877 5220 1186 5293 Et‘quidem
1217 5221 1411 5293 seculo
1432 5220 1633 5278 Christi
1664 5223 1853 5293 quinto
1893 5224 2005 5277 acci
2029 5223 2156 5276 lisse

570 5289 923 5368 irruptionem
946 5290 1433 5368 huj_usmodi,_satis_
1458 5289 1957 5368 innuunt'Sidonius
1997 5293 2156 5368 Apol-

569 5357 775 5434 linaris,
807 5357 1108 5434 Jornandes
1139 5363 1192 5416 in
1238 5363 1471 5416 Historia
1504 5361 1820 5426 Gothorum,
1863 5357 2155 5434 Gregorius

570 5427 919 5494 Turonensis,
951 5442 1005 5487 et
1035 5433 1144 5488 alii.

649 5499 668 5538 ί
695 5499 751 5554 ln
777 5505 1081 5576 ms.codice
1113 5505 1390 5576 legebatur
1417 5519 1483 5576 ex
1523 5503 1704 5576 priore
1743 5519 1913 5576 manu
1957 5514 2151 5570 tamen,

569 5584 669 5641 pro
700 5585 808 5645 quo
833 5575 1067 5631 secunda
1099 5573 1290 5630 manus
1332 5573 1697 5645 posuit’licct.
1743 5573 1869 5627 Mihi
1919 5576 2154 5630 retinere

565 5655 760 5717 .vocem
789 5643 930 5700 hanc
955 5657 1149 5717 sensus
1176 5643 1344 5717 gratia
1368 5646 1585 5716 placuit.
1763 5653 1773 5717 λ
1823 5668 1825 5671 ·

647 5712 770 5787 ’με
791 5726 1007 5787 sensum
1024 5712 1409 5787 instruendum
1429 5720 1568 5787 fputo
1589 5730 1606 5787 ς
1634 5731 1728 5787 pro
1745 5713 1886 5787 jure,
1917 5715 2028 5787 hoc
2069 5722 2155 5770 est

570 5795 672 5856 pro
692 5783 904 5856 justitia
920 5783 1180 5856 facienda
1232 5783 1530 5856 h05pitibus
1573 5783 1786 5849 Gallis,-
1814 5785 1882 5840 iis
1910 5783 2156 5856 rotl'ertur

577 5851 646 5905 ab
675 5851 894 5910 advenis
919 5854 1192 5912 Britannis
1222 5851 1410 5910 munus
1430 5855 1611 5924 duelli,
1638 5857 1742 5912 hoc
1768 5863 1852 5911 est
1877 5855 2152 5928 singulare

2299 4659 2368 4713 tis
2403 4656 2706 4712 nominibus
2742 4656 3094 4726 singulorum,
3151 4656 3501 4726 praesentarit
3524 4697 3539 4712 .
3571 4697 3586 4711 .
3615 4696 3632 4710 .
3666 4667 3722 4712 et
3745 4666 3853 4710 tota

2306 4729 2640 4782 ritannorum
2687 4727 2989 4796 provincia,
3027 4727 3169 4796 quod
3213 4743 3490 4795 nunquam
3542 4727 3852 4796 anteai(id

2259 4800 2478 4869 quidem
2503 4798 2658 4871 facile
2694 4800 2918 4853 credere
2951 4813 3050 4871 nos
3079 4813 3188 4871 non
3223 4798 3410 4853 sinunt
3431 4797 3734 4871 Gregorius
3754 4797 3856 4851 To-

2260 4868 2526 4934 ronensis,
2569 4870 2768 4939 aliique
2798 4884 2962 4938 supra
2989 4869 3192 4939 laudati
3236 4883 3418 4923 rerum
3462 4868 3848 4926 Francicarum

2260 4941 2608 5010 scriptores),
2645 4960 2662 4991 ‹
2684 4937 2712 4994 a
2743 4937 2964 4994 Francis
2993 4937 3274 5010 subiugata
3314 4949 3418 4994 est.
3445 4961 3462 4992 ο
3509 4939 3644 5008 Qua:
3693 4940 3850 5010 verba

2261 5008 2394 5066 satis
2425 5008 2736 5075 ostendunt,
2773 5011 3048 5065 marchisis
3087 5008 3212 5073 illis,
3261 5011 3376 5081 sive
3411 5008 3852 5081 prwfectisﬁBri-

2259 5084 2456 5135 ιηηηὶσὶ
2486 5082 2688 5144 limitis,
2715 5095 2781 5134 ex
2818 5082 2972 5150 queis
3008 5097 3149 5136 unus
3173 5091 3293 5135 erat
3329 5079 3667 5135 Lautliertus
3693 5080 3850 5134 Ram-

2259 5153 2500 5206 netensis
2547 5168 2751 5215 comes,
2809 5152 2941 5205 nihil
2988 5153 3128 5222 juris
3185 5150 3372 5222 fuisse:
3405 5152 3459 5205 in
3519 5151 3851 5222 Britanniam

2260 5223 2548 5288 minorem,
2579 5224 2670 5276 sed
2695 5223 2762 5275 iis
2789 5220 3051 5276 duntaxat
3094 5225 3284 5277 datum
3334 5221 3677 5278 Francorum
3717 5220 3852 5276 lines

2257 5293 2370 5348 sive
2390 5294 2640 5348 limitesa
2665 5292 2940 5348 Britannis
2970 5295 3131 5358 tueri,
3178 5309 3315 5362 quos
3359 5293 3442 5346 sui
3483 5303 3714 5348 comites
3759 5301 3850 5345 aut

2257 5363 2440 5428 duces,
2479 5365 2772 5432 nuncupati
2801 5365 2964 5419 etiam
3003 5381 3165 5433 rcges,
3210 5364 3339 5418 olim
3383 5379 3572 5434 regere
3623 5378 3852 5419 consue-

2263 5446 2472 5500 verunt,
2512 5452 2540 5490 a
2585 5451 2837 5506 supremo
2875 5443 3054 5490 tamen
3096 5435 3222 5506 jure
3264 5435 3606 5491 Francorum
3664 5449 3850 5504 regum

2255 5521 2360 5560 non
2383 5507 2604 5561 omnino
2624 5505 2873 5560 absoluti.

2331 5576 2343 5625 i
2379 5578 2520 5646 Ergo
2559 5577 2806 5630 Francici
2863 5576 3017 5646 regni
3058 5575 3191 5632 ditio
3236 5584 3370 5646 tunc
3414 5575 3468 5630 in
3511 5571 3849 5630 Britanniam

2255 5645 2477 5701 minime
2507 5648 2856 5717 penetrabat;
2894 5645 2988 5702 sed
3024 5646 3092 5701 ad
3133 5647 3270 5704 tines
3294 5645 3683 5717 Britannorum
3716 5658 3850 5696 con-

2254 5715 2627 5782 sistebat,_ea,
2654 5726 2716 5787 ut
2743 5732 2890 5783 reor,
2935 5717 3004 5773 de
3043 5733 3231 5778 causa,
3283 5715 3430 5787 quod
3473 5730 3667 5772 rursus
3711 5727 3850 5784 gens

2255 5788 2343 5843 illa
2370 5789 2638 5846 rebellans
2661 5786 3000 5845 Francorum
3029 5786 3314 5861 imperium
3333 5792 3733 5858 contemneret.

2367 5875 2378 5896 ι
2487 5873 2500 5886 ἰ
2805 5885 2808 5888 ~
