4022 6454
251 441 365 502 605

245 556 355 615 011i
384 551 662 626 respondit
685 552 794 608 ﬁdo
823 554 889 609 de
919 561 1135 623 pectore
1159 553 1475 624 Lantpreth,

320 645 630 702 Caesareum
659 643 882 698 acclinis
908 643 1082 697 basiat
1110 659 1205 698 ore
1234 655 1372 714 genu
1406 655 1453 698 ιι.

242 736 416 803 Gens,
447 740 541 800 ait,
561 735 656 791 illa
692 735 908 807 quidem
947 736 1283 805 mendaxque
1329 735 1579 805 superba,
1628 737 1844 794 rebellis

319 827 592 885 Hactenus
614 827 814 891 existit,
839 836 893 883 et
915 827 1154 882 bonitate
1187 842 1380 883 carens

239 919 629 978 Christicolum
653 921 851 976 retinet
879 919 1254 976 tantummodo
1283 921 1487 992 perfida
1515 937 1732 989 nomen,

318 1011 565 1083 Namque
589 1026 775 1082 opera,
803 1019 858 1068 et
878 1011 1056 1068 cultus
1088 1021 1215 1067 sunt
1238 1012 1449 1083 procul,
1481 1003 1644 1086 atque
1685 1013 1836 1070 fides.

238 1101 390 1160 Cura
424 1105 771 1176 pupillorum,
796 1105 992 1171 viduae,
1025 1106 1139 1160 sive
1168 1090 1519 1161 ecclesiarum

317 1199 475 1255 Nulla
504 1208 684 1257 manet
712 1209 945 1257 :eoeunt
966 1201 1135 1257 frater
1158 1211 1209 1258 et
1238 1204 1350 1274 ipsa
1378 1218 1552 1258 soror.

238 1289 485 1349 Uxorem
522 1290 708 1346 fratris
735 1290 904 1348 frater
931 1293 1071 1362 rapit
1101 1293 1257 1359 alter,
1283 1301 1337 1350 et
1365 1309 1556 1350 omnes

313 1384 524 1441 Incesta
552 1386 762 1452 vivunt,
789 1392 951 1456 atque
978 1385 1212 1440 nefanda
1243 1394 1458 1458 gerunt.

234 1473 300 1531 In
326 1477 502 1532 dumis
521 1477 790 1543 habitant,
810 1476 1106 1548 lustrisque
1130 1476 1327 1533 cubilia
1361 1478 1624 1547 condunt,

312 1566 383 1622 Et
404 1570 819 1640 gaudentraptu
845 1568 1040 1640 degere
1063 1584 1216 1624 more
1245 1568 1395 1626 feras.

229 1653 466 1713 Iustitia:
489 1657 665 1715 virtus
690 1659 889 1714 nullam
919 1659 1021 1716 sibi
1043 1659 1283 1716 vindicat
1302 1661 1503 1728 aulam,

310 1751 476 1808 Linea
491 1741 688 1822 iudicii
710 1755 836 1811 hinc
857 1755 993 1827 fugit
1020 1763 1143 1811 acta
1171 1756 1380 1827 procul.

230 1838 352 1895 Rex
381 1841 410 1882 ι)
440 1839 759 1899 Murmanus
784 1855 804 1883 ο
832 1845 986 1900 adest
1012 1847 1334 1918 cognomine
1390 1847 1566 1905 dictus
1618 1863 1827 1917 eorum,

307 1930 424 1986 Dici
447 1933 494 1988 si
523 1932 688 1989 liceat
710 1949 823 2001 rex,
840 1935 972 2004 quia
994 1935 1139 1991 nulla
1169 1937 1340 2007 rogita
1709 1929 1725 1936 ”

229 2019 455 2094 θερίας
477 2025 545 2080 ad
570 2035 789 2082 nostros
811 2036 1076 2083 venerunt
1103 2029 1320 2084 tramite
1342 2030 1503 2097 ﬁnes,

304 2115 413 2173 Sed
443 2126 623 2174 tamen
650 2119 799 2175 illaesi
832 2136 938 2176 non
963 2120 1176 2177 rediere
1201 2137 1348 2177 suos.

224 2207 361 2267 Haec
387 2209 719 2267 Lantbertus
745 2212 842 2278 ait,
869 2212 1043 2268 reddit
1071 2207 1159 2268 cui
1198 2213 1326 2269 talia
1348 2213 1550 2283 Caesar,

303 2300 535 2374 Insignis
567 2300 772 2368 meriti,
796 2302 1184 2375 paciﬁcusque,
1216 2303 1372 2376 pius:
1399 2295 1405 2302 ’

222 2391 328 2452 Est
354 2407 442 2449 res
473 2393 605 2448 dura
636 2395 796 2450 nimis
831 2396 966 2462 htec,
1005 2404 1087 2452 est
1117 2405 1173 2452 et
1200 2397 1382 2468 inepta
1411 2396 1608 2465 relatu,

303 2485 454 2556 Quae,
478 2486 792 2560 Lan‘tperte,
822 2483 959 2543 meis
985 2489 1208 2544 auribus
1234 2505 1329 2544 ore
1359 2504 1540 2544 sonas.

227 2576 308 2638 Ut
328 2577 611 2650 peregrina
640 2577 853 2636 mecum
886 2577 913 2619 ἀ
941 2596 1074 2651 gens
1104 2583 1272 2653 gratis
1301 2579 1503 2637 incolat
1531 2596 1740 2647 arvum,

301 2671 479 2743 Atque
503 2673 734 2744 superba
764 2673 1215 2745 movetimproba
1243 2670 1379 2729 bella
1407 2663 1560 2730 meis.
1607 2663 1610 2666 ’

228 2765 315 2822 En
346 2766 524 2832 decet,
553 2777 609 2821 et
637 2753 844 2821 licitum
874 2764 1088 2822 facinus
1113 2766 1218 2821 hoc
1242 2763 1411 2821 Marte
1437 2765 1642 2833 revelli,

305 2861 368 2916 Ni
403 2858 553 2917 mare
580 2859 904 2928 subsidium,
929 2859 1036 2932 quo
1057 2860 1280 2933 petiere,
1308 2859 1465 2916 ferat.

224 2954 535 3011 Pmstatut
561 2956 628 3011 ad
654 2971 832 3028 regem
865 2955 1062 3011 missus
1093 2956 1339 3009 mittatur
1359 2953 1631 3019 eumdem,

301 3049 404 3118 Qui
436 3049 572 3106 bene
601 3059 782 3104 nostra
808 3048 908 3104 sibi
934 3048 1176 3120 perferat
1204 3041 1326 3105 orsa
1359 3049 1526 3118 prius.

222 3140 329 3199 Est
355 3158 569 3212 quoque
598 3157 690 3197 rex
715 3141 857 3196 idem
879 3156 1036 3198 sacro
1065 3137 1387 3212 baptismate
1415 3141 1654 3197 tinctus:

302 3233 506 3289 Idcirco
540 3234 684 3288 hunc
705 3234 880 3304 primo
908 3248 1004 3288 nos
1029 3220 1491 3288 monitare-decet.

221 3313 736 3396 Witchariumq'ue“e
755 3335 929 3392 vocat,
954 3325 1047 3398 qui
1067 3323 1208 3381 forte
1243 3325 1538 3381 advenerat
1564 3323 1709 3390 illuc,

307 3414 401 3471 Vir
427 3417 616 3478 bonus,
649 3427 809 3488 atque
841 3434 1028 3488 sagax,
1061 3425 1115 3472 et
1141 3405 1564 3487 ratione‘capax.

221 3493 324 3565 Ito‘
339 3505 483 3566 celer
506 3507 777 3575 Wichart,
812 3505 996 3565 nostra
1026 3510 1139 3564 hzec
1168 3507 1419 3563 mandata
1457 3517 1685 3579 tyranno

302 3598 461 3656 Haud
485 3600 776 3655 dubitanda
810 3598 970 3666 refer,
995 3601 1185 3656 ordine
1203 3585 1498 3669 jussa'tibi.

221 3692 313 3751 En
346 3705 466 3746 mea
494 3708 620 3746 rura
643 3691 766 3748 colit
801 3683 926 3758 late,
958 3694 1154 3764 quibus
1183 3679 1337 3747 exsul
1358 3693 1622 3747 oberrans

301 3781 480 3838 Ponto
509 3791 696 3839 vectus
728 3784 899 3851 adest,
935 3794 990 3839 et
1015 3801 1185 3857 genus
1212 3789 1370 3840 omne
1401 3799 1578 3839 suum.

224 3875 436 3945 Nempe
471 3871 670 3930 tributa
693 3885 859 3942 vetat,
887 3893 988 3932 nec
1009 3893 1113 3932 non
1137 3884 1192 3932 et
1213 3876 1394 3947 praelia
1420 3883 1608 3941 tentat,

307 3968 482 4037 Atque
508 3968 685 4024 minas
712 3966 940 4023 Francis
968 3970 1209 4034 mandat,
1245 3977 1299 4024 et
1329 3984 1478 4022 arma
1501 3973 1679 4038 parat.

227 4059 369 4118 Nam
382 4067 524 4130 post,
542 4059 702 4115 dante
718 4060 845 4124 Deo,
866 4076 1027 4131 quam
1053 4076 1212 4132 regna
1230 4069 1454 4131 paterna
1478 4058 1678 4130 recepi,

302 4151 627 4222 Imperiiqu'e
655 4153 842 4217 decus,
862 4151 1017 4224 plebe
1041 4163 1258 4223 petente
1285 4153 1468 4216 simul,

229 4243 391 4302 Hunc
416 4260 478 4298 ex
501 4253 653 4316 parte
680 4244 797 4309 tuli,
824 4244 1111 4315 opperiens
1131 4245 1174 4299 si
1206 4243 1344 4298 forte
1373 4243 1546 4299 fidelis

310 4317 552 4402 Adfd‘ret,
580 4343 637 4390 et
674 4343 859 4414 nostra
889 4350 1134 4404 quaerere
1155 4333 1278 4404 jura
1304 4335 1454 4391 velit.

230 4422 358 4482 1am
406 4425 579 4496 magis
639 4433 802 4496 atque
844 4419 1018 4497 magis
1059 4441 1213 4482 mens
1259 4425 1505 4497 improba
1549 4433 1726 4489 nutat,
1775 4431 1832 4480 et

499 4525 502 4528 '
767 4517 770 4522 ’
841 4517 844 4520 ’
1569 4516 1763 4591 [armis

306 4609 530 4682 Insuper
561 4612 794 4692 extentis
821 4611 961 4668 bella
990 4610 1220 4668 nefanda
1243 4619 1406 4685 negat
1437 4611 1455 4650 ί
1491 4652 1505 4666 .

312 4799 337 4828 ι
359 4785 476 4842 Non
501 4788 666 4843 semel
689 4803 851 4858 supra
873 4787 1124 4851 vidimus,
1160 4787 1458 4842 obtinuisse
1507 4785 1655 4858 illum
1707 4803 1822 4843 mo-

234 4873 380 4924 rem,
403 4865 459 4930 ut
490 4873 742 4929 proceres
756 4855 948 4930 regem
971 4859 1276 4930 allocuturi,
1323 4855 1625 4930 anteaejns
1670 4859 1822 4927 pedes

234 4928 705 4988 deoscularentur.
735 4928 946 4986 Videsis
983 4928 1359 4991 Lantbertum,
1403 4929 1495 4997 qui
1533 4943 1667 4994 genu
1707 4936 1823 4982 tan-

231 5001 520 5057 tummodo
575 5000 763 5056 basiat.
827 4999 1098 5055 Fortassis
1154 4999 1206 5053 id
1263 4998 1660 5068 prazrogativaz,
1694 5013 1828 5065 prae-

233 5071 627 5141 stantiorisque
656 5072 931 5141 dignitatis
958 5085 1120 5141 causa
1159 5067 1479 5141 quibusdam
1521 5067 1820 5141 indultum:

235 5089 627 5141 sunuonsque
656 5089 704 5125 (Il
748 5089 931 5126 mtaus
958 5089 1120 5126 causa
1159 5089 1479 5140 qumusuam
1521 5089 1820 5122 munitum:

235 5144 479 5226 quodnet.
513 5089 910 5226 nuncﬁ‘t‘ciunt
955 5140 1014 5226 S:
1180 5140 1244 5194 Ε.
1300 5139 1621 5203 cardinales,
1681 5154 1823 5209 genu

232 5211 513 5287 pontificis
545 5214 767 5268 maximi
804 5211 1194 5268 deosculantes.
1816 5261 1824 5268 .

317 5284 345 5323 ι)
369 5283 446 5356 En
477 5284 808 5356 appellatum
849 5299 1038 5353 regem,
1057 5282 1167 5356 _qui
1225 5287 1542 5356 tempestate
1583 5279 1673 5334 illa
1712 5279 1828 5336 Bri-

236 5355 426 5410 tannis
459 5351 756 5424 A'rmoricis
779 5351 1026 5424 praeerat.
1056 5352 1122 5424 Et
1149 5351 1363 5420 quidem
1390 5366 1497 5424 non
1523 5366 1826 5419 receusap-

236 5425 483 5496 pellatio.
505 5423 730 5480 .Iordani
767 5419 843 5496 ini
858 5425 1059 5496 Ilistor.
1083 5419 1249 5496 Get._,
1281 5436 1397 5496 cap.
1431 5419 1517 5482 1+5,
1558 5435 1828 5496 memora-

240 5489 336 5550 tur
361 5495 654 5550 Riothimus
682 5511 773 5550 rea:
810 5495 1126 5556 Brittonum,
1154 5492 1232 5546 uti
1265 5499 1319 5545 et
1345 5489 1609 5560 Gregorio
1650 5489 1824 5544 Turo-

242 5566 402 5622 nensi
443 5567 497 5621 in
548 5567 793 5637 Epitome
841 5563 1150 5637 Fredegarii
1192 5562 1496 5637 secundum
1535 5561 1825 5616 editionem

240 5637 493 5702 Freheri,
521 5632 842 5692 Cu'nobertus
864 5651 955 5689 rea:
978 5632 1372 5697 Britannorum,
1409 5632 1509 5704 qui
1531 5640 1709 5704 tamen
1742 5647 1828 5704 εοτ

241 5723 354 5778 mea
397 5707 663 5778 duntaxat
713 5706 1009 5778 appellatur
1055 5706 1108 5758 in
1160 5703 1281 5778 aliis
1323 5703 1826 5778 codicibus._Apud

243 5777 425 5849 ipsum
453 5771 922 5849 Fredegariumiad
939 5791 1140 5832 annum
1161 5773 1532 5849 §3S_oeeurt_'i_t_
1547 5771 1827 5828 Judacaile

241 5843 345 5902 ica:
366 5843 761 5918 Britannorum.
790 5849 903 5904 Imo
926 5859 978 5903 et
1006 5856 1130 5918 post
1164 5843 1435 5918 Ludovici
1455 5843 1535 5898 Pii
1585 5853 1827 5914 tempora

243 5918 308 5982 in
344 5917 643 5978 Annalibus
675 5915 1093 5978 Bertinianis‘ad
1118 5932 1317 5973 annum
1339 5915 1443 5973 866
1469 5924 1824 5974 memoratum

1091 439 1182 497 DE
1218 437 1449 498 nanus
1487 437 1733 498 casus
1769 439 2096 499 LUDOVICI
2133 441 2244 498 PII.
2285 426 2356 486 —’
2395 444 2527 501 LIB.
2570 443 2655 503 ιιι.

3425 449 3532 509 606

1864 559 1916 620 Α
1942 555 2114 622 Nunc,
2153 575 2294 614 nunc
2321 570 2529 630 tempus
2558 561 2735 628 adest,
2771 577 2871 618 nec
2901 577 2959 618 se
2982 561 3273 635 infelixque
3297 581 3534 641 suosque

2021 651 2260 722 Decipiat
2289 651 2563 709 :Franeos
2593 670 2722 724 pace
2768 656 3003 728 rogando
3037 665 3203 726 petat.

1948 743 2044 799 Sin
2074 745 2240 810 aliud,
2271 754 2323 798 tu
2351 762 2511 816 perge
2534 746 2694 811 celer,
2722 749 3044 819 rediensque
3074 766 3296 805 renarra

2015 835 2220 891 Cuncta
2251 837 2404 890 mihi.
2436 836 2616 892 Caesar
2647 838 2762 893 hinc
2791 839 2910 909 pius
2934 854 3058 895 orsa
3085 837 3280 894 dabat.

1945 927 2194 984 Witchar
2221 946 2361 1000 equo
2390 939 2547 1001 parat
2566 932 2646 986 ire
2673 931 2839 998 celer,
2868 932 2956 1003 pia
2977 930 3129 1002 jussa
3154 931 3411 1002 facessit;

2013 1018 2184 1075 Notus
2208 1029 2325 1077 erat
2360 1023 2577 1078 sibimet
2607 1039 2724 1088 rex,
2756 1025 2964 1089 domus,
2997 1033 3158 1094 atque
3182 1023 3353 1081 locus.

1940 1110 2089 1168 Illius
2116 1119 2200 1168 ast
2221 1123 2444 1186 propter
2479 1114 2614 1170 ﬁnes
2643 1115 2989 1172 Wiccharius
3017 1117 3153 1172 abba

2011 1203 2173 1275 Regis
2203 1206 2439 1261 habebat
2469 1223 2598 1278 opes
2636 1222 2859 1266 munere
2883 1207 3148 1264 Caesareo.

1938 1295 2037 1352 Est
2065 1297 2214 1353 locus
2242 1297 2367 1354 hinc
2393 1299 2564 1366 silvis,
2597 1301 2723 1355 hinc
2748 1301 2967 1356 iluniine
2989 1303 3202 1357 cinctus
3225 1317 3461 1368 amoeno,

2011 1388 2260 1462 Sepibus,
2293 1401 2348 1446 et
2371 1391 2556 1457 sulcis,
2587 1401 2749 1463 atque
2776 1394 2973 1464 palude
2993 1394 3151 1449 situs.

1936 1481 2088 1538 Intus
2107 1484 2283 1554 opima
2306 1485 2516 1551 domus,
2549 1486 2675 1541 hinc
2695 1486 2818 1542 inde
2837 1496 3148 1544 recurserat
3168 1489 3356 1555 armis,

2009 1572 2170 1628 Forte
2198 1575 2433 1645 repletus
2456 1585 2573 1631 erat
2594 1577 2763 1632 milite
2785 1594 2878 1633 seu
2902 1579 3075 1634 vario.

1937 1661 2066 1719 Haec
2081 1664 2198 1719 loca
2221 1665 2490 1735 przeeipue
2513 1682 2725 1737 semper
2745 1665 3060 1726 Murmanus
3085 1671 3320 1738 amabat,

2006 1753 2086 1809 Illi
2109 1767 2259 1810 certa
2285 1758 2458 1826 quies,
2485 1766 2540 1812 et
2567 1759 2716 1815 locus
2747 1769 2907 1830 aptus
2939 1771 3076 1817 erat.

1935 1845 2098 1903 Forte
2131 1849 2277 1905 celer
2298 1850 2553 1906 Wiechar
2582 1855 2784 1909 cursim
2807 1855 3101 1912 devenerat
3123 1856 3269 1924 illuc,

1857 1915 1906 1976 Β
2001 1943 2369 2014 Alloquiisque
2398 1933 2535 2014 petit
2571 1948 2715 2018 regis
2741 1956 2801 2002 ut
2830 1965 2950 2005 esse
2977 1958 3161 2019 queat.

1931 2029 2172 2088 Murman
2199 2041 2257 2088 ut
2283 2036 2500 2106 agnovit
2532 2035 2793 2100 Ludovici
2819 2036 3049 2094 Caesaris
3074 2037 3202 2094 almi

1998 2122 2195 2179 Adfore
2237 2123 2497 2197 legatum,
2531 2126 2676 2183 illico
2700 2133 2854 2184 mens
2884 2127 3102 2201 refugit.

1933 2211 2104 2284 thue
2128 2215 2203 2268 rei
2230 2223 2391 2272 tantae
2418 2209 2672 2273 eventum
2700 2233 3029 2288 cognoscere
3066 2220 3260 2290 possit,

1997 2301 2158 2378 Spem
2193 2309 2410 2366 simulat
2439 2312 2612 2376 vultu,
2637 2313 2874 2380 contegit
2903 2322 3068 2383 atque
3090 2323 3316 2378 metum.

1925 2398 2014 2455 Fit
2042 2401 2218 2468 lzetus,
2242 2405 2292 2457 vi
2325 2419 2450 2459 mox
2481 2404 2633 2460 laetos
2656 2405 2815 2474 jubet
2836 2421 2957 2460 esse
2984 2405 3217 2471 sodales,

1996 2491 2235 2548 Tandem
2258 2493 2619 2550 Witcharium
2644 2495 2698 2548 in
2729 2510 2827 2550 sua
2858 2503 3000 2550 tecta
3023 2503 3200 2550 vocat.

1927 2581 2109 2650 Salve,
2138 2583 2402 2649 Witchar,
2435 2586 2532 2651 ait,
2564 2585 2809 2640 Murman
2844 2585 2940 2641 tibi
2962 2585 3084 2641 dico
3105 2585 3336 2641 salutem

1998 2674 2228 2731 Caesaris
2255 2677 2532 2748 armigeri,
2557 2676 2902 2746 pacificique,
2932 2676 3028 2746 pii.

1847 2744 1858 2748 η
1925 2767 2238 2839 Suspiciens
2271 2744 2495 2839 prorsus
2530 2744 2706 2824 reddit
2727 2744 2814 2824 cui
2842 2744 2970 2824 talia
2995 2768 3263 2836 Murman,

1999 2859 2195 2917 Oscula
2225 2877 2376 2918 more
2405 2862 2573 2929 dedit,
2599 2863 2678 2918 Tu
2707 2878 2942 2934 quoque,
2971 2855 3250 2928 Wicchar,
3278 2878 3397 2920 ave.

1926 2951 2159 3008 Pacifico
2183 2953 2429 3034 Augusto
2454 2964 2582 3025 opto
2609 2955 2756 3011 salus
2795 2955 2884 3019 sit,
2915 2962 3134 3025 vntaque
3163 2970 3378 3026 perpes,

1998 3045 2066 3100 Et
2089 3055 2241 3118 regat
2264 3047 2550 3117 imperium
2581 3045 2740 3104 saacla
2762 3063 2862 3119 per
2885 3047 3064 3120 ampla
3100 3064 3279 3104 suum.

1919 3139 2044 3217 Mox
2058 3141 2315 3206 resident,
2333 3150 2665 3214 cunctosque
2667 3139 2864 3212 jubent
2875 3141 3066 3212 procul
3079 3155 3198 3197 esse
3215 3140 3524 3199 ministros:

2003 3233 2232 3289 Vocibus
2253 3233 2477 3289 alternis
2507 3242 2694 3287 mutua
2717 3232 2880 3288 verba
2903 3239 3113 3287 sonant.

1848 3281 1894 3345 Ο
1924 3323 2148 3380 Inchoat
2174 3339 2271 3380 ore
2290 3325 2440 3394 prior
2468 3323 2744 3390 Wicchar,
2767 3323 2871 3380 sibi
2889 3324 3044 3396 jussa
3074 3330 3362 3390 renarrat;

1988 3414 2216 3487 Pectore
2245 3415 2299 3469 in
2327 3403 2877 3487 ambiguo'Murman,
2903 3422 2958 3470 et
2981 3429 3113 3469 aure
3143 3413 3308 3483 capit.

1922 3502 2006 3558 Me
2032 3505 2122 3560 tibi
2148 3485 2455 3560 transmisit
2476 3485 2782 3561 Ludovicus
2809 3503 2994 3560 Cmsar
3028 3505 3084 3560 in
3114 3504 3268 3570 orbe,

2001 3593 2188 3649 Gloria
2211 3593 2566 3662 Francorum,
2594 3595 3082 3664 Christicotumque
3114 3595 3298 3658 decus,

1927 3683 2070 3740 Pace
2103 3684 2317 3755 ﬁdeque
2337 3686 2503 3754 prior,
2536 3685 2666 3741 nulli
2692 3699 2908 3755 quoque
2933 3677 3106 3739 Marte
3142 3682 3434 3750 secundus,

2000 3778 2261 3849 Dogmate
2285 3779 2608 3849 praacipuus,
2632 3786 2688 3834 et
2717 3777 2933 3848 pietatis
2966 3791 3087 3848 ope.

1922 3868 2003 3926 En
2029 3886 2125 3925 sua
2150 3886 2275 3925 rura
2296 3869 2432 3926 colis
2460 3869 2587 3935 late,
2619 3869 2815 3940 quibus
2842 3869 2994 3924 exsul
3017 3877 3072 3924 et
3099 3883 3292 3926 errans

1996 3960 2172 4018 Ponto
2196 3971 2385 4018 vectus
2419 3963 2570 4028 ades,
2594 3969 2649 4018 et
2675 3977 2844 4033 genus
2869 3976 3030 4017 omne
3058 3969 3229 4016 tuum.

1923 4055 2126 4128 Nempe
2152 4057 2350 4112 tributa
2384 4065 2551 4122 vetas,
2578 4071 2675 4112 nec
2695 4071 2801 4110 non
2823 4063 2876 4111 et
2901 4054 3085 4126 praelia
3107 4061 3302 4118 tentas,

1995 4150 2158 4203 Arma
2177 4165 2338 4220 paras
2357 4149 2580 4204 Francis
2608 4149 2845 4218 insuper,
2880 4158 3042 4218 atque
3069 4145 3266 4200 minas.

1926 4240 2079 4297 Nunc
2103 4256 2247 4295 nunc
2278 4249 2487 4309 tempus
2508 4239 2680 4302 adest,
2723 4254 2822 4292 nec
2860 4245 2915 4292 te
2957 4234 3253 4304 infelixque
3295 4241 3522 4303 tuosque

2000 4331 2267 4401 Decipias,
2297 4331 2423 4385 illuc
2449 4345 2584 4400 pace
2613 4328 2848 4398 petendo
2876 4326 3020 4382 veni.

1930 4424 2158 4480 Cznsaris
2184 4425 2299 4478 hzec
2327 4438 2445 4493 ego,
2472 4420 2568 4476 sed
2593 4421 2793 4476 nostris
2821 4421 2888 4476 de
2908 4419 3157 4487 partibus
3186 4416 3290 4474 ista

2000 4511 2262 4581 Adjiciam
2291 4512 2500 4584 paucis,
2528 4510 2794 4576 Murman,
2824 4525 3006 4564 amore
3037 4515 3150 4563 tuo.

1851 4633 1905 4695 D
1933 4603 1993 4662 Si
2017 4621 2161 4660 nunc
2188 4613 2379 4674 sponte
2403 4612 2493 4658 tua
2515 4602 2716 4672 regalia
2739 4599 2890 4670 jussa
2919 4598 3177 4666 facessas,

1922 4787 2109 4844 videas
2138 4786 2475 4858 Herispojum
2495 4801 2662 4858 regem
2687 4784 3005 4858 Brittonum.
3030 4780 3299 4858 Caeterum
3329 4780 3364 4834 ii
3392 4777 3510 4849 ple-

1924 4874 2152 4930 rumque
2177 4851 2446 4930 appellati
2457 4851 2690 4930 coniiles,
2719 4871 2811 4909 seu
2839 4854 2998 4907 luces.
3022 4851 3181 4908 Certe
3204 4867 3310 4906 non
3334 4864 3514 4919 rcges,

1927 4930 2020 4986 sed
2052 4927 2223 4998 reguli
2250 4927 2492 4998 dicendi:
2831 4995 2912 4998 __
3052 4993 3063 4998 Α
3145 4944 3170 4998 χ
3275 4943 3286 4947 “

2003 5011 2025 5037 ο
2069 4987 2396 5068 AuThegano
2435 4994 2784 5068 Murmannus
2823 4993 3112 5068 Britannice
3136 4992 3246 5046 dua:
3267 4987 3514 5068 appella-

1930 5077 2038 5124 tur.
2070 5069 2151 5124 Λα
2179 5059 2417 5139 proinde
2435 5064 2551 5139 ejus
2577 5080 2774 5139 nomen
2808 5064 3203 5139 emendandum
3229 5059 3442 5139 videtur
3461 5059 3515 5139 ir!

1929 5139 2070 5204 Vita_
2095 5125 2350 5192 Ludovici
2388 5125 2480 5190 Pii'
2500 5136 2567 5189 ab
2601 5137 2924 5190 Astronomo
2951 5133 3171 5202 scripta,
3196 5129 3288 5204 ubi
3312 5129 3427 5182 haec
3448 5125 3515 5181 ad

1929 5198 2127 5265 annum
2158 5208 2261 5280 818
2291 5208 2569 5280 leguntur;
2604 5225 2621 5256 ‹
2646 5205 2935 5280 Nuntiatur
2961 5198 3519 5280 imperatori.pro_ter-

1925 5267 2458 5335 via‘inobedientium
2485 5278 2802 5338 Brittonum,
2837 5275 2928 5344 qui
2963 5275 3017 5326 in
3032 5267 3252 5351 _'t_antam
3275 5267 3517 5351 insolen-

1929 5351 2061 5406 tiam
2093 5358 2399 5420 eruperant,
2450 5357 2509 5402 ut
2548 5364 2712 5403 unum
2758 5341 2976 5420 suorum
3021 5341 3377 5420 Mat-monium
3420 5353 3518 5393 no-

1929 5422 2076 5477 mine
2113 5413 2294 5492 regerri
2333 5420 2601 5492 appellare
2657 5416 2774 5492 ansi
2829 5414 2964 5492 sint,
3021 5413 3516 5492 subiectionemque

1929 5480 2253 5547 omnimodis
2299 5480 2621 5547 recusarint.
2649 5508 2666 5540 ›
2698 5486 2755 5541 In
2799 5485 2906 5539 alio
2947 5482 3132 5538 codice
3181 5480 3518 5535 Duchesniu‘s

1932 5561 2653 5635 ειάᾴἱῐᾷιεξςίΜαιίηαηηιη.-Δ
2732 5627 2746 5635 _
2829 5585 2832 5588 λ
3111 5631 3121 5635 _
3183 5623 3236 5635 ε,

2003 5632 2029 5672 ά
2061 5633 2128 5686 Et
2153 5623 2343 5688 sensus
2365 5639 2420 5686 et
2441 5628 2706 5698 prosodim
2732 5627 3128 5698 Iegesqposcunt
3183 5623 3274 5678 hic
3320 5637 3512 5698 meum.

2006 5703 2109 5757 °Is
2137 5691 2834 5774 infraappellatunablla}.
2878 5691 3025 5751 1Vixit
3067 5695 3135 5750 iis
3183 5691 3518 5774 temporibus

1931 5772 2216 5830 Wicardus
2241 5765 2408 5826 abbas
2433 5768 2694 5824 Indensis.
2727 5766 2836 5823 Sed
2865 5780 3060 5822 vereor
3085 5781 3152 5821 ne
3171 5765 3520 5834 sint

1930 5845 2147 5902 nomina
2172 5839 2892 5896 WitebariuaetWicardus.
3115 5850 3134 5866 ν.
3185 5853 3232 5862 --
3295 5855 3307 5866 .

2008 5915 2027 5956 ί
2059 5915 2312 5970 Errorem
2345 5911 2432 5968 hic
2451 5911 2649 5970 sentio.
2674 5908 2982 5969 Scriberem
3001 5914 3191 5965 movet.
