4022 6514
557 559 627 617 Ut
656 560 808 632 prior
830 558 1158 629 ipse°monet
1171 569 1274 627 pro
1299 551 1503 626 pietate
1525 561 1624 605 sua
1649 562 1665 611 ;

481 655 549 711 Et
569 655 722 723 cupis
743 654 810 708 ad
830 651 1073 705 Francos
1096 638 1286 720 pacem
1307 645 1543 701 retinere
1566 651 1882 713 perennem,

557 744 626 801 Ut
651 744 824 808 decet,
857 751 1017 811 atque
1035 755 1170 810 Opus
1196 748 1281 794 est
1310 747 1394 792 sat
1422 735 1537 799 tibi,
1568 733 1682 788 sive
1718 729 1860 785 tuis:

480 833 654 905 Perge
678 832 842 898 celer,
874 831 1122 904 regisque
1145 829 1220 899 pii
1244 829 1332 898 pia
1366 825 1578 895 suscipe
1593 824 1717 894 jura
1747 837 1763 887 ;

555 924 674 980 Non
706 933 817 989 tua,
854 923 949 979 sed
975 922 1154 992 potius
1188 919 1368 975 debita
1392 916 1561 972 redde
1591 913 1714 978 soli,

485 1013 739 1079 Consule,
770 1015 873 1069 heu
900 1015 913 1067 !
944 1013 1152 1084 patriae,
1174 1010 1371 1082 populo
1391 1022 1522 1079 rogo
1547 1002 1767 1061 consule
1789 1006 2006 1065 cuncto,

558 1108 788 1165 Consule
812 1123 906 1163 seu
932 1106 1092 1177 proli,
1123 1103 1464 1176 conjugiique
1485 1101 1659 1155 thoro.

485 1199 765 1271 Praecipue
799 1215 920 1254 cum
950 1213 1085 1253 vana
1108 1197 1275 1261 colas,
1308 1210 1408 1250 nec
1433 1194 1683 1264 dogmata
1705 1202 1935 1255 serves,.

557 1292 692 1346 Avia
717 1306 884 1347 curva
908 1298 1061 1361 petas
1090 1299 1170 1355 tu,
1195 1287 1529 1359 populusque
1559 1291 1703 1338 tuus.

486 1381 582 1439 Ille
608 1384 729 1452 pius
756 1381 937 1437 forsan
961 1381 1238 1452 praprium
1271 1388 1323 1434 te
1346 1380 1525 1433 mittet
1548 1376 1619 1431 ad
1646 1388 1856 1439 arvum,

560 1474 629 1529 Et
654 1472 859 1542 majora
892 1472 986 1526 tibi
1015 1486 1238 1525 munera
1258 1468 1400 1524 forte
1424 1468 1592 1523 dabit.

488 1562 620 1619 Esto
654 1577 805 1618 esses
829 1577 1078 1634 magnus,
1108 1560 1287 1630 magni
1317 1567 1572 1639 regnator
1603 1564 1658 1612 et
1692 1554 1828 1621 arvi,

560 1655 628 1709 Et
665 1655 760 1709 tibi
791 1653 956 1708 multa
986 1667 1179 1707 manus
1216 1650 1640 1721 belligerumque
1669 1647 1854 1711 decus,

487 1742 813 1814 Auxilioque
836 1751 928 1797 tuo
956 1751 1143 1815 gentes
1163 1741 1454 1812 populique
1482 1738 1767 1805 venirent,

561 1832 635 1891 Ut
661 1833 847 1888 Rutuli
871 1832 1055 1888 Turno
1074 1833 1188 1888 sive
1209 1830 1434 1887 Camilla
1457 1830 1621 1894 celer,

488 1921 761 1994 Italiaeque
785 1924 988 1979 cohors
1010 1923 1191 1978 cuncti
1213 1937 1410 1977 venere
1444 1920 1618 1975 Latini
1643 1936 1660 1986 ;

561 2013 683 2068 Non
702 2022 882 2083 tamen
906 2011 1138 2067 Eneam
1159 2012 1378 2067 vincere
1403 2024 1561 2081 posse
1584 2008 1707 2063 fuit.

495 2104 554 2160 Si
577 2105 671 2160 tibi
702 2104 970 2176 Odysseos
1012 2103 1272 2173 Pyrrhus,
1298 2117 1393 2157 seu
1415 2101 1582 2156 durus
1605 2096 1867 2164 Achilles,

560 2194 849 2265 Pompeius
872 2207 1059 2249 socero
1076 2207 1200 2248 cum
1229 2190 1427 2262 quibus
1450 2205 1596 2246 arma
1632 2196 1810 2260 parat,

494 2283 612 2339 Non
644 2292 823 2339 tamen
854 2284 906 2338 in
930 2283 1171 2339 Francos
1198 2282 1283 2338 fas
1309 2291 1393 2338 est
1422 2282 1523 2337 tibi
1552 2281 1773 2336 tendere
1792 2278 1958 2345 bello,

563 2373 803 2442 Quorum
836 2373 981 2449 arvis
1014 2372 1244 2438 resides,
1268 2382 1321 2426 et
1346 2372 1548 2442 pietate
1577 2385 1766 2427 manes

492 2465 736 2536 Namque
759 2463 927 2520 semel
950 2452 1257 2534 quicunque
1283 2462 1589 2533 duelloihos
1617 2461 1890 2532 experiari
1912 2471 1939 2502 ι

564 2558 802 2629 Cmperit
822 2558 937 2627 ipse
958 2556 1118 2622 licet,
1141 2562 1197 2610 et
1217 2571 1385 2627 genus
1408 2570 1570 2611 omne
1594 2570 1751 2611 suum
1767 2595 1782 2621 ,

495 2650 642 2708 Gens
670 2657 754 2705 est
784 2649 1122 2705 Francorum
1153 2648 1288 2703 nulli
1316 2648 1518 2704 virtute
1544 2648 1803 2714 secunda,

565 2741 747 2797 Vincit
772 2755 957 2796 amore
984 2732 1104 2805 Dei,
1136 2749 1536 2811 exsuperatque
1558 2739 1684 2796 fide.

495 2830 695 2887 Pacem
721 2845 934 2901 semper
964 2837 1132 2896 amat,
1155 2830 1346 2886 nolens
1374 2845 1594 2902 quoque
1633 2830 1861 2902 corripit
1906 2843 2079 2898 arma,

570 2922 707 2990 Quis
732 2931 913 2977 tamen
939 2922 1173 2992 arreptis
1198 2923 1379 2980 nullus
1412 2924 1564 2980 adire
1598 2923 1760 2979 volet.

498 3012 727 3069 Illorum
748 3013 1059 3086 quicunque
1093 3014 1253 3070 tidem
1276 3015 1526 3087 quaesivit
1549 3022 1605 3071 et
1626 3029 1802 3080 arma,

573 3103 848 3162 Laetanter
875 3105 1030 3172 vivit,
1058 3104 1412 3179 pacificeque,
1448 3106 1557 3179 pie.
1646 3138 1652 3143 ~

500 3195 601 3253 Eia
654 3211 756 3268 age
777 3236 794 3263 ,
837 3211 1027 3289 rumpe
1062 3212 1245 3255 moras
1268 3237 1284 3265 ,
1323 3213 1425 3255 nec
1461 3206 1515 3256 te
1548 3198 1605 3255 in
1648 3198 1863 3257 diversa
1891 3214 2082 3270 petere

1793 421 2101 515 ERIIOLDI
2126 414 2411 515 meum

2089 540 2147 602 Α
2168 530 2466 591 Wiccharti
2493 529 2641 595 haud
2659 529 2818 586 aliter
2842 526 3040 586 mulier
3068 528 3283 590 funesta
3310 528 3578 588 restinxit

3662 408 3793 473 σοι

2242 623 2442 691 Verba,
2470 623 2704 679 maritali
2731 631 2949 693 pectore
2974 621 3083 677 fixa
3105 622 3257 679 boni.

2163 713 2346 786 Atque
2371 715 2537 771 etiam
2569 713 2798 770 missum
2827 722 3042 769 torvum
3064 713 3354 790 despectat
3379 714 3661 773 eumdem

2239 807 2480 863 Sublime
2510 807 2797 878 aSpiciens,
2824 813 2881 861 et
2912 815 3069 879 rogat
3096 814 3217 863 arte
3241 822 3340 864 sua
3372 826 3387 863 :

2168 897 2214 957 Ο
2241 915 2338 956 rex
2368 907 2532 970 atque
2556 901 2723 956 decus
2749 897 3062 955 Brittonum
3084 900 3263 971 gentis
3288 901 3504 972 opime,

2240 991 2349 1047 Dex
2358 1000 2474 1047 tera
2504 990 2659 1060 cujus
2678 991 2763 1046 avi
2789 1006 2983 1047 nomen
3010 992 3066 1047 in
3083 993 3256 1048 aethra
3279 992 3463 1049 refert.

2170 1081 2325 1140 Unde
2351 1092 2473 1140 tuas
2495 1084 2621 1139 talis
2641 1081 2837 1152 conjux
2866 1084 3114 1153 pervenit
3134 1086 3202 1139 ad
3227 1099 3404 1152 arces,

2244 1175 2449 1246 Hospes
2476 1175 2573 1241 ait,
2605 1191 2814 1246 pacem,
2840 1175 3050 1231 bellave
3077 1175 3193 1231 sive
3221 1177 3401 1231 canit?

2172 1264 2280 1322 Olli
2323 1267 2611 1322 subridens
2636 1264 2793 1320 finxit
2821 1280 2947 1321 mox
2975 1265 3104 1320 talia
3140 1254 3430 1321 Murman:

2244 1355 2478 1412 Mittitur
2507 1372 2538 1411 a
2576 1355 2805 1412 Francis
2840 1357 3062 1413 nuntius
3096 1357 3200 1413 iste
3226 1358 3396 1424 mibi;

2175 1447 2295 1505 Seu'
2314 1463 2522 1519 pacem,
2554 1464 2650 1504 seu
2675 1447 2817 1504 bella
2841 1447 3001 1514 ferat,
3021 1463 3110 1504 res
3142 1449 3247 1505 ista
3270 1451 3512 1507 virorum
3551 1459 3666 1508 est.

2246 1540 2493 1597 Oﬂicium
2519 1554 2740 1612 perage,
2773 1537 2996 1604 femina,
3030 1539 3134 1595 rite
3157 1549 3330 1596 tuum.

2175 1631 2437 1688 Wicchar
2461 1640 2522 1687 ut
2550 1631 2760 1687 audivit
2786 1631 2968 1687 verbis
2992 1631 3265 1687 contraria
3292 1633 3481 1701 verba,

2246 1724 2499 1780 Protinus
2525 1739 2620 1780 ore
2648 1723 2768 1779 tulit
2793 1723 2910 1779 haec
2934 1739 3148 1795 quoque
3176 1723 3344 1780 verba
3368 1739 3519 1781 suo:

2180 1815 2450 1884 Murman,
2479 1816 2575 1884 ait,
2603 1817 2718 1889 regi
2752 1831 2873 1887 quae
2891 1816 2975 1872 vis
2998 1812 3252 1872 mandata
3281 1816 3498 1872 remitte
3522 1832 3542 1870 :

2107 1907 2157 1969 B
2254 1905 2377 1962 Jam
2407 1923 2552 1964 nunc
2579 1914 2791 1977 tempus
2829 1904 2984 1962 adest
3017 1904 3169 1976 jussa
3197 1904 3403 1962 referre
3428 1905 3594 1988 mihi.

2181 1999 2278 2056 Ille
2303 1999 2519 2071 quidem
2547 2000 2729 2055 tristes
2758 1998 2977 2056 volvens
3006 2000 3107 2056 sub
3133 2008 3353 2071 pectore
3378 2015 3547 2056 curas
3576 2017 3593 2056 :

2253 2087 2520 2161 Tempora
2544 2088 2653 2144 sint
2671 2087 2859 2159 placiti
2882 2101 2904 2127 ε
2933 2089 3049 2145 haec
3071 2089 3206 2144 mihi
3227 2091 3421 2155 noctis,
3447 2076 3548 2145 ait.

2182 2177 2463 2236 Ruricolas
2488 2180 2650 2235 terris
2685 2195 2908 2236 somnus
2932 2180 3265 2251 perfuderat,
3296 2189 3352 2235 et
3371 2182 3485 2253 jam

2253 2270 2525 2327 Auroram
2549 2271 2817 2328 revehunt
2839 2271 3074 2328 culmine
3095 2272 3226 2328 solis
3252 2273 3400 2344 equi,

2184 2361 2487 2419 Murmanis
2513 2371 2642 2419 ante
2669 2363 2817 2421 fores
2847 2363 3093 2426 edet-aus
3110 2363 3459 2423 ,Wiccbarius
3485 2363 3636 2420 abba

2246 2452 2413 2511 Mane
2439 2455 2590 2510 venit
2609 2454 2808 2526 primo,
2839 2454 3014 2526 poscit
3036 2462 3092 2510 et
3120 2469 3247 2510 orsa
3270 2454 3407 2509 dari.

2182 2546 2325 2604 Ecce
2344 2547 2510 2603 miser
2532 2547 2748 2603 tandem
2768 2556 2896 2618 potu
2921 2558 3221 2618 somnoque
3240 2544 3482 2616 sepultus

2254 2638 2502 2694 Murman
2531 2638 2708 2704 adest,
2736 2637 2922 2694 oculos
2953 2638 3044 2694 vix
3073 2638 3287 2709 aperire
3316 2636 3520 2695 valens.

2182 2730 2383 2788 Ebrius
2412 2732 2530 2787 hac
2557 2738 2780 2788 ructans
2810 2729 2979 2787 labris
3002 2730 3095 2785 vix
3119 2747 3245 2786 orsa
3272 2730 3516 2786 remotis.

2254 2822 2400 2881 Voce
2423 2832 2612 2890 sonat,
2640 2838 2916 2895 nunquam
2948 2830 3072 2894 post
3104 2822 3370 2893 placitura
3405 2822 3512 2877 sibi
3544 2839 3564 2876 :

2180 2917 2373 2992 Perge,
2398 2926 2495 2974 tuo
2520 2917 2636 2989 regi
2664 2915 2907 2974 celerans
2938 2916 3055 2972 haec
3083 2915 3249 2972 verba
3268 2930 3497 2971 renarra
3525 2931 3544 2969 :

2252 3011 2368 3069 Nec
2400 3025 2501 3069 sua
2522 3026 2652 3067 rura
2672 3010 2813 3091 colo,
2831 3027 2948 3081 ,nec
2973 3026 3072 3067 sua
3094 3009 3222 3082 jura
3249 3010 3392 3067 volo.

2177 3102 2276 3161 Ille
2303 3104 2501 3160 habeat
2520 3103 2788 3172 Francos,
2812 3103 3112 3161 Brittonica
3135 3104 3383 3176 regmina
3415 3102 3671 3160 Murman

2256 3194 2381 3250 Rite
2407 3202 2574 3262 tenet,
2598 3209 2824 3251 censum
2856 3194 2972 3252 sive
2999 3194 3203 3250 tributa
3238 3202 3410 3249 vetat.

1855 3291 2017 3365 [rans
2111 3278 2159 3345 C
2186 3283 2336 3342 Bella
2362 3285 2510 3341 cient
2537 3284 2758 3352 Franci,
2786 3284 3072 3365 confestim
3094 3286 3236 3342 bella
3270 3287 3422 3343 ciebo

574 3378 725 3435 Mens
758 3379 980 3437 inimica
1009 3380 1155 3437 ferat
1179 3382 1485 3439 insidiando
1503 3372 1627 3440 tibi.

514 3468 609 3527 Ille
638 3470 754 3526 solo
784 3472 964 3527 vultus
995 3473 1110 3543 jam
1137 3474 1339 3529 dudum
1362 3475 1619 3539 intentus,
1647 3483 1703 3530 et
1726 3489 1842 3544 ora,

573 3561 707 3617 Fixa
737 3570 901 3627 tenet,
936 3571 1138 3619 terram
1164 3558 1403 3636 percutit
1424 3575 1587 3636 atque
1614 3566 1788 3636 pede.

504 3652 624 3711 Jam
640 3653 754 3724 jam
775 3663 1120 3713 cunctantem
1153 3657 1409 3714 Wicchar
1430 3674 1681 3715 sermone
1706 3660 1874 3730 polito

576 3748 856 3819 Coeperat,
888 3760 1051 3819 atque
1080 3751 1245 3806 minis
1267 3750 1483 3807 flectere
1518 3752 1620 3807 rite
1646 3755 1809 3808 datis.

507 3841 685 3898 Mente
727 3852 993 3898 venenata
1021 3843 1259 3898 thalamo
1287 3859 1409 3899 cum
1447 3844 1649 3914 perfida
1683 3844 1881 3913 conjux

580 3934 821 3989 Murman
848 3936 916 3990 ad
937 3936 1213 4005 amplexus
1245 3950 1395 3991 more
1419 3937 1650 4005 superba
1678 3938 1832 4011 petit.

508 4024 705 4082 Oscula
726 4025 900 4095 prima
924 4041 1062 4096 genu
1088 4026 1309 4093 libabat,
1343 4037 1400 4082 et
1426 4028 1612 4082 oscula
1637 4028 1796 4091 collo,

580 4117 777 4175 Oscula
804 4118 895 4172 dat
922 4119 1125 4183 barbis,
1158 4119 1333 4175 basiat
1370 4137 1485 4187 ora,
1519 4106 1732 4176 manus.

508 4207 662 4279 Itque
690 4208 828 4264 redit
853 4222 1005 4279 gyro,
1035 4218 1311 4280 tangitque
1336 4212 1513 4282 perita
1543 4223 1753 4282 partem
1780 4212 1808 4251 ι’
1827 4252 1843 4279 ,

582 4292 934 4371 Olliciumque
959 4304 1105 4374 cupit
1128 4304 1384 4359 insidiosa
1410 4306 1559 4359 dare.

514 4392 750 4463 Suscipit
779 4393 869 4448 ille
898 4394 1064 4449 miser
1090 4382 1304 4450 tandem
1336 4397 1840 4466 hanc,strinxitque
1866 4396 2089 4463 lacerto,

584 4483 794 4554 Datque
822 4484 999 4538 locum
1036 4486 1177 4551 voti;
1223 4486 1470 4559 conjugis
1495 4499 1616 4543 acta
1644 4488 1877 4558 placent.

512 4575 584 4630 Et
603 4575 741 4644 petit
765 4573 952 4630 infelix
980 4592 1159 4642 aures,
1190 4578 1454 4650 longeque
1483 4589 1749 4647 susurrat,

473 4667 479 4672 “
580 4665 794 4722 Avertit
826 4683 1018 4723 sensus
1044 4683 1275 4739 moxque
1303 4671 1485 4726 mariti
1524 4662 1793 4726 animum;

511 4756 590 4812 Ac
618 4756 766 4812 velut
792 4758 845 4811 in
880 4758 1029 4814 silvis
1055 4769 1334 4830 pastorum
1365 4762 1587 4831 frigoris
1613 4777 1757 4817 anno

584 4846 766 4902 Turba
791 4849 910 4904 foco
947 4850 1148 4905 celerat
1176 4850 1319 4921 ligna
1357 4852 1526 4907 recisa
1557 4852 1706 4907 dare.

509 4934 613 4994 Hic
636 4938 745 4993 fert
771 4947 896 5009 apta
921 4934 1083 5004 citus,
1108 4935 1368 5009 praesicca
1396 4940 1584 5008 fomite
1624 4953 1863 4998 stramen

510 5064 513 5067 λ
578 5029 687 5085 Iste
710 5030 879 5095 vehit,
902 5030 1063 5085 ﬂatus
1091 5032 1289 5103 ingerit
1315 5033 1405 5088 ille
1433 5033 1626 5090 libens.

2260 3379 2403 3436 Neve
2430 3379 2567 3436 adeo
2590 3379 2820 3436 imbellis
2848 3379 3072 3436 dextera
3096 3387 3284 3459 nostra
3313 3389 3519 3437 manet.

2189 3446 2450 3528 Wicchar
2494 3472 2563 3526 ad
2601 3473 2755 3527 haec;
2790 3470 3017 3542 Semper
3069 3454 3286 3528 nostros
3327 3472 3529 3528 dixisse
3555 3471 3776 3543 priores

2262 3561 2430 3617 Fama
2461 3559 2585 3628 fuit,
2612 3577 2733 3632 quae
2758 3577 2902 3617 nunc
2930 3577 3084 3618 mens
3112 3576 3235 3618 mea
3254 3571 3406 3618 certa
3435 3562 3603 3630 feret,

2191 3655 2477 3712 Instabiles
2503 3655 2715 3711 animos
2736 3664 2916 3712 motus
2939 3655 3205 3712 mutantia
3234 3671 3457 3727 prorsus

2264 3747 2488 3804 Pectore
2515 3747 2741 3803 consilia
2770 3751 2948 3820 gentis
2979 3746 3348 3803 babere’tuaz.

2193 3838 2418 3895 Femina
2439 3838 2553 3893 sola
2581 3839 2683 3893 viri
2710 3839 2882 3909 pomit
2907 3838 3225 3895 mollescere
3264 3847 3525 3907 mentem,

2185 3924 2196 3934 ’
2268 3934 2444 4003 Atque
2474 3937 2810 3987 susut'rando
2845 3943 3058 3988 vertere
3081 3933 3327 3988 consilia.

2197 4024 2286 4081 Sic
2313 4024 2642 4090 Salomonis,
2671 4026 2778 4092 ait,
2807 4033 3073 4081 tesiantur
3095 4029 3345 4096 dogmata
3372 4026 3535 4099 regis,

2263 4118 2394 4186 Quae
2422 4117 2550 4187 legit
2577 4118 2814 4173 Ecclesia
2839 4120 3056 4189 saepius,
3093 4128 3255 4188 atque
3276 4118 3425 4174 colit.

2190 4212 2463 4269 Abstrahe
2490 4211 2633 4281 ligna
2670 4210 2790 4266 foco
2823 4229 2836 4264 :
2876 4212 3163 4267 confestim
3198 4211 3380 4267 deﬁcit
3399 4211 3561 4284 ignis.

2265 4302 2708 4375 Sicquc'susurro
2733 4303 2942 4375 procul,
2962 4304 3139 4375 λιιι-δίει
3167 4312 3359 4359 cuncta
3387 4307 3596 4361 caJunt

2194 4396 2302 4452 Sed
2330 4397 2456 4465 quia
2473 4395 2586 4463 jam
2618 4396 2822 4451 nostris
2851 4409 2955 4449 non
2980 4396 3060 4448 vis
3079 4408 3270 4465 parere
3295 4394 3555 4462 suadelis,

2266 4486 2405 4542 Vera
2435 4502 2624 4543 canam
2648 4494 2821 4554 vates,
2846 4500 3073 4555 sumque
3096 4486 3358 4555 propheta
3404 4497 3550 4541 tuus.

2197 4577 2427 4633 Francia
2450 4593 2574 4632 cum
2604 4576 2778 4646 primo
2801 4575 3068 4632 sermonis
3094 4575 3239 4632 dicta
3269 4575 3488 4632 nefandi

2113 4630 2171 4692 Β
2197 4630 2219 4633 β
2260 4630 2526 4734 Audierit,
2542 4630 2812 4723 frendens
2834 4630 2959 4722 mox
2982 4630 3074 4722 tua
3100 4630 3266 4738 regna
3292 4676 3462 4740 petet.

2193 4763 2331 4818 Tum
2356 4762 2572 4817 millena
2599 4761 2694 4816 tibi
2718 4768 3044 4817 concurrent
3067 4771 3224 4817 scuta
3246 4761 3510 4832 virorum,

2264 4854 2484 4926 Cespite
2512 4852 2805 4909 Francisco
2828 4852 2968 4910 forte
2991 4853 3229 4925 repletus
3262 4855 3391 4911 eris.

2194 4949 2262 5004 Et
2288 4956 2381 5003 tua
2407 4947 2674 5004 densatim
2700 4947 3047 5017 complebunt
3071 4946 3239 5003 milite
3260 4961 3413 5013 rura,

2266 5038 2448 5110 Teque
2473 5048 2596 5094 tuos
2618 5045 2807 5109 captos
2834 5038 2888 5091 in
2921 5051 3019 5092 sua
3040 5052 3208 5106 regna
3230 5039 3427 5095 ferent.

508 5120 627 5179 Jam
657 5137 819 5193 rogus
846 5122 1088 5177 insiliens
1128 5123 1373 5181 flammas
1420 5127 1603 5193 dabat,
1651 5127 1870 5198 altaque
1916 5125 2090 5198 tangit
2186 5131 2297 5186 Aut
2322 5130 2554 5186 moriere
2583 5130 2766 5195 miser,
2793 5128 3087 5200 bibulaque
3110 5131 3317 5202 jacebis
3340 5145 3534 5200 arena,

582 5209 775 5268 Sidera
806 5231 820 5267 :
853 5222 1133 5283 pastorum
1155 5214 1349 5286 frigida
1374 5218 1618 5272 membra
1644 5217 1844 5272 calent.

510 5302 645 5359 Cum
668 5304 849 5359 subito
877 5304 1100 5370 tonitru,
1131 5305 1358 5377 grando,
1381 5306 1706 5377 pluviaeque,
1735 5309 1946 5378 pruinae

581 5389 964 5467 Ecce'fragore
994 5405 1177 5464 ruunt,
1211 5411 1266 5454 et
1293 5414 1484 5455 nemus
1506 5416 1668 5457 omne
1696 5409 1872 5464 tonat.

508 5483 776 5544 Imbribus
797 5504 881 5543 εδει
906 5489 1114 5545 crebris
1141 5490 1341 5544 invitus
1376 5491 1612 5547 concidit
1640 5492 1811 5564 ignis;

582 5579 814 5635 Venerat
850 5597 991 5637 unae
1023 5581 1204 5649 calor,
1231 5582 1412 5637 fumus
1436 5593 1493 5640 et
1518 5584 1644 5641 inde
1675 5586 1835 5641 redit.

582 5723 606 5750 α
636 5709 743 5789 P_.-o
760 5715 1004 5782 experiri.
1030 5712 1158 5789 Sed
1196 5715 1365 5789 latere
1404 5717 1654 5789 mendum
1696 5716 1876 5788 potius
1919 5725 2084 5789 puto:

509 5782 827 5854 experiatur,
849 5793 944 5837 aut
970 5785 1097 5853 quid
1117 5785 1311 5854 simile,
1340 5782 1750 5844 restituendum.

583 5856 612 5894 ⁵
634 5851 755 5911 Non
788 5850 867 5911 ita
886 5850 1165 5931 scripserit
1187 5850 1368 5932 poeta.
1397 5857 1652 5917 Divinare
1695 5867 1876 5917 tamen
1916 5857 2084 5919 nolim

2204 5206 2207 5215 λ
2263 5222 2423 5278 Solus
2454 5231 2511 5279 et
2526 5237 2679 5277 arma
2706 5229 2796 5277 tua
2820 5222 2995 5278 victor
3031 5223 3253 5280 habebit
3278 5238 3468 5280 ovans.

2189 5313 2302 5371 Nec
2330 5323 2385 5370 te
2408 5315 2682 5386 decipiant
2710 5314 2877 5369 saltus
2909 5315 3259 5387 tremulaeque
3280 5315 3531 5386 paludes,

2263 5403 2396 5462 Cum
2419 5418 2641 5461 nemore
2668 5411 2723 5460 et
2746 5404 2889 5460 vallo
2924 5406 2996 5461 sit
3025 5415 3117 5462 tua
3143 5413 3295 5477 septa
3324 5406 3543 5464 domus.

2191 5496 2296 5555 Olli
2319 5496 2595 5568 respondit
2616 5494 2815 5553 furiato
2839 5505 3061 5567 pectore
3089 5497 3369 5566 Murman;

2263 5588 2335 5645 Se
2361 5588 2495 5645 solio
2525 5588 2774 5645 attollens
2794 5589 2972 5646 Britto
2999 5590 3232 5661 superba
3255 5590 3406 5655 canit
3421 5606 3443 5648 ε

2187 5725 2427 5799 quidiille
2449 5726 2747 5797 scripserit.

2258 5808 2284 5838 ο
2310 5798 2376 5854 Ιὰ
2403 5806 2511 5868 est,
2535 5799 2746 5858 consilii
2764 5805 2929 5873 atque
2957 5800 3248 5859 examinis.
