4022 6444
183 366 284 448 099

1003 358 1092 418 DE
1128 357 1359 416 ΚΕΒυὸ
1395 353 1642 416 GESTIS
1678 353 2000 416 LUDOVlCl
2033 350 2143 411 PII.
2182 383 2256 397 -
2290 351 2422 411 LIB.
2459 352 2546 410 Ill.

3344 345 3448 405 610

181 477 480 536 Missilibus
520 477 739 536 millena
782 487 1006 536 manent
1051 479 1186 535 mihi
1240 477 1484 550 plaustra
1529 477 1761 550 paratis,
1787 482 1843 544 Α
1935 473 1994 529 In
2021 487 2261 538 mensas,
2284 469 2460 527 claudi
2487 483 2608 541 quas
2642 482 2868 523 numero
2896 477 3193 539 nequeunt.

249 569 387 626 Cum
415 570 612 642 quibus
637 586 924 628 occurram
947 571 1196 627 concitus
1224 585 1352 626 acer
1378 570 1482 637 eis,

185 661 348 720 Scuta
378 662 510 717 mihi
543 661 746 730 fucata,
778 672 956 718 tamen
989 671 1113 718 sunt
1147 662 1373 717 candida
1412 661 1590 730 vobis,

252 755 419 810 Multa
447 763 686 822 manent,
718 755 843 810 belli
875 772 982 810 non
1028 755 1188 809 timor
1215 754 1353 810 ullus
1380 754 1553 810 adest.

182 847 307 903 Hzec
336 849 478 902 inter
505 861 624 902 sese
653 846 959 902 referebant
980 848 1206 903 vocibus
1232 848 1411 912 ambo,

254 936 371 992 Non
405 947 583 992 tamen
619 938 881 994 ambobus
903 955 1058 995 mens
1082 947 1204 995 erat
1229 939 1520 995 unanimis.

183 1028 310 1086 Haec
342 1045 595 1102 responsa
619 1031 797 1088 ferens
825 1033 1086 1090 Wicchar
1112 1041 1468 1105 properanter
1489 1033 1697 1102 abibat,

254 1121 480 1177 Nuntiat
503 1132 558 1178 et
582 1125 694 1196 regi
725 1125 865 1181 dicta
898 1125 1132 1182 nefanda
1161 1127 1253 1197 pio

181 1211 394 1270 Interea
430 1214 611 1270 C:esar
632 1215 962 1273 Francorum
995 1234 1158 1290 regna
1189 1227 1458 1286 recenset,

254 1307 322 1362 Et
349 1305 504 1376 jubet
527 1310 793 1366 instanter
816 1327 966 1366 arma
992 1327 1188 1382 parare
1209 1314 1334 1370 sibi.

183 1395 282 1453 Est
301 1399 433 1454 urbs
452 1399 558 1454 fixa
587 1402 774 1468 maris,
803 1403 1013 1474 Ligeris
1035 1419 1144 1474 quo
1175 1403 1414 1459 ﬂuminis
1445 1404 1594 1460 unda

254 1485 470 1563 Equor
489 1499 610 1548 arat
636 1493 762 1559 late,
792 1493 1205 1567 ingrediturque
1230 1511 1417 1566 rapax.

183 1578 405 1638 Veneda
433 1594 460 1625 ι
489 1583 578 1639 cui
600 1599 800 1641 nomen
820 1584 962 1641 Galli
991 1587 1176 1643 dixere
1203 1589 1436 1658 priores,

252 1673 416 1732 Pisce
439 1675 666 1748 repleta,
698 1676 828 1733 salis
855 1686 942 1734 est
973 1693 1191 1749 quoque
1219 1679 1371 1735 dives
1398 1693 1521 1750 ope.

184 1763 397 1838 Saepius
455 1766 719 1825 infestans
764 1769 1072 1825 Brittonum
1111 1773 1255 1826 hanc
1289 1773 1450 1828 turba
1478 1779 1771 1828 nocentum

253 1858 475 1929 Visitat,
505 1872 562 1919 et
589 1863 717 1919 belli
753 1880 981 1921 munera
1018 1881 1172 1923 more
1205 1866 1378 1922 vehit.

181 1951 324 2023 Ergo
356 1952 484 2010 illuc
507 1951 687 2011 Caesar
706 1955 967 2025 Francos,
991 1968 1289 2030 gentesque
1315 1959 1570 2016 subactas

250 2045 392 2102 Esse
413 2047 568 2116 jubet
593 2049 810 2118 placito,
839 2052 1014 2122 pergit
1043 2060 1098 2105 et
1119 2051 1236 2122 ipse
1263 2051 1446 2106 simul.

182 2133 525 2191 Conveniunt
543 2138 723 2208 prisco
751 2137 944 2194 Franci
971 2138 1072 2194 sub
1104 2139 1324 2195 nomine
1347 2139 1546 2210 primo,

252 2226 470 2284 Assueti
498 2227 653 2284 bellis
678 2244 830 2284 arma
857 2239 1051 2301 parata
1073 2232 1274 2287 ferunt.

180 2319 318 2376 Alba
352 2321 651 2377 Suevorum
678 2323 901 2379 veniunt
925 2333 1079 2380 trans
1103 2323 1326 2382 flumina
1346 2327 1524 2384 Rheni

241 2412 408 2468 Millia
435 2415 679 2470 centenis
703 2415 1042 2472 accumulata
1075 2417 1230 2473 viris.

183 2505 252 2560 Et
285 2504 498 2561 Saxona
529 2507 725 2563 cohors
745 2508 944 2578 patulis
971 2509 1263 2578 praecincta
1297 2511 1596 2581 pharetris,

251 2597 431 2669 Atque
461 2596 698 2671 Turinga
727 2615 920 2655 manus
955 2602 1266 2657 consociata
1295 2604 1464 2658 venit.

185 2687 556 2744 Multimodam
581 2676 1114 2763 pubem'Burgu'ndia
1138 2693 1326 2760 mittit,
1353 2701 1410 2748 et
1431 2703 1594 2766 auget

256 2779 594 2836 Francorum
621 2796 906 2838 numerum
929 2785 1292 2842 consociando
1315 2786 1487 2842 viros.

182 2870 420 2943 Europae
453 2871 696 2930 referens
721 2875 970 2946 p0pulos,
1005 2885 1304 2948 gentesque
1332 2877 1519 2933 relaxo

255 2999 284 3028 ι
311 2985 452 3064 Audi
480 2995 756 3064 auctorem
797 2987 934 3044 Vitae
955 2988 1214 3064 Ludovici
1247 2989 1330 3064 Pii
1359 3009 1389 3064 :A
1413 3009 1432 3042 ι
1467 2990 1772 3064 Habitoque

183 3057 423 3132 Venedis
443 3058 686 3132 generali
711 3069 996 3124 conventu,
1022 3061 1356 3130 provinciam
1378 3057 1701 3132 ingreditur:
1743 3084 1763 3118 ι

183 3127 354 3184 Poeta
377 3127 576 3200 noster
588 3130 721 3184 satis
749 3139 934 3200 aperte
959 3127 1159 3200 prodit.
1189 3132 1378 3187 urbem
1407 3127 1547 3188 hanc
1576 3135 1644 3190 ad
1679 3134 1771 3190 Li-

219 3201 332 3254 eris
372 3197 518 3253 ﬂuvii
554 3197 736 3255 fauces
764 3197 819 3255 et
849 3200 916 3254 ad
953 3197 1105 3257 oram
1148 3202 1314 3256 maris
1369 3203 1529 3257 sitam
1575 3204 1765 3261 fuisse.

1870 565 2050 624 Caesar
2070 566 2172 622 iter
2201 573 2376 622 tutum
2399 579 2495 634 per
2518 561 2738 634 propria
2766 577 2928 633 regna
2958 564 3203 633 gerebat,

1946 659 2128 729 Usque
2152 658 2431 712 Parisiaca
2456 672 2563 728 quo
2584 657 2701 711 loca
2741 655 2918 711 celsus
2939 656 3075 710 adit.

1870 749 1990 807 Jam
2021 759 2112 805 tua
2144 761 2350 821 martyr
2372 765 2563 814 ovans,
2597 749 2838 820 Dionysi,
2882 759 3022 804 tecta
3052 748 3274 818 revisit,

1943 841 2186 896 Hilthuin
2213 841 2373 907 abba,
2405 841 2432 881 δ
2459 852 2651 912 potens
2684 856 2791 911 quo
2827 840 2929 895 sibi
2959 840 3100 895 dona
3128 853 3309 910 paras,

1871 935 2032 1002 Hinc,
2059 934 2350 1000 Germane,
2380 935 2458 989 tui
2491 935 2743 990 transivit
2770 933 3003 989 culmina
3047 933 3201 1000 tecti,

1943 1029 2198 1101 Martyris
2228 1038 2284 1083 et
2309 1027 2592 1100 Stephani,
2627 1044 2742 1093 seu,
2770 1026 3046 1083 Geuuvefa
3065 1069 3079 1093 ,
3114 1027 3214 1082 tui.

1871 1123 2293 1179 Aurelianenses
2319 1124 2523 1178 sensim
2547 1123 2746 1178 dehinc
2776 1121 2962 1176 visitat
2988 1137 3170 1192 agros,

1946 1214 2274 1271 Victriacum
2308 1226 2330 1255 ο
2369 1214 2552 1270 villam
2571 1213 2684 1283 jam
2719 1214 2842 1285 pius
2877 1214 3200 1285 ingreditur.

1874 1308 1994 1377 Quo
2025 1307 2274 1363 Matfride
2299 1306 2324 1346 ἀ
2350 1307 2453 1362 sibi
2490 1305 2855 1376 pulcherrima
2887 1313 3028 1360 tecta
3055 1304 3284 1374 parasti,

1946 1401 2170 1457 Munera
2202 1416 2395 1471 magna
2425 1400 2612 1464 dabas,
2641 1408 2801 1468 atque
2829 1398 3088 1468 placenda
3117 1398 3241 1453 sibi.

1877 1491 2085 1564 Saepius
2111 1493 2233 1547 inde
2264 1507 2452 1547 means
2479 1506 2604 1546 mox
2633 1491 2834 1545 dictam
2860 1490 3048 1545 visitat
3069 1490 3282 1556 urbem,

1947 1587 2019 1642 Se
2048 1586 2228 1642 crucis
2253 1585 2456 1640 armari
2491 1598 2717 1639 munere
2747 1596 2768 1622 θ
2799 1583 2998 1653 qumrit
3023 1599 3146 1652 ope.

1875 1674 2081 1732 Obvius
2104 1691 2232 1731 ecce
2255 1675 2408 1730 venis
2437 1674 2636 1744 prmsul
2666 1673 3011 1729 sanctissime
3039 1671 3178 1729 Jona
3214 1673 3260 1741 ί,

1947 1766 2194 1821 Reddere
2219 1766 2380 1836 digna
2414 1780 2578 1837 paras
2606 1765 2816 1821 debitor
2843 1773 3006 1834 atque
3036 1764 3242 1820 volens.

1799 1859 1849 1921 B
1874 1855 2137 1928 Jamque,
2184 1855 2395 1912 Aniaue
2420 1859 2470 1923 3,
2502 1866 2648 1912 tuam
2700 1856 3039 1927 properando
3068 1857 3319 1912 revisitat
3372 1873 3462 1912 ar-

3252 1962 3366 2002 cem

3252 1962 3366 2002 cem

1949 2041 2018 2096 Et
2043 2039 2148 2096 sibi
2175 2040 2424 2111 prmstari
2451 2038 2661 2111 flagitat
2694 2039 2978 2094 auxilium.
3227 1945 3247 2019 [
3376 1989 3391 2014 ,

1878 2132 2041 2201 Tum,
2068 2132 2322 2188 Durandc
2367 2133 2418 2199 ιι,
2466 2130 2726 2202 frequens
2780 2131 3084 2202 currisque,
3118 2131 3378 2198 recurris,
3409 2139 3469 2188 et

3207 2219 3394 2294 [offers

1947 2317 2078 2386 Quae
2107 2318 2204 2374 tibi
2231 2315 2482 2374 Cresareo
2509 2329 2736 2372 munere
2760 2330 2912 2371 cessa
2941 2322 3182 2370 manent.

1776 2473 1781 2483 ,
1875 2410 2006 2466 Inde
2031 2410 2280 2467 Turonus
2310 2411 2423 2465 adit
2447 2399 2661 2464 Martini
2689 2408 2926 2464 culmina
2957 2408 3110 2476 celsi,

1950 2503 2139 2559 Visere
2165 2502 2409 2557 Mauricii
2444 2501 2703 2572 martyris
2727 2512 2890 2571 atque
2919 2500 3018 2571 pii,

1765 2657 1774 2664 ,
1877 2595 1975 2652 Eia
2004 2609 2104 2667 age
2135 2603 2347 2664 tempus
2391 2593 2567 2660 adest,
2611 2591 2894 2661 Fridugise
2930 2593 2947 2632 ί
2986 2590 3267 2662 magister,
3300 2601 3356 2648 et
3381 2589 3437 2650 in

3233 2685 3362 2759 [stat
3377 2727 3393 2755 ,

1947 2783 2180 2841 Ctesaris
2208 2782 2496 2837 adventum
2533 2780 2923 2853 gratulabunde
2950 2783 3124 2840 vides.

1876 2874 2097 2930 Munera
2130 2874 2144 2924 i
2188 2889 2381 2944 magna
2407 2874 2570 2928 offers
2604 2892 2617 2928 :
2652 2873 2915 2930 Martinus
2944 2874 3153 2947 ﬂagitat
3179 2876 3374 2944 almus,
3455 2887 3460 2891 ‘

1948 2990 1975 3028 ⁸
2014 2985 2649 3060 ξείιίεεῑᾲῐηοηθειειιίᾳῐη
2683 2985 2870 3060 Sancti
2905 2987 3123 3054 Aniani,
3153 2990 3386 3060 positum
3412 2989 3467 3044 in

1873 3058 2253 3114 Aurelianensi
2306 3058 2460 3121 urbe,
2496 3057 2650 3126 cujus
2695 3057 2866 3112 etiam
2915 3074 3078 3126 supra
3119 3057 3464 3126 meminerat,

1873 3145 2042 3199 nunc,
2057 3128 2465 3199 Saint-Aignan_
2490 3125 2796 3199 d’eréans.

1944 3201 1974 3241 ιι
2013 3197 2362 3254 Clarissimus
2417 3197 2762 3252 Mabillonius
2801 3199 2855 3253 in
2888 3199 3088 3254 Annal.
3124 3200 3463 3257 Benedictin.

237 3243 518 3358 ίίίὖειῐέδί
531 3243 922 3358 ιῐξῦέιῖῖςιῖῖεεὲἓ
953 3243 1105 3354 ἧῖιῖέ
1135 3243 1768 3358 ίιῖἱὲῖιειῖέἓξὸβὲὲῖῖφῖί
1797 3243 1846 3308 (³
1877 3271 1954 3358 ad,
1970 3243 2328 3358 ριῖὲιῖίτξῖ
2336 3243 3464 3358 Esﬁéféiﬁriﬁﬁiiﬁéief$71357

181 3339 312 3418 eis:
345 3339 544 3418 nullam
575 3339 831 3418 invenies.
851 3342 1303 3418 _Excisam_fuiss_e
1329 3339 1765 3418 hinc'intelligis.

184 3410 376 3484 Quare
416 3409 680 3484 falluntur
718 3411 1090 3484 Baudrandus,
1119 3412 1373 3477 Brietius,
1403 3421 1459 3468 et
1507 3414 1620 3477 alii,
1662 3409 1768 3484 'qui

198 3479 467 3552 Venetia,
487 3496 580 3535 seu
638 3479 948 3552 Venetorum
976 3482 1157 3535 urbem
1192 3484 1473 3552 antiquam
1510 3484 1565 3536 in
1595 3479 1772 3539 Gallia

179 3549 392 3621 Celtica
428 3551 612 3621 sitam,
639 3551 885 3605 eamdem
935 3561 1126 3621 putant
1173 3549 1342 3621 atque
1383 3554 1571 3607 urbem
1624 3569 1772 3610 nunc

192 3619 404 3674 Vannes
435 3619 790 3690 appellatam;
845 3619 1023 3690 neQue
1059 3619 1268 3676 Vannes
1301 3623 1573 3677 diversam
1605 3639 1635 3677 a
1663 3625 1772 3678 Da-

178 3691 388 3770 :iorigo
420 3689 588 3770 veteri
622 3690 883 3770 scribunt.
913 3691 1190 3770 _Equidem
1218 3691 1401 3770 .video
1452 3693 1504 3770 in
1570 3693 1770 3770 tabulis

175 3757 623 3832 Peutingerianis
653 3757 884 3832 Venetos
913 3757 1069 3832 longe
1093 3777 1124 3815 a
1175 3761 1346 3832 Ligeri
1387 3763 1614 3831 positos.
1661 3764 1769 3820 Sed

173 3828 546 3903 provinciam,
579 3844 685 3884 non
715 3831 902 3903 urbem
933 3828 1042 3903 illic
1076 3828 1551 3903 desigﬁarifveri
1591 3832 1770 3889 simile

175 3897 290 3971 est.
325 3897 664 3971 Dariorigum
709 3899 786 3971 ibi
828 3903 894 3956 ad
931 3902 1162 3971 Ligerim
1197 3897 1485 3957 'statuitur.
1527 3902 1769 3960 Adriano

176 3969 406 4024 Valesio

179 4040 412 4095 civitatis

259 4111 289 4150 δ
306 4108 703 4180 Celeberrimos
727 4111 810 4165 vir
833 4112 933 4166 sub
956 4112 1201 4167 Hilduim‘
1227 4114 1445 4168 nomine
1464 4115 1665 4180 notior,
1681 4131 1770 4169 ar-

182 4179 545 4250 chicapellani
582 4180 857 4250 dignitate
906 4181 1126 4238 functus
1174 4185 1275 4238 sub
1325 4183 1596 4240 Ludovico
1650 4179 1767 4250 Pio,

180 4249 363 4322 abbas
378 4251 550 4322 sancti
577 4249 818 4322 Diduysii
857 4251 1198 4322 Parisiensis,
1235 4252 1419 4308 Sancti
1450 4253 1707 4310 Germani
1737 4249 1770 4308 a

179 4320 390 4387 Pratis,
415 4320 752 4391 aliorumque
793 4323 847 4376 in
886 4321 1059 4377 Gallia
1089 4324 1572 4378 monasteriorum.
1605 4324 1664 4378 In
1712 4339 1772 4379 re

183 4391 681 4463 notaiprogredior.

258 4473 283 4501 ο
318 4460 474 4534 Nunc
518 4460 684 4532 Vitry.
715 4461 830 4519 Non
861 4479 1000 4520 unus
1043 4466 1097 4520 in
1125 4463 1296 4534 Gallia
1331 4464 1570 4520 nominis
1611 4463 1772 4534 hujus

183 4535 340 4606 locus
379 4532 543 4606 fuisse
586 4534 819 4588 traditur
857 4536 926 4590 ab
962 4535 1028 4591 iis
1054 4535 1153 4606 qui
1194 4533 1545 4606 Victoriarum
1583 4532 1772 4606 et_Vi-

515 3969 623 4023 tius
658 3969 1061 4042 adhzerendum,
1087 3973 1178 4042 qui
1224 3974 1325 4027 hoc
1365 3982 1519 4042 vetus
1569 3989 1769 4030 nomen

479 4048 745 4093 enatorum
766 4039 933 4096 fuisse
945 4039 1134 4101 scribit
1157 4043 1211 4097 in
1228 4041 1423 4097 Notitia
1445 4041 1762 4100 Galliarum.

1871 3340 2099 3410 ejusque
2149 3337 2246 3392 filii
2284 3337 2570 3410 iLotharii,
2603 3337 2922 3410 concessum
2980 3340 3239 3395 Durando
3288 3343 3466 3397 abbati

1870 3425 1971 3480 pro
2001 3409 2336 3480 monasterio
2365 3422 2542 3480 nuper
2569 3409 2838 3480 aedificato
2862 3411 2916 3480 in
2946 3426 3084 3480 pago
3123 3411 3470 3480 Narbonensi

1872 3478 1930 3534 in
1959 3480 2208 3534 honorem
2238 3478 2522 3530 beatissimi
2549 3479 2748 3548 Aniani
2769 3478 3084 3548 confessoris
3122 3479 3339 3536 Christi.
3379 3482 3465 3538 Ad

1874 3548 2364 3620 haeeMabillonius
2393 3565 2405 3600 :
2443 3548 2602 3620 g_Qui
2631 3547 2800 3620 fuerit
2826 3547 2916 3620 ille
2956 3550 3244 3606 Durandus
3274 3553 3465 3620 abbas,

1875 3619 2410 3688 baudrcompertum.
2443 3615 2561 3672 Non
2591 3618 2806 3673 videtur
2827 3618 2919 3672 ulli
2953 3624 3288 3677 monasterio
3311 3615 3465 3677 addi;

1873 3696 1997 3744 ctus
2023 3687 2211 3748 fuisse,
2241 3690 2334 3744 sed
2368 3688 2546 3756 potius
2570 3703 2710 3743 unus
2739 3705 2804 3744 ex
2826 3689 3125 3746 illustribus
3157 3692 3263 3748 illis
3301 3693 3468 3747 abba-

1875 3759 2022 3835 tibus
2048 3759 2138 3835 qui
2179 3759 2231 3812 in
2279 3759 2538 3814 comitatu
2582 3759 2942 3835 imperatoris
2968 3770 3142 3835 erant.
3187 3783 3206 3816 ι
3249 3763 3388 3835 Ego,
3419 3763 3466 3818 si

1874 3830 2006 3899 quid
2034 3829 2210 3900 video,
2252 3845 2319 3885 ex
2372 3837 2547 3900 poene
2582 3830 2754 3884 nostri
2794 3830 2975 3886 verbis
3003 3832 3182 3898 elicio,
3211 3829 3466 3889 abb'atem

1873 3900 2019 3956 hunc
2045 3899 2212 3955 fuisse
2237 3899 2552 3955 monasterii
2590 3900 2995 3956 Aurelianensis
3037 3901 3218 3958 Sancti
3242 3903 3462 3969 Aniani,

1873 3971 1966 4095 aui
2024 3971 2126 4025 sub
2180 3969 2423 4039 ejusdem
2476 3971 2649 4024 sancti
2707 3971 3036 4026 confessoris
3084 3975 3300 4029 nomine
3355 3974 3463 4029 alia

1912 4040 2069 4095 einde
2100 4043 2430 4095 monasteria
2464 4055 2564 4095 pro
2588 4043 2979 4095 consuetudine
3005 4043 3221 4095 illorum
3251 4053 3463 4095 lembo-

1912 4040 2069 4095 einde
2089 4043 2430 4114 monasteria
2464 4043 2979 4114 proconsuetudine
3005 4043 3221 4114 illorum
3251 4053 3465 4114 tempo-

1873 4126 1995 4164 rum
2021 4110 2332 4175 asdificavit,
2361 4120 2454 4165 aut
2481 4110 2800 4166 aediﬁcanda
2829 4113 3062 4167 curavit.

1953 4183 1970 4220 ί
2015 4180 2142 4234 Fuit
2170 4181 2260 4234 ille
2301 4182 2468 4236 abbas
2511 4181 2828 4235 monasterii
2877 4181 3218 4238 celeberrimi
3271 4183 3461 4238 Sancti

1874 4250 2091 4320 Martini
2124 4249 2491 4320 Turonensis,
2529 4251 2620 4320 qui
2678 4251 2973 4318 postremis
3031 4252 3230 4306 tabulis
3280 4253 3461 4310 Caroli

1875 4319 2055 4390 Magni
2084 4319 2442 4389 subscripsit,
2472 4319 2784 4390 Eginhardo
2823 4327 2990 4386 teste;
3025 4322 3110 4375 vir
3148 4323 3204 4376 in
3241 4322 3460 4378 Annali-

1874 4387 2372 4446 bus'Benedictinis
2399 4387 2542 4459 sirpe
2570 4398 2932 4456 memoratus;
2957 4407 3101 4446 anno
3131 4391 3236 4447 822
3264 4403 3319 4448 et
3341 4394 3461 4448 diu-

1875 4462 1986 4516 tius
2011 4460 2208 4531 insigni
2235 4475 2458 4516 munere
2485 4460 2799 4515 cancellarii
2823 4475 3044 4530 operam
3065 4462 3338 4519 Ludovico
3363 4463 3458 4521 Pio

1877 4531 2130 4597 navavit;
2167 4531 2238 4585 ita
2264 4531 2408 4586 enim
2439 4531 2506 4586 iis
2532 4533 2868 4600 temporibus
2901 4533 3040 4586 mira
3069 4532 3330 4590 facilitate
3363 4544 3460 4590 aut

181 4603 468 4675 (triticum;
486 4603 626 4675 idem
667 4615 856 4674 putant
885 4624 897 4658 :
924 4605 1067 4675 quod
1080 4599 1274 4660 'tamcn
1305 4605 1463 4660 facile
1493 4621 1598 4660 non
1629 4599 1772 4660 allir-
1797 4605 1852 4666 D
1877 4603 2304 4675 advocabantur,
2335 4610 2430 4656 aut
2465 4599 2783 4675 irrepebant
2807 4605 3076 4668 monachi,
3126 4619 3222 4659 seu
3273 4607 3456 4675 potius

179 4673 418 4755 εειρμ-ἰιη.Δ
440 4672 644 4755 Duplex
668 4672 861 4755 autem
882 4747 893 4755 _
917 4672 1238 4755 Vict_r_ia_cum
1291 4675 1344 4755 in
1377 4676 1770 4755 Aureiianensi

181 4742 335 4799 Silva
373 4742 628 4799 statuitur
669 4747 736 4801 ab
763 4746 1003 4803 Adriano
1031 4747 1262 4810 Valesio,
1290 4754 1346 4800 et
1377 4745 1685 4801 Mabillonio
1713 4748 1769 4802 in

175 4813 476 4886 Diplomat.
505 4831 627 4886 pag.
669 4816 807 4882 540;
857 4819 951 4873 sed
1002 4833 1166 4886 unum
1215 4817 1480 4886 appendix
1527 4817 1768 4873 alterius.

177 4832 476 4896 Diplomat.
505 4832 807 4938 pagani;
857 4832 951 4873 seu
1002 4833 1166 4870 unum
1215 4832 1480 4886 appendix
1527 4832 1768 4898 alterius.

177 4885 260 4939 Ibi
324 4885 466 4958 _ol|m_
505 4901 571 4955 pa
595 4894 999 4958 attumnregum
1041 4884 1406 4950 Francorum,
1437 4887 1580 4956 quod
1618 4886 1772 4941 Villa:

179 4956 430 5028 nomine,
454 4956 556 5028 hoc
582 4965 664 5012 est
691 4956 843 5010 Villa
869 4956 1022 5028 regia,
1044 4966 1200 5027 poeta
1227 4965 1410 5028 noster
1431 4958 1700 5026 designat.

257 5024 287 5064 ά
329 5024 452 5080 Fuit
480 5026 527 5080 is
552 5042 734 5082 comes
759 5024 1164 5082 Aurelianensis
1193 5025 1348 5096 cujus
1374 5041 1481 5081 non
1501 5024 1608 5080 una
1631 5042 1776 5082 men-

179 5097 262 5167 tio
302 5096 356 5150 in
387 5095 685 5152 Annalibus
714 5097 1048 5152 Francorum
1080 5098 1220 5167 apud
1244 5096 1579 5167 'l‘heganum,
1609 5113 1674 5152 ac
1717 5098 1772 5152 in

176 5164 314 5221 Vita
339 5167 596 5240 Ludovici
632 5167 709 5222 Pii
740 5169 807 5240 ab
826 5164 1152 5240 Astrouomo
1181 5164 1401 5240 scripta.
1435 5167 1562 5240 Ejus
1588 5178 1770 5222 autem

179 5238 417 5309 perndta
446 5238 708 5296 adversus
741 5239 912 5308 ipsum
937 5239 1236 5308 piissimum
1251 5237 1552 5308 Augustum
1581 5249 1770 5308 postea

175 5308 390 5362 erunit.

288 5324 572 5434 pgendum
623 5380 690 5437 iis
751 5381 1084 5450 temporibus
1136 5381 1379 5437 invectus
1426 5368 1605 5437 fuerat
1653 5397 1772 5438 mos

177 5464 354 5532 cruce
389 5449 660 5532 Signandi,
687 5452 777 5522 qui
807 5449 1773 5532 capeditionenrbellicanrproGhri-

176 5525 366 5594 stiana
403 5520 663 5592 religione
701 5520 1087 5594 suscipiebant.
1126 5521 1387 5594 Attamen
1425 5520 1647 5594 aliquid
1696 5525 1770 5577 si-

176 5591 318 5644 mile
342 5591 457 5662 jam
491 5589 601 5644 tum
642 5589 960 5662 prmstitilm.
1007 5608 1072 5646 ex
1126 5591 1274 5646 hisce
1329 5589 1509 5647 verbis
1535 5589 1769 5649 'elucere

174 5660 590 5730 qquammodo
618 5660 848 5717 videtur.
899 5660 1023 5716 Haec
1065 5663 1138 5716 ita
1185 5664 1548 5718 construenda
1595 5672 1762 5734 puto:

173 5734 374 5803 quierit
401 5750 456 5786 se
477 5734 677 5786 armari
702 5749 912 5786 munere
933 5741 980 5785 et
1003 5750 1096 5803 ope
1117 5734 1306 5787 crucis.

164 5821 176 5833 δ
262 5802 283 5840 τ
339 5803 640 5874 Episcopus
681 5802 1119 5868 Aurelianensis,
1156 5820 1220 5857 ex
1263 5805 1490 5861 historia
1529 5806 1767 5866 Franco-

174 5887 311 5931 rum
341 5884 508 5948 atque
538 5873 605 5931 ex
639 5873 756 5950 ejus
792 5873 1010 5944 scriptis
1039 5875 1447 5937 celeberrimus.
1749 5903 1757 5908 ·

1878 4675 2123 4747 abbates,
2148 4673 2204 4726 in
2232 4675 2413 4727 aulam
2441 4687 2629 4747 regum
2657 4682 2722 4747 et
2758 4672 3145 4744 Augustorum.
3199 4672 3458 4747 Magister

1875 4743 2213 4818 appellatur,
2245 4743 2603 4818 _qua_ratioue
2655 4746 2820 4818 etiam
2855 4743 3121 4818 Aldricus
3169 4743 3456 4818 episcopus

1877 4811 2212 4870 Senonensis
2243 4811 2293 4868 iu
2334 4811 2451 4880 ejus
2480 4813 2600 4868 Vita
2631 4815 2814 4870 szecul.
2848 4832 2900 4869 ιν
2927 4811 3266 4872 Βειιεόίειῖη.
3294 4811 3451 4870 insti-

1877 4894 2028 4957 tutus
2053 4885 2254 4957 dicitur
2279 4899 2308 4938 a
2360 4885 2629 4938 Ludovico
2678 4885 2774 4957 Pio
2817 4897 3114 4957 pmorptor
3158 4887 3451 4957 palatinas,

1877 4956 1981 5010 hoc
2018 4954 2248 5026 es_t,7qui
2274 4963 2572 5026 praecepta,
2597 4969 2692 5009 seu
2723 4954 3015 5024 diplomata
3059 4954 3206 5026 regia
3247 4955 3448 5010 scribe-

1875 5027 1990 5090 bat,
2015 5024 2095 5078 uti
2126 5023 2464 5077 Mabrllonius
2489 5023 2898 5092 interpretatur.

1951 5107 1964 5145 ι
2001 5093 2676 5168 Animad_verte_s_ingulos
2706 5096 2929 5152 abbates
2967 5107 3130 5168 atque
3169 5097 3451 5165 episcopos

1876 5167 2018 5221 dona
2046 5163 2334 5218 adduxisse
2355 5164 2428 5238 ad
2443 5163 2770 5238 Ludovicum
2800 5163 3120 5238 Atlgustum.
3151 5163 3230 5220 Ad
3260 5163 3449 5238 eorum

1875 5245 2180 5307 temporum
2210 5249 2391 5307 mores
2419 5236 2470 5289 id
2499 5239 2798 5307 spectabat.
2843 5236 3180 5292 Duchesnius
3231 5245 3361 5290 tom.
3404 5237 3449 5293 ll

1876 5304 2021 5378 Berl,
2056 5304 2303 5378 Francic.
2325 5345 2341 5371 ,
2365 5304 2728 5378 fragmentum
2757 5307 2935 5378 adfert
2981 5307 3048 5361 de
3103 5308 3449 5378 monasteriis

1875 5377 2026 5448 regni
2054 5375 2406 5448 Francorum,
2443 5375 2562 5448 quae
2597 5392 2740 5432 anno
2772 5377 2874 5448 8_l7
2911 5377 2964 5430 in
3004 5391 3177 5448 regno
3215 5376 3300 5430 vel
3344 5377 3449 5432 im-

1873 5445 2026 5522 perio
2047 5447 2303 5522 Ludovici
2323 5447 2402 5522 Pii
2431 5445 2702 5522 (dona‘et
2729 5446 2974 5500 militiam
2995 5445 3171 5502 facere
3195 5457 3446 5517 possunt,

1875 5517 1995 5591 quae
2025 5519 2137 5576 sola
2165 5519 2302 5591 dona
2339 5520 2456 5591 sine
2483 5517 2697 5591 militia,
2725 5531 2846 5584 qua;
2881 5531 3009 5591 vero
3047 5531 3147 5591 nec
3176 5521 3312 5573 dona
3343 5534 3446 5591 nec

1875 5585 2148 5671 militiam,
2182 5589 2446 5669 sed-solas
2473 5588 2746 5671 orationes
2773 5601 2868 5668 pro
2898 5585 3070 5670 salute
3100 5589 3448 5671 imperatoris

1874 5662 1959 5716 vel
1990 5663 2221 5716 filiorum
2250 5658 2367 5726 ejus
2393 5675 2458 5712 ac
2484 5656 2782 5712 stabilitate
2810 5657 3042 5728 imperii.
3071 5678 3090 5710 ι
3121 5656 3254 5716 Vide
3278 5662 3446 5716 etiam

1875 5732 2049 5790 Vitam
2086 5732 2249 5785 Wala:
2293 5728 2542 5792 abbatis,
2587 5727 2657 5800 iis
2704 5727 3032 5800 temporibus
3077 5729 3442 5790 celeberrimi.

1872 5820 2056 5882 queur
2082 5811 2238 5882 poeta
2293 5809 2476 5882 noster
2517 5799 2827 5882 nescio‘cur’
2851 5801 3116 5859 omiserit.
3147 5803 3301 5859 lllutu
3329 5800 3444 5859 for-

1871 5872 2018 5933 tasse
2042 5872 2314 5931 infensum
2349 5872 2451 5928 sibi
2479 5878 2745 5930 senserat.
