4022 6456
164 404 284 465 613
1026 403 1113 461 DE
1148 401 1376 461 BEBUS
1415 400 1661 462 GESTIS
1699 396 2026 474 LUDOVlCl
2059 398 2168 471 PII.
2218 430 2281 441 —
2314 396 2446 458 LIB.
2484 394 2572 454 111.
3331 395 3437 456 6“

247 519 476 590 Conjux,
501 531 632 576 aure
658 531 790 590 cape
815 534 950 594 quae
968 521 1063 578 tibi
1095 523 1256 580 verba
1293 523 1451 580 dabo.

170 613 473 670 Lanceolas
499 630 633 684 quas
659 616 857 678 cernis,
886 616 983 678 ait,
1012 617 1364 687 manibusque
1395 616 1621 671 reﬂexat

249 708 518 774 Murmau,
549 718 751 774 amata,
776 718 897 764 tuus
922 707 1076 766 lietus
1095 725 1234 780 equo
1261 709 1504 766 residens
1529 723 1544 762 :

181 799 238 852 Si
278 800 408 853 mihi
441 807 587 853 certa
620 799 772 865 fides,
813 800 1140 858 Francorum
1173 801 1433 870 sanguine
1471 800 1663 854 tinctas

253 890 503 954 Aspicies
529 891 686 952 hodie
717 908 802 948 mc
825 891 1081 946 redeunte
1111 892 1350 946 donuun.

178 983 359 1035 t'rcdo
385 982 527 1051 quod
547 983 831 1046 incassum
859 982 1056 1038 nullam
1090 982 1404 1046 Murmanis,
1433 989 1631 1050 amata,

248 1072 484 1127 Dextera
513 1073 692 1130 mittet
719 1089 733 1132 ,:
763 1089 882 1136 ave.
916 1072 1114 1128 femina
1148 1080 1350 1136 amata,
1380 1071 1517 1126 vale.

175 1165 273 1220 His
305 1165 466 1220 dictis
491 1165 738 1222 celerans
771 1165 923 1220 silvis
953 1181 1012 1220 se
1047 1165 1232 1220 condit
1261 1164 1480 1234 apricis,

249 1257 469 1321 Ebrius,
499 1257 686 1312 infelix
712 1267 784 1322 te,
811 1257 1100 1322 Ludovice,
1128 1265 1338 1327 petens.

175 1349 442 1406 Hortatur
471 1349 647 1406 socios
681 1350 894 1406 ﬁrmato
920 1361 1140 1421 pectore
1164 1352 1216 1406 in
1241 1366 1415 1406 arma.

251 1443 335 1497 lre
353 1443 728 1514 juvat,,cuncti
759 1443 947 1499 Martis
963 1459 1159 1504 ,amore
1190 1452 1374 1498 ruunt.

179 1532 437 1594 Cernitis.
461 1549 494 1590 o
515 1534 760 1606 juvenes.
793 1535 1125 1592 Francorum
1161 1537 1434 1592 exercitus
1457 1548 1652 1590 omnes

255 1627 446 1682 Vastat
471 1643 650 1698 agros,
674 1627 943 1694 homines,
967 1636 1023 1683 et
1051 1642 1216 1697 pecus
1250 1643 1411 1683 omne
1440 1625 1627 1680 trahit.

178 1715 225 1773 Ο
253 1719 443 1788 patriae
468 1719 659 1785 virtus,
685 1735 719 1774 ο
745 1720 1014 1789 quondam
1044 1719 1190 1773 fama
1214 1727 1501 1790 parentum

251 1811 482 1878 Nobilis,
512 1813 614 1868 heu
643 1812 846 1870 frustra
871 1814 983 1884 jam
1013 1823 1313 1869 memorata
1343 1812 1529 1882 pudet.

179 1903 422 1960 Cernitis
446 1922 512 1960 eu
545 1907 774 1961 miseros
808 1905 958 1962 silvis
986 1906 1258 1962 confidere
1285 1907 1452 1971 cives,

252 1995 367 2053 Nec
395 2000 602 2070 campis
627 2000 830 2054 audent
860 1999 1104 2054 hostibus
1135 2015 1284 2062 arma
1309 2000 1458 2054 dare.

181 2085 461 2158 Nusquam
490 2098 605 2143 tuta
636 2090 770 2146 fides
801 2108 814 2144 :
842 2089 933 2144 ubi
958 2105 1098 2143 nunc
1126 2089 1389 2159 promissa
1415 2103 1513 2156 per
1541 2102 1742 2142 annum

253 2180 527 2234 Dextera?
549 2196 690 2234 nunc
709 2179 954 2240 Francos
976 2180 1154 2235 nullus
1180 2181 1331 2235 adire
1365 2180 1531 2235 volet.

179 2271 398 2338 En,_late
427 2282 674 2345 regnant,
699 2272 914 2344 laetique
944 2272 1240 2342 furuntque
1267 2273 1598 2342 trahuntque

255 2351 477 2424 Munera
517 2366 818 2421 Brittonum
856 2373 1005 2419 tanta
1033 2373 1224 2435 parata
1247 2365 1358 2419 diu.

183 2456 243 2513 Si
269 2457 484 2516 fortuna
515 2456 680 2526 foret,
705 2458 908 2528 possim
937 2473 1044 2528 quo
1071 2472 1295 2512 cernere
1321 2471 1524 2528 regem,

253 2551 500 2621 Namque
522 2549 624 2606 sibi
647 2547 853 2604 ferrum
880 2547 1089 2602 missile
1113 2547 1251 2603 forte
1284 2548 1492 2613 darem,

181 2640 401 2714 Proque
427 2625 665 2698 tributali
689 2641 807 2696 haec
827 2639 1005 2694 ferrea
1038 2639 1177 2693 dona
1204 2638 1493 2702 dedissem,

255 2734 572 2806 Oblitusque
599 2734 705 2790 mei
733 2747 1016 2804 pergerem
1048 2733 1105 2786 in
1127 2747 1280 2786 arma
1303 2731 1467 2787 celer.

184 2825 387 2885 hiemet
406 2835 602 2902 sponte
623 2841 746 2882 mea
767 2827 933 2881 morti
961 2826 1090 2880 dare
1114 2840 1307 2894 nempe
1325 2823 1543 2893 juvaret

256 2921 363 2977 Pro
389 2921 581 2992 patriae
607 2919 786 2986 laude,
810 2934 1018 2991 proque
1050 2918 1226 2974 salute
1255 2918 1378 2976 soli.

185 3009 291 3069 Olli
316 3010 595 3083 respondit
617 3011 839 3082 quidam
868 3010 1014 3074 socia
1039 3025 1192 3064 arma
1219 3018 1456 3075 secutus,

268 3105 402 3161 Vera
431 3119 631 3164 canens
660 3103 912 3169 nimium,
941 3118 1048 3158 non
1080 3110 1264 3166 tamen
1287 3107 1413 3172 apta
1437 3100 1542 3157 sibi
1571 3115 1587 3156 :

186 3198 234 3258 0
259 3215 378 3266 rex,
401 3214 540 3255 vana
570 3199 772 3258 cadunt
796 3196 940 3253 tristi
969 3197 1035 3253 de
1062 3205 1279 3268 pectore
1305 3198 1472 3253 verba
1504 3211 1519 3252 :

261 3297 391 3354 Plus
416 3298 688 3356 reticenda
720 3295 922 3362 valent,
945 3312 1108 3367 quam
1141 3298 1428 3353 recinenda
1452 3297 1633 3354 modo.

188 3388 356 3448 Millia
381 3391 548 3446 multa
581 3391 728 3448 vides
753 3391 1088 3447 Francorum
1117 3389 1276 3459 plana
1309 3398 1514 3458 tenere,

263 3481 535 3540 lunumeri
563 3484 728 3540 silvas
750 3483 921 3539 lustra
951 3499 1048 3554 per
1071 3482 1177 3537 alta
1202 3491 1387 3537 ruunt.

184 3571 310 3632 Rex
336 3576 481 3631 idem
506 3575 658 3630 vario
677 3575 910 3643 stipatus
935 3573 1109 3628 milite
1131 3572 1310 3628 celsus

264 3654 440 3723 Tutus
465 3667 568 3730 iter
604 3666 793 3720 tritum
815 3679 914 3734 per
936 3671 1030 3718 tua
1055 3679 1184 3718 rura
1215 3663 1374 3734 gerit.

183 3759 380 3819 Eheu!
406 3773 540 3830 gens
559 3758 786 3815 nimium
811 3760 1080 3830 quadrum
1104 3757 1295 3815 diffusa
1328 3772 1428 3828 per
1448 3756 1658 3825 orbem,

259 3853 512 3924 Imperiis
536 3850 693 3922 cuius
713 3852 964 3910 subditur
985 3852 1165 3909 omnis
1187 3854 1369 3908 homo.

190 3943 276 4014 Si,
305 3944 605 4010 lilurtnane,
633 3943 828 4015 placet,
859 3959 1034 4011 raros,
1055 3959 1193 4014 quos
1221 3943 1402 3999 cernis
1425 3951 1638 4008 euntes,

263 4037 601 4108 Persequere
630 4049 646 4091 :
675 4037 744 4093 ad
769 4053 950 4109 regem
986 4037 1211 4094 tendere
1241 4036 1386 4092 nulla
1417 4037 1568 4093 lldes.

192 4133 288 4192 Ille
315 4142 473 4204 caput
497 4131 738 4198 volvens,
767 4133 985 4188 tandem
1013 4131 1283 4203 profatur,
1315 4140 1371 4187 et
1398 4128 1517 4186 inﬁt
1553 4149 1566 4186 :

265 4225 428 4288 Certa
456 4225 611 4280 canis
635 4238 851 4294 nempe,
875 4224 1198 4294 inplacitura
1222 4231 1425 4279 tamen.

193 4316 316 4374 Non
342 4331 566 4372 caruere
586 4331 736 4387 genae
762 4315 1039 4387 lacrymis,
1069 4333 1174 4371 non
1203 4317 1368 4371 corda
1392 4314 1609 4382 dolore;

268 4410 328 4465 In
351 4410 533 4465 varias
552 4416 740 4479 partes
765 4424 918 4464 mens
949 4409 1090 4464 male
1113 4425 1246 4464 sana
1276 4410 1402 4464 ruit.

195 4501 316 4559 Mox
345 4517 558 4574 quoque
581 4502 637 4555 in
667 4502 892 4557 adverso
917 4515 1038 4556 sese
1060 4499 1207 4555 dedit
1231 4501 1383 4555 ocius
1413 4501 1584 4556 hostis
1615 4517 1627 4553 :

263 4593 442 4664 .Terga
476 4591 621 4658 ferit,
653 4591 798 4647 ferro
827 4599 1045 4662 pectora
1071 4590 1178 4646 lata
1212 4590 1372 4645 forat.

190 4684 349 4756 Nunc
381 4685 487 4741 huc
519 4700 663 4740 nunc
684 4684 808 4741 illuc
838 4686 1005 4741 armis
1030 4683 1159 4740 furit
1187 4694 1313 4740 ante
1347 4685 1570 4756 paratis,

266 4777 417 4834 More
445 4775 687 4848 parentis
709 4792 876 4847 agens
899 4792 1043 4830 nunc
1072 4773 1226 4845 fugit,
1259 4784 1423 4845 atque
1453 4776 1609 4830 redit.

189 4870 381 4928 Turba
407 4870 757 4928 subulcorum
778 4869 892 4938 jam
917 4869 1214 4924 Murmanis
1243 4869 1349 4924 icta
1378 4870 1556 4924 furore

268 4962 433 5018 Multa
459 4959 609 5032 jacet
641 4961 868 5032 passim,
893 4960 1163 5031 opilioque
1189 4964 1376 5017 miser.

191 5055 444 5126 Qualiter
467 5070 590 5112 ursa
617 5071 788 5126 rapax
811 5053 1021 5110 catulos
1051 5055 1247 5110 amissa
1278 5054 1532 5117 novellos,

266 5149 375 5206 Per
402 5166 514 5215 rus,
545 5163 642 5219 per
667 5149 834 5205 silvas
862 5149 1011 5219 itque
1040 5148 1285 5218 reditque
1310 5146 1568 5203 fremens.

193 5243 391 5300 Coslus
411 5252 528 5299 erat
553 5243 773 5314 quidam
804 5242 1096 5297 Francisco
1124 5243 1369 5313 germine
1399 5253 1558 5295 natus

269 5335 389 5393 Non
417 5343 599 5394 tamen
623 5352 656 5392 e
685 5337 884 5407 primo,
910 5351 1011 5393 nec
1035 5350 1297 5406 generosa
1329 5349 1540 5389 manus.

195 5426 445 5488 Francus
478 5437 598 5484 erat
627 5435 855 5494 tantum,
884 5426 1028 5482 fama
1057 5426 1236 5480 minus
1263 5435 1420 5480 antea
1447 5434 1630 5491 notus,

271 5519 468 5576 Postea
498 5521 584 5576 cui
608 5535 806 5577 nomen
831 5519 1055 5576 dextera
1080 5519 1224 5574 celsa
1246 5517 1409 5573 dedit.

1789 528 1839 588 Α
1865 521 2019 577 Hunc
2046 521 2358 591 Murmanus
2385 534 2551 592 agens
2575 515 2762 589 procul
2789 511 3004 590 aspicit,
3033 517 3186 574 ocius
3207 527 3262 574 et
3285 535 3412 578 mox

1936 614 2094 670 Fisus
2121 631 2260 684 equo
2290 623 2482 670 contra
2511 611 2855 676 fervidusire
2875 619 3051 682 parat.

1867 707 1976 763 Nec
2008 710 2186 763 minus
2214 708 2305 764 ille
2332 707 2547 776 quidem
2569 691 2692 763 fidis
2719 706 2958 762 confisus
2994 706 3044 758 in
3073 705 3240 762 armis

1944 800 2094 854 Hunc
2123 800 2409 854 celeranda
2441 799 2572 868 pctit
2604 819 2615 852 :
2645 815 2774 853 acer
2801 806 3024 864 uterque
3051 796 3230 851 nimis.

1873 892 2130 948 Protinus
2154 894 2299 946 hunc
2323 893 2568 947 lilurman
2596 892 2777 945 verbis
2801 889 3086 960 compellat
3111 889 3321 944 acerbis
3355 910 3369 944 ι

1941 985 2174 1050 France,
2205 985 2298 1038 tibi
2336 985 2512 1054 primo
2536 986 2649 1039 haec
2681 998 2798 1037 mea
2825 984 2961 1037 dona
2991 981 3148 1036 dabo.

1871 1077 1995 1132 Hrec
2026 1086 2239 1132 servata
2273 1078 2366 1130 tibi
2387 1077 2498 1142 jam
2530 1079 2730 1131 dudum
2763 1091 2982 1130 munera
3015 1083 3287 1140 constant,

1943 1173 2072 1240 Qum
2096 1181 2276 1226 tamen
2307 1172 2581 1240 accipiens
2610 1179 2732 1240 post
2761 1185 2969 1224 memor
2989 1177 3104 1223 esto
3133 1168 3258 1222 mei.

1874 1264 1986 1320 Hoc
2019 1267 2226 1327 dicens,
2254 1265 2454 1319 lerrum
2488 1265 2706 1318 vibrans
2731 1264 2884 1332 longe
2907 1272 2962 1318 et
2984 1261 3119 1330 jacit
3151 1263 3362 1318 hastam
3387 1279 3401 1329 ;

1943 1357 2036 1412 llle
2065 1373 2227 1427 sagax
2251 1356 2421 1426 clypei
2452 1357 2594 1410 hanc
2616 1356 2804 1424 procul
2840 1356 2947 1425 egit
2975 1371 3095 1422 ope.

1874 1448 2065 1504 Coslus
2097 1450 2161 1502 ad
2194 1449 2308 1504 hzec
2338 1449 2524 1510 armis,
2552 1448 2737 1501 animo
2765 1449 3137 1517 prmstantior,
3169 1454 3334 1517 atque

1949 1541 2236 1606 Exsultans
2259 1541 2460 1603 verbis,
2497 1540 2610 1596 lucc
2640 1538 2763 1594 tulit
2790 1555 2886 1594 ore
2915 1554 3012 1596 suo
3041 1557 3054 1594 :

1877 1631 2051 1687 Brilto
2078 1632 2329 1702 superbe,
2363 1641 2466 1685 tum
2495 1630 2707 1700 suscepi
2740 1646 2966 1686 munera
3001 1630 3246 1686 dextrm:

1948 1723 2103 1778 Nunc
2131 1725 2289 1790 decet
2319 1723 2577 1793 accipias,
2608 1722 2789 1792 qualia
2815 1722 3058 1778 Francus
3085 1723 3268 1778 habet.

1879 1815 2133 1872 Calcibus
2159 1816 2467 1886 astringens
2495 1816 2714 1870 ferratis
2737 1815 3083 1884 cornipedem
3114 1830 3238 1869 mox

1800 1876 1850 1936 Β
1951 1907 2194 1961 Murman
2221 1907 2272 1959 in
2303 1907 2591 1960 adversum
2611 1908 2867 1961 'coucitus
2899 1907 2977 1962 ire
3008 1905 3156 1960 facit.

1875 1999 1992 2056 Non
2023 2000 2125 2054 hoc
2157 1998 2451 2052 missilibus
2473 1999 2794 2052 certandum
2827 2006 2910 2051 est
2940 2005 3182 2066 tempore
3205 1992 3408 2066 parvis,

1947 2093 2182 2163 Cuspide
2210 2092 2500 2148 Francisco
2533 2100 2773 2160 tempora
2799 2088 2906 2143 lata
2931 2088 3092 2143 forat.

1873 2187 1966 2244 Ille
1996 2196 2157 2257 caput
2189 2186 2332 2241 ferro
2358 2201 2453 2240 seu
2473 2196 2671 2240 caetera
2702 2185 2942 2239 membra
2966 2196 3160 2254 parato

1948 2280 2252 2344 Vestierat;
2275 2277 2518 2335 Francus
2549 2278 2641 2333 sed
2676 2285 2856 2330 tamen
2881 2285 3000 2331 arte
3031 2275 3178 2331 ferit.

1877 2371 2124 2429 Concidit
2149 2373 2212 2427 ad
2239 2382 2442 2426 terram
2473 2369 2716 2426 confixus
2745 2370 2971 2439 cuspide
3001 2368 3248 2424 Murman
3272 2375 3325 2436 ι,

1949 2465 2146 2520 Tristis
2168 2475 2221 2520 et
2244 2465 2442 2520 invitus
2469 2479 2696 2532 corpore
2723 2470 2934 2531 pressat
2952 2461 3200 2515 humum.

1878 2557 2072 2620 Coslns
2102 2574 2240 2627 equo
2271 2559 2474 2612 cadens
2503 2556 2694 2612 stricto
2720 2563 2884 2624 caput
2907 2554 3129 2608 abstulit
3153 2565 3306 2622 ense,

1951 2651 2183 2720 Vitaque
2211 2665 2331 2705 cum
2357 2648 2558 2719 gemitu
2587 2663 2708 2704 mox
2734 2647 2869 2718 fugit.
2897 2656 3019 2702 acta
3044 2645 3255 2716 procul.

1879 2744 2177 2800 Murmanis
2207 2753 2331 2798 ante
2367 2759 2551 2799 comes
2575 2743 2792 2799 Coslum
2816 2744 3084 2812 percussit
3104 2738 3376 2810 eumdem,

1949 2838 2137 2894 Victor
2160 2845 2215 2901 et
2235 2837 2505 2902 incautus,
2528 2837 2665 2892 eheu
2690 2837 2703 2889 !
2737 2835 2912 2899 Cosle.
2939 2837 3106 2906 peris.

1878 2926 2020 2984 Cosli
2046 2942 2280 2998 namque
2308 2943 2460 2997 puer,
2486 2926 2686 2982 domini
2723 2927 3052 2996 praevinctus
3081 2941 3289 2996 amore,

1950 3017 2403 3085 Actutumlatera
2430 3016 2675 3088 perforat
2705 3017 2882 3073 hostis
2910 3017 3047 3074 acri.

1875 3111 1971 3168 llle
2001 3112 2190 3168 dolens
2211 3110 2363 3182 plaga
2389 3126 2617 3181 puerum
2655 3109 2877 3170 conﬁxit
2906 3111 3158 3166 eumdem
3183 3127 3198 3165 :

1949 3204 2102 3260 Alter
2130 3205 2199 3260 ab
2230 3203 2456 3260 alterius
2485 3202 2704 3259 vulnere
2733 3202 2907 3259 ﬂexus
2931 3202 3069 3259 obit.

1884 3297 2152 3366 Quattuor
2171 3297 2226 3352 hi
2256 3312 2448 3365 eampo
2473 3296 2757 3352 certabant
2784 3295 2955 3351 Marte
2976 3294 3212 3366 superbo
3236 3335 3250 3352 .

1953 3390 2158 3446 Victori
2184 3399 2241 3444 et
2261 3390 2403 3445 victo
2434 3405 2555 3450 sors
2591 3387 2694 3444 fuit
2723 3404 2830 3443 una
2859 3388 3101 3457 quidem.

1881 3481 2092 3537 Interea
2120 3480 2316 3535 castris
2340 3479 2559 3550 paulum
2583 3479 2901 3543 crebrescit,
2941 3487 2998 3533 et
3026 3492 3190 3534 auras

1965 3571 2131 3626 Fama
2162 3570 2335 3640 replet
2367 3579 2576 3635 tenues,
2603 3577 2754 3639 gesta
2777 3567 2988 3624 novella
3009 3581 3232 3624 canens.

1887 3663 2105 3720 Scilicet
2133 3661 2386 3717 infestum
2415 3661 2663 3716 Murman
2694 3659 2958 3716 cecidisse
2983 3659 3280 3730 superbum

1959 3755 2122 3816 Sorte.
2149 3769 2268 3819 sua,
2300 3751 2498 3810 castris
2526 3752 2699 3808 fertur
2731 3753 2909 3810 inesse
2934 3760 3116 3822 caput.

1885 3847 2227 3912 Circumfusa
2257 3847 2362 3901 ruit.
2391 3845 2722 3900 Francorum
2749 3844 2877 3900 hinc
2900 3845 3024 3900 inde
3044 3851 3263 3901 caterva

1957 3937 2180 3993 Visendi
2210 3937 2388 3992 studio
2418 3936 2686 3992 lzetiﬁcata
2714 3935 2866 3992 satis.
3017 4010 3021 4014 ι

1887 4030 2008 4086 Mox
2033 4037 2196 4099 caput
2214 4028 2440 4083 affertur
2467 4028 2607 4083 collo
2639 4035 2797 4084 tenus
2818 4043 2949 4084 ense
2980 4029 3274 4096 revulsum,

1958 4121 2233 4192 Sanguine
2262 4120 2526 4177 foedatum
2547 4121 2752 4189 absque
2780 4123 2976 4176 decore
3005 4137 3125 4177 suo.

1887 4215 2136 4271 Witchar
2163 4213 2356 4267 adesse
2373 4210 2591 4279 iubent,
2621 4227 2849 4280 prorsus
2876 4220 3148 4281 orantque
3177 4208 3393 4280 referri,

1960 4304 2100 4358 Vera
2130 4319 2197 4356 an
2227 4301 2361 4356 falsa
2385 4309 2607 4365 canant,
2639 4301 2806 4369 eligat
2831 4301 2968 4369 ipse,
2996 4310 3208 4371 rogant.

1890 4396 1939 4452 ls
1973 4403 2136 4464 caput
2161 4392 2432 4461 extemplo
2458 4391 2618 4446 latice
2639 4391 2940 4460 perfundit,
2969 4400 3026 4447 et
3051 4401 3215 4449 ornat

1961 4487 2179 4544 Pectine
2207 4503 2221 4540 :
2255 4485 2503 4554 cognovit
2529 4499 2650 4538 mox
2681 4499 2896 4554 quoque
2919 4483 3067 4554 jussu
3103 4482 3224 4546 sibi.

1815 4605 1866 4671 Β
1893 4579 2186 4637 Murmanis
2214 4579 2314 4633 hoc
2349 4584 2511 4646 caput
2546 4584 2647 4640 est,
2688 4574 2890 4646 inquit,
2935 4574 3068 4630 mihi
3102 4575 3310 4634 Credite
3346 4555 3479 4635 cun-

3269 4672 3366 4730 rcti
3384 4690 3399 4703 ·

1957 4765 2150 4823 Cervix
2185 4763 2285 4818 ista
2311 4760 2444 4818 mihi
2475 4769 2560 4816 sat
2591 4762 2728 4816 bene
2756 4769 2880 4816 nota
2909 4771 3113 4818 manet.

1888 4857 2070 4914 Casar
2094 4864 2148 4909 at
2173 4855 2290 4926 ipse
2319 4854 2441 4924 pius
2467 4851 2643 4906 telluri
2671 4868 2821 4906 more
2849 4851 3085 4909 cadaver

1941 4947 2161 5019 imponi
2194 4948 2461 5001 miserans
2491 4962 2589 5015 pro
2617 4944 2817 5013 pietate
2831 4929 3012 5012 ljui‘et.

1889 5042 2129 5112 Corpora
2157 5039 2490 5094 Francorum
2516 5038 2845 5092 mandantur
2873 5053 3107 5109 namque
3134 5039 3382 5110 Sepulcro

1962 5133 2109 5188 More
2142 5133 2250 5201 pio,
2283 5130 2500 5202 hymnis
2525 5143 2750 5185 munere
2777 5128 2878 5186 rite
2909 5132 3072 5187 datis.

1888 5227 2067 5281 Altera
2097 5226 2233 5279 fama
2266 5223 2395 5279 furit
2425 5223 2724 5280 Brittonum
2751 5226 2916 5280 lustra
2945 5240 3233 5294 pererrans

1964 5317 2107 5372 Voce
2135 5323 2302 5381 tonat,
2333 5331 2516 5387 regem
2545 5333 2664 5372 sors
2696 5316 2818 5370 tulit
2843 5324 2959 5368 atra
2987 5314 3166 5367 nimis.

1890 5409 2004 5465 Heu
2048 5409 2227 5464 miseri
2257 5409 2402 5463 cives
2429 5407 2758 5465 wncnrritc,
2785 5405 3014 5460 Caesaris
3045 5404 3171 5458 almi

1960 5503 2216 5570 Quaerere
2236 5501 2361 5572 jura
2394 5503 2572 5568 decet,
2599 5502 2724 5556 dum
2752 5499 2910 5554 modo
2941 5499 3049 5553 vita
3082 5500 3258 5555 datur.

276 5687 301 5718 α
332 5677 491 5733 Anno
515 5676 718 5734 Christi
754 5677 857 5735 818
906 5673 1276 5731 Britannicum
1310 5671 1508 5726 bellum
1547 5680 1781 5741 coeptum

200 5755 287 5805 est
315 5759 370 5805 et
397 5759 696 5820 peractum.
728 5748 808 5804 Ad
841 5763 964 5820 eum
989 5762 1191 5801 annum
1223 5743 1564 5820 Eginhardus
1583 5745 1646 5820 in
1671 5743 1783 5820 An-

204 5812 611 5878 nalib.'auctor
666 5832 767 5887 est,
805 5839 820 5868 ι
859 5819 1215 5881 Mormanum,
1266 5812 1357 5886 qui
1391 5815 1462 5887 in
1506 5812 1785 5887 Britanna

203 5900 410 5984 praeter
438 5893 659 5952 solitum
693 5883 1026 5950 Brittonlbus
1051 5902 1262 5948 morem
1282 5883 1493 5961 regiam
1523 5883 1630 5943 sibi
1672 5890 1790 5947 vin.

1891 5685 2166 5740 dicaverat
2196 5688 2538 5752 potestatem.
2584 5680 2652 5731 ab
2675 5679 2934 5752 exercitui
2957 5679 3196 5735 occisum
3228 5679 3414 5738 fuisse.
3441 5665 3471 5738 ἰ

1892 5754 2064 5826 Supra
2099 5751 2328 5810 vidimus
2361 5751 2496 5807 alios
2530 5765 2744 5821 quoque
2795 5751 3029 5824 regalem
3071 5752 3280 5810 titulum
3312 5762 3476 5816 antea

1889 5841 2202 5900 usurpasse.
