4022 6444
487 411 598 477 615

488 538 740 597 Mur-man
765 538 954 588 noster
975 528 1094 586 obit
1108 525 1409 584 Francisca
1435 518 1659 593 cuspide
1677 521 1880 583 tactus,

557 623 822 683 Credulus
843 637 911 677 en
935 619 1166 676 nimium
1195 615 1445 687 conjugis
1470 609 1739 693 alloquiis.

488 718 656 789 Regia
679 713 832 770 frena
861 720 1050 784 petunt
1073 710 1349 764 Brittones
1377 717 1614 773 namque
1637 698 1832 765 coacti,

563 787 682 863 iam
707 805 1031 873 sobolesque
1057 816 1227 873 genus
1251 796 1550 853 Murmanis
1578 805 1740 848 omne
1766 787 1932 844 venit.

489 901 612 956 Mox
642 897 948 952 Ludovicus
969 909 1138 950 ovans
1171 890 1362 961 recipit
1382 885 1683 942 Brittanica
1703 883 1849 954 jura,

560 994 663 1047 Dat
687 990 798 1060 jus,
825 991 1025 1060 datque
1057 987 1216 1042 fidem
1243 1003 1256 1040 ε
1284 1000 1411 1054 pax,
1444 981 1770 1051 requiesque
1794 977 1972 1032 datur.

490 1087 620 1144 Inde
642 1087 752 1140 Dea
779 1091 962 1156 grates
981 1083 1156 1137 victor
1180 1077 1439 1151 persolvit
1461 1075 1692 1145 opimas,

568 1175 799 1247 Imperio
824 1173 996 1230 sociat
1020 1171 1231 1243 perdita
1257 1183 1421 1240 regna
1445 1167 1557 1222 diu.

495 1267 678 1323 Lmtus
706 1276 761 1320 at
787 1265 912 1320 inde
939 1263 1082 1318 redit
1101 1261 1304 1326 Caesar,
1326 1258 1623 1329 paucisque
1650 1254 1853 1309 relictis

564 1361 750 1418 Ardua
782 1372 946 1429 regna
971 1356 1108 1427 petit
1138 1353 1434 1410 auxiliante
1462 1352 1591 1405 Dea.

497 1451 686 1523 Legati
714 1462 740 1492 α
768 1450 997 1514 interea,
1028 1461 1167 1517 quos
1187 1444 1388 1500 dudum
1414 1443 1639 1497 miserat
1661 1439 1784 1496 orbi

569 1541 776 1608 Caesar,
797 1549 858 1596 ut
879 1538 1138 1595 Ecclesia:
1162 1544 1441 1592 cresceret
1467 1533 1643 1588 almus
1673 1532 1869 1595 honor,

500 1633 658 1690 Jussa
679 1641 893 1706 patrata
928 1631 1023 1702 pii,
1052 1627 1415 1701 perfectisque
1441 1626 1632 1681 ordine
1651 1623 1836 1686 rebus,

567 1728 818 1796 Undique
840 1724 1192 1788 conveniunt,
1218 1735 1344 1777 orsa
1370 1727 1564 1790 parata
1595 1717 1798 1782 ferunt,

495 1818 673 1888 Urbes
706 1818 1044 1879 innumeras,
1068 1829 1164 1869 seu
1191 1820 1373 1867 castra
1404 1800 1709 1864 monastica
1735 1812 1957 1871 cuncta,

566 1908 976 1974 Cananicosque
1014 1918 1226 1975 greges,
1251 1917 1367 1966 seu,
1393 1899 1707 1965 Benedicte,
1737 1906 1884 1963 tuos,

501 1998 626 2054 Rite
645 2003 1020 2067 peragrantes,
1044 1993 1229 2049 Cmsar
1257 2007 1366 2062 qua
1394 1991 1666 2045 maximus
1695 1988 1804 2043 illis

571 2089 835 2154 Jusserat,
867 2086 1162 2143 adveniunt
1192 2104 1204 2139 :
1235 2085 1354 2140 haec
1379 2076 1605 2154 quoque
1624 2081 1768 2136 dicta
1796 2089 2017 2137 canunt.

500 2181 668 2238 Multa
698 2180 914 2236 favente
937 2179 1070 2245 Dea,
1093 2184 1386 2246 vestroque
1408 2175 1596 2230 labare
1627 2159 1774 2229 ﬁdeli
1830 2156 1854 2181 °

573 2275 822 2332 Vidimus
848 2282 1043 2330 ornata
1071 2273 1185 2328 sive
1209 2279 1426 2343 peracta
1464 2269 1573 2341 pie.

499 2367 703 2436 Rebus,
727 2377 782 2424 et
809 2367 1092 2438 exemplis,
1118 2373 1422 2435 cunctaque
1446 2379 1514 2419 ex
1547 2363 1741 2419 ordine
1769 2365 1917 2419 cultu

573 2463 806 2519 Currere
831 2463 1038 2518 directo
1064 2459 1302 2523 tramite,
1329 2458 1493 2513 dante
1518 2457 1650 2513 Deo.

499 2556 742 2614 Plurima
764 2571 998 2625 namque
1021 2553 1220 2617 minus,
1244 2549 1506 2621 neglectis
1531 2549 1696 2604 rebus
1721 2555 1779 2604 et
1804 2553 1950 2614 actu,

575 2647 931 2718 Olliciumque
951 2647 1130 2702 minus
1151 2658 1372 2699 currere
1399 2642 1501 2698 rite
1526 2643 1643 2697 Dei.

504 2742 641 2811 Quis
669 2750 851 2797 tamen
877 2740 1079 2795 obnixe
1109 2737 1275 2793 vestri
1298 2735 1399 2791 sub
1425 2735 1664 2805 pondere
1697 2734 1850 2791 verbi

575 2836 868 2900 Jussimus,
901 2834 1191 2904 implerent
1217 2833 1409 2887 ordine
1435 2831 1666 2900 quisque
1692 2845 1812 2885 suo.

509 2928 903 2998 Mensurasque
934 2927 1035 2982 sibi
1067 2933 1250 2980 vestra
1277 2923 1650 2980 moderamine
1676 2923 1888 2987 dantes,

581 3022 716 3090 Quis
740 3020 956 3076 valeant
986 3032 1203 3088 semper
1227 3030 1460 3086 pergere
1491 3015 1616 3084 jure
1643 3013 1810 3068 viam.

508 3113 619 3173 Seu
645 3114 812 3170 etiam
842 3113 1041 3168 librum
1074 3111 1125 3175 ι),
1149 3124 1309 3179 quem
1340 3108 1561 3163 Patrum
1591 3115 1773 3162 vestra
1799 3112 2044 3176 potestas

577 3205 844 3274 Dogmate
880 3199 1172 3271 decerpsit,
1201 3207 1365 3269 atque
1392 3198 1601 3268 peregit
1628 3211 1752 3266 ope.

512 3295 752 3354 Urbibus
775 3303 830 3350 et
859 3292 1054 3350 castris
1080 3306 1242 3347 sexus
1276 3290 1419 3360 quod
1447 3297 1568 3360 eget
1591 3297 1821 3358 uterque

585 3387 908 3460 Linquimus
937 3402 952 3441 :
977 3384 1230 3440 adfantes
1251 3383 1369 3438 haec
1397 3382 1615 3452 legitate
1636 3380 1760 3434 viri.

513 3481 672 3540 Illum
699 3489 888 3552 pastor
926 3485 1074 3533 amat
1098 3476 1330 3548 placide,
1358 3489 1489 3546 grex
1519 3473 1736 3529 sedulus
1763 3471 1914 3526 illum

591 3572 850 3643 Perlegit,
878 3571 1025 3625 hunc
1053 3583 1268 3638 semper
1297 3565 1481 3622 sedula
1517 3565 1672 3619 turba
1707 3562 1854 3618 colit.

511 3665 646 3724 Illuc
671 3665 953 3721 inveniunt
969 3662 1305 3731 juvenesque
1330 3672 1596 3726 senesque
1626 3655 1890 3727 magistri,

589 3756 728 3823 Quid
759 3761 997 3816 teneant,
1023 3753 1271 3816 doceant,
1297 3748 1561 3819 quidquid
1592 3761 1776 3802 amore
1800 3744 1999 3800 colant.

519 3847 785 3904 Addimus
818 3855 902 3900 ast
921 3845 1104 3900 Caesar
1126 3863 1140 3898 :
1166 3851 1290 3913 post
1315 3841 1516 3897 Christi
1550 3849 1797 3911 tempora
1825 3837 2018 3904 nostri,

590 3937 726 3992 Cum
754 3937 904 4006 prius
933 3935 1175 3990 Ecclesia
1201 3934 1374 3989 crevit
1401 3934 1454 3988 in
1483 3934 1615 3988 orbe
1645 3947 1822 3998 sacra,

523 4031 690 4106 (Vera
717 4030 935 4100 quidem
963 4027 1234 4098 canimus)
1270 4027 1470 4082 nullius
1492 4034 1735 4096 tempore
1755 4026 1899 4097 regis

595 4121 855 4180 Creverat
885 4121 1127 4176 Ecclesia
1161 4130 1211 4184 ε,
1241 4133 1337 4172 seu
1359 4117 1548 4182 decus,
1578 4125 1740 4187 atque
1778 4116 1931 4182 fides,

523 4211 883 4285 Temporibus
914 4211 1110 4268 vestris
1140 4217 1201 4265 ut
1237 4225 1403 4274 nunc,
1433 4209 1730 4264 miserante
1755 4207 2024 4276 Tonante,

595 4303 806 4362 Crescit
834 4318 1021 4359 amore
1056 4300 1176 4367 Dei,
1200 4301 1315 4356 sive
1335 4299 1532 4356 decore
1561 4300 1666 4354 sui.

604 4477 630 4507 ι
649 4466 706 4520 ld
727 4475 813 4521 est
839 4466 990 4521 missi
1015 4465 1171 4534 regii,
1199 4480 1336 4536 quos
1365 4465 1672 4536 Ludovicus
1700 4479 1800 4534 per
1823 4479 1919 4520 sua
1949 4480 2114 4536 regna

1814 385 2124 450 ERMOLDI
2159 379 2437 444 NlGELLl

2110 512 2166 574 Α
2187 505 2422 562 Dextera
2444 505 2626 556 vestra
2655 495 2784 552 facit
2811 495 3040 550 cunctos
3064 487 3257 562 procul
3288 501 3407 546 esse
3435 497 3751 558 nocentes,

2121 1882 2172 1944 B

3700 367 3803 429 616

2259 595 2505 666 Protegit
2532 600 2588 646 et
2607 587 2836 644 famulos
2865 585 3092 640 dextera
3117 590 3300 639 vestra
3330 581 3464 652 pios.

2187 688 2366 745 Munia
2394 697 2575 742 vestra
2600 685 2795 740 docent
2821 681 3084 752 quidquid
3114 680 3348 736 docuere
3370 679 3615 748 priores,

2259 779 2326 832 Et.
2352 778 2487 832 facis
2518 775 2732 831 assidue
2761 775 2876 829 haec
2905 771 3146 827 recolere
3180 771 3289 840 ipse
3311 769 3339 808 τι
3368 770 3494 825 tuis.

2191 870 2477 926 Terribilis
2504 869 2692 933 tarvis,
2721 867 2842 937 pius
2865 875 2922 921 et
2946 871 3264 920 mansuetus
3290 861 3555 927 alumnis,

2257 964 2426 1033 Inque
2457 962 2563 1016 tuis
2600 960 2810 1016 meritis
2833 958 3064 1012 mundus
3091 953 3331 1010 alzundat
3351 968 3470 1023 ape.

2189 1055 2446 1110 Reddidit
2474 1061 2560 1108 ast
2589 1052 2696 1106 illis
2729 1049 2911 1105 Ctesar
2942 1063 3066 1102 mox
3103 1053 3327 1116 pectore
3360 1053 3566 1115 grates,

2261 1146 2533 1202 Muniﬁcis
2561 1144 2720 1200 donis
2751 1149 3006 1197 munerat
3034 1139 3134 1193 has
3160 1137 3384 1208 pariter.

2189 1239 2306 1296 Mos
2335 1246 2456 1294 erat
2485 1237 2742 1306 antiquus
2770 1233 3108 1288 Francorum
3132 1244 3365 1299 semper,
3390 1237 3442 1284 et
3468 1229 3682 1295 instat,

2263 1333 2513 1400 Dumque
2539 1327 2802 1393 manebit,
2826 1326 2932 1382 erit
2957 1325 3133 1395 gentis
3164 1325 3443 1392 honorque
3463 1324 3674 1387 decus,

2193 1425 2268 1483 Ut
2293 1425 2603 1495 quicunque
2633 1421 2794 1476 [idem
2821 1421 2937 1490 regi
2965 1434 3187 1475 servare
3210 1431 3500 1488 perennem

2263 1515 2512 1584 Abnegat
2538 1511 2776 1584 ingenio,
2803 1525 3051 1573 munere,
3076 1509 3191 1563 sive
3215 1507 3357 1570 dolo,

2193 1607 2301 1663 Aut
2329 1607 2478 1678 cupit
2506 1607 2560 1660 in
2587 1620 2790 1676 regem,
2818 1602 3082 1667 sobolem,
3112 1617 3205 1656 seu
3238 1610 3447 1671 sceptra
3475 1598 3740 1656 misellus

2261 1697 2397 1754 Arte
2426 1696 2626 1752 inferre
2653 1694 2875 1765 aliquid,
2903 1709 3023 1764 quae
3047 1705 3206 1749 sanat
3227 1695 3430 1762 absque
3461 1693 3566 1746 (ide
3596 1711 3610 1746 :

2197 1788 2337 1845 Tum
2361 1789 2407 1846 si
2436 1780 2608 1844 frater
2637 1788 2807 1852 adest,
2843 1787 2934 1856 qui
2965 1801 3024 1842 se
3054 1801 3218 1856 super
3246 1795 3271 1825 ο
3303 1785 3417 1840 haec
3439 1799 3667 1854 quoque
3714 1783 3797 1837 di-

3579 1874 3728 1948 ιω,

2271 1973 2424 2029 Tunc
2446 1973 2603 2028 decet
2630 1979 2692 2027 ut
2715 1970 2858 2027 bello
2887 1978 3060 2026 certet
3083 1977 3312 2040 uterque
3341 1967 3456 2024 fero

2194 2065 2438 2137 Regibus
2460 2073 2517 2120 et
2540 2065 2767 2121 Francis
2792 2079 2998 2129 coram,
3023 2071 3326 2133 cunctaque
3349 2070 3537 2118 senatu
3564 2079 3578 2115 :

2267 2158 2586 2215 Detestatur
2608 2157 2755 2213 enim
2781 2156 3012 2212 Francia
3038 2156 3208 2211 hocce
3234 2154 3406 2211 nefas.

2197 2251 2441 2323 Nemque
2489 2250 2592 2306 fuit
2633 2251 2809 2306 dictus
2852 2248 3073 2320 quidam
3114 2245 3253 2302 Bero
3289 2247 3308 2286 ί
3350 2246 3571 2302 nomine
3611 2259 3797 2315 quon.

3560 2334 3580 2409 [
3595 2335 3727 2392 dam

2267 2438 2430 2494 Dives
2457 2451 2620 2508 opum
2652 2433 2901 2498 nimium,
2929 2447 3043 2503 pra:
3069 2445 3285 2502 quoque
3311 2430 3424 2486 sive
3449 2437 3668 2499 potens,

2201 2527 2304 2596 Qui
2333 2526 2726 2581 Parchinonam
2760 2525 2785 2564 ⁸
2813 2521 3008 2578 Carolo
3037 2522 3309 2576 tribuente
3332 2521 3575 2586 tenebat,

2273 2616 2635 2686 Temporibus
2661 2613 2844 2669 multis
2875 2612 3081 2669 credita
3102 2610 3227 2680 jura
3253 2627 3468 2682 regens.

2202 2707 2361 2764 Hune
2383 2723 2546 2778 super
2579 2706 2844 2762 infestans
2869 2705 3024 2770 alius,
3051 2704 3137 2759 cui
3165 2704 3353 2760 Sanilo
3374 2705 3404 2744 ιι
3424 2717 3623 2760 nomen

2273 2799 2503 2869 Propria
2536 2807 2686 2853 terra
2707 2797 2876 2862 dedit,
2900 2796 3269 2865 alteruterque
3304 2798 3320 2836 ί
3356 2795 3588 2852 Gothus.

2203 2889 2307 2946 Hic
2328 2890 2480 2946 venit
2498 2889 2565 2944 ad
2591 2903 2798 2960 regem,
2823 2904 3006 2944 caram
3041 2888 3344 2959 populoque
3371 2899 3562 2944 senatu

2281 2981 2460 3036 Verba
2495 2979 2730 3036 nefanda
2767 2980 2933 3044 canit,
2963 2997 3083 3050 qua:
3110 2981 3248 3036 Bero
3277 2991 3475 3037 cuncta
3507 2993 3688 3053 negat.

2207 3073 2507 3130 Prosiliunt
2537 3073 2764 3144 pariter,
2795 3073 3022 3144 pedibus
3049 3073 3339 3128 volvuntur
3369 3075 3636 3139 honestis,

2280 3169 2458 3240 Atque
2481 3175 2776 3238 precantur
2803 3168 2882 3224 eis
2922 3167 3117 3222 martia
3139 3167 3246 3222 tela
3281 3167 3420 3223 dari.

2130 3249 2177 3310 C
2211 3261 2348 3318 Tum
2377 3263 2516 3317 Bero
2542 3248 2752 3332 primus
2788 3261 2863 3315 ait
2894 3279 2906 3314 :
2935 3259 3136 3325 Ctesar,
3166 3260 3388 3330 pietatis
3415 3275 3600 3315 amare

2286 3358 2579 3426 Deprecor,
2608 3361 2668 3408 ut
2696 3353 2860 3409 liceat
2887 3353 2988 3407 ista
3022 3368 3220 3424 negare
3250 3353 3406 3408 mihi.

2211 3446 2360 3502 Mare
2389 3453 2570 3500 tamen
2597 3451 2784 3498 nostro
2806 3443 2966 3497 liceat
2995 3442 3234 3497 residere
3259 3441 3542 3508 caballum,

2282 3537 2558 3605 Armaque
2582 3535 2726 3590 ferre
2752 3549 2871 3590 mea
2901 3552 2914 3587 :
2941 3535 3137 3604 saepius
3163 3534 3263 3589 ista
3285 3544 3462 3605 rogat.

2211 3627 2394 3684 Caesar
2421 3628 2499 3682 ait
2528 3645 2541 3680 :
2573 3626 2799 3682 Francis
2825 3627 2968 3681 hanc
2993 3639 3106 3680 rem
3136 3624 3291 3681 finire
3324 3625 3548 3681 licebit:

2285 3719 2378 3774 Sic
2400 3718 2504 3785 fas,
2535 3717 2724 3787 sicque
2751 3718 2923 3780 decet,
2949 3732 3156 3788 nosque
3176 3717 3436 3787 jubemus
3457 3717 3621 3772 idem.

2211 3808 2533 3880 Judicioque
2556 3808 2684 3863 dato
2715 3809 3051 3863 Francorum
3079 3823 3149 3863 ex
3175 3822 3329 3863 more
3354 3815 3572 3863 vetusto
3598 3805 3614 3856 ἱ

2283 3901 2449 3956 Arma
2479 3911 2694 3972 parant,
2721 3901 2917 3971 trepidi
2943 3915 3164 3957 currere
3192 3902 3245 3956 in
3273 3917 3431 3956 arma
3453 3900 3655 3957 volunt.

2214 3989 2397 4048 Caesar
2417 4007 2603 4047 amore
2625 3991 2720 4046 Dei
2748 3992 2938 4061 paucis
2963 3991 3253 4062 compellat
3275 3993 3519 4060 eosdem,

2285 4083 2446 4140 Certa
2468 4099 2672 4140 canens
2697 4084 2802 4139 illis
2824 4099 2924 4155 pro
2948 4085 3153 4154 pietate
3189 4101 3309 4141 sua.

2215 4177 2474 4248 Quisquis
2499 4179 2594 4243 ait,
2634 4185 2879 4232 vestrmn
2905 4177 3037 4231 mibi
3062 4178 3262 4249 quippe
3290 4178 3551 4235 fatebitur
3571 4177 3682 4235 ultr

2290 4269 2484 4325 Delicti
2513 4269 2671 4325 istius
2698 4267 2946 4339 protinus
2979 4284 3102 4324 esse
3131 4284 3306 4336 reum,

2286 4468 2316 4508 ιι
2342 4467 2701 4522 Astronomus
2727 4475 2919 4521 auctor
2955 4467 3092 4521 Vita:
3113 4465 3372 4522 Ludovici
3401 4465 3483 4521 Pii
3510 4480 3578 4521 aa
3607 4482 3798 4522 annum

529 4537 752 4608 miserat
786 4537 866 4608 ad
910 4536 1180 4606 justitiam
1232 4535 1558 4601 faciendam,
1617 4545 1672 4590 et
1713 4535 2115 4604 componendas
2218 4537 2324 4592 820
2350 4539 2473 4608 haec
2507 4538 2696 4608 paucis
2719 4538 3017 4592 describit:
3054 4556 3073 4586 σ
3111 4537 3165 4591 In
3202 4536 3401 4607 palatio
3429 4552 3647 4608 quoque
3673 4537 3803 4593 Ben

529 4607 661 4662 cieri
693 4606 974 4676 utriusque
1006 4621 1209 4676 mores.

607 4677 634 4716 δ
664 4675 865 4746 Nempe
887 4674 968 4730 ~de
1005 4674 1125 4730 Vita
1166 4675 1475 4731 clericorum
1503 4687 1551 4732 et
1595 4676 2111 4743 Sanctimom’alz’um,

530 4761 694 4828 quem
746 4745 1204 4871 Aquisgranensis
1258 4747 1472 4803 concilii
1512 4747 1722 4811 Patres,
1775 4747 1850 4801 ita
1891 4746 2116 4816 iubente

532 4833 776 4871 nussuma
853 4827 1062 4871 nausto.
1095 4832 1160 4871 ex
1209 4827 1518 4871 sanctorum
1567 4817 1788 4871 Patrum
1833 4819 2116 4871 sententiis

532 4817 776 4888 piissimo
801 4817 1062 4886 Angusto,
1095 4832 1160 4872 ex
1209 4827 1518 4873 sanctorum
1567 4817 1788 4888 Patrum
1833 4819 2117 4874 sententiis

532 4887 840 5024 cbonfecere,
873 4889 1078 4943 editum
1128 4889 1183 4943 in
1215 4888 1535 4944 collectione
1569 4887 1934 4943 Conciliorum
1973 4887 2116 4944 Lab-

571 4975 726 5013 eana.

571 4975 726 5013 eana.

608 5040 631 5067 ο
663 5028 873 5093 Melius,
902 5028 1174 5083 Ecclesim.

606 5097 634 5138 δ
662 5099 782 5171 Alia
816 5116 973 5154 manu
1003 5099 1174 5154 textui
1205 5100 1703 5171 superimpositum.

612 5170 937 5242 °9bscurus
972 5185 1186 5242 sensus,
1211 5185 1370 5242 quem
1399 5170 1576 5226 tamen
1599 5173 1672 5226 ita
1695 5171 1936 5242 explices
1963 5191 1975 5226 :
2005 5172 2120 5228 Mos

535 5252 618 5323 est
644 5239 886 5305 Francis,
914 5251 978 5324 ut
1001 5241 1047 5296 si
1080 5241 1202 5309 quis
1244 5239 1578 5324 infidelitatis
1620 5242 1672 5295 in
1723 5239 1905 5324 regem
1937 5244 2120 5314 suspi-

535 5311 747 5382 cionem
772 5319 1258 5381 moveat,‘eamque
1286 5310 1389 5382 illi
1409 5312 1695 5382 quisquam
1725 5310 1963 5381 abjiciat,
1990 5310 2120 5370 tunc

539 5381 812 5455 singulare
865 5391 1139 5455 certamen
1173 5380 1488 5436 ineundum
1536 5380 1609 5438 sit
1657 5380 1842 5439 caram
1891 5401 2017 5455 rege
2065 5393 2121 5440 et

539 5450 875 5524 Francorum
905 5454 1242 5524 proceribus.

615 5519 634 5557 ί
663 5521 807 5575 ldem
827 5519 920 5591 qui
947 5539 1109 5593 supra
1133 5525 1226 5578 lib.
1252 5540 1270 5578 ι
1298 5534 1631 5587 memoratus
1659 5532 1758 5588 est,
1789 5524 1927 5579 Bera
1951 5541 2121 5580 comes

599 5606 756 5646 neque
779 5593 1094 5646 anoellatus.

581 5608 683 5648 “00
691 5608 756 5645 ne
779 5608 1094 5648 appellatus.

540 5606 756 5714 quorum
779 5605 1094 5661 appellatus.

551 5740 559 5742 Δ
617 5663 659 5742 ε.
725 5677 818 5716 ore
856 5663 1315 5742 TeutonicqrumL
1332 5670 1476 5742 quib
1499 5667 2124 5742 pressiuspronuntiau-

543 5740 627 5786 tes
647 5735 700 5785 iu
721 5748 754 5801 ρ
776 5735 1248 5791 convertuntJam
1277 5735 1616 5803 Eginhardus
1635 5749 1690 5794 et
1709 5735 1800 5794 alii
1830 5738 2124 5803 tradidere,

546 5810 854 5888 atque‘ego
901 5822 1065 5888 supra
1114 5809 1283 5888 innui,
1315 5809 1508 5888 Βενεηῃ
1559 5811 1703 5866 hunc
1749 5809 2128 5868 Barcinonemi

529 5878 764 5948 ~civitati
785 5878 985 5931 comi-(is
1015 5878 1276 5951 dignitate
1306 5880 1602 5953 praefuisse.

2138 4613 2192 4674 D
2219 4622 2404 4664 comes
2445 4607 2893 4679 ABarcinonensis,
2915 4624 3046 4679 cum
3095 4607 3457 4678 impcteretur
3489 4624 3522 4662 a
3575 4609 3804 4679 quodam

2218 4687 2410 4734 vocato
2438 4677 2644 4742 Sanila,
2671 4688 2724 4732 et
2749 4677 3083 4733 inﬁdelitatis
3104 4677 3442 4749 argueretur,
3468 4677 3805 4734 cum—eodem

2219 4749 2518 4820 secundum
2565 4749 2735 4819 legem
2765 4750 3060 4820 propriam,
3114 4758 3174 4802 ut
3219 4758 3346 4819 pote
3395 4750 3524 4817 quia
3583 4759 3807 4820 uterque

2220 4819 2428 4876 Gothus
2462 4828 2596 4884 erat,
2625 4819 2864 4889 equestri
2905 4820 3088 4888 Praalio
3116 4833 3448 4889 congressus
3498 4827 3610 4882 est,
3642 4829 3700 4873 et
3734 4819 3809 4872 ’vi-
3837 4819 3840 4822 ’

2221 4899 2361 4947 ctus.
2407 4909 2426 4944 ι
2461 4889 2656 4946 Noster
2702 4905 2832 4945 vero
2866 4890 3114 4960 duellum
3157 4889 3398 4953 oblatum
3428 4897 3486 4944 et
3531 4898 3809 4960 acceptum

2221 4962 2412 5017 scribit
2459 4976 2608 5017 more
2641 4961 2806 5016 etiam
2854 4959 3208 5023 Francorum,
3253 4962 3392 5029 apud
3420 4976 3564 5030 quos
3611 4959 3812 5030 pariter

2221 5033 2559 5103 exploratum
2590 5040 2695 5096 est,
2729 5032 2784 5085 in
2825 5047 2924 5103 usu
2966 5030 3133 5086 fuisse
3162 5031 3457 5103 singularia
3486 5033 3810 5103 certamina.

2225 5101 2333 5157 Sed
2386 5104 2438 5157 in
2493 5118 2558 5158 eo
2617 5112 2827 5157 tantum
2879 5101 3043 5157 Gothi
3095 5119 3124 5156 a
3176 5101 3400 5156 Francis
3466 5101 3806 5160 differebant.

2223 5173 2444 5296 auaui-ii
2474 5173 2705 5244 equites,
2743 5173 2833 5228 isti
2867 5188 2998 5228 vero
3026 5173 3236 5243 pedites
3269 5173 3650 5228 decertabant.
3688 5171 3813 5227 Vide

2224 5259 2388 5298 lllll'a.

2302 5314 2458 5387 iPra
2480 5323 2712 5387 uterque.
2741 5314 2808 5370 Et
2848 5315 3068 5387 quidem
3094 5315 3234 5370 Bera
3278 5323 3334 5370 et
3381 5313 3570 5370 Sanilo
3601 5323 3811 5385 uterque

2225 5383 2426 5462 Gothus
2451 5383 2853 5462 ex_As_tronomi
2870 5383 3002 5442 ‘ﬁde.

2299 5455 2313 5506 i
2364 5455 2480 5511 Non
2505 5455 2802 5512 Gothorum
2839 5473 3007 5523 more,
3051 5457 3144 5513 sed
3185 5456 3543 5521 Francorum,
3592 5459 3695 5511 hoc
3735 5462 3817 5509 est

2225 5528 2523 5582 certamine
2551 5528 2785 5598 pedestri
2818 5527 2966 5583 litem
3008 5531 3146 5583 hanc
3175 5528 3535 5582 dirimendum
3577 5526 3813 5598 Ludavif

2227 5613 2325 5652 cus
2347 5594 2594 5668 imperat.
2623 5598 2896 5653 Fortassis
2935 5601 3100 5656 etiam
3130 5614 3237 5653 non
3267 5598 3390 5651 aliis
3414 5598 3585 5653 armis
3631 5598 3698 5652 iis
3736 5594 3814 5649 uti

2228 5681 2385 5738 posse
2419 5669 2600 5740 datum
2641 5686 2801 5740 quam
2853 5670 3074 5724 fustibus
3106 5678 3174 5740 Aet
3213 5679 3398 5731 scutis,
3447 5669 3524 5722 uti
3573 5672 3820 5722 statuunt

2231 5755 2336 5793 non
2364 5755 2466 5794 una
2495 5737 2823 5812 Francorum
2866 5756 3049 5812 regum
3089 5737 3462 5812 Capitularia:
3495 5754 3666 5812 quem
3703 5753 3818 5791 tuo-

2232 5824 2346 5945 ἓῖᾳι
2378 5812 2541 5938 ρῑὶίῖιιι
2569 5813 2624 5866 in
2645 5810 2856 5870 Italiam
2873 5807 3620 5885 invectum.'Langobardic;e
3645 5807 3818 5882 Leges

2303 5896 2463 5937 mcun
2493 5920 2506 5939 .

2303 5896 2506 5939 ineunt.
