4022 6446
221 337 316 394 617
1043 331 1134 388 DE
1171 331 1402 389 REBlJb
1438 334 1685 389 hhb'l'lb
1725 335 2045 395 LUDUVICI
2088 337 2196 391 PII.
2236 364 2307 378 --
2342 336 2471 392 LIB.
2513 337 2599 394 IV.

215 455 455 514 Errat-em
476 448 742 507 miserans
765 451 999 519 donabo,
1026 460 1083 508 et
1110 461 1306 509 cuncta
1328 453 1602 509 remittam

278 545 460 602 Debita
488 546 717 614 peccati,
736 546 950 622 vinctus
978 561 1163 601 amore
1198 545 1315 601 Dei.

212 638 417 697 Credite
438 651 693 706 namque,
723 638 859 694 meis
890 634 1110 708 praestat
1136 653 1329 710 parere
1354 638 1613 707 suadelis,

277 728 443 796 Quam
465 726 575 782 fera
608 728 848 799 pestiferi
878 730 1064 800 prmlia
1091 729 1275 787 Martis
1310 733 1418 802 agi.

210 817 303 875 Ast
329 816 401 871 illi
435 816 640 873 celeres
668 819 972 891 iterumque
1001 821 1309 892 iterumque
1337 833 1651 894 precantur.

274 907 412 965 Bella
438 907 657 978 placent
683 912 875 978 nobis;
909 913 1049 969 bella
1074 924 1342 985 parentur
1369 918 1537 972 enim.

210 999 379 1057 Cesar
406 1000 484 1055 eis
507 1003 727 1072 sapiens
752 1023 764 1058 :
792 1017 819 1046 ε
847 1004 1182 1062 Francorum
1208 1008 1333 1080 jura
1364 1009 1639 1066 lacessant

271 1091 550 1162 Prmeipit;
584 1102 671 1148 ast
694 1094 791 1161 illi,
825 1096 971 1152 baud
999 1113 1173 1164 mora,
1196 1098 1350 1169 jussa
1383 1100 1591 1157 colunt.

207 1183 294 1242 Est
319 1183 466 1239 locus
496 1184 724 1257 insignis
759 1189 923 1260 regali
958 1190 1241 1259 proximus
1269 1192 1426 1260 aulae,
1572 1200 1577 1207 ‘

269 1272 431 1328 Fama
466 1275 551 1329 sui
579 1274 707 1343 late,
751 1293 872 1348 quae
896 1281 1169 1336 vocitatur
1197 1283 1384 1354 Aquis,

205 1362 462 1421 Marmore
486 1370 814 1437 praecinctus
837 1371 1096 1442 lapidum,
1129 1375 1245 1430 sive
1271 1390 1470 1447 aggere
1498 1386 1705 1448 septus,

265 1454 514 1514 Consitus
536 1459 845 1529 arboribus,
872 1478 981 1534 quo
1000 1465 1144 1519 viret
1165 1466 1335 1521 herba
1363 1482 1578 1523 recens.

200 1545 264 1603 At
285 1547 478 1605 ﬂuvius
505 1553 744 1608 medium
773 1556 1079 1626 praelambit
1120 1560 1333 1630 gurgite
1372 1559 1561 1626 lento;

263 1640 415 1698 Hunc
441 1643 694 1702 volucres
720 1649 888 1704 variae
922 1649 1316 1721 incolitantque
1341 1652 1493 1709 ferre.

197 1733 412 1803 Quando
445 1737 625 1807 placet
653 1741 787 1811 regi,
814 1743 1002 1812 paucis
1036 1744 1426 1803 cumitantibus
1456 1747 1580 1805 illuc

257 1827 505 1884 Venandi
535 1831 713 1913 studio
740 1835 939 1904 saepius
968 1836 1295 1904 ingreditur.

194 1920 378 1992 Figere
402 1924 751 1996 cornigerum
787 1930 1127 2000 prmgrandia
1162 1946 1391 2001 corpora
1419 1931 1567 1988 ferro

252 2015 576 2085 Cervorum,
615 2028 709 2074 aut
737 2021 982 2077 dammas
1009 2030 1313 2093 percutere,
1359 2032 1524 2093 atque
1559 2039 1776 2095 capras.

193 2105 292 2163 Seu
318 2108 497 2178 glacie
525 2111 828 2181 stringente
857 2113 1035 2167 solum
1063 2114 1164 2169 sub
1195 2123 1441 2184 tempore
1461 2116 1672 2172 bruma:

251 2200 579 2273 Unguigeris
603 2203 853 2260 volucres
882 2205 1161 2276 exagitare
1192 2208 1342 2277 capis
1364 2208 1416 2265 ι).

192 2301 214 2332 ε
245 2291 387 2363 Ergo
414 2294 550 2351 illuc
579 2296 805 2351 veniunt
832 2297 1047 2353 tremuli
1074 2298 1235 2366 Bero,
1276 2298 1463 2356 Sanilo
1500 2317 1603 2358 nec
1631 2318 1771 2372 nm;

251 2384 620 2457 Cornipedum
644 2388 887 2444 resident
913 2404 1144 2459 corpora
1173 2405 1366 2460 magna
1393 2391 1522 2459 viri,

190 2476 341 2534 Scuta
367 2488 574 2551 gerunt
597 2480 777 2548 dorso,
816 2482 1178 2551 manibusque
1204 2482 1423 2538 hastilia
1449 2492 1699 2553 portant,

249 2569 590 2641 Exspectant
616 2572 831 2643 signum
861 2574 1005 2644 regis
1033 2572 1102 2627 ab
1129 2587 1256 2627 arce
1286 2574 1427 2639 dari,

185 2658 323 2728 Quos
350 2663 606 2732 sequitur
628 2664 854 2733 propius
873 2662 1072 2735 regalis
1101 2664 1260 2718 turba
1284 2664 1554 2734 virorum,

250 2752 431 2825 Regali
465 2752 634 2823 jussu
663 2764 815 2811 scuta
845 2754 1083 2827 gerendo
1122 2754 1303 2821 simul,

187 2843 255 2902 Ut
279 2847 323 2903 si
353 2848 476 2918 quis
514 2847 723 2903 socium
743 2848 923 2918 gladio
950 2848 1307 2919 percusserit,
1347 2847 1375 2888 ἀ
1406 2848 1483 2904 illi
1528 2863 1533 2867 '

271 2966 428 3037 ’Ἡρα
477 2990 604 3038 est:
652 2982 907 3053 indulgeo
952 2983 1106 3038 vobis
1147 2962 1247 3046 ut;
1266 2962 1490 3040 dimissa
1528 2985 1770 3042 Franco-

185 3067 300 3178 rum
329 3054 750 3122 consuetudine,
776 3052 1081 3109 Gothorum
1126 3070 1278 3109 more
1310 3063 1589 3111 certamen
1616 3060 1773 3113 inea-

208 3139 270 3178 IS.

208 3139 270 3179 IS.

253 3195 295 3267 δν
320 3195 577 3267 Synodus
607 3195 909 3255 Ticinensis
929 3210 1072 3267 anno
1099 3194 1224 3259 850,
1254 3210 1461 3252 canone
1493 3198 1528 3251 4
1552 3213 1566 3251 :
1593 3217 1612 3250 ι
1648 3198 1766 3254 Νοη
1796 3189 1843 3254 C

186 3266 430 3332 canibus,
458 3274 554 3321 aut
577 3268 944 3340 accipitribus,
973 3266 1059 3321 vel
1083 3267 1253 3340 capis,
1283 3283 1420 3336 quos
1444 3270 1636 3340 vulgus
1662 3270 1766 3324 fal-

184 3350 344 3390 cones
369 3345 553 3401 vocat,
582 3344 676 3407 per
702 3354 759 3392 se
800 3338 975 3406 ipsum
1005 3337 1318 3391 venationes
1359 3337 1630 3393 exerceat.
1673 3361 1691 3392 ι
1723 3341 1770 3396 Α

184 3406 446 3478 capiendo
488 3406 616 3462 aves
643 3409 715 3462 ita
747 3409 876 3463 dicti
908 3414 1183 3478 putantur.
1229 3406 1348 3461 Alia
1389 3410 1635 3478 exempla
1678 3426 1773 3478 ag-

181 3474 448 3546 glOmerat
492 3480 572 3532 Du
617 3478 851 3547 Cangins
896 3474 949 3532 in
978 3476 1254 3548 Glossario
1291 3478 1501 3532 Latino.
1534 3474 1611 3533 Ᾱο
1637 3474 1768 3548 pro?

178 3555 366 3618 pterea
396 3548 647 3618 Gerricus
678 3546 821 3617 cupis
858 3547 1126 3618 prmlatus,
1161 3546 1317 3615 cujus
1344 3558 1428 3601 est
1471 3546 1673 3603 mentio
1715 3550 1770 3604 in

179 3615 296 3671 Vita
326 3617 592 3671 Ludovici
618 3617 698 3671 Pii
726 3615 791 3670 ad
821 3615 1022 3671 annum
1043 3617 1146 3671 813
1168 3626 1315 3669 recte
1344 3618 1662 3673 statuendus
1689 3628 1774 3675 est

172 3701 409 3760 magnus
437 3687 782 3760 regia:_aul:_e
823 3687 1167 3760 (tricenarius.
1208 3686 1377 3760 Certe
1424 3688 1564 3760 inter
1594 3690 1772 3760 regios

174 3756 570 3829 ministeriales
599 3757 793 3829 Garolo
830 3756 1018 3827 Magno
1053 3756 1359 3829 in_epistola
1388 3759 1455 3812 ad
1484 3756 1770 3829 Pippinum

174 3826 347 3896 ﬁlium
373 3825 661 3883 falconarii
705 3825 1076 3896 recensentur,
1107 3825 1213 3881 Eas
1249 3828 1414 3881 etiam
1448 3825 1771 3886 Hincinarus

176 3894 511 3970 themensis
538 3900 861 3970 memoravit
904 3894 1059 3953 inter
1088 3898 1358 3968 palatinas
1386 3898 1682 3970 dignitates
1710 3901 1767 3957 in

179 3966 268 4023 lib.
292 3970 360 4023 de
381 3966 588 4022 Ordine
616 3968 823 4039 palatii.

246 4058 270 4087 ο
326 4046 660 4119 Certaminis
704 4048 863 4119 hujus
906 4046 1200 4119 descriptio
1248 4048 1543 4119 singularia
1601 4050 1767 4108 habet

178 4125 361 4173 notam
393 4118 579 4190 digna,
608 4134 728 4187 quae
755 4118 895 4189 apud
921 4118 1054 4173 alios
1084 4134 1273 4173 eorum
1306 4118 1605 4189 temporum
1631 4125 1767 4178 scri-

180 4196 358 4259 ptores
399 4187 605 4244 frustra
637 4187 903 4259 requiras.

247 4257 274 4297 ά
311 4258 546 4327 Quando
571 4257 823 4331 abrogari
850 4259 1071 4314 omnino
1108 4259 1233 4313 olim
1274 4274 1382 4313 non
1424 4262 1600 4328 potuit
1632 4263 1765 4318 abo-

182 4328 469 4384 minandus
515 4328 813 4385 duellortnn
854 4344 1006 4391 usus,
1055 4345 1118 4383 ea
1168 4338 1348 4401 tamen
1399 4346 1660 4401 peragere
1709 4334 1764 4388 in

183 4408 466 4468 conspectu
510 4402 753 4454 omnium
793 4415 927 4469 opus
957 4409 1102 4464 erat;
1158 4413 1212 4454 et
1264 4399 1453 4453 saltem
1508 4399 1762 4470 pietatem

184 4478 373 4551 sapuit,
419 4472 600 4552 victos
638 4471 956 4552 plerumque
984 4471 1212 4552 eripere
1240 4471 1421 4524 morti.
1455 4471 1524 4525 At
1553 4474 1763 4529 saxulis

1782 465 1860 520 ·Λ
1955 456 2103 513 More
2125 458 2217 528 pio
2254 459 2509 529 eripiant,
2539 459 2733 513 mortis
2754 458 2822 512 ab
2849 471 2945 513 ore
2971 458 3209 514 trahant.

3359 341 3464 404 618

1881 551 2005 607 Mox
2034 551 2347 608 Gundoldus
2373 553 2550 619 adest,
2583 562 2607 591 ο
2636 551 2898 607 feretrum
2931 553 2997 607 de
3026 566 3179 608 more
3205 565 3458 624 paratum

1950 644 2158 701 Ducere
2185 653 2414 717 postque
2433 644 2607 713 jubet,
2639 653 2698 699 ut
2726 644 2905 699 fuerat
2943 644 3154 701 solitus.

1877 738 2153 794 Annuitur
2186 741 2321 795 solio
2354 757 2368 794 :
2396 756 2520 796 mox
2542 739 2619 794 illi
2640 738 2780 794 bella
2807 737 3081 794 lacessunt

1949 829 2083 885 Arte
2113 846 2253 886 nova
2277 829 2505 887 Francis
2532 839 2691 886 antea
2714 837 2842 884 nota
2870 829 3071 885 minus.

1876 918 1945 973 Et
1958 915 2171 985 iaciunt
2191 920 2396 986 hastas,
2419 919 2767 975 mucronibus
2796 919 3016 991 insuper
3040 919 3176 976 actis

1947 1008 2138 1064 Preelia
2172 1011 2456 1066 tentabant
2483 1011 2637 1066 irrita
2661 1027 2813 1067 more
2844 1027 2962 1068 suo.
3150 1024 3153 1025 '

1877 1101 1999 1157 Jam
2029 1103 2166 1158 Bero
2191 1102 2305 1174 ﬁgit
2335 1117 2533 1173 equum
2551 1144 2566 1171 ,
2597 1118 2758 1176 gyros
2783 1103 2914 1160 dare
2938 1105 3257 1176 cornipedes
3287 1101 3310 1143 ί
3334 1118 3465 1160 mox

1945 1193 2159 1265 Incipit,
2187 1203 2352 1266 atque
2391 1194 2528 1268 fugit
2552 1205 2709 1267 prata
2731 1213 2830 1267 per
2852 1198 3028 1269 ampla
3057 1197 3225 1254 celer.

1875 1285 1970 1344 llle
1998 1288 2154 1359 sequi
2189 1288 2429 1356 simulat,
2476 1290 2696 1346 tandem
2725 1288 2951 1345 dimittit
2980 1289 3242 1357 habenas,

1950 1380 2020 1435 Et
2044 1378 2171 1436 ferit
2190 1395 2322 1437 ense
2347 1398 2361 1435 :
2394 1380 2487 1435 ille
2518 1383 2544 1422 ε
2575 1397 2633 1437 se
2658 1382 2806 1437 canit
2833 1396 2958 1437 esse
2981 1396 3154 1437 reum.

1880 1467 2224 1524 Concurrunt
2247 1469 2475 1540 juvenes
2499 1469 2682 1535 validi,
2714 1470 3026 1540 fessumque
3052 1468 3317 1526 Beronem

1948 1560 2197 1631 Eripiunt
2230 1562 2393 1617 morti
2421 1561 2669 1618 Caesareo
2700 1563 2928 1618 monitu.

1880 1654 2108 1710 Miratur
2126 1655 2442 1712 Gnndoldus
2461 1658 2629 1724 enim,
2661 1656 3032 1728 feretrumque
3056 1657 3283 1714 remittit

1948 1748 2170 1817 Absque
2194 1763 2361 1804 onere
2384 1749 2560 1813 tectis,
2585 1757 2807 1804 venerat
2839 1748 3000 1814 unde,
3028 1763 3204 1805 suum.

1809 1832 1858 1893 B
1886 1836 2071 1893 Cmsar
2094 1839 2145 1893 ei
2182 1838 2350 1892 vitam
2379 1839 2586 1903 tribuit,
2612 1840 2908 1909 tribuitque
2933 1839 3184 1905 salutem,

1955 1928 2024 1982 Et
2050 1926 2317 1984 miserans
2342 1930 2368 1969 ιι
2394 1930 2641 2000 proprias
2664 1932 2828 1985 cessit
2848 1931 3050 1985 habere
3076 1930 3262 1999 dapes.

1883 2018 1929 2076 Ο
1947 2020 2121 2091 pietas
2149 2021 2413 2075 immensa
2444 2021 2641 2077 nimis!
2666 2022 2981 2091 peccamina
3009 2021 3179 2088 laxat,

1951 2109 2106 2165 Cedit
2130 2124 2282 2180 opes,
2304 2111 2471 2165 vitam
2497 2109 2641 2166 cedit
2668 2110 2871 2166 habere
2908 2110 3037 2165 reis.

1881 2202 2009 2259 Haec
2044 2204 2236 2259 eadem
2260 2204 2435 2273 pietas
2466 2203 2675 2276 (posco,
2712 2214 2875 2276 atque
2900 2219 3129 2276 reposco
3156 2202 3352 2276 ﬁdelis)

1951 2297 2149 2353 Memet
2175 2299 2192 2338 ί
2232 2297 2463 2368 Pippino
2492 2298 2683 2353 reddat
2704 2301 2884 2370 opima
2912 2299 3021 2369 pio.

1879 2389 2020 2456 Jam,
2044 2391 2333 2447 Benedicte
2360 2389 2405 2457 i,
2434 2400 2585 2445 tuum
2616 2391 2898 2461 complesti
2923 2406 2990 2447 ex
3004 2391 3195 2448 ordine
3217 2407 3462 2460 cursum,

1951 2480 2303 2551 Servastique
2328 2480 2511 2547 ﬁdem,
2543 2481 2742 2536 Paulus
2770 2490 2828 2536 ut
2855 2497 2951 2538 ore
2984 2491 3157 2537 tonat.

1796 2648 1799 2651 Α
1878 2571 2034 2630 Nunc
2057 2573 2396 2642 paradisiaca
2426 2572 2670 2628 residens
2698 2573 2944 2628 laetanter
2970 2574 3025 2628 in
3058 2573 3182 2629 aula

1949 2665 2310 2737 Aiquivocum
2338 2666 2365 2707 ἰ
2397 2666 2661 2735 sequeris,
2693 2681 2852 2736 quem
2878 2666 2968 2722 hic
2994 2666 3235 2723 imitatus
3262 2680 3406 2725 eras.

1878 2757 2096 2814 Tertius
2124 2760 2180 2814 in
2199 2767 2385 2813 vestro
2412 2758 2576 2813 ﬁnem
2601 2764 2748 2812 tenet
2775 2771 2903 2812 ecce
2933 2757 3148 2815 libellus

1950 2848 2202 2915 Nomine,
2234 2857 2295 2904 ut
2321 2849 2561 2905 Ermoldi
2596 2847 2721 2903 1'sis
2756 2863 2967 2903 memor
2990 2848 3131 2904 alme
3159 2850 3258 2903 tui.

1877 2986 1970 3040 diu
1990 2984 2195 3039 fraudis
2221 2993 2274 3039 et
2306 2983 2638 3039 inﬁdelitatis
2670 3000 2702 3038 a
2742 2983 2934 3039 vicinis
2965 2985 3078 3041 suis
3108 2984 3461 3041 insimulaba-

1875 3065 1986 3121 tur,
2015 3071 2139 3110 cum
2183 3063 2501 3127 accusatore
2529 3070 2628 3110 suo
2666 3056 2906 3125 equestri
2955 3070 3133 3125 pugna
3170 3056 3461 3127 conﬂigere

1876 3136 2123 3191 conatus,
2146 3125 2400 3180 vincitur.
2440 3144 2460 3177 ι

1945 3201 1972 3238 h
2012 3198 2213 3252 lterum
2246 3196 2598 3269 _Eginbardus
2623 3213 2638 3250 :
2668 3214 2695 3269 _¢
2733 3195 2976 3265 Cumque
3023 3205 3082 3251 ut
3122 3211 3248 3252 reus
3292 3197 3464 3269 maje-

1874 3269 2033 3324 statis
2064 3267 2284 3337 capitali
2334 3269 2601 3322 sententia
2650 3267 3021 3338 damnaretur,
3053 3284 3272 3338 parsum
3300 3267 3392 3323 est
3414 3270 3470 3325 ei.

1873 3336 2248 3394 misericordia
2304 3338 2668 3407 imperatoris,
2727 3345 2781 3392 et
2828 3336 3224 3407 Bothum—agon]
3272 3338 3468 3396 exsilio

1874 3410 2212 3479 proscriptus
2248 3417 2352 3462 est.
2391 3430 2408 3460 ι
2440 3407 2620 3474 Quare
2650 3422 2771 3479 cum
2804 3416 2991 3479 noster
3015 3410 3109 3472 ait,
3136 3408 3209 3461 illi
3235 3409 3466 3477 permis-

1877 3477 1997 3533 sum
2021 3495 2051 3532 a
2080 3480 2352 3532 Ludovico
2379 3479 2577 3549 habere;
2595 3478 2836 3549 praprias
2863 3477 3047 3549 dapes,
3091 3479 3308 3548 propria
3346 3488 3488 3549 tan-~

1876 3557 1989 3602 tum
2019 3549 2157 3603 bona
2187 3549 2411 3602 dimissa
2458 3549 2510 3603 ei
2554 3547 2720 3601 fuisse
2769 3546 3177 3616 intelligendum
3210 3556 3316 3613 est,
3358 3566 3467 3606 non

1876 3627 2057 3672 autem
2102 3619 2558 3673 Barcinonensem
2599 3616 2997 3686 praefecturam.
3032 3618 3086 3672 ln
3120 3618 3242 3673 Vita
3289 3619 3466 3674 Ludo-

1874 3689 1982 3743 vici
2008 3688 2075 3743 ad
2095 3705 2299 3743 annum
2319 3688 2423 3744 834
2447 3685 2685 3743 occurrit
2720 3685 2911 3742 Sanila
2940 3705 3128 3743 comes.
3156 3690 3283 3745 Veri
3315 3691 3465 3745 vide-

1877 3768 1967 3813 tur
2004 3759 2183 3815 simile
2232 3759 2483 3815 eumdem
2534 3757 2702 3813 fuisse
2759 3766 2924 3827 atque
2968 3760 3122 3814 Bera:
3176 3761 3463 3827 victorem,

1872 3831 2237 3911 joco
2266 3830 2530 3911 dignitate
2549 3828 2766 3884 comitis
2794 3837 2986 3911 postea
3016 3839 3253 3911 auctum.

1950 3902 1969 3943 ί
2015 3901 2149 3957 Vide
2178 3899 2558 3957 Praefationem
2584 3915 2760 3955 meam
2792 3899 2846 3954 in
2891 3899 3175 3970 Nigellum.

1946 3970 1961 4022 i
2011 3971 2215 4043 Nempe
2238 3972 2552 4027 Benedictus
2582 3970 2916 4036 Am'anensis,
2957 3981 3009 4043 et
3048 3980 3236 4043 postea
3268 3970 3468 4043 luden—

1871 4044 1945 4098 δίε
1985 4042 2169 4107 abbas,
2208 4044 2292 4097 vir
2332 4044 2620 4099 sanctitate
2648 4056 2861 4096 morum
2890 4042 3300 4107 celeberrimus,
3345 4042 3462 4112 jam

1872 4130 2034 4183 supra
2064 4131 2094 4167 a
2127 4113 2334 4182 Nigello
2373 4112 2916 4183 memoratusuEum
2959 4130 3106 4168 mors
3158 4115 3213 4167 in
3260 4116 3461 4168 eueluin

1870 4182 2055 4238 intulit
2091 4200 2234 4238 anno
2260 4186 2388 4250 821,
2416 4186 2493 4237 uti
2517 4201 2586 4238 ex
2608 4182 2724 4251 ejus
2745 4182 2864 4236 Vita
2897 4184 3037 4251 apud
3068 4183 3461 4248 Mabillonium,

1872 4255 2052 4309 saeculi
2089 4270 2141 4307 1v
2168 4266 2320 4324 parte
2348 4255 2505 4309 lAct.
2537 4252 2789 4324 Sanctor.
2818 4251 3153 4324 Benedictin.
3176 4252 3255 4307 Ac
3280 4254 3467 4320 proin-

1872 4325 1938 4378 de
1967 4326 2138 4389 vides,
2169 4322 2378 4395 Nigello
2408 4322 2849 4393 chronologicum
2877 4322 3124 4378 ordinem
3161 4324 3371 4378 servari
3411 4325 3467 4379 in

1870 4395 2020 4449 hisce
2047 4396 2466 4449 narrationibus.
2613 4425 2616 4428 ~

1946 4467 1969 4504 ιε
2017 4464 2130 4520 Hoc
2177 4474 2260 4519 est
2302 4465 2663 4530 Benedictum,
2709 4465 3136 4521 Occidentalium
3165 4468 3463 4522 monacho-

181 4537 420 4606 proxime
449 4537 717 4611 lapsis—in
764 4537 948 4595 abdito
977 4537 1124 4595 certi
1166 4550 1311 4605 atur,
1342 4556 1517 4609 neque
1560 4554 1761 4611 praesto
1791 4543 1847 4605 Β
1875 4552 1995 4611 rum
2035 4537 2427 4611 patriarcham,
2469 4552 2628 4606 quem
2646 4537 2983 4611 Benedictus
3010 4537 3254 4611 Intiensis
3296 4540 3466 4593 abigas

184 4622 330 4665 erant
357 4612 452 4680 qui
476 4614 626 4683 victo
660 4613 826 4683 vitam
872 4613 1264 4679 impetrarent:
1298 4622 1407 4664 tam
1448 4614 1607 4682 longe
1641 4630 1766 4683 pro-

184 4690 412 4735 cesserat
445 4682 759 4752 luujnsmodi
787 4682 955 4735 furor.

250 4762 273 4790 ε
310 4752 425 4807 Mos
457 4760 668 4806 attente
698 4752 984 4815 notandus,
1016 4760 1073 4805 nt
1117 4752 1160 4804 si
1204 4752 1325 4820 quis
1371 4753 1424 4806 in
1465 4755 1765 4810 certamine

184 4821 414 4888 caderet,
454 4824 646 4895 statim
688 4822 991 4895 elIcri-etnr.
1036 4822 1238 4895 Gratia:
1274 4825 1383 4877 sint
1412 4822 1635 4895 Nigella,
1670 4828 1763 4895 qui

182 4900 417 4947 veterum
459 4893 624 4947 Ritus
642 4894 798 4947 nobis
824 4892 1094 4946 edisserit.
1119 4892 1174 4946 ld
1202 4901 1383 4946 autem
1407 4892 1586 4948 facere
1614 4892 1761 4949 Gun-

182 4957 364 5033 doldus
391 4964 484 5018 ille
518 4965 691 5033 fuerat
720 4963 926 5018 solitus.

252 5030 273 5104 ξ
315 5033 421 5104 Pro
449 5030 713 5104 cornipes.

253 5103 278 5142 ⁸
313 5103 368 5159 ld
393 5114 484 5161 est
514 5103 651 5176 Bero
684 5118 889 5176 eomes.
921 5103 1059 5159 Audi
1086 5103 1453 5176 Eginhardum
1481 5104 1534 5160 in
1560 5106 1757 5160 Annal.

187 5171 250 5227 ad
274 5189 478 5231 annum
512 5175 657 5231 820:
714 5193 733 5226 ‹
767 5174 908 5230 Bero
943 5171 1496 5244 comes'Barcinonaa,
1529 5177 1621 5246 qui
1647 5177 1763 5246 jam

1872 4608 2165 4661 virtutibus
2196 4615 2279 4662 est
2328 4608 2590 4661 imitatus.
2646 4607 2982 4662 Thcodulfus
3032 4607 3465 4674 Aurelianensis,

1872 4678 1965 4732 lib.
1995 4694 2032 4732 ιι
2053 4720 2068 4743 ,
2092 4695 2210 4748 cap.
2238 4680 2290 4742 (i,
2331 4678 2398 4732 ad
2423 4680 2669 4733 eumdem
2701 4680 2970 4743 scribens,
3017 4679 3192 4747 ipsum
3219 4680 3462 4735 Casinati

1868 4747 2170 4804 Benedicto
2186 4757 2469 4819 comparat
2512 4750 2659 4804 hisce
2689 4751 2936 4805 versibus
2961 4769 2973 4803 :

1991 4882 2099 4932 Non
2133 4883 2288 4932 distes
2312 4885 2507 4945 merito,
2531 4886 2669 4942 cujus
2694 4899 2788 4935 non
2816 4889 3009 4934 nomine
3031 4888 3185 4937 distas
3210 4900 3223 4937 :

2056 4945 2275 4993 Nominis
2299 4954 2350 4993 et
2370 4948 2546 4993 merito
2571 4958 2677 4995 sors
2701 4948 2821 4997 beet
2845 4961 2936 4996 una
2960 4949 3104 4999 duos.

2000 5008 2135 5069 Quod
2162 5007 2249 5055 luit
2273 5008 2498 5054 Ausomis
2525 5008 2822 5057 Benedictus
2849 5018 3010 5059 rector
3037 5014 3086 5059 in
3110 5013 3253 5069 arvis,

2056 5067 2162 5115 lloc
2178 5070 2321 5116 modo
2340 5078 2391 5116 tu
2415 5071 2464 5116 in
2483 5071 2662 5118 nostris
2683 5083 2756 5128 es,
2784 5072 3071 5133 Benedicta,
3097 5070 3236 5123 locis.

1950 5171 1967 5213 ι
2019 5172 2153 5228 Vide
2176 5171 2557 5230 Praefationem
2593 5192 2791 5233 meam.

194 5313 3457 5345 Μ

1370 5494 1670 5575 LIBER
1744 5495 2246 5593 QUARTUS.

187 5734 328 5810 cm
358 5740 441 5813 pii
468 5743 671 5814 passim
691 5741 956 5814 gliscebat
977 5742 1213 5818 denique

627 5834 903 5901 Ρηιοι..
943 5833 1062 5901 CV.

1918 5740 2383 5820 'Francorumque
2401 5748 2538 5808 tides
2555 5759 2806 5809 creverat
2822 5763 2998 5824 usque
3018 5751 3211 5826 polos.‘
3312 5761 3317 5766 ‘
