4022 6446
242 362 332 420 631

301 474 498 530 Delicto
528 468 705 542 primo
730 468 928 525 liberat
955 469 1044 524 hic
1078 469 1372 524 hominem.

237 570 329 638 Qui
360 566 609 622 mundum
639 565 846 618 salvare
869 563 1052 617 valens
1080 579 1202 618 cum
1232 564 1392 617 Patre
1419 569 1673 632 potenter

302 662 356 716 In
387 658 541 714 terris
564 655 730 710 voluit
763 671 862 725 pro
885 656 1083 724 pietate
1112 656 1268 709 mori.

234 752 290 810 In
321 764 475 807 cruce
503 749 766 811 conﬁxus,
791 748 952 802 morti
979 763 1037 802 se
1069 747 1286 802 tradidit
1313 746 1476 812 ultro,

304 843 372 900 Ut
392 857 485 897 sua
511 841 776 896 militibus
800 855 966 910 regna
999 839 1234 910 benigna
1266 841 1440 893 daret.

237 935 330 991 Hic
359 933 506 987 sedet
531 931 598 985 ad
630 914 1076 984 Patris/sociatus
1103 945 1328 983 munere
1361 929 1634 996 dextram,

301 1027 493 1082 Invitat
517 1024 752 1079 famulos
777 1042 789 1077 :
820 1024 1044 1087 currite,
1080 1037 1244 1091 regna
1275 1022 1433 1076 dabo.

237 1117 328 1174 Hic
347 1116 500 1184 jubet
527 1115 715 1170 electis
739 1127 927 1167 omnes
944 1127 1208 1186 revocare
1234 1112 1506 1178 bidentes,

301 1205 367 1260 Et
395 1219 550 1258 sacra
578 1202 834 1273 baptismi
864 1202 1047 1256 munia
1072 1203 1176 1256 rite
1205 1202 1355 1256 dare.

236 1296 346 1352 Non
371 1295 528 1349 aliter
555 1294 678 1349 caeli
705 1295 992 1364 quisquam
1023 1295 1354 1362 conscendet
1382 1295 1440 1350 in
1461 1293 1659 1360 aulam,

303 1385 366 1439 Ni
401 1401 520 1454 qua:
539 1382 702 1452 jussit
731 1394 858 1456 agat
887 1383 1058 1439 Filius
1090 1383 1177 1438 ille
1210 1385 1324 1437 Dei.

238 1475 453 1533 Scilicet
480 1476 698 1531 amissis
724 1476 954 1531 culturis
983 1477 1244 1532 daemonis
1273 1477 1404 1542 atri,

305 1567 426 1622 Mox
457 1583 613 1623 sacra
642 1567 897 1637 baptismi
925 1584 1150 1622 munera
1180 1569 1461 1637 percipiat.

232 1659 310 1714 Ad
334 1659 496 1722 hanc,
527 1657 662 1723 Ebo,
702 1658 860 1712 ﬁdem
895 1666 1112 1727 gentem
1143 1674 1400 1713 revocare
1427 1656 1679 1712 studetoz

300 1750 498 1806 Nostra
523 1751 656 1806 ﬁdes
687 1752 803 1806 hmc
829 1761 936 1816 est,
969 1753 1108 1806 hanc
1138 1752 1268 1806 colit
1292 1751 1551 1806 Ecclesia.

229 1838 501 1911 Linquere
530 1857 664 1894 vana
689 1841 879 1895 decet:
910 1841 1136 1911 sculptis
1171 1843 1376 1897 servire
1399 1840 1632 1896 metallis

300 1931 453 1985 Heu!
488 1931 666 1986 scelus
692 1940 775 1985 est
805 1933 1032 1997 homini,
1062 1934 1154 2002 qui
1181 1933 1390 1987 ratione
1419 1933 1580 2001 viget.

225 2018 456 2090 Jupiter,
493 2031 584 2075 aut
611 2020 891 2091 Neptunus
913 2039 1038 2089 eos,
1073 2023 1154 2077 vel
1185 2040 1451 2092 quemque
1485 2031 1806 2092 sequuntur,

297 2111 437 2180 Quid
458 2111 636 2180 juvat,
671 2121 764 2167 aut
794 2116 1040 2169 manibus
1066 2116 1274 2185 sculpta
1306 2116 1522 2170 metalla
1553 2115 1704 2171 suis?

230 2200 376 2258 Vana
409 2201 594 2256 colunt
619 2203 826 2268 miseri,
856 2204 1033 2259 surdis
1059 2206 1333 2274 mutisque
1355 2216 1669 2275 precantur,

295 2292 751 2362 Dazuionibusque
784 2293 938 2347 litant
965 2295 1144 2349 debita
1175 2296 1354 2350 danda
1391 2298 1517 2352 Deo.

228 2381 339 2438 Non
366 2383 638 2453 pecudum
672 2384 889 2454 placare
920 2386 1088 2441 Deum
1122 2387 1203 2441 fas
1234 2389 1496 2458 sanguine
1527 2397 1808 2445 nostrum:

293 2474 474 2530 Pluris
507 2484 652 2529 amat
685 2476 921 2530 hominis
949 2487 1074 2532 vota
1104 2478 1336 2550 benigna
1365 2482 1508 2550 pius.

227 2563 340 2621 Iam
370 2567 511 2621 satis
541 2567 717 2621 errori
751 2575 964 2637 tempus
987 2569 1226 2623 tribuere
1251 2571 1476 2640 profano
1506 2589 1520 2626 :

293 2655 546 2711 Cultibus
572 2658 772 2713 illicitis
803 2659 998 2714 cedere
1023 2669 1234 2731 tempus
1261 2663 1433 2718 adest.

231 2744 425 2802 Ultima
457 2746 696 2803 labentis
723 2749 820 2804 hos
838 2746 952 2817 jam
978 2758 1136 2805 vocat
1163 2752 1294 2806 hora
1326 2753 1452 2820 diei,

296 2837 515 2894 Vinetis
546 2840 756 2894 Domini
783 2842 962 2912 portio
994 2851 1168 2897 restat
1195 2843 1388 2901 adhuc.

231 2927 348 2986 Otia
373 2931 526 2986 lenta
553 2933 709 2987 decet
728 2932 841 3000 jam
871 2950 1016 2989 nunc
1041 2950 1255 3006 quoque
1276 2952 1549 3008 rumpere,
1573 2937 1702 2994 dum
1719 2937 1814 2996 lux

296 3022 451 3079 Alma
495 3023 619 3080 licet
657 3025 860 3081 homini
893 3043 1139 3098 qumrere
1169 3029 1406 3102 dumque
1439 3029 1626 3087 Deum.

231 3113 306 3172 Ne
331 3133 437 3172 nox
476 3128 594 3171 atra
617 3119 817 3174 cadens
847 3119 1076 3175 miseros
1099 3124 1457 3192 comprendat
1486 3123 1712 3193 inertes,

301 3206 508 3262 Tradat
535 3219 588 3263 et
617 3211 900 3280 ignicomis
933 3224 958 3252 α
989 3212 1131 3268 illico
1162 3213 1268 3269 rite
1293 3213 1452 3272 focis.

233 3296 313 3354 Tu
343 3316 501 3355 sacer
530 3301 642 3356 Eho
674 3313 848 3359 tamen
875 3305 1126 3375 perlectis
1151 3308 1335 3379 accipe
1365 3308 1562 3377 hiblis,

303 3389 650 3446 Testamenta
682 3394 807 3448 novi
831 3396 1095 3464 dogmatis
1125 3415 1189 3452 ac
1220 3399 1442 3454 veteris.

232 3480 347 3537 Hoc
373 3485 441 3538 de
480 3483 624 3539 fonte
647 3501 802 3540 sacro
830 3487 907 3540 fer
935 3489 1123 3557 pocula
1150 3491 1324 3544 dulcia
1356 3491 1551 3560 primo,

303 3574 440 3640 Quis
468 3575 675 3629 haustis
703 3578 944 3631 recolant
973 3580 1223 3649 dogmata
1255 3596 1378 3634 vera
1411 3583 1529 3637 Dei.

224 3662 437 3732 Aspera
473 3666 605 3718 dede
629 3665 761 3719 locis
791 3683 914 3720 mox
949 3670 1414 3737 convenientibus,
1446 3681 1609 3743 atque

301 3755 479 3810 Nosse
509 3768 709 3825 queant.
737 3759 998 3814 hactenus
1021 3778 1143 3816 orsa
1173 3763 1360 3818 colunt
1390 3766 1440 3819 δ.

225 3846 327 3904 His
350 3847 589 3903 breviter
618 3866 794 3919 regem
831 3852 1029 3906 nostris
1060 3854 1124 3908 de
1155 3855 1402 3923 partibus
1425 3855 1650 3915 IIerdolt
1686 3871 1708 3900 α

297 3939 628 4010 Aggredere,
664 3951 716 3993 et
741 3942 898 3995 dictis
927 3953 1109 3997 nostra
1147 3945 1347 3998 referto
1377 3949 1502 4004 sibi.

231 4027 341 4084 Nos
367 4032 569 4100 pietate
602 4032 693 4085 Dei
723 4034 926 4101 pariter
951 4043 1257 4104 nostraeque
1289 4037 1409 4091 lilei

297 4122 560 4195 Dogmate
582 4127 908 4196 compuncti,
947 4127 1060 4181 hzec
1088 4129 1188 4182 sibi
1218 4129 1363 4184 dicta
1385 4130 1598 4190 damus.

230 4229 482 4289 Consiliis
516 4236 673 4290 modo
702 4236 746 4288 si
778 4237 981 4290 mavult
1005 4252 1199 4305 parere
1226 4239 1497 4310 benignis,

299 4324 574 4396 Suscipiat
599 4336 784 4380 nostra
809 4339 1028 4396 pectore
1053 4330 1217 4383 verba
1253 4332 1363 4399 pio.

230 4414 364 4471 Proh
398 4417 556 4472 dolor
583 4419 594 4470 !
635 4419 948 4475 accelerans
977 4436 1222 4476 errorem
1246 4422 1460 4492 linquat
1487 4425 1694 4481 avitum

296 4510 607 4578 Poscimus,
633 4519 688 4566 et
714 4511 932 4568 Christo
957 4514 1049 4570 det
1074 4514 1164 4585 pia
1191 4523 1316 4572 vota
1340 4517 1455 4586 pio.

229 4727 322 4839 tu:
358 4715 439 4771 Ita
464 4715 526 4771 in
555 4729 660 4770 ms.
699 4716 906 4772 codice.
942 4715 1083 4774 Alibl
1110 4719 1376 4775 vocabulo
1397 4721 1672 4791 ignivomis
1698 4725 1811 4780 uti-

289 4801 332 4839 I'.

297 4856 324 4894 δ
362 4858 439 4912 Ita
470 4859 526 4911 in
551 4873 686 4923 ms.;
716 4875 782 4932 es
805 4875 912 4932 quo
933 4875 1032 4913 vox
1061 4863 1236 4932 aliqua
1266 4864 1543 4918 intercidit
1568 4863 1814 4924 :‘Seusus

231 4935 330 4991 est,
357 4945 516 5000 nosse
538 4946 636 4999 quc
659 4939 730 5000 _nt
757 4929 912 4998 falso,
940 4947 1055 5000 quw
1084 4929 1483 4988 hactenus-orsa
1514 4935 1712 4989 colunt.

301 5009 320 5034 ε
365 4998 556 5065 Quem
591 4998 726 5075 infra
775 4998 1073 5053 Herm-dum
1118 5011 1172 5056 et
1215 5003 1506 5058 Heroldum
1550 5005 1805 5075 appellat,

233 5077 648 5139 eatempestate
674 5069 942 5124 Danorum
975 5087 1176 5139 regem.

297 5137 322 5176 ά
363 5137 549 5194 Novus
568 5141 674 5215 hic
709 5137 1344 5215 Brit_armia2_ci_SInarin:e
1390 5152 1569 5200 motus
1598 5156 1810 5215 spectat

327 5224 531 5287 annum
563 5209 773 5287 βῆμα
801 5212 865 5287 de
890 5227 954 5264 eo
976 5212 1045 5287 ab
1069 5212 1376 5283 Egiuhardo
1404 5215 1537 5285 (sive
1562 5207 1808 5287 quisquis

237 5277 320 5331 ille
363 5281 444 5357 sit
495 5281 648 5357 _cuju_s
684 5282 934 5357 Annales
976 5277 1311 5357 Francorum
1361 5277 1460 5340 sub
1509 5277 1806 5357 Eginhardi

237 5350 449 5422 nomine
500 5351 718 5407 laudare
757 5351 943 5422 pergo)
987 5354 1098 5409 haec
1149 5355 1288 5409 inter
1325 5357 1429 5410 alia
1471 5350 1802 5413 traduntur:

243 5417 588 5496 :Jmperator
639 5423 704 5496 ad
757 5417 1118 5496 Britannicam
1160 5427 1558 5495 expeditionem
1607 5444 1705 5496 per
1748 5445 1807 5485 se

239 5485 542 5568 faciendam
571 5493 752 5546 animo
775 5493 984 5547 intento
1011 5485 1259 5568 Redonas
1285 5498 1450 5551 venit.
1487 5497 1550 5552 Et
1583 5485 1706 5552 inde
1731 5500 1810 5553 di-

237 5562 353 5641 viso
401 5562 474 5641 in.
503 5571 612 5641 trnes
662 5567 1163 5641 partcs_exercitn,
1219 5569 1530 5641 duabusque
1553 5570 1812 5641 partibus

239 5627 363 5704 ﬁliis
393 5633 506 5686 suis
535 5627 760 5702 Pippino
787 5645 841 5687 et
867 5627 1160 5690 Ludovico.
1184 5639 1394 5692 traditis
1412 5681 1426 5704 ,
1446 5627 1811 5696 'Bri'tanuiam

241 5698 516 5774 ingressus
545 5698 712 5758 totam
742 5705 885 5760 ferro
906 5716 959 5758 et
987 5707 1108 5774 igne
1139 5710 1390 5762 vastavit.
1415 5698 1443 5762 ἰ

314 5782 337 5808 ο
377 5771 663 5844 Pippinum
688 5776 956 5847 signiﬁcat
984 5771 1243 5834 Ludovici
1273 5781 1353 5835 Pii
1385 5780 1572 5846 ﬁlium,
1603 5791 1658 5836 et
1681 5789 1812 5840 tunc

1076 353 1166 409 DE
1205 351 1430 410 REBUS
1469 348 1716 407 GESTIS
1748 346 2070 410 LUDOVICI
2107 345 2214 403 PII.
2257 375 2327 387 —
2360 342 2487 401 LIB.
2529 344 2616 400 IV.

1825 469 1879 532 Α
1901 464 2103 521 Oﬁcrat
2128 474 2288 532 atque
2316 462 2427 516 Deo
2456 468 2628 516 semet
2652 459 3086 530 promptissimus
3113 458 3312 528 ipsum,

1971 554 2133 621 Cujus
2163 554 2369 608 factura
2396 565 2502 619 est,
2530 553 2728 621 quique
2755 552 2959 606 creavit
2987 566 3130 604 eum.

1899 645 2137 702 Monstra
2170 647 2396 700 nefanda
2425 647 2630 714 procul,
2667 659 2760 698 seu
2798 643 3007 712 Jupiter
3028 642 3282 697 horridus
3306 640 3471 706 absit,

1971 737 2280 808 Neptunum
2309 738 2540 808 linquat,
2571 736 2977 803 Ecclesiamque
3003 734 3165 789 colat.

1898 827 2049 884 Dona
2080 829 2334 884 salutaris
2360 830 2538 898 capiat
2563 829 2628 882 de
2655 828 2802 882 fonte
2826 835 3063 890 sacrato,

1967 922 2147 993 Atque
2173 938 2387 978 crucem
2409 921 2614 976 Christi
2633 920 2902 974 frontibus
2923 925 3049 987 opto
3072 915 3233 971 ferat.

1899 1013 2018 1070 Non
2047 1030 2145 1069 sua
2172 1031 2337 1086 regna
2373 1015 2504 1068 mihi
2542 1022 2601 1067 ut
2630 1013 2826 1067 cedant
2854 1013 2956 1066 hoc
2981 1008 3205 1064 consulo
3229 1005 3437 1074 credat,

1973 1107 2079 1162 Sed
2106 1123 2213 1176 quo
2238 1107 2440 1176 plasma
2472 1107 2565 1160 Dei
2594 1103 2895 1158 lucriﬁcare
2919 1117 3135 1172 queam.

1903 1197 1963 1255 Si
1988 1200 2156 1268 cupit,
2189 1199 2257 1252 ad
2289 1206 2504 1252 nostras
2534 1204 2821 1251 concurrat
2846 1195 3088 1250 concitus
3111 1205 3287 1259 arces,

1971 1291 2244 1360 Percipiat
2267 1305 2398 1344 vero
2433 1288 2581 1344 fonte
2605 1289 2820 1342 lavacra
2854 1287 2969 1340 Dei.

1903 1383 2128 1450 Insuper
2158 1381 2396 1445 ablutus,
2422 1380 2757 1448 dapibusque
2775 1377 3016 1444 juvatus,
3041 1383 3099 1428 et
3121 1372 3306 1439 armis,

1976 1473 2098 1528 Mox
2127 1489 2222 1528 sua
2252 1488 2416 1542 regna
2441 1480 2630 1542 petens
2657 1471 2805 1524 vivat
2829 1482 3012 1522 amore
3043 1467 3156 1520 Dei.

1904 1563 2033 1622 Haec
2061 1581 2158 1619 nos
2182 1580 2308 1618 vera
2334 1564 2464 1618 ﬁdes
2487 1562 2655 1616 divini
2683 1562 2834 1630 jussa
2863 1558 3125 1612 Tonantis

1975 1658 2171 1712 Dicere
2194 1657 2390 1727 quippe
2423 1663 2662 1719 mouent,
2692 1669 2811 1722 quae
2841 1652 2964 1707 volo
2990 1651 3271 1729 perﬁcere.

1907 1748 2030 1804 Mox
2056 1749 2210 1816 jubet
2237 1749 2478 1802 ELonem
2508 1747 2697 1801 donari
2734 1759 2957 1799 munere
2985 1757 3200 1812 magno.

1983 1838 2151 1906 Vade,
2179 1841 2320 1894 Deus
2350 1847 2552 1904 tecum,
2581 1839 2929 1906 induperator
2951 1836 3046 1890 ait.

1909 1929 2144 1986 Nuntius
2177 1931 2383 1984 interea
2415 1931 2716 1984 Brittonuni
2745 1929 2772 1968 ἀ
2799 1945 2829 1982 a
2861 1937 3015 1997 parte
3037 1926 3298 1981 rebellum

1982 2023 2123 2078 Ecce
2153 2022 2300 2076 venit
2327 2022 2505 2084 solito,
2542 2021 2731 2074 nuntia
2759 2035 2898 2074 saeva
2923 2018 3107 2073 refert.

1912 2116 2134 2172 Scilicet
2155 2115 2418 2171 infectum
2447 2115 2589 2183 quod
2618 2128 2788 2182 nuper
2815 2112 2995 2167 Caesar
3022 2112 3089 2164 ad
3121 2108 3242 2164 illos

1980 2209 2254 2264 Firmarat
2282 2209 2498 2278 pignus,
2530 2207 2752 2276 insuper
2777 2214 2940 2273 atque
2972 2205 3154 2258 ﬁdem.

1910 2299 2113 2356 Accitis
2143 2300 2380 2371 p0pulis,
2410 2299 2577 2352 armis
2599 2312 2812 2367 quoque
2839 2297 2943 2351 rite
2967 2294 3171 2366 paratis

1982 2392 2111 2446 Illuc
2135 2393 2321 2446 Caesar
2349 2405 2518 2446 ovans
2545 2390 2794 2445 concitus
2819 2388 2901 2442 ire
2927 2394 3108 2456 parat.

1912 2482 2144 2538 Francia
2170 2489 2366 2536 cuncta
2396 2481 2526 2546 ruit,
2557 2480 2780 2534 veniunt
2817 2487 3110 2548 gentesque
3139 2475 3396 2540 subacta,

1985 2575 2070 2636 Et,
2108 2575 2332 2644 Pippine
2363 2585 2410 2638 θ,
2455 2581 2542 2626 tua
2568 2581 2720 2641 parte
2750 2571 2935 2626 venire
2958 2585 3138 2639 paras.

1915 2667 2109 2724 Divisit
2143 2667 2398 2737 populum
2430 2665 2599 2721 ternis
2623 2666 2723 2720 sub
2743 2663 2987 2734 partibus
3008 2675 3225 2716 omnem

1985 2760 2359 2830 Ductoresque
2383 2759 2549 2820 dedit,
2573 2757 2792 2811 ordinat
2820 2763 2876 2811 et
2911 2770 3188 2826 proceres.

1914 2851 2133 2910 Partem
2169 2868 2332 2908 unam
2351 2852 2627 2921 aaquivoeo
2662 2849 2681 2889 ί
2714 2849 2841 2904 belli
2870 2847 3186 2914 committit,
3214 2854 3269 2902 et
3292 2859 3404 2906 una

1988 2946 2296 3002 Matfridum
2335 2955 2359 2994 ι
2385 2945 2576 3008 sociat,
2607 2943 2774 2998 millia
2805 2941 2972 2997 multa
2996 2939 3176 2996 simul.

1916 3036 2143 3109 Pippino
2171 3039 2283 3108 regi
2308 3038 2413 3093 huc
2438 3035 2885 3104 Helisacharque,
2912 3041 3163 3104 potentes

1979 3116 2331 3202 'Junguntur:
2365 3143 2593 3184 numero
2619 3135 2812 3183 caetera
2839 3123 2997 3181 turba
3025 3131 3194 3181 caret.

1917 3221 2123 3294 Agmen
2151 3237 2317 3276 ovans
2338 3219 2518 3274 Caesar
2551 3218 2788 3274 medium
2813 3217 2915 3274 sibi
2941 3218 3182 3272 vindicat
3203 3217 3318 3286 ipse

1987 3313 2243 3384 Belliger,
2273 3320 2330 3367 et
2357 3312 2575 3382 sapiens
2599 3311 2790 3366 ordine
2816 3309 2957 3365 bella
2985 3317 3186 3364 movet.

1917 3424 2029 3480 Bos
2055 3425 2384 3492 Lantpertus
2407 3426 2431 3464 δ
2462 3425 2593 3493 agit,
2623 3424 2724 3478 hos
2751 3423 2898 3478 ducit
2925 3423 2978 3477 in
3015 3425 3231 3495 agmina
3258 3415 3497 3492 Matfrld,

1990 3516 2075 3578 Et,
2106 3514 2375 3569 Ludovice
2401 3517 2416 3554 ί
2451 3529 2585 3584 puer
2611 3511 2749 3567 bella
2779 3521 3003 3583 paterna
3035 3513 3200 3585 geris.

1920 3607 2139 3679 Pippin,
2171 3609 2285 3661 sive
2323 3608 2427 3671 sui,
2461 3615 2515 3661 et
2542 3606 2879 3659 Francorum
2908 3606 3080 3660 mixta
3108 3613 3328 3661 caterva

1989 3702 2154 3754 Arma
2188 3699 2384 3763 ferunt,
2419 3708 2630 3753 vastant
2659 3700 2896 3768 undique
2926 3700 3100 3770 gentis
3129 3699 3322 3754 honos.

1919 3791 2104 3849 Caesar
2133 3808 2299 3862 agens
2333 3791 2589 3854 Francos,
2615 3807 2714 3860 per
2746 3791 2909 3844 calles
2939 3791 3122 3860 dirigit
3147 3791 3385 3861 amplos;

1992 3886 2253 3956 Regmina
2285 3884 2589 3938 Brittonum
2621 3884 2698 3937 sic
2726 3890 3008 3953 peragrata
3036 3891 3239 3953 patent.

1919 3977 2033 4033 Huc
2061 3986 2274 4046 egomet
2308 3976 2321 4026 i
2363 3985 2573 4030 scutum
2614 3975 2854 4030 humeris
2887 3991 3179 4046 ensemque
3202 3976 3504 4034 revinctum

1989 4069 2166 4132 Gessi,
2200 4068 2293 4122 scd
2326 4083 2484 4122 nemo
2513 4081 2598 4120 me
2623 4066 2848 4121 feriente
2872 4067 3037 4121 dolet.

1919 4162 2112 4231 Pippin
2151 4163 2252 4215 hoc
2279 4162 2547 4230 aspiciens
2576 4162 2716 4225 risit,
2752 4162 3004 4224 miratur,
3035 4170 3086 4214 et
3115 4159 3235 4213 inﬁt
3264 4177 3279 4214 :

1992 4255 2132 4308 Cede
2156 4254 2344 4316 armis,
2377 4254 2544 4307 frater
2571 4273 2582 4306 :
2614 4254 2854 4306 litteram
2887 4262 3067 4305 amato
3096 4253 3289 4323 magis.

1920 4345 2072 4399 Tunc
2102 4352 2392 4413 peragrant
2420 4357 2598 4413 agros,
2629 4342 2814 4406 silvas,
2845 4342 3206 4412 tremulasque
3231 4340 3492 4414 paludes,

1993 4436 2250 4492 Vastatur
2274 4435 2521 4506 populus,
2547 4443 2602 4490 et
2633 4449 2797 4505 pecus
2825 4449 2986 4489 omne
3014 4435 3175 4503 perit.

1839 4535 1897 4598 ῃ
1921 4529 2204 4584 Ducuntur
2231 4528 2375 4598 capti
2399 4526 2606 4593 miseri,
2630 4527 2940 4581 moriuntur
2968 4533 3024 4582 et
3052 4525 3253 4594 armis;

1920 4729 2224 4799 Aquitania;
2250 4745 2452 4800 regem.

2001 4801 2019 4838 ί
2066 4801 2118 4872 Id
2147 4809 2231 4855 est
2255 4793 2526 4855 Liixlovico
2556 4797 2686 4865 ﬁlio,
2716 4793 2978 4867 Bajoarize
3003 4803 3140 4872 regi.

2001 4873 2026 4944 β
2063 4871 2232 4944 Quem
2264 4887 2424 4939 supra
2455 4871 2831 4944 adnotavimus
2860 4869 3366 4944 comitis—dignitate
3389 4869 3508 4929 Διτ-

1925 4942 2318 4996 relianensihus
2344 4940 2654 5010 praefectum
2677 4942 2864 4998 fuisse.

1995 5013 2021 5052 ιι
2061 5012 2263 5079 Nempe
2291 5011 2664 5065 Namnetcnsis
2691 5027 2906 5079 comes,
2937 5021 2999 5068 ut
3043 5030 3205 5083 supra
3245 5012 3499 5068 vidimus.

1915 5081 2034 5136 Prae
2077 5083 2290 5135 ceteris
2331 5095 2460 5134 vero
2492 5083 2684 5137 delecti
2732 5085 2960 5139 comites
2999 5081 3407 5139 Aurelianensis
3446 5091 3505 5140 et

1914 5152 2295 5224 Namnetensis
2333 5153 2492 5206 duces
2524 5152 2683 5218 belli,
2718 5156 2858 5224 quod
2901 5164 3130 5224 uterque
3160 5169 3256 5206 sua
3294 5153 3503 5224 ditioue

1912 5221 2192 5276 Britannis
2240 5224 2604 5278 conterminus
2647 5221 2819 5292 foret,
2882 5234 2936 5279 et
2988 5221 3268 5292 utriusque
3319 5223 3502 5281 tutela

1915 5292 2276 5365 commendati
2307 5293 2521 5348 fuerant
2572 5295 2637 5349 ad
2680 5312 2799 5350 cam
2825 5303 3036 5365 partem
3067 5294 3403 5349 Francorum
3434 5295 3501 5349 li-

1916 5364 2097 5418 mites.

1998 5437 2011 5474 i
2058 5435 2107 5489 Is
2139 5444 2253 5516 erat
2280 5435 2646 5516 Ludovici‘Dii
2681 5435 2992 5516 ﬁliusnjam
3035 5451 3177 5489 anno
3215 5436 3320 5491 817
3347 5452 3375 5490 a
3405 5452 3501 5516 pa-

1921 5513 2004 5578 tre
2033 5507 2358 5578 coustitntus
2395 5523 2486 5560 rex
2519 5506 2794 5578 anoarim.
2857 5506 2991 5578 Eum
3028 5521 3242 5578 quoque
3279 5506 3503 5578 expedi-

1922 5523 2004 5559 tre
2033 5523 2358 5561 COItSlltlllltS
2395 5523 2486 5560 rex
2519 5523 2794 5573 unjoanm.
2859 5523 2991 5559 num
3028 5523 3134 5575 quo
3177 5523 3242 5562 ne
3279 5523 3500 5578 expedi-

1922 5577 2052 5632 tioni
2102 5577 2429 5650 Britannica)
2471 5589 2612 5650 anno
2643 5577 2746 5631 82i
2781 5523 3500 5650 ἰιιιρτῖυἱδδο,Ἕςὶηὴανᾱυε

1920 5663 2102 5724 nuper
2121 5650 2274 5724 nobis
2304 5647 2579 5724 iudicavit.

1996 5717 2023 5798 i_
2062 5718 2193 5798 Vide
2217 5717 2586 5786 praefationem
2628 5717 2912 5774 Gentilotti
2949 5734 3011 5774 ac
3057 5736 3240 5796 meam
3273 5722 3328 5778 in
3355 5721 3501 5780 hunc

1921 5796 2258 5858 scriptorem.
