4022 6420
441 331 548 392 625
1166 323 1168 327 ’
1363 330 1374 340 Ρ
1752 329 2029 388 ERMOLD

2177 329 2368 385 VELLI
2846 321 2850 324 ’
3625 312 3765 372 624

514 450 754 508 Tandem
782 448 1048 519 relliquiae
1075 447 1306 503 Ctesaris
1337 463 1488 502 arma
1516 455 1708 518 petunt
1735 458 1785 500 θ.
2055 452 2110 512 Α
2205 445 2418 509 Tentat,
2445 449 2505 496 ut
2531 442 2620 497 illa
2647 455 2823 496 virum
2851 439 3043 510 tangit,
3073 447 3133 493 ut
3159 438 3275 509 ipse
3306 439 3510 494 cibum.

442 555 627 612 cesar
656 563 889 620 namque
915 550 1082 603 duces
1113 549 1364 603 custodes
1392 548 1543 617 ponit
1564 547 1806 616 opimos,
2134 535 2205 592 Ut
2236 535 2460 589 Domino
2489 534 2737 588 veniente
2764 541 2951 611 tegunt
2977 547 3035 587 se
3063 533 3302 600 tegmine
3328 530 3486 598 ﬁcus,

517 643 576 699 Si
606 642 851 711 cupiant,
884 647 1160 708 nequeunt
1185 639 1326 693 bella
1355 653 1570 692 movere
1596 635 1787 706 magis.
2203 627 2274 683 Ut
2301 643 2400 698 pro
2430 627 2668 696 peccatis
2689 627 2800 696 jam
2829 627 3045 682 coluere
3068 625 3259 682 solum.

445 736 633 792 Victor
662 743 716 786 at
745 731 868 785 inde
897 731 1018 799 pius
1043 727 1227 783 Caesar
1257 729 1534 791 remeavit,
1567 735 1622 780 et
1646 740 1836 781 omnes
2131 721 2326 777 Frater
2349 721 2419 774 ob
2447 721 2701 776 invidiam
2726 720 2951 775 fratrem
2981 737 3080 790 pro
3108 735 3333 776 munere
3359 722 3550 792 primo

519 827 771 882 Victores
801 827 998 884 Franci
1032 843 1158 882 mox
1195 843 1293 882 sua
1322 835 1462 882 tecta
1489 833 1698 897 petunt.
2200 816 2456 882 Perculit,
2488 816 2634 869 haud
2663 814 2862 885 gladio,
2889 815 2983 870 sed
3012 814 3260 869 manibus
3285 815 3527 871 miseris.

445 920 562 975 Ebo
588 935 745 975 sacer
771 919 976 975 dudum
999 920 1385 976 Nortmannica
1417 935 1582 990 regna
1611 929 1929 989 peragrans,
2131 908 2258 963 Inde
2288 924 2386 978 per
2422 908 2734 962 innumeros
2763 907 2941 978 pergit
2976 907 3187 976 Picum!
3213 921 3496 977 sequaces,

520 1013 701 1068 Munia
733 1013 879 1069 clara
911 1014 1074 1070 dabat
1098 1013 1332 1068 nominis
1361 1023 1486 1084 apta
1519 1013 1634 1068 Dei.
2202 1001 2422 1065 Ordine,
2455 1001 2568 1056 sive
2602 1001 2761 1056 modo
2787 1000 3036 1068 dogmata
3063 998 3241 1068 prisca
3272 998 3459 1054 refert.

447 1105 566 1160 Jam
605 1104 850 1160 Herorde
880 1106 908 1145 δ
940 1114 1061 1160 tuas
1089 1105 1287 1176 praesul
1314 1112 1637 1176 pervenerat
1663 1118 1846 1168 arces,
2138 1094 2310 1164 thue
2340 1093 2484 1148 latex
2510 1101 2687 1147 ῑοῑυῐιι
2717 1091 2912 1146 merito
2937 1088 3165 1146 dimisus
3193 1091 3246 1144 in
3275 1091 3464 1146 Orbem

521 1195 590 1250 Et
621 1204 710 1250 tua
732 1195 796 1249 de
823 1194 1024 1250 Christi
1055 1196 1307 1266 dogmate
1333 1196 1497 1249 corda
1531 1193 1716 1263 replet.
2203 1185 2405 1252 Crevit,
2435 1194 2492 1241 et
2515 1185 2580 1240 ad
2610 1185 2769 1238 ﬁnem
2802 1182 2970 1236 traxit
2994 1191 3054 1237 ut
3077 1197 3238 1237 omne
3258 1197 3450 1253 genus.

450 1282 545 1339 Ille
570 1283 664 1338 Dei
693 1284 937 1348 monitis,
966 1285 1109 1355 regis
1138 1300 1352 1354 quoque
1377 1285 1600 1338 credere
1621 1280 1800 1335 verbis
2136 1274 2208 1332 Ut
2232 1276 2526 1330 miserante
2549 1275 2659 1328 Deo
2684 1289 2886 1344 paucos
2916 1273 3242 1329 subvexerat
3264 1289 3412 1341 arca,

524 1375 796 1444 Coeperat,
822 1384 878 1429 et
902 1376 1156 1446 populum
1182 1377 1438 1446 praedicat
1464 1377 1576 1444 ipse
1599 1388 1774 1428 suum.
2204 1367 2272 1422 Et
2295 1368 2442 1422 corvi
2468 1366 2738 1427 meritum,
2773 1366 2888 1420 sive
2925 1365 3173 1421 columba
3205 1374 3378 1419 tuum.

453 1465 648 1531 Credo,
676 1465 864 1531 Sacer,
891 1467 1051 1521 dictis
1077 1475 1284 1521 tantum
1323 1468 1369 1522 si
1393 1475 1540 1538 gesta
1573 1472 1870 1536 sequantur
1894 1480 1907 1515 :
2134 1462 2262 1516 Inde
2291 1461 2541 1526 Abrahaa,
2572 1459 2853 1529 sobolique
2879 1471 2902 1500 θ
2931 1474 3043 1514 sua:
3069 1461 3361 1531 pinguntur
3383 1467 3438 1514 et
3466 1468 3629 1527 acta,

522 1557 716 1630 Perge,
745 1558 839 1622 ait,
873 1557 939 1611 ad
968 1573 1152 1630 regem
1180 1577 1190 1611 :
1222 1560 1338 1614 haec
1367 1559 1468 1613 sibi
1501 1557 1642 1612 dicta
1672 1553 1816 1609 refer
2205 1551 2425 1622 Joscpb,
2463 1566 2558 1606 seu
2591 1548 2848 1615 fratrum,
2880 1557 2935 1605 et
2962 1551 3263 1605 Pharaonis
3291 1567 3444 1621 opus.

452 1651 689 1708 Cernere
716 1666 950 1720 namque
979 1651 1154 1722 placet
1182 1650 1517 1706 Francorum
1554 1666 1740 1720 regna,
1767 1648 2036 1716 iidemque
2138 1648 2358 1703 Liberat
2389 1654 2448 1700 ut
2471 1645 2724 1716 populum
2751 1645 2986 1716 1Egypto
3009 1645 3122 1715 jam
3159 1662 3385 1701 munere
3411 1643 3626 1709 Moses,

527 1742 779 1805 Caesaris,
815 1757 991 1805 arma,
1019 1741 1206 1812 dapes,
1235 1741 1728 1809 Cbristicolumque
1755 1739 1943 1804 decus,
2065 1810 2074 1812 _
2210 1743 2280 1798 Ut
2302 1743 2445 1812 perit
2481 1739 2770 1810 Egyptus,
2800 1739 2963 1793 Israel
2996 1747 3160 1808 utque
3193 1748 3356 1794 meat.

453 1833 842 1902 Culturamque
871 1833 990 1899 Dei,
1022 1810 1110 1888 cui
1132 1834 1300 1888 servit
1328 1840 1522 1887 cuncta
1550 1839 1810 1900 potestas,
2061 1810 2111 1872 Β
2139 1834 2209 1889 Et
2233 1810 2320 1887 lex—
2354 1833 2517 1887 dante
2545 1831 2656 1886 Deo
2681 1830 2910 1902 geminis
2938 1829 3206 1899 descripta
3232 1829 3465 1895 tabellis,

526 1923 597 1979 Ut
634 1923 803 1988 canis,
835 1930 998 1991 atque
1022 1922 1155 1978 ﬁdes
1179 1922 1410 1976 ﬁrmiter
1433 1922 1572 1975 alma
1606 1928 1773 1975 tenet.
2207 1924 2459 1979 Flumina
2487 1924 2551 1978 de
2573 1938 2727 1992 rupe,
2767 1923 2942 1992 deque
2974 1921 3192 1976 volucre
3218 1921 3389 1977 cibus.

455 2010 592 2066 Tum
615 2011 750 2064 mihi
774 2011 819 2065 si
841 2020 1044 2076 vester,
1073 2011 1274 2067 recinis
1301 2025 1462 2080 quem
1491 2011 1767 2080 dogmate,
1789 2007 2036 2065 Christus
2137 2019 2206 2074 Et
2233 2017 2502 2086 promissa
2525 2016 2616 2070 diu
2649 2031 2756 2086 quo
2787 2015 3033 2070 redditur
3064 2014 3277 2084 hospita
3315 2013 3504 2079 tellus,

524 2099 696 2156 Cedat
719 2115 879 2170 opem
907 2101 1039 2166 voti,
1068 2102 1317 2171 protinus
1347 2110 1466 2156 acta
1496 2100 1658 2156 dabo.

2211 2108 2285 2165 Ut
2309 2107 2466 2162 Jesus
2488 2107 2685 2176 populo
2713 2107 2820 2162 dux
2839 2107 3014 2160 bonus
3043 2106 3347 2159 exstiterat.

457 2194 518 2248 Di
547 2208 762 2263 quoque
785 2203 1091 2260 serventur,
1121 2210 1350 2263 quorum
1376 2195 1709 2249 sacravimus
1734 2209 1877 2260 aras,
2137 2199 2369 2268 Jamque
2397 2199 2782 2269 prophetarum
2804 2239 2818 2263 ,
2853 2213 3039 2266 regum
3067 2213 3375 2269 prtemagna
3399 2206 3627 2252 caterva

531 2283 713 2352 Usque
733 2283 829 2339 Dei
858 2285 1062 2353 possim
1092 2285 1271 2339 visere
1304 2284 1500 2355 templa
1531 2285 1626 2338 tui.
2211 2289 2482 2360 Pingitur,
2515 2297 2634 2343 acta
2658 2289 2821 2342 simul
2853 2300 2905 2344 et
2931 2289 3203 2344 celebrata
3232 2290 3424 2343 nitent.

459 2371 514 2427 Si
542 2371 684 2427 Deus
708 2373 796 2428 ille
823 2381 947 2428 tuus
978 2375 1178 2428 nostris
1214 2373 1497 2444 pnefcrtur
1522 2376 1746 2442 honore,
2140 2382 2210 2436 Et
2232 2382 2450 2436 Davidis
2475 2397 2628 2451 opus,
2663 2381 2971 2437 Salomonis
2999 2390 3054 2436 et
3084 2391 3203 2437 acta
3235 2383 3502 2451 potentis,

526 2465 594 2519 Et
623 2465 766 2521 valet
785 2467 966 2520 oranti
997 2483 1222 2522 munera
1245 2468 1400 2536 plura
1428 2469 1579 2533 dare,
2217 2475 2549 2546 Templaque
2577 2476 2761 2530 divino
2789 2475 3054 2530 aediﬁcata
3083 2490 3266 2545 opere.

455 2559 726 2630 Linquere
753 2576 915 2616 causa
945 2570 1148 2627 monet,
1180 2561 1398 2617 Christo
1431 2577 1624 2632 parere
1647 2559 1893 2630 juvabit,
2140 2569 2270 2625 Inde
2296 2570 2459 2624 duces
2490 2568 2670 2639 populi
2708 2569 2895 2638 quales
2916 2570 3212 2639 quantique
3241 2567 3414 2632 fuere,

529 2651 859 2722 Sculptaque
881 2652 1262 2708 ﬁammivomis
1290 2653 1434 2708 ferre
1462 2654 1676 2708 metalla
1706 2653 1861 2709 focis.
2029 2689 2037 2709 ,ι
2172 2642 2188 2658 “
2214 2659 2392 2729 Atque
2425 2661 2770 2715 sacerdotum
2798 2661 3033 2714 culmina
3064 2677 3160 2716 seu
3194 2677 3503 2730 procerum.

460 2741 682 2796 Munera
712 2741 1044 2810 ίεῐτθὲυῦθιν
1073 2745 1238 2798 donat
1265 2759 1480 2812 quoque
1500 2757 1724 2798 munere
1753 2743 2001 2807 Sacrum,
2143 2752 2330 2807 Altera
2363 2769 2489 2824 pars
2513 2754 2714 2808 retinet
2741 2753 2943 2808 Christi
2979 2756 3166 2810 vitalia
3205 2764 3379 2827 gesta,

532 2829 722 2899 Qualia
755 2831 1027 2885 Denorum
1058 2847 1150 2885 rus
1179 2847 1393 2901 quoque
1430 2834 1630 2887 habere
1656 2833 1816 2886 valet.
2216 2845 2349 2913 Qua;
2381 2846 2541 2900 ten-is
2567 2847 2768 2900 missus
2795 2863 2826 2900 a
2852 2846 3107 2903 Genitore
3132 2849 3299 2904 dedit.

458 2922 574 2977 Ebo
602 2922 741 2976 redit
767 2922 1031 2991 gaudens,
1063 2922 1338 2991 lucrisque
1362 2924 1624 2992 propheta
1649 2921 1846 2978 futuris
2144 2936 2384 3008 Angelus
2414 2945 2474 2990 ut
2509 2937 2686 3006 primo
2717 2937 2901 2992 Marim
2935 2938 3186 3009 delapsus
3212 2941 3280 2994 ad
3317 2955 3499 3005 aures,

532 3010 770 3077 Estuat,
799 3020 854 3066 et
882 3014 998 3082 regi
1029 3022 1155 3066 vota
1182 3013 1445 3082 placenda
1475 3013 1658 3078 refert,

2221 3027 2396 3099 thue
2432 3027 2598 3082 Maria
2630 3036 2822 3083 sonat:
2848 3029 2988 3084 Ecce
3011 3030 3187 3100 puella
3211 3030 3325 3086 Dei.

463 3103 707 3171 Q‘Ja'ilel‘
732 3103 997 3159 Hemldus
1019 3105 1291 3159 Πθηοηιω
1323 3115 1504 3159 τθοῑοτ
1525 3105 1740 3174 opimus
2013 3152 2020 3159 -
2072 3166 2115 3193 η
2145 3117 2403 3174 Nascitur
2427 3127 2488 3174 ut
2511 3119 2784 3185 Christus,
2814 3122 2984 3176 sacris
3013 3122 3172 3192 longe
3195 3133 3321 3177 ante
3350 3123 3643 3193 prophetis

1560 3166 1577 3174 -
2147 3166 2393 3174 -._-------
2432 3166 2486 3174 _-
2814 3166 2984 3176 ,μην
3013 3166 3172 3192 ,που
3195 3166 3321 3177 -..--
3352 3166 3405 3193 ν.

539 3194 706 3251 Sacra
735 3196 948 3270 lavacra
979 3195 1075 3249 Dei
1099 3196 1443 3265 suscipienda
1468 3203 1636 3266 petat.
2072 3166 2116 3230 Ο
2219 3206 2414 3273 Notus,
2444 3216 2499 3262 et
2521 3225 2550 3263 e
2575 3210 2771 3278 pannis
2795 3210 3032 3264 volvitur
3058 3219 3224 3281 utque
3249 3213 3412 3266 Deus.

461 3288 644 3346 Caesar
676 3296 733 3343 at
759 3289 952 3344 deinde
975 3289 1097 3358 pius
1124 3299 1308 3359 grates
1331 3289 1592 3358 persolvit
1619 3288 1829 3358 opimas

2147 3301 2218 3356 Ut
2246 3301 2334 3371 pia
2364 3309 2610 3371 pastores
2636 3304 2860 3372 capiunt
2887 3319 3013 3358 mox
3035 3305 3188 3375 jussa
3222 3305 3507 3371 Tonantis,

535 3377 873 3448 CuncuPa"i
900 3377 1148 3444 Ποιηίοοι
1181 3380 1273 3448 (ἰαί
1296 3379 1445 3433 dedit
1471 3395 1630 3434 omne
1650 3379 1872 3434 homun-
2217 3393 2452 3448 Cernere
2478 3409 2714 3463 moxque
2739 3393 2908 3449 Deum
2938 3410 3046 3464 quo
3077 3411 3327 3451 meruere
3353 3396 3511 3467 Magi.

461 3467 532 3526 Et
553 3469 706 3539 jubet
729 3470 1000 3542 extemplo
1029 3471 1240 3539 imperii
1266 3486 1362 3540 per
1383 3471 1505 3541 jura
1532 3469 1740 3525 subacti

2147 3483 2222 3541 Ut
2251 3484 2384 3540 furit
2414 3485 2677 3552 Herodes,
2710 3485 2984 3542 Christum
3017 3487 3310 3543 succedere
3338 3489 3586 3555 credens,

533 3563 797 3619 Omnibus
825 3564 1025 3617 obnixo
1058 3562 1266 3618 solvere
1291 3571 1416 3618 vota
1444 3563 1576 3617 Deo.

466 3654 685 3710 Scilicet
712 3662 769 3708 ut
794 3652 1067 3719 Christus,
1098 3655 1188 3722 qui
1222 3655 1480 3708 mundum
1509 3653 1770 3724 sanguine
1799 3661 1974 3709 totum

538 3746 798 3811 Salvavit,
827 3747 1058 3801 redimat
1100 3748 1198 3802 hos
1224 3762 1438 3817 quoque
1464 3748 1531 3800 ab
1557 3747 1712 3801 hoste
1736 3747 1897 3802 malo.

468 3837 685 3909 Engilin
705 3838 821 3906 ipse
844 3839 968 3906 pius
1006 3836 1216 3906 placido
1247 3845 1376 3891 tunc
1405 3837 1621 3890 tramite
1645 3837 1782 3889 heim
1817 3848 1839 3874 ο

536 3930 764 3988 Advolat
795 3931 1125 4000 iuduperans
1153 3930 1380 4001 conjuge
1410 3946 1532 3984 cum
1565 3929 1769 3982 sobole.

466 4025 563 4081 Est
585 4025 734 4080 locus
755 4024 843 4077 ille
866 4024 1002 4078 situs
1033 4024 1202 4093 rapidi
1227 4038 1394 4092 prope
1424 4021 1644 4076 [lumina
1670 4021 1869 4089 Rheni,

537 4115 772 4172 Ornatus
803 4114 969 4168 variis
994 4113 1232 4168 cultibus
1252 4122 1306 4167 et
1335 4113 1583 4182 dapibus.

467 4208 585 4275 Quo
604 4207 794 4262 domus
819 4207 961 4261 alma
991 4213 1140 4276 patet
1177 4213 1396 4260 centum
1426 4205 1631 4274 perﬁxa
1665 4207 1953 4273 columnis,

2218 3582 2460 3637 Perculit
2482 3591 2540 3636 ut
2563 3597 2762 3652 pueros
2791 3583 2886 3652 qui
2912 3599 3162 3638 meruere
3191 3585 3349 3638 mori.

2148 3675 2221 3733 Ut
2247 3676 2383 3748 fugit
2412 3676 2648 3749 Egypto
2675 3676 2897 3747 Ioseph,
2929 3694 3268 3749 puerumque
3304 3689 3562 3750 reportat,

2217 3766 2402 3822 Crevit
2430 3777 2487 3821 ut
2511 3769 2626 3837 ipse
2653 3783 2807 3838 puer,
2841 3769 3088 3823 subditus
3114 3778 3281 3840 utque
3311 3769 3430 3824 fuit.

2151 3859 2223 3915 Ut
2250 3860 2516 3929 baptizari
2545 3862 2734 3924 voluit,
2766 3862 2858 3930 qui
2884 3870 3109 3916 venerat
3135 3877 3328 3917 omnes

2223 3950 2496 4018 Sanguine
2527 3953 2759 4017 salvare,
2794 3955 2885 4024 qui
2916 3955 3127 4023 periere
3155 3955 3268 4009 diu.

2148 4041 2297 4098 More
2327 4043 2560 4096 hominis
2589 4054 2645 4097 ut
2673 4051 2822 4098 tanta
2864 4044 2983 4098 tulit
3012 4043 3219 4112 jejunio
3248 4045 3514 4110 Christus,

2223 4133 2294 4189 Ut
2329 4142 2657 4188 tentatorem
2689 4135 2922 4204 perculit
2961 4144 3078 4189 arte
3115 4151 3298 4190 suum.

2152 4223 2223 4280 Ut
2252 4225 2338 4295 pia
2367 4241 2463 4294 per
2495 4227 2755 4280 mundum
2785 4227 2970 4280 docuit
2989 4241 3115 4280 mox
3143 4227 3327 4281 munia
3355 4227 3545 4294 Patris,

539 4299 656 4367 Quo
686 4299 891 4353 reditus
915 4298 1076 4363 varii,
1117 4305 1368 4368 tectaque
1399 4298 1736 4354 multimoda.
2222 4313 2481 4368 Reddidit
2510 4315 2741 4370 ίηιη-[ηίε
2766 4316 2947 4369 munia
2972 4315 3164 4384 prisca
3183 4317 3324 4385 pius.

469 4389 611 4445 Mille
641 4391 840 4455 aditus,
875 4391 1103 4455 reditus,
1135 4391 1462 4460 millenaque
1481 4391 1716 4447 claustra
1741 4393 2045 4459 domorum,
2151 4405 2362 4460 Mortua
2393 4406 2522 4476 quin
2553 4407 2716 4460 etiam
2752 4413 2810 4460 ut
2833 4408 3108 4476 reparavit
3135 4423 3361 4477 corpora
3397 4409 3543 4475 vitae,

539 4483 674 4540 Acta
704 4485 1090 4555 magistrorum
1115 4484 1491 4554 artiﬁcumque
1518 4500 1698 4538 manu.
2072 4522 2127 4583 Β

2072 4522 2127 4583 D
2222 4499 2494 4554 Dazmonis
2522 4515 2674 4552 arma
2709 4500 2849 4563 tulit,
2885 4500 3090 4578 expulit
3114 4509 3280 4569 utque
3304 4501 3513 4571 procul.

470 4571 690 4642 Templa
723 4573 817 4627 Dei
854 4588 1065 4627 summo
1091 4571 1118 4610 ἀ
1157 4583 1407 4627 constant
1437 4581 1660 4643 operata
1685 4572 1936 4639 metallo,

1895 4591 1936 4639 ’ν
2072 4571 2121 4583 ν
2154 4589 2431 4659 Discipulo
2462 4598 2521 4642 ut
2536 4587 2791 4644 tradente
2819 4571 2959 4656 fero,
2996 4605 3244 4659 saevoque
3273 4589 3483 4661 pOpello

539 4664 718 4720 IErati
738 4671 943 4734 postes,
976 4679 1142 4719 aurea
1171 4664 1384 4718 ostiola.

2177 4738 2180 4740 γ
2226 4680 2374 4735 More
2405 4681 2638 4735 hominis
2665 4681 2836 4735 voluit
2859 4690 2920 4736 ut
2947 4682 3090 4737 Deus
3116 4683 3231 4752 ipse
3257 4687 3414 4738 mori.

470 4758 673 4831 Inclyta
701 4765 854 4828 gesta
883 4756 998 4821 Dei,
1033 4757 1203 4812 series
1228 4756 1574 4811 memoranda
1603 4755 1867 4819 virorum,

2159 4771 2226 4827 Ut
2253 4787 2480 4842 surgens
2499 4774 2736 4842 propriis
2758 4775 3008 4843 apparuit
3031 4775 3147 4844 ipse
3178 4776 3445 4831 ministris
3463 4817 3478 4843 ,

477 4901 484 4906 .
540 4851 756 4906 Pictura
788 4848 989 4918 insigni
1015 4852 1123 4918 q’uo
1148 4846 1434 4916 relegenda
1465 4853 1672 4914 patent.

2225 4862 2404 4934 thue
2431 4865 2585 4934 polos
2607 4865 2786 4936 palam
2813 4867 3044 4933 scandit,
3071 4875 3128 4921 et
3151 4883 3281 4921 arva
3318 4869 3474 4938 regit.

471 4944 544 5000 Ut
573 4944 769 5013 primo,
795 4949 1032 5012 ponente
1062 4941 1195 5004 Deo,
1222 4954 1348 5009 pars
1375 4938 1506 4993 laeva
1536 4942 1808 5007 recenset,

1693 4942 1808 5007 δεῖ,
2155 4953 2252 5011 His
2279 4965 2363 5012 est
2390 4957 2511 5012 aula
2537 4959 2632 5014 Dei
2658 4960 2886 5029 picturis
2915 4968 3034 5016 arte
3058 4960 3281 5025 referta,

540 5035 829 5092 lncolitant
854 5033 1099 5090 homines
1126 5041 1177 5087 te
1196 5031 1448 5102 paradise
1473 5031 1612 5086 novi.

2221 5047 2466 5104 Pleniter
2495 5050 2692 5107 artiﬁci
2717 5053 2818 5108 rite
2840 5053 3004 5122 polita
3028 5069 3210 5108 manu.

469 5127 643 5184 [nscia
667 5127 832 5183 corda
855 5125 981 5180 mali
1009 5139 1232 5194 serpens
1259 5131 1319 5177 ιιι
1337 5123 1575 5193 Perﬁdus
1599 5122 1724 5177 Em
2153 5137 2322 5210 Regia
2352 5156 2584 5210 namque
2610 5143 2801 5198 domus
2832 5143 2941 5199 late
2969 5147 3278 5216 persculpta
3310 5148 3552 5214 nitescit,

544 5271 585 5346 ἶ
602 5258 721 5346 ³9⁸
751 5268 856 5346 es."
888 5258 1051 5346 (ΨΒ,
1068 5255 2051 5346 ίθῐφκἓξΧίηῗὲξξῖἷφῖηυληῗῗέῗὲῗῗ
2277 5272 2601 5346 ιοιιειθηδθῐη
2623 5277 2780 5346 flictus
2800 5277 2936 5328 ¹οοιι³
2960 5285 3054 5337 est.
3081 5282 3162 5329 ubi
3185 5281 3399 5346 condidit
3424 5283 3602 5346 aulw.

472 5328 724 5403 fuerant,
804 5327 1055 5383 Ludovici
1115 5328 1344 5399 Augusti
1399 5327 1658 5381 militibus
1715 5327 2044 5382 deditionem
2335 5327 2474 5388 Etas
2492 5340 2568 5388 cui
2595 5340 2713 5389 vidit
2737 5327 2907 5390 nostra?
2923 5327 3327 5403 geminata;

472 5398 774 5542 fecbcrledem’
803 5485 965 5542 (lu-em
991 5485 1152 5542 supra
1176 5471 1431 5535 vidimus,
1456 5469 1730 5542 Duorum
1754 5483 1871 5542 re}:
2028 5537 2040 5542 ῃ
2153 5440 2618 5542 Ξξίἓιιῗξξιμξσηοη
2640 5443 2790 5516 longe
2818 5463 2850 5498 a
2883 5445 3220 5518 Moguntiaco
3263 5448 3448 5504 villam
3473 5450 3611 5505 hanc
3638 5463 3718 5503 re-

482 5537 494 5572 -’
549 5521 1771 5638 e.saiieﬁjmgﬁiiaaiun;391:5parum?
1797 5537 2042 5593 Rbenani

1803 5537 2042 5593 Bhenani
2154 5521 2295 5584 siam
2329 5521 2535 5569 statuit.

1803 5624 1889 5638 -ηιι
1918 5623 2016 5638 mm
2226 5583 2252 5622 ά
2293 5583 2565 5638 Lubenter
2605 5585 2897 5638 scriberem
2922 5586 3144 5638 summi:
3177 5598 3340 5638 amne
3380 5589 3391 5638 i

474 5586 2046 5678 ορρίιῆῑιῆῑτῑδί·’ξειίξὶῑίίλίῐῑίδιςίῑέλ’δίιῑξςίξλῑξιέίιῖῑᾱιῑξ
2155 5586 2897 5678 ηελτξιξξεξιηιςςεοτίδετειη
2922 5586 3144 5652 summi.-
3177 5598 3340 5659 atque
3379 5589 3454 5644 ita
3499 5605 3531 5644 a
3565 5595 3715 5659 poeta

477 5663 675 5741 dit'um,
723 5663 932 5736 denuo
965 5663 1379 5736 PbéiiSiié'iu
1409 5663 1605 5736 Annal.
1637 5663 1838 5744 Caroli,
1870 5680 2046 5748 capite
2155 5663 2410 5763 scriptum
2432 5670 2645 5736 Fenseo'
2831 5727 2841 5738 _

477 5745 844 5778 ..Λαρηηηιλ-ν-
2296 5725 2653 5778 Restituerem
2677 5725 2839 5778 soboli

475 5725 927 5822 ganeas-L7“
965 5725 1128 5736 "m
1156 5725 1297 5736 ""V
1642 5725 1678 5735 ν
1747 5725 1775 5734 ν
1803 5725 1838 5744 ’⁷
1873 5725 2044 5748 ””’”

1642 5725 1838 5744 “”““””’
1873 5725 2044 5748 ”“¹””
2231 5735 2255 5763 ο
2296 5725 2653 5782 Restituerem
2677 5725 2984 5798 sobolis’que.
