4022 6500
259 368 361 444 θὲς

325 503 392 559 Et
411 503 559 559 canit
588 503 803 576 ingenio
829 503 1063 558 maxima
1092 512 1241 574 gesta
1269 504 1469 558 virum.

255 597 377 668 Cyri
404 605 558 669 gesta
583 597 750 661 cauit,
780 612 989 652 necnon
1015 604 1069 651 et
1099 604 1342 667 tempore
1367 596 1493 650 Nini

319 686 513 742 Pr:elia
539 686 877 750 multimoda,
913 688 1154 755 duraque
1186 685 1329 740 facta
1362 686 1541 740 nimis.

251 777 348 834 IIic
374 779 563 833 videas
587 776 750 832 ﬂuvio
787 779 930 848 regis
954 779 1144 833 szevire
1171 778 1431 842 furorem,

319 870 574 926 Vindicat
603 879 662 924 ut
688 871 837 925 chari
865 871 1098 939 denique
1129 869 1289 925 funus
1315 868 1459 939 equi.

251 962 453 1018 Dehinc
483 963 731 1018 mulieris
760 977 931 1017 ovans
961 961 1147 1017 infelix
1176 961 1472 1032 prenderat
1498 975 1652 1027 arva,

315 1052 612 1126 Sanguinis
644 1065 764 1109 utre
794 1063 959 1126 caput
986 1057 1207 1125 ponitur
1236 1056 1359 1110 inde
1388 1070 1566 1110 suum.

245 1147 409 1218 Impia
444 1163 547 1204 nec
579 1148 826 1205 Phalaris
852 1150 1153 1205 reticentur
1183 1159 1335 1220 gesta
1365 1148 1605 1214 nefandi,

313 1239 495 1311 thue
526 1250 709 1296 truces
739 1241 966 1311 populos
993 1243 1083 1296 hic
1111 1249 1270 1295 necat
1302 1250 1421 1295 arte
1450 1238 1585 1294 fera.

243 1329 313 1388 Ut
342 1331 590 1401 Pyrirlus
622 1345 648 1372 ιι
674 1332 721 1387 ei
751 1332 972 1401 quidam
1006 1332 1160 1386 faber
1183 1333 1309 1387 aeris
1335 1340 1391 1386 et
1418 1331 1542 1386 auri

307 1421 584 1494 Iungitur,
618 1434 673 1478 et
704 1424 884 1478 Falari
918 1440 1044 1478 cum
1068 1424 1350 1493 impietate
1375 1423 1544 1477 miser

239 1512 368 1569 Ere
393 1514 542 1570 celer
569 1524 787 1570 taurum
819 1517 986 1570 nimio
1014 1515 1234 1569 fabrivit
1256 1517 1487 1580 honore,

305 1604 576 1662 Truderet
596 1617 656 1660 ut
684 1607 923 1661 hominis
954 1622 1063 1676 quo
1091 1606 1179 1677 pia
1209 1607 1453 1661 membra
1483 1605 1650 1661 ferus.

237 1693 466 1766 Moxque
495 1706 760 1770 tyrannus
787 1715 911 1753 eum
943 1699 1083 1752 tauri
1109 1699 1378 1753 conclusit
1411 1699 1462 1752 in
1492 1701 1634 1764 alvo,

293 1786 513 1858 Arsque
540 1790 688 1844 dedit
719 1800 951 1844 mortem
981 1799 1042 1844 ut
1070 1791 1378 1860 artiﬁcique
1410 1808 1526 1846 suo.

233 1878 501 1937 Romulus
527 1892 582 1936 et
603 1883 810 1938 Remus
835 1883 1024 1938 Romze
1048 1891 1108 1938 ut
1137 1884 1450 1939 fundamina
1486 1885 1715 1955 ponunt,

295 1969 545 2026 Perculit
573 1981 634 2026 ut
655 1972 880 2028 fratrem
909 1974 1106 2044 impius
1132 1975 1221 2030 ille
1251 1991 1428 2029 suum.

232 2063 466 2119 Annibal
500 2077 556 2121 ut
583 2069 739 2124 bellis
769 2085 982 2139 semper
1008 2079 1295 2139 persuetus
1326 2072 1547 2141 iniquis,

299 2156 532 2213 Lumine
563 2161 809 2229 privatus
834 2171 893 2216 ut
928 2163 1030 2217 fuit
1067 2164 1181 2234 ipse
1214 2180 1332 2219 suo.

234 2245 300 2304 Ut
325 2263 547 2318 quoque
567 2249 872 2306 Alexander
899 2253 1038 2307 bello
1064 2253 1166 2308 sibi
1198 2255 1438 2311 vindicat
1467 2257 1676 2322 orbem,

297 2339 366 2396 Ut
397 2339 650 2396 Romana
679 2359 874 2398 manus
900 2346 1072 2400 crevit
1096 2355 1153 2402 et
1177 2364 1348 2417 usque
1376 2349 1576 2418 polum.

229 2427 382 2488 Parte
410 2431 526 2486 alia
552 2435 677 2488 tecti
709 2436 974 2490 mirantur
1004 2447 1156 2509 gesta
1186 2448 1436 2508 paterna,

295 2519 466 2591 Atque
501 2525 608 2591 pize
635 2523 756 2578 ﬁdei
786 2526 1119 2594 proximiora
1149 2530 1340 2599 magis.

229 2610 484 2667 Caesareis
527 2615 664 2670 actis
687 2615 947 2672 Romanae
969 2618 1116 2673 sedis
1143 2621 1337 2689 opimae

290 2703 611 2776 Iunguntur
639 2707 860 2775 Franci,
896 2719 1154 2781 gestaque
1183 2712 1322 2766 mira
1353 2714 1534 2768 simul.

230 2800 625 2860 Constantinus
654 2805 732 2860 uti
761 2805 989 2862 Romam
1021 2808 1247 2863 dimittit
1276 2823 1482 2871 amore,

294 2893 822 2967 Constantinopolim
851 2901 1120 2954 construit
1142 2901 1254 2970 ipse
1281 2900 1403 2955 sibi.

234 2983 574 3043 Theodosius
605 2987 732 3043 felix
756 2990 886 3045 illuc
913 2991 1159 3063 depictus
1187 2993 1441 3058 habetur,

295 3078 446 3136 Actis
466 3081 752 3152 praeclaris
789 3085 971 3140 addita
1004 3095 1156 3156 gesta
1185 3087 1299 3141 suis

235 3169 365 3229 Hinc
395 3173 626 3230 Carolus
657 3177 683 3215 δ
715 3177 924 3246 primus
950 3176 1242 3234 Frisunum
1266 3179 1436 3235 Marte
1466 3181 1728 3253 magister

298 3262 568 3334 Pingitur,
595 3274 651 3322 et
671 3282 855 3324 secum
888 3271 1110 3341 grandia
1146 3279 1297 3342 gesta
1320 3287 1534 3328 manus.

234 3353 386 3423 Hinc,
417 3358 663 3430 Pippine,
697 3363 894 3429 micas,
921 3363 1210 3435 Aquitanis
1238 3376 1260 3404 ο
1291 3365 1415 3436 jura
1443 3367 1753 3437 remittens,

297 3446 364 3502 Et
391 3465 559 3522 regno
591 3455 790 3519 socias,
828 3453 997 3510 Marte
1028 3454 1270 3522 favente,
1307 3465 1422 3512 tuo.

231 3533 297 3592 Et
322 3537 601 3602 Carolus!1
628 3544 847 3613 sapiens
872 3543 1056 3598 vultus
1084 3547 1377 3613 praetendit
1406 3549 1644 3616 apertos,

298 3627 540 3698 Fertque
580 3643 902 3687 coronatum
933 3641 1219 3689 stemmate
1250 3637 1354 3691 rite
1385 3647 1565 3708 caput.

229 3715 370 3772 Hinc
401 3717 616 3776 Saxona
645 3724 845 3778 cohors
873 3733 1065 3780 contra
1094 3727 1440 3796 stat,'pr2elia
1468 3737 1663 3797 tentat,

295 3807 392 3864 Ille
420 3809 568 3878 ferit,
599 3813 850 3880 domitat,
881 3817 948 3870 ad
981 3831 1078 3871 sua
1099 3814 1222 3884 jura
1254 3819 1444 3874 trahit.

232 3895 326 3954 His
365 3899 596 3971 aliisque
622 3904 760 3960 actis
788 3906 934 3961 clare
963 3906 1115 3962 locus
1147 3908 1236 3963 ille
1263 3909 1506 3977 nitescit,

298 3989 549 4048 Pascitur
572 4003 627 4050 et
654 3997 794 4062 visu,
827 4013 1054 4053 cernere
1085 4015 1330 4071 quosque
1353 4003 1528 4072 juvat.

233 4081 341 4140 Illic
371 4101 500 4156 ergo
527 4087 649 4156 pius
675 4086 856 4144 Czesar
881 4089 972 4144 dat
995 4089 1120 4158 jura
1153 4093 1414 4158 subactis,

301 4173 446 4230 More
475 4193 576 4232 suo
605 4181 760 4249 regni
788 4179 893 4235 rite
923 4182 1153 4236 revolvit
1179 4199 1336 4252 opus.

234 4261 364 4319 Ecce
393 4267 583 4322 volant
610 4271 829 4324 centum
856 4287 953 4341 per
981 4273 1155 4328 Rheni
1181 4273 1402 4328 [lumina
1428 4289 1655 4346 puppes,

301 4355 536 4428 Velaque
565 4359 868 4417 candidolis
900 4365 1214 4418 consociata
1242 4365 1444 4431 modis,

235 4441 498 4503 Denorum
527 4450 740 4521 populis
761 4461 1002 4508 oneratae
1027 4469 1274 4520 munere,
1304 4472 1518 4513 necnon

299 4536 593 4596 Heroldum
623 4557 805 4614 regem
843 4556 866 4583 ο
893 4544 1070 4614 prima
1100 4547 1286 4600 carina
1309 4548 1480 4615 vehit,

237 4627 322 4696 Te,
350 4630 647 4701 Ludovice,
678 4645 889 4706 petens.
923 4637 1162 4693 Debetur
1189 4639 1292 4694 hoc
1320 4641 1416 4694 tibi
1445 4657 1664 4710 munus,

301 4721 398 4791 Qui
426 4725 566 4781 facis
595 4727 853 4783 Ecclesiae
881 4744 1129 4785 crescere
1160 4731 1264 4786 rite
1293 4732 1480 4787 decus.

237 4809 452 4888 Jamque
481 4821 926 4891 propinquabant
956 4823 1109 4891 ripae,
1138 4831 1468 4892 portumque
1511 4826 1770 4881 tenebant
1800 4844 1814 4881 :

301 4908 481 4968 Caesar
512 4913 580 4966 ab
607 4913 820 4968 excelsa
853 4914 968 4968 haac
997 4914 1258 4983 prospicit
1287 4931 1412 4970 arce
1437 4917 1558 4985 pius
1578 4955 1593 4981 ,

302 5083 326 5146 fl
363 5073 536 5146 Quem
566 5073 820 5146 Perillam
860 5074 949 5130 alii
987 5076 1347 5146 appellarunt.

244 5207 255 5219 .
305 5142 592 5219 b_Sci|icet
634 5145 941 5219 Marlellus,
992 5142 1126 5201 a'v'us
1167 5147 1346 5203 Caroli
1379 5147 1590 5218 Magni,
1621 5155 1675 5202 et
1697 5163 1816 5202 ma-

243 5212 507 5291 jordomus
535 5216 814 5291 Francige;
854 5219 899 5273 is
938 5233 1130 5291 nempe
1157 5260 1169 5280 ,
1221 5222 1308 5286 qui
1364 5212 1811 5291 Fris'ios'gentem

247 5278 575 5362 durissimam
611 5287 815 5362 celebri
856 5278 1195 5362 expeditioue
1233 5278 1561 5358 prostravit,
1593 5278 1814 5360 suaeque

248 5349 422 5410 ditioni
451 5358 651 5425 adjecit
679 5375 820 5412 anno
859 5349 962 5412 7'53
987 5369 1042 5412 et
1069 5359 1193 5413 ³754.

311 5433 332 5461 ’³
370 5426 570 5484 Bellum
603 5431 979 5499 Aquitanicum
1007 5445 1106 5502 per
1133 5446 1302 5502 annos
1324 5429 1506 5499 plures
1528 5431 1814 5502 Pippinum

250 5505 414 5614 regem
441 5503 726 5623 lexercuit,
764 5515 936 5570 eoque
968 5501 1058 5554 vix
1105 5501 1373 5566 confecto,
1423 5512 1632 5556 natura:
1666 5504 1815 5557 debi-

273 5579 353 5618 um
382 5585 439 5623 so
463 5573 555 5623 vit.

273 5579 353 5618 um
382 5573 555 5626 solvit.

313 5635 338 5682 ά
374 5639 427 5694 Id
453 5653 556 5709 est,
585 5642 824 5713 Magnus,
861 5657 927 5696 ex
957 5642 1097 5698 bello
1125 5641 1398 5698 Saxonico
1422 5645 1692 5715 prtecipue
1713 5645 1817 5701 cla-

253 5717 354 5762 I113.

286 5843 299 5856 θ
321 5789 343 5817 ο
377 5781 506 5839 Tres
533 5787 794 5840 adventus
820 5784 1037 5840 Heroldi
1065 5786 1337 5856 Danorum
1365 5786 1506 5855 regis
1536 5786 1600 5840 ad
1634 5787 1814 5843 Ludo-

254 5855 418 5908 Yicum
440 5856 740 5914 Augustum
767 5856 1035 5914 statuendi
1074 5865 1218 5913 sunt.
1254 5855 1472 5913 Primus
1499 5859 1567 5914 ad
1613 5876 1813 5916 annum

1116 381 1206 437 DE
1246 379 1477 437 REBUS
1515 377 1765 436 GESTIS
1803 375 2127 437 LUDOVICI
2162 375 2270 434 PII.
2307 411 2378 421 —
2417 379 2547 434 LIB.
2589 380 2678 436 IV.

3419 374 3524 432 6ὲὸ

1858 499 1911 559 Α
1936 496 2354 568 Matfridumque
2375 499 2528 570 jubet
2553 496 2813 567 juvenum
2842 497 3140 554 comitante
3167 505 3431 564 caterva,

2007 593 2170 649 Ocius
2196 603 2448 648 occurrat
2477 608 2574 662 pro
2605 591 2804 662 pietate
2831 590 2984 644 viris.

1935 683 2100 739 Mittit
2128 700 2298 753 equos
2327 683 2566 752 phaleris
2597 681 2796 736 multos
2825 689 3086 751 ostroque
3112 690 3358 751 paratos,

2005 775 2108 842 Qui
2143 777 2402 831 revebant
2428 774 2675 829 homines
2707 774 2774 828 ad
2801 789 2894 827 sua
2925 780 3067 827 tecta
3098 788 3288 828 novos.

1931 868 2228 924 Francisco
2255 871 2545 924 subvectus
2574 883 2715 937 equo
2741 865 3012 922 IIeroIdus
3038 865 3241 932 adibat,

2001 959 2231 1029 Conjux,
2266 970 2429 1030 atque
2461 962 2652 1016 domus
2681 968 2879 1015 cuncta
2901 959 3088 1014 venire
3116 964 3292 1028 parat.

1931 1052 2114 1110 Caesar
2141 1069 2264 1109 eum
2288 1057 2531 1124 gaudens
2557 1054 2704 1108 celsa
2724 1053 2968 1122 suscepit
3001 1054 3070 1107 ab
3097 1052 3243 1117 aula,
3266 1065 3268 1085 ξ

2002 1142 2234 1200 Ordinat
2261 1160 2548 1214 expensas,
2578 1145 2962 1212 distribuitque
2990 1143 3174 1213 dapes.

1931 1237 2203 1294 Heroldus
2231 1251 2415 1307 regem
2447 1236 2673 1291 acclinis
2698 1235 2895 1290 affatur
2924 1234 3186 1305 opimum,

2001 1329 2194 1398 Incipit
2225 1343 2320 1383 ore
2343 1343 2438 1382 sua
2462 1336 2590 1382 vota
2620 1326 2827 1381 referre
2856 1326 3043 1396 prior:

1930 1421 2114 1477 Caesar
2147 1421 2346 1490 Opime,
2380 1429 2500 1474 tuas
2525 1436 2644 1488 quae
2687 1433 2776 1474 res
2809 1434 2896 1474 me
2919 1420 3070 1474 vexit
3099 1420 3166 1475 ad
3198 1433 3377 1488 arces,

2001 1513 2214 1582 Meque,
2245 1515 2573 1584 domumque
2601 1529 2800 1578 meam,
2831 1521 2887 1567 et
2911 1529 3082 1584 genus
3109 1529 3270 1569 omne
3290 1511 3472 1570 simul.

1927 1608 2187 1677 Incipiam
2217 1622 2464 1672 narrare,
2495 1606 2654 1676 jubet
2683 1607 2728 1661 si
2754 1615 2936 1660 vestra
2961 1615 3223 1676 potestas,

1999 1701 2264 1758 Caesareis
2285 1713 2570 1774 promptus
2601 1704 2846 1768 auribus,
2875 1711 3040 1772 atque
3060 1717 3274 1758 canam.

1931 1792 2177 1863 Namque
2203 1795 2294 1849 diu
2324 1805 2540 1863 patrum
2574 1803 2813 1850 sectatus
2833 1795 2957 1865 jura
2985 1795 3256 1864 priorum,

1997 1884 2146 1940 More
2177 1886 2281 1939 mei
2309 1887 2524 1956 generis
2553 1886 2818 1941 hactenus
2845 1869 3026 1954 usque?
3048 1885 3166 1950 tuli,
3218 1880 3221 1881 ⁷

1924 1976 1994 2031 Ει
2024 1993 2145 2032 mea
2177 1994 2332 2032 sacra
2369 1980 2506 2033 meis
2532 1994 2748 2048 semper
2778 1979 2861 2032 dis
2889 1987 3054 2048 atque
3083 1979 3291 2034 deabus

1995 2068 2238 2125 Persolvi
2270 2070 2512 2140 supplex,
2545 2078 2600 2124 et
2622 2071 2710 2139 pia
2740 2079 2862 2124 vota
2896 2070 3038 2124 dedi.

1924 2158 2145 2217 Scilicet
2171 2168 2230 2215 ut
2259 2161 2449 2216 horum
2481 2159 2738 2230 suffragia
2771 2177 2938 2231 regna
2967 2169 3197 2230 paterna

1996 2252 2310 2317 Servarent,
2341 2253 2620 2323 populum,
2655 2253 2875 2323 praedia,
2906 2253 3022 2306 sive
3050 2252 3214 2316 lares,

1923 2345 2324 2414 Auferrentque
2352 2344 2573 2410 famem,
2606 2361 2700 2400 seu
2731 2346 2890 2399 noxia
2916 2353 3110 2399 cuncta
3135 2351 3392 2414 potenter

1992 2435 2518 2505 Abstraberentque,
2546 2437 2740 2490 darent
2767 2451 3025 2505 prospera
3056 2444 3251 2489 cuncta
3278 2434 3412 2490 suis.

1922 2525 2040 2581 Eho
2068 2541 2224 2581 sacer
2252 2537 2433 2582 vester
2472 2528 2673 2582 dudum
2709 2526 3100 2581 Nortmaunica
3135 2541 3264 2580 rura

1994 2619 2331 2691 Ingrediens,
2364 2619 2521 2673 aliter
2546 2617 2827 2690 praedicat,
2870 2628 3034 2688 atque
3062 2619 3278 2688 probat.

1923 2709 2172 2780 Namque
2204 2711 2353 2766 canit
2377 2710 2502 2766 (εωιὶ
2530 2720 2795 2779 ιθτιτεψιε
2826 2711 3102 2780 marisque
3128 2717 3411 2765 creantem

1993 2804 2126 2859 Esse
2151 2805 2323 2859 Deum
2349 2820 2560 2869 verum,
2591 2819 2750 2873 quem
2782 2804 2934 2858 decet
2961 2818 3123 2857 omne
3148 2788 3334 2857 decus.

1923 2896 2025 2964 Qui
2061 2897 2306 2966 geminos
2335 2897 2586 2952 homines
2612 2896 2709 2950 luti
2737 2896 2803 2950 de
2830 2895 3018 2949 fomite
3044 2895 3224 2965 primo

1993 2987 2238 3053 Fecerat,
2273 2988 2414 3043 unde
2443 3003 2614 3059 genus
2641 2987 2814 3041 crevit
2841 2987 2894 3040 in
2927 2986 3058 3040 orbe
3079 2985 3280 3039 virum.

1919 3078 2014 3135 Ille
2044 3080 2187 3134 Deus
2214 3095 2458 3135 summus
2491 3077 2688 3133 Natum
2717 3077 3019 3133 transmisit
3049 3077 3104 3132 in
3141 3091 3294 3145 arva,

1991 3173 2069 3228 De
2097 3173 2251 3244 cujus
2284 3173 2458 3228 latere
2491 3171 2713 3243 sanguis
2739 3180 2795 3225 et
2822 3171 2966 3225 unda
2993 3169 3130 3225 fluit.

1843 3238 1888 3301 Ο
1920 3265 2047 3321 Haec
2069 3264 2200 3319 lavit
2217 3265 2235 3302 ί
2261 3262 2524 3318 mundum
2558 3263 2828 3318 miserans
2851 3277 2977 3317 mox
3000 3262 3231 3318 crimine
3251 3259 3320 3316 ab
3339 3262 3514 3330 omni,

1989 3356 2168 3426 Atque
2196 3355 2501 3410 renascenti
2533 3354 2723 3409 coelica
2751 3368 2917 3425 regna
2943 3353 3108 3408 dedit.

1918 3447 2089 3502 Filius
2115 3447 2204 3501 ille
2228 3447 2321 3500 Dei
2349 3446 2602 3501 Christus
2631 3445 2902 3499 vocitatur
2926 3443 3099 3508 Iesus,

1989 3537 2155 3606 Cujus
2177 3539 2414 3593 chrisma
2444 3539 2568 3591 beat
2596 3551 2740 3590 nunc
2764 3552 2934 3607 genus
2957 3550 3117 3590 omne
3147 3534 3318 3605 pium.

1919 3627 2077 3684 Hunc
2113 3628 2217 3683 nisi
2247 3627 2530 3682 confessus
2555 3626 2718 3681 fuerit
2741 3627 2972 3696 quisque
2997 3642 3119 3682 esse
3149 3626 3470 3694 Tonantem,

1989 3725 2058 3780 Et
2086 3724 2173 3795 pia
2200 3723 2454 3794 baptismi
2487 3736 2716 3778 munera
2745 3723 3028 3793 suscipiat,
3221 3781 3224 3785 ,

1917 3825 2165 3882 Tartarei
2197 3826 2399 3881 invitus
2427 3825 2740 3895 properabit
2769 3826 2836 3880 ad
2870 3826 2976 3880 ima
3008 3823 3287 3901 profundi,

1989 3919 2108 3988 Quo
2137 3919 2276 3974 male
2305 3919 2666 3984 daemonibus,
2698 3918 3098 3974 consociandus
3125 3919 3252 3974 erit.

1914 4011 2014 4069 Ast
2040 4013 2347 4082 quicunque
2373 4012 2523 4082 cupit
2553 4010 2679 4065 cmli
2715 4011 3082 4066 conscendere
3113 4011 3320 4077 sedem,

1986 4104 2103 4172 Quo
2130 4111 2315 4159 manet
2337 4119 2497 4158 omne
2525 4103 2746 4169 bonum,
2776 4110 2831 4157 et
2856 4102 3046 4172 procul
3075 4119 3237 4158 omne
3278 4102 3511 4188 malum,

1914 4193 2034 4250 Iam
2065 4194 2321 4261 fateatur,
2350 4209 2473 4248 eum
2505 4208 2694 4247 verum
2735 4207 2857 4247 esse
2884 4193 3164 4262 Deumque
3193 4193 3506 4248 hominem-

3274 4282 3421 4354 leue.

1851 1871 1899 1930 B

1987 4378 2260 4448 Expurget
2300 4393 2398 4432 nec
2431 4391 2540 4432 non
2567 4389 2796 4444 corpora
2825 4373 2972 4429 fonte
3001 4388 3178 4429 sacro.

1914 4467 1971 4521 In
2001 4467 2204 4532 Patris,
2230 4475 2283 4521 et
2312 4466 2458 4531 Nati,
2491 4482 2585 4521 seu
2615 4467 2837 4520 nomine
2865 4465 3132 4521 Flaminis
3158 4466 3284 4520 almi

1989 4561 2231 4615 Membra
2263 4559 2561 4614 salutiferis
2593 4569 2674 4614 ter
2718 4575 2935 4629 quoque
2973 4559 3198 4613 mundet
3223 4561 3400 4629 aquis.

1923 4651 2022 4708 Hic
2053 4653 2195 4707 Deus
2221 4661 2304 4707 est
2332 4667 2492 4718 unus,
2524 4651 2772 4720 quamvis
2801 4651 2910 4706 siut
2937 4651 3156 4706 nomina
3186 4652 3350 4717 trina,

1927 4745 1930 4749 ’
1991 4743 2098 4799 Par
2125 4745 2299 4800 honor
2337 4752 2500 4815 atque
2528 4743 2695 4798 decus
2719 4750 2821 4805 est,
2850 4741 2973 4808 fuit,
3004 4751 3109 4810 est,
3133 4759 3349 4814 quoque
3377 4743 3505 4799 erit.

1919 4837 2150 4902 Caetera,
2186 4853 2306 4908 qute
2333 4836 2584 4890 manibus
2613 4843 2866 4890 constant
2892 4833 3154 4905 praelicta,
3179 4834 3396 4891 metalla

1991 4927 2136 4983 Idola
2174 4942 2314 4981 vana
2347 4934 2504 4981 vocat
2530 4925 2748 4995 praesul,
2787 4932 2842 4980 et
2869 4940 2990 4980 esse
3013 4925 3165 4980 nihil.

1919 5083 2022 5138 8M
2050 5089 2283 5152 spectat,
2313 5089 2374 5134 ut
2419 5078 2560 5152 infra
2593 5079 2882 5152 adnotabo.
2931 5079 3214 5152 Secundus
3243 5079 3314 5133 ab
3341 5077 3506 5152 Egit}-

1919 5147 2093 5207 hardo
2121 5152 2350 5221 aliisque
2387 5149 2728 5221 chronologis
2772 5150 3007 5205 refertur
3044 5151 3344 5221 adannum
3374 5147 3504 5214 825,

1919 5239 2027 5293 quo
2077 5223 2124 5277 is
2155 5224 2221 5275 ad
2265 5219 2598 5293 Ludovicum
2647 5219 2898 5285 accessit,
2939 5239 2955 5271 ‹
3013 5219 3272 5293 auxilium
3309 5227 3539 5293 petens»

1919 5289 2107 5349 eontra
2139 5294 2275 5347 filios
2297 5291 2597 5354 Godefridi,
2625 5293 2714 5361 qui
2746 5307 2868 5346 eum
2898 5291 3076 5361 patria
3101 5289 3303 5360 pellere
3329 5290 3506 5361 mina-

1919 5366 2136 5420 bantur.
2176 5385 2192 5417 ι
2231 5364 2450 5418 Tertius
2476 5379 2608 5417 vero
2639 5358 2705 5415 ad
2736 5358 2938 5415 annum
2972 5358 3252 5429 826,'quo,
3279 5370 3336 5414 ut
3360 5358 3510 5416 idem

1921 5435 2264 5507 Eginhardus
2295 5435 2503 5507 scribit,
2537 5453 2553 5483 ‹
2593 5431 2918 5507 _I_Ieriboldus
2948 5447 3071 5507 cum
3099 5446 3269 5507 uxore
3296 5440 3352 5507 et
3393 5446 3506 5507 ma:

1959 5500 2024 5560 ua
2055 5508 2327 5562 Danorum
2357 5503 2698 5572 multitudine
2725 5501 2965 5563 veniens,
3005 5500 3337 5572 Moguuciaci
3362 5500 3505 5572 apud

1966 5589 2178 5634 auctum
2233 5578 2497 5632 Albanum
2548 5571 2853 5639 baptizatus
2881 5582 2982 5626 est.
3037 5594 3056 5625 ι
3096 5571 3262 5628 Poeta
3317 5571 3506 5628 noster

1920 5660 2250 5721 postremum
2298 5649 2441 5700 hunc
2492 5641 2709 5696 Ileroldi
2758 5643 3044 5697 adventrum
3081 5645 3372 5714 agnovisse
3414 5643 3501 5700 vi.

1921 5723 2098 5776 detur.

2000 5792 2017 5830 ί
2062 5789 2332 5862 Scriptum
2359 5801 2390 5840 a
2418 5791 2577 5860 poeta
2606 5783 2785 5857 potius
2814 5782 2999 5852 fuerit,
3024 5786 3123 5842 hac
3153 5786 3299 5843 lavit.
