4022 6444
495 295 600 352 627

1805 306 2119 371 Ειωοωι
2153 307 2432 369 NIGELLI

492 414 643 474 Hanc
666 419 803 476 mihi
827 418 1011 478 Caesar
1034 434 1228 479 amans
1250 421 1450 495 praesul
1475 422 1856 481 sanctissimus
1877 425 1992 483 Eho
2087 429 2147 492 Α
2235 429 2414 485 Aurea
2440 443 2603 502 quem
2641 438 2865 488 comunt
2896 431 3115 503 cingula
3141 432 3249 488 rite
3276 432 3427 488 data.

561 512 695 569 Esse
724 513 886 571 ﬁdem
911 524 1147 572 vestram
1173 519 1384 575 censuit
1406 535 1502 576 ore
1523 536 1641 576 suo.

489 602 654 674 Cujus
680 621 781 678 ego
807 608 1058 678 exemplo
1082 610 1263 665 verbis
1290 620 1567 667 recreatus
1595 612 1840 669 honestis

558 696 735 752 Credo
757 697 929 755 Deum
959 713 1168 765 verum,
1199 716 1396 771 respuo
1428 701 1635 772 sculpta
1675 717 1891 759 manus.

486 790 693 846 Idcirco
724 792 792 846 ad
823 802 1065 851 vestrum
1093 796 1377 864 properavi
1408 796 1611 866 remige
1642 813 1895 868 regnum,

558 883 633 939 Ut
660 884 795 941 mihi
828 897 1010 943 vestra
1044 886 1176 942 ﬁdes
1203 889 1513 944 consociata
1543 888 1705 945 foret.

487 975 671 1031 Caesar
698 978 765 1032 ad
793 978 911 1035 btec
942 996 955 1031 :
986 978 1234 1044 llerolde,
1268 979 1365 1034 tibi
1397 996 1517 1049 quae
1545 981 1724 1051 poscis
1752 981 1928 1043 amico

557 1067 684 1123 Rite
710 1068 872 1136 dabo,
894 1079 950 1126 et
972 1080 1154 1139 grates
1182 1070 1306 1125 inde
1338 1073 1574 1143 rependo
1606 1074 1735 1129 Deo.

487 1158 606 1227 Quo
637 1161 936 1219 miserante
966 1163 1059 1218 diu
1084 1171 1327 1220 sectatus
1354 1162 1509 1233 jussa
1536 1165 1749 1233 celidri,

560 1250 944 1309 Christicolum
976 1256 1192 1311 tandem
1219 1257 1401 1326 poscis
1427 1258 1578 1313 adire
1606 1258 1792 1315 fidem.

486 1341 627 1399 Ecce
650 1352 865 1419 parate,
894 1342 1070 1416 jubet,
1102 1350 1285 1405 cuncti
1315 1350 1646 1419 concurrite,
1670 1349 1877 1421 Caesar,

558 1435 781 1501 Inuera
805 1436 1060 1509 baptismi
1087 1439 1192 1495 rite
1225 1449 1417 1512 parate
1449 1442 1609 1498 decet
1629 1453 1680 1496 ι.

490 1528 818 1587 Candidolas
845 1539 1024 1589 vestes
1053 1531 1239 1602 quales
1263 1542 1480 1604 gestare
1505 1532 1719 1590 decebit

554 1622 911 1693 Christicolis,
944 1624 1142 1689 fontes,
1181 1627 1494 1693 chrismata,
1530 1642 1626 1683 seu
1656 1626 1866 1685 latices.

484 1713 692 1774 Ordine
722 1715 809 1775 his
838 1716 1031 1788 gestis,
1064 1715 1233 1771 sacris
1263 1731 1479 1788 quoque
1508 1717 1611 1772 rite
1639 1717 1868 1788 paratis,

553 1808 737 1866 Caesar
759 1816 816 1865 et
843 1809 1110 1869 Heroldus
1133 1817 1271 1866 tecta
1301 1818 1515 1866 sacrata
1542 1817 1754 1879 petunt.

482 1902 667 1959 Caesar
694 1904 901 1959 honore
933 1903 1027 1958 Dei
1053 1901 1346 1958 Heroldum
1374 1904 1611 1973 suscepit
1635 1904 1703 1958 ab
1732 1902 1893 1961 undis
1912 1903 1967 1973 δ,

553 1987 810 2043 Vestibus
840 1989 1092 2043 albidulis
1118 1998 1279 2044 ornat
1300 1997 1356 2045 et
1382 1991 1494 2059 ipse
1522 2007 1706 2045 manu.

478 2077 664 2135 Iudith
690 2090 712 2119 ο
746 2080 989 2149 reginam
1020 2080 1237 2135 lleroldi
1269 2081 1493 2150 pulchra
1529 2080 1906 2152 induperatrix

551 2173 724 2228 Fonte
754 2172 899 2227 levat
924 2189 1100 2240 sacro,
1130 2174 1373 2230 vestibus
1399 2184 1561 2244 atque
1591 2175 1746 2247 tegit.

478 2265 798 2322 Hlutharius
824 2265 1008 2321 Caesar
1036 2265 1301 2321 Ludovici
1334 2265 1476 2323 illius
1501 2266 1653 2336 almi,

549 2362 775 2418 Heroldi
804 2370 989 2417 natum
1019 2362 1235 2417 sustulit
1262 2378 1291 2417 a
1320 2362 1505 2418 latice.

478 2455 644 2529 Regis
670 2457 966 2511 honoratos
988 2470 1243 2526 proceres
1271 2456 1622 2528 relevantque
1645 2457 1930 2526 decorant,

547 2549 648 2605 Ast
676 2550 811 2605 alios
837 2549 1023 2621 plures
1060 2551 1219 2605 turba
1248 2549 1448 2606 levavit
1472 2552 1651 2620 aquis.

477 2643 523 2701 0
561 2644 850 2710 Ludoviee,
886 2644 997 2699 Deo
1031 2653 1263 2715 quantas
1290 2644 1390 2700 das
1420 2660 1615 2714 magne
1640 2644 1922 2700 catervas!

547 2732 794 2799 Quantus
820 2734 956 2790 odor
987 2733 1205 2791 Christo
1232 2743 1283 2789 te
1306 2734 1538 2789 faciente
1569 2744 1715 2791 meat
1740 2736 1754 2789 ι

479 2824 607 2879 εἰωο
634 2826 727 2880 tibi
754 2826 904 2882 lucra
939 2827 1051 2891 diu,
1091 2828 1361 2898 princeps,
1393 2835 1609 2883 servata
1640 2829 1971 2897 manebunt;

546 2917 839 2977 Abstrabis
861 2935 958 2975 ore
985 2921 1118 2991 lupi,
1152 2938 1272 2991 quae
1300 2922 1434 2977 facis
1455 2938 1577 2978 esse
1608 2924 1726 2979 Dei.

483 3007 735 3069 Vestibus
764 3011 981 3068 albatus
1015 3012 1235 3077 Herold,
1266 3029 1361 3068 seu
1395 3014 1562 3069 corde
1590 3022 1833 3085 renatus,

549 3102 671 3158 Jam
699 3104 871 3173 patris
902 3103 1084 3159 eximii
1114 3104 1344 3159 candida
1369 3112 1512 3159 tecta
1539 3105 1705 3160 subit.

478 3196 664 3259 Guar
689 3197 740 3253 ei
773 3196 951 3253 celsus
979 3196 1315 3268 praegrandia
1339 3211 1561 3252 munera
1589 3197 1776 3265 donat,

552 3287 744 3356 Qualia
769 3274 1105 3345 Francorum
1136 3289 1362 3360 gignere
1391 3304 1518 3345 rura
1547 3288 1749 3346 valent.

478 3380 798 3439 Consertam
826 3380 1167 3453 chlamydem
1187 3380 1217 3421 ἀ
1243 3381 1477 3452 gemmis
1500 3396 1597 3437 seu
1633 3381 1846 3438 murice
1865 3382 2075 3449 rubro,

547 3473 761 3531 Aureus
783 3474 839 3531 in
866 3490 1002 3545 gyro
1029 3489 1193 3544 quam
1223 3489 1439 3545 quoque
1467 3473 1665 3531 limbus
1703 3482 1842 3530 arat.

478 3568 584 3629 Dat
608 3567 765 3625 lateri
788 3567 1056 3639 insignem
1081 3567 1282 3634 Caesar,
1311 3582 1475 3639 quem
1497 3579 1761 3639 gesserat,
1790 3583 1999 3638 ensem,

553 3690 581 3749 ρ
620 3677 894 3742 Fortasse,
925 3695 1118 3749 parare
1152 3680 1316 3735 decet.

551 3748 580 3789 δ
614 3749 753 3807 Audi
794 3748 1110 3820 Theganum
1141 3752 1207 3806 de
1250 3750 1401 3808 Cest.
1428 3750 1686 3809 Ludovici
1729 3752 1807 3808 Pii
1840 3771 1853 3807 :
1893 3771 1913 3805 ‹
1957 3752 2061 3809 Se-

480 3821 689 3893 quenti,
714 3820 806 3893 ait,
850 3836 1038 3893 annos
1073 3822 1146 3891 (id
1177 3830 1259 3876 est
1300 3821 1423 3881 826)
1470 3841 1488 3873 ι
1517 3832 1633 3876 erat
1665 3823 1716 3876 in
1751 3824 1949 3893 palatio
1974 3822 2062 3877 ln—

480 3888 808 3961 gulenheim,
856 3901 911 3945 et
952 3891 1027 3944 ibi
1067 3888 1133 3945 ad
1161 3907 1282 3946 eum
1315 3894 1461 3946 venit
1507 3893 1713 3947 Erioith
1751 3888 1828 3947 'de
1865 3895 2057 3959 Dania,

479 3958 643 4085 ﬁlim:
670 3958 930 4016 Dominus
976 3961 1271 4030 imperator
1304 3963 1539 4018 elevavit
1581 3964 1648 4019 de
1679 3962 1830 4019 fonte
1858 3958 2063 4036 bapth

649 4068 662 4082 .
692 4048 714 4083 δ
1900 4080 1903 4083 .

552 4080 760 4172 ﬁdem
808 4100 985 4172 habet
1013 4100 1302 4172 Tbeganus
1348 4102 1554 4157 addens
1598 4118 1612 4157 :
1656 4121 1675 4154 ‹
1722 4103 1788 4157 Et
1833 4080 2065 4165 uxorem

481 4167 601 4244 ejus
629 4170 858 4226 elevavit
881 4173 948 4244 de
970 4171 1118 4228 fonte
1134 4167 1343 4227 'domua
1372 4172 1559 4228 Judith
1589 4174 1851 4244 Augusta.
1891 4196 1908 4227 ι
1958 4175 2064 4228 Re-

477 4240 971 4368 gqualspectaculi
1021 4252 1130 4300 tam
1169 4244 1401 4300 celebris
1451 4245 1606 4299 nobis
1652 4240 1889 4300 sérvavit
1922 4262 2063 4302 unus

528 4329 645 4368 rmo
704 4329 786 4368 us.

528 4329 786 4369 rmomus.

547 4382 575 4424 ιι
615 4385 982 4458 Expendenda
1008 4386 1124 4458 hmo
1150 4393 1205 4440 et
1228 4387 1542 4458 illustranda
1568 4387 1817 4458 relinquo
1848 4386 2058 4442 clariss.

475 4454 596 4509 viro
623 4454 1228 4528 domnoBernardode
1255 4456 1704 4521 Montfaucon,ex
1729 4454 2056 4528 congregat.

2173 520 2351 576 Aurea
2381 537 2505 576 mox
2534 525 2780 594 geminos
2807 530 3187 596 constringunt
3210 526 3389 582 vincla
3424 525 3698 583 lacertos.

2243 612 2472 668 Femora
2499 623 2802 684 geminatus
2831 616 3039 671 balteus
3071 617 3190 687 ejus
3219 618 3354 672 obit.

2172 702 2240 759 Et
2272 713 2435 772 caput
2461 706 2656 775 insigni
2681 706 2915 761 donatur
2946 708 3048 761 rite
3084 722 3311 774 corona,

2244 792 2731 867 Perstringuntque
2761 797 2925 867 pedes
2950 813 3112 852 aurea
3141 798 3352 870 plectra
3378 810 3401 838 ο
3430 815 3588 857 suos.

2169 884 2349 941 Aurea
2379 902 2475 955 per
2499 888 2719 941 dorsum
2749 887 3097 957 resplendent
3122 889 3360 959 tegmina
3393 889 3594 957 latum,

2238 977 2621 1048 Ornanturque
2658 993 2852 1032 manus
2881 979 3115 1048 tegmine
3142 979 3455 1035 candidulo.

2170 1068 2395 1125 Munera
2425 1077 2688 1138 praeterea
2714 1077 2978 1124 matronae
3006 1069 3150 1141 regia
3183 1066 3370 1125 Judith

2242 1160 2492 1231 Congrua
2525 1175 2755 1232 namque
2784 1161 2953 1226 dedit,
2986 1160 3405 1234 gratificumque
3443 1162 3642 1218 decus.

2171 1252 2391 1310 Scilicet
2418 1268 2487 1307 ex
2513 1269 2647 1308 auro
2680 1254 2918 1308 tunicam
2948 1253 3285 1325 gemmisque
3310 1255 3611 1325 rigentem,

2240 1345 2470 1402 Conficit
2496 1354 2582 1401 ast
2604 1344 2817 1417 qualem
2843 1354 2961 1401 arte
2992 1345 3235 1401 Minerva
3260 1362 3380 1402 sua.

2167 1435 2349 1492 Aurea
2377 1436 2512 1491 vitta
2539 1444 2700 1507 caput
2728 1436 2956 1508 gemmis
2984 1437 3231 1492 redimita
3263 1442 3515 1504 coronat,

2235 1527 2415 1597 Atque
2441 1526 2646 1582 munile
2675 1527 2806 1599 tegit
2828 1534 3049 1597 pectora
3084 1527 3289 1597 grande
3314 1543 3475 1582 nova.

2165 1615 2391 1672 Flexilis
2418 1616 2618 1673 obtorti
2647 1633 2744 1688 per
2768 1616 2967 1673 collum
2993 1616 3036 1672 it
3061 1617 3303 1673 circulus
3332 1619 3474 1686 auri,

2240 1707 2593 1779 Armillaeque
2623 1717 2812 1764 tenent
2836 1708 3058 1766 brachia
3084 1708 3351 1765 femineas.

2093 1799 2146 1863 B
2168 1800 2401 1858 Femora
2431 1802 2580 1858 lenta
2622 1810 2811 1875 tegunt
2842 1818 2977 1857 auro
3014 1803 3351 1875 gemmisque
3374 1810 3601 1875 peracta

2236 1891 2486 1964 Cingula,
2512 1893 2671 1948 dorsa
2703 1892 2836 1965 tegit
2861 1908 3024 1948 aurea
3051 1908 3218 1964 cappa
3244 1911 3420 1949 suum.

2165 1982 2277 2039 Nec
2307 1982 2486 2038 minus
2515 1983 2723 2038 interea
2753 1982 3070 2037 lllutharius
3092 1992 3253 2038 ornat
3278 2000 3469 2041 amore

2239 2073 2459 2131 Heroldi
2489 2084 2679 2128 natum
2705 2073 2951 2129 vestibus
2978 2075 3249 2145 aurigeris

2166 2164 2373 2222 Caetera
2401 2180 2637 2235 namque
2666 2165 2867 2219 cohors
2899 2163 3193 2220 Francisco
3220 2178 3371 2220 more
3391 2173 3640 2238 paratur,

2234 2258 2568 2314 Vestimenta
2598 2255 2701 2311 sibi
2733 2256 2917 2313 Caesar
2950 2272 3138 2312 amore
3164 2256 3333 2312 dedit.

2163 2349 2377 2407 Interea
2407 2350 2699 2405 missarum
2727 2348 2953 2404 aderant
2970 2348 3083 2420 jam
3115 2364 3272 2406 sacra
3302 2357 3515 2419 parata,

2237 2461 2388 2517 More
2410 2469 2571 2516 vocat
2593 2460 2809 2531 signum
2841 2459 2861 2498 τ
2890 2460 2960 2516 ad
2986 2458 3225 2515 culmina
3251 2461 3277 2501 ε
3303 2475 3460 2517 sacra
3484 2460 3763 2521 homines.

2165 2550 2333 2609 Tecta
2365 2552 2539 2606 nitent
2576 2551 2730 2605 vario
2763 2549 2913 2605 clero
2944 2550 3149 2621 repleta
3185 2566 3431 2616 corusco,

2240 2642 2446 2700 Ordine
2476 2643 2709 2698 miriﬁco
2733 2650 2925 2697 vernat
2947 2658 3165 2697 amoena
3197 2642 3408 2699 domus.

2166 2733 2348 2791 Turba
2377 2734 2721 2789 sacerdotum
2750 2730 3043 2789 Clementis
3066 2734 3090 2771 ιι
3129 2732 3380 2804 dogmate
3408 2741 3647 2803 constat,

2234 2825 2544 2894 Levitaeque
2574 2825 2779 2879 micant
2806 2823 2997 2879 ordine
3025 2838 3260 2894 namque
3288 2822 3384 2894 pii.

2165 2919 2377 2976 Theuto
2413 2922 2429 2959 i
2476 2920 2702 2974 chorum
2736 2918 2868 2974 cieri
2895 2918 3132 2989 disponit
3160 2918 3266 2974 rite
3293 2929 3612 2990 canentum,

2232 3013 2576 3068 Adhallvitus
2608 3013 2777 3078 adest,
2806 3010 3017 3085 fertque
3049 3028 3211 3067 manu
3236 3011 3490 3082 ferulam,

2166 3104 2411 3161 Perculit
2445 3104 2843 3174 instantesque,
2886 3104 3030 3158 viam
3063 3105 3338 3175 componit
3361 3105 3568 3159 honore

2088 3157 2138 3224 α
2236 3195 2486 3261 Caesaris,
2516 3205 2572 3251 et
2599 3210 2907 3267 procerum,
2937 3194 3211 3267 conjugis,
3241 3203 3297 3251 et
3327 3196 3549 3252 sobolis.

2162 3288 2317 3345 Atria
2348 3286 2533 3343 Cmsar
2553 3302 2723 3341 ovans
2746 3302 2845 3361 per
2868 3286 2976 3341 lata
3002 3288 3221 3358 petebat
3255 3286 3312 3341 in
3340 3286 3541 3354 aulam,

2238 3378 2472 3434 Sedulus
2494 3377 2687 3433 oﬂiciis
2713 3374 2903 3433 adfore
2929 3393 3073 3450 saepe
3101 3376 3298 3434 sacris.

2162 3460 2696 3544 Resplendensauro
2725 3473 2950 3527 nimium
2989 3472 3329 3547 gemmisque
3356 3471 3649 3546 refulgens,

2234 3564 2460 3621 Innixus
2493 3563 2711 3621 famulis
2736 3563 2891 3619 laetus
2915 3565 3101 3620 abibat
3130 3566 3253 3621 iter.

2163 3685 2385 3741 tinianis
2426 3682 2485 3754 (ii
2513 3685 2659 3743 enim
2682 3684 2836 3754 paria
2860 3684 3089 3754 habent,
3115 3683 3317 3753 quippe
3353 3682 3562 3754 abnuo
3587 3678 3740 3754 fonte

2163 3750 2500 3826 manantes),
2540 3750 2826 3826 Mpgtintim
2867 3755 3007 3826 apud
3053 3750 3619 3826 εαὴειᾲιιὶηῌᾼιζξᾳηκῃι
3666 3752 3754 3826 ιρ-

2163 3828 2425 3900 ptizut_us_
2444 3822 2521 3878 est
2552 3822 2879 3900 {feriati/tus.
2901 3822 3002 3878 ‘Ac
3030 3822 3649 3900 proindeMabillonius
3697 3822 3754 3876 in

2162 3891 2359 3953 Annal.
2392 3896 2726 3948 Benedictin.
2758 3896 2823 3947 ad
2851 3891 3047 3948 annum
3070 3895 3177 3949 896
3205 3891 3378 3948 veluti
3408 3907 3523 3947 rem
3548 3902 3755 3946 certam

2165 3968 2219 4022 id
2249 3966 2460 4021 statuit.
2494 3965 2561 4019 Et
2582 3965 2803 4035 quidem
2830 3967 3048 4021 celebre
3077 3965 3178 4020 fuit
3205 3963 3596 4035 monasterium
3626 3962 3756 4035 San-

2165 4038 2238 4092 cti
2271 4036 2466 4089 Albani
2498 4032 2784 4092 Moguntim
2812 4036 2991 4089 situm.
3027 4037 3096 4091 At
3140 4044 3326 4091 uoster
3367 4032 3500 4089 nihil
3541 4034 3608 4089 de
3648 4033 3757 4089 Mo-

2164 4107 2375 4179 guntia,
2424 4105 2555 4159 nihil
2586 4102 2649 4158 de
2701 4105 2886 4179 Sancti
2921 4104 3111 4159 Albani
3154 4105 3377 4179 basilica
3408 4102 3751 4179 habetiimo

2165 4174 2299 4234 satis
2327 4184 2513 4246 aperte
2558 4192 2671 4230 rem
2717 4178 2880 4230 tradit
2904 4185 3178 4245 peractam
3218 4178 3268 4229 in
3313 4188 3453 4246 pago
3492 4174 3755 4243 lngelhei-

2165 4244 2554 4315 mensi,latque
2587 4247 2724 4300 adeo
2762 4248 2815 4301 in
2855 4244 3138 4314 magnifica
3168 4247 3256 4300 illa
3301 4244 3547 4305 basilica,
3570 4259 3755 4315 quam

2164 4320 2361 4397 ibidem
2404 4314 2939 4397 positam__Nigellits
2982 4332 3146 4397 supra
3193 4316 3502 4397 descripsit.
3568 4314 3754 4397 risque

2165 4391 2323 4445 aliter
2360 4383 2588 4458 scripsit
2620 4383 2941 4458 Thegauus,
2976 4383 3246 4457 ut'nuper
3286 4383 3545 4458 vidimus.

2166 4460 2376 4514 duobus
2412 4453 2767 4528 scriptoribus
2796 4453 3235 4527 syncbronisfac
3280 4455 3623 4528 potissimum
3662 4453 3753 4528 Ni-

474 4525 650 4582 sancti
678 4524 867 4590 Mauri,
898 4526 1098 4580 eximio
1128 4527 1427 4595 litterarum
1471 4520 1888 4597 nostrorumque
1914 4520 2057 4582 ιὲηιο-
2084 4520 2139 4585 Β
2164 4531 2321 4597 gello,
2359 4530 2448 4597 qui
2494 4520 2630 4582 adeo
2672 4520 2927 4596 graphice
2972 4529 3087 4581 haec
3127 4520 3387 4597 describit
3412 4539 3579 4597 ,_ego
3626 4526 3749 4597 qui-

476 4609 671 4670 porum
702 4605 1043 4670 ornamento,
1068 4597 1160 4670 qui
1190 4613 1363 4669 nuper
1387 4598 1737 4670 Autiquitates
1761 4597 2057 4653 Francius

477 4666 861 4727 describendas
886 4668 1141 4736 suscepit.

553 4747 579 4823 ξ
610 4736 965 4823 Arcus,"aut
1010 4745 1221 4807 pecten,
1277 4736 1889 4823 quomcytbarmdorum
1921 4738 2056 4823 fides

517 4808 779 4880 uisantur.
827 4806 953 4863 Hac
977 4806 1232 4880 germana
1272 4806 1595 4880 significatio
1621 4810 1790 4864 vocis.
1826 4808 1897 4863 At
1925 4809 2057 4878 quid

476 4824 779 4934 ﬁliisallmi‘.
827 4824 953 4863 rure
977 4824 1232 4879 germana
1272 4824 1595 4880 sigmncauo
1621 4824 1790 4864 vocas.
1826 4824 1897 4863 At
1925 4824 2056 4878 quia

519 4880 570 4951 ic
607 4879 894 4951 significet,
942 4894 1051 4951 non
1080 4878 1239 4935 facile
1265 4883 1539 4935 ostendas.
1585 4879 1869 4949 Sipontino
1916 4889 2056 4951 teste

475 4949 729 5021 plectrum
776 4966 990 5033 quoque
1042 4950 1317 5033 interdum
1363 4960 1448 5005 est
1496 4952 1824 5033 appellatum
1877 4950 2055 5032 calcar

476 5020 701 5088 Mm,
741 5022 885 5090 quod
906 5020 1045 5093 olim
1086 5022 1385 5093 addebatur
1425 5020 1583 5093 gallis
1622 5021 1935 5093 gallinaceis
1973 5021 2057 5075 in-

481 5099 567 5163 ter
605 5108 666 5149 se
703 5092 1064 5163 pugnaturis;
1095 5091 1186 5163 qui
1226 5108 1343 5147 mos
1375 5091 1518 5161 apud
1555 5094 1846 5163 Britannos
1890 5092 2054 5163 viget.

478 5159 618 5218 Num
641 5159 1028 5234 ergofcalcaria
1053 5159 1143 5234 hic
1173 5159 1503 5234 innuuntur?
1529 5165 1608 5234 An
1637 5178 1734 5231 pro
1758 5159 1965 5233 plectrd
1981 5162 2058 5217 le-

547 5232 906 5317 ndum'plate,
936 5242 1029 5289 aut
1075 5232 1278 5302 aliquid
1330 5233 1519 5317 aliud:
1550 5232 1940 5317 Calceamenta‘
1969 5234 2057 5288 hic

580 5302 968 5376 ignarirvideo,
1008 5319 1130 5375 qua:
1165 5304 1465 5376 monachus
1488 5303 1857 5373 Sangallensis
1888 5302 1979 5357 lib.
2014 5321 2057 5370 ι,

476 5374 723 5501 «p.336,
761 5374 1096 5433 Francorum
1120 5377 1339 5447 regibus
1362 5374 1528 5432 fuisse
1549 5376 1841 5446 forinsecus
1866 5383 2058 5428 aurata

478 5459 586 5501 ὀτι
627 5463 643 5500 l
673 5485 688 5501 .

478 5447 688 5502 scribit.

556 5513 577 5555 ί
617 5515 673 5571 id
699 5524 802 5581 est,
825 5531 1108 5586 campana.
1149 5516 1281 5573 Vide
1309 5515 1646 5585 Ducangium
1687 5516 1739 5570 in
1780 5513 2059 5570 Glossario

480 5586 698 5648 Latino,
727 5587 909 5656 ibique
933 5588 1040 5643 alia
1078 5596 1318 5643 veterum
1349 5588 1595 5655 exempla
1624 5594 1961 5642 coacervata.

557 5658 581 5696 ε
623 5655 736 5728 Hoc
769 5654 884 5728 est,
942 5659 1218 5727 templum.
1266 5657 1371 5712 Sed
1421 5654 1693 5728 quodnam
1751 5654 2055 5728 bujusmpdi

485 5725 783 5796 templum?
814 5726 872 5782 Si
905 5729 1037 5785 ﬁdes
1056 5725 1385 5785 ‘Astronomo
1415 5725 1467 5782 in
1513 5727 1632 5781 Vita
1665 5727 1921 5781 Ludovici
1950 5725 2050 5791 Pii,

481 5804 537 5857 ct
560 5797 893 5873 Eginhardo,
919 5807 1079 5875 atque
1101 5800 1399 5887 Aiuialibus
1422 5797 1779 5860 Fuldensibus
1813 5813 1879 5855 ac
1915 5799 2049 5856 Ber-

2196 4616 2283 4656 cm
2315 4595 2568 4655 libentius
2600 4595 2956 4653 adhaererem.
2988 4598 3087 4665 Qui
3125 4599 3269 4653 enim
3299 4595 3613 4667 Egiuhairdo
3639 4596 3748 4651 An-

2158 4672 2311 4725 nales
2354 4670 2684 4729 tribuuntur,
2731 4677 2979 4724 nontam
3035 4678 3184 4723 certo
3231 4666 3454 4723 auclore
3499 4666 3748 4721 feruntur

2160 4742 2237 4795 uti
2274 4755 2464 4809 poema
2502 4740 2645 4809 quod
2681 4754 2793 4809 prze
2834 4739 3083 4793 manibus
3110 4741 3391 4793 habemus.
3429 4735 3748 4809 Atqnehtec

2159 4806 2363 4876 scribo,
2395 4806 2694 4864 nisi'idem'
2711 4808 2873 4864 fuerit
2908 4809 3167 4879 templum
3210 4808 3395 4865 Sancti
3432 4806 3654 4871 Albani,
3694 4812 3751 4861 et

2158 4881 2380 4952 basilica
2429 4880 2895 4952 lngelheimensis.
2926 4878 3278 4952 Egiuhardus
3303 4880 3422 4952 ipse
3452 4878 3525 4952 ad
3547 4891 3746 4952 annum

2160 4950 2262 5006 787
2291 4951 2445 5008 testis
2470 4948 2573 5016 est,
2603 4970 2622 5002 ι
2662 4951 2842 5005 villam
2870 4948 2991 5020 quai
3010 4959 3236 5005 vocatur
3264 4948 3557 5019 lngelheim
3585 4949 3746 5004 sitam

2158 5022 2326 5078 fuisse
2357 5023 2414 5077 in
2453 5022 2764 5077 suburbano
2800 5020 3241 5091 Mogontiacensi.
3270 5041 3302 5091 AD

2230 5094 2257 5134 ιι
2297 5094 2435 5148 Ρυιο
2480 5093 2707 5147 Romani
2750 5089 3043 5160 pontificis,
3092 5092 3144 5146 in
3200 5089 3355 5159 cujus
3384 5089 3747 5160 supposititiis

2157 5162 2312 5218 libris
2339 5163 2494 5234 plura
2520 5161 2586 5216 de
2613 5160 2944 5234 presbyteris
2966 5172 3277 5234 occurrunt.
3307 5160 3582 5234 Fortassis
3610 5171 3667 5216 et
3691 5163 3742 5215 in

2159 5231 2522 5303 subsequente
2552 5231 2708 5288 versu
2734 5232 2976 5286 innuitur
3001 5231 3129 5286 Pius
3152 5232 3289 5288 alter
3315 5231 3594 5285 Romanus
3615 5247 3745 5302 pon-

2158 5305 2323 5367 tifex,
2348 5304 2434 5358 cui
2460 5303 2829 5366 diaconorum,
2860 5304 3043 5358 nescio
3089 5319 3197 5374 quo
3222 5306 3365 5360 buno
3390 5310 3557 5368 teste,
3598 5316 3740 5374 quae-

2162 5375 2286 5432 dam
2316 5374 2583 5428 institutio
2613 5374 2886 5429 tribuitur.

2247 5447 2261 5485 i
2306 5443 2514 5512 Aliquis
2552 5460 2617 5497 ex
2659 5443 2909 5513 palatinis
2953 5444 3302 5514 proceribus,
3344 5444 3423 5497 uti
3460 5451 3514 5497 et
3545 5442 3741 5499 Adbal-

2166 5516 2310 5569 vitus
2336 5516 2725 5581 subsequenter
2755 5514 2981 5582 positus.
3011 5513 3241 5568 Circiter
3268 5530 3329 5567 ea
3375 5525 3618 5583 tempora
3647 5514 3737 5567 ﬂo-

2166 5588 2274 5640 ruit
2303 5584 2531 5645 Theoto,
2556 5588 2645 5654 qui
2673 5594 2794 5653 post
2817 5600 3016 5653 paucos
3038 5600 3208 5638 annos
3237 5585 3544 5640 cancellarii
3571 5584 3735 5654 «tigri-

2163 5665 2277 5709 tate
2335 5654 2573 5718 illustris,
2640 5656 2817 5708 albuc
2860 5655 2914 5707 in
2971 5654 3276 5723 diplomatis
3341 5654 3595 5709 Ludovici
3655 5654 3729 5707 Pii

2162 5734 2530 5795 ιιιειιιοιᾯιῐιιισ.Δ
2571 5724 2694 5778 Fuit
2732 5733 2786 5779 et
2832 5724 3045 5795 Theoto
3092 5726 3258 5780 abbas
3306 5725 3731 5795 Maioris-iiuna-

2158 5796 2333 5859 sterii.
2368 5794 2477 5854 Sed
2507 5792 2741 5855 fortasse
2764 5803 2956 5856 neuter
2981 5793 3059 5885 ad;
3084 5795 3231 5855 hunc
3262 5792 3445 5857 locum
3466 5798 3722 5885 pertinet.
