4022 6452
1092 329 1181 387 DE
1218 327 1450 386 BEBUS
1488 327 1738 387 GESTIS
1771 327 2098 393 LUDOVICI
2134 329 2242 387 PII.
2281 362 2355 374 —
2390 331 2519 387 LIB.
2559 331 2649 389 IV.

3402 330 3510 391 630

245 451 518 517 Hilduinus
536 458 563 489 ι
585 445 752 505 habet
775 445 1047 510 dextram,
1075 442 1505 514 Helisacharque
1529 443 1811 499 sinistram
1836 444 1893 507 Α
1917 443 2187 500 Mirantur
2213 446 2441 510 clerum,
2476 445 2746 505 mirantur
2773 443 3007 513 denique
3036 440 3318 514 templum.

308 545 606 605 Sustentat;
633 538 851 610 Gerung
878 540 905 580 δ
933 536 1112 609 pergit
1135 545 1192 593 at
1215 537 1332 607 ipse
1353 537 1524 607 prior,

241 639 449 708 Virgam
475 648 624 689 more
646 634 808 703 gerit,
841 647 1066 688 servans
1097 631 1323 702 vestigia
1350 631 1513 701 regis,

308 731 483 786 Aurea
512 725 671 797 cujus
696 727 862 783 habet
886 727 1086 798 quippe
1113 741 1313 785 corona
1341 732 1548 804 eaputa

243 821 653 891 Illuthariusque
681 821 824 891 pius,
853 818 1117 875 Heroldus
1138 826 1193 872 et
1221 818 1333 890 ipse
1361 825 1577 888 togatus

303 916 444 972 Pone
471 922 770 984 sequuntur
793 927 910 978 eos,
943 911 1368 981 muneribusque
1395 910 1619 967 micant.

236 1010 367 1067 Ante
395 1015 604 1077 patrem
633 1006 859 1079 pulcher
884 1004 1110 1060 Carolus
1128 1016 1150 1043 ο
1183 1021 1317 1075 puer
1344 1004 1573 1075 inclytus
1602 1018 1737 1059 auro

301 1104 475 1157 laetus
503 1100 640 1167 abit,
672 1100 878 1172 plantis
907 1115 1180 1155 marmora
1211 1100 1389 1172 pulsat
1413 1114 1604 1155 ovans.

236 1193 410 1251 Iudith
437 1194 645 1249 interea
676 1194 842 1264 regali
874 1210 1099 1249 munere
1127 1192 1260 1248 fulta

300 1288 569 1353 Procedit,
603 1287 844 1343 renitens
871 1303 1097 1343 munere
1135 1286 1388 1349 miriﬁco,

236 1380 400 1451 Quam
428 1395 684 1451 proceres
710 1380 908 1453 gemini
939 1396 1152 1436 summo
1178 1380 1511 1435 comitantur
1537 1377 1762 1444 honore,

300 1473 580 1531 Matfridus
604 1473 720 1529 sive
748 1474 853 1529 huc
879 1472 906 1513 ά
938 1473 1302 1529 consociando
1331 1472 1580 1542 gradum.

231 1567 401 1638 Atque
431 1567 676 1623 coronati
706 1577 730 1606 ο
760 1566 1038 1623 dominam
1071 1578 1405 1625 venerantur
1436 1566 1760 1632 honestam;

297 1662 551 1718 Vestibus
575 1660 779 1716 auratis
805 1661 983 1719 celsus
1010 1670 1240 1733 uterque
1268 1661 1454 1717 micat.

230 1752 444 1812 Heroldi
477 1755 724 1825 sequitur
752 1755 977 1826 propius
1004 1770 1168 1826 quam
1197 1755 1432 1827 denique
1461 1753 1680 1824 coniux,

291 1847 717 1918 lnduperatricis
745 1863 969 1903 munera
1000 1848 1019 1885 ί
1053 1847 1175 1905 laeta
1200 1847 1324 1918 pice.

226 1933 292 1991 Et
316 1936 639 2007 Fridugisus
669 1940 694 1977 ε
734 1938 869 2002 abit,
901 1937 1149 2008 sequitur
1176 1954 1337 2009 quem
1367 1937 1756 2009 discipulorum

295 2035 478 2090 Turba
512 2051 699 2107 sagax,
728 2037 966 2091 candens
992 2037 1258 2101 vestibus,
1283 2044 1443 2105 atque
1469 2034 1594 2091 ﬁde.

227 2124 426 2182 Ordine
460 2128 762 2197 composito
789 2128 1035 2198 sequitur
1059 2128 1255 2182 dehinc
1279 2136 1476 2195 extera
1499 2127 1695 2201 pubes,

295 2215 553 2272 Vestibus
578 2225 766 2271 ornata
796 2232 1022 2273 munere
1046 2215 1316 2273 Caesareo.

230 2306 408 2366 Cazsar
433 2316 493 2363 ut
521 2307 809 2364 ecclesiam
841 2324 1028 2379 gressu
1052 2309 1303 2379 pervenit
1336 2309 1589 2376 honesto,

291 2403 550 2474 Exposcit
575 2402 712 2457 votis
736 2416 887 2459 more
914 2418 1013 2458 suo
1050 2402 1360 2461 Dominum.

228 2491 342 2549 Mox
370 2492 496 2550 tuba
524 2493 825 2548 Theutonis
850 2492 997 2547 clare
1028 2493 1120 2547 dat
1146 2493 1251 2548 rite
1281 2494 1524 2560 beatum,

296 2585 466 2652 Quam
490 2584 742 2655 sequitur
767 2584 947 2641 clerus
980 2586 1232 2655 protinus
1260 2593 1426 2655 atque
1451 2585 1630 2645 ebori.

229 2675 452 2737 Miratur
486 2676 714 2743 Herold,
746 2676 944 2747 conjux
971 2677 1245 2737 mirantur
1289 2685 1346 2735 et
1366 2693 1555 2736 omnes

292 2773 491 2841 Proles,
525 2781 584 2828 et
604 2774 737 2829 socii
767 2773 1004 2829 culmina
1036 2780 1188 2828 tanta
1214 2774 1332 2841 Dei,

293 2916 318 2945 ι
357 2904 431 2959 De
465 2919 579 2976 quo
612 2918 776 2973 supra
807 2903 1317 2976 factaiestmentlo.
1350 2901 1487 2958 Vide
1525 2907 1728 2976 quanto
1754 2903 1815 2976 in

230 2971 435 3057 honore
462 2971 615 3057 esset
670 2971 1090 3057 archieapellan_i
1136 2975 1406 3057 dignitas.“
1437 2971 1815 3057 qua—celebris

230 3044 324 3099 iste
354 3046 523 3101 abbas
557 3055 683 3101 tunc
715 3048 769 3100 in
799 3043 921 3102 aula
961 3043 1217 3101 Ludovici
1257 3046 1336 3103 Pii
1379 3043 1686 3102 fruebatur.
1733 3045 1814 3103 De

228 3113 576 3189 Helisachare
597 3131 812 3189 quoque
831 3115 945 3185 jam
979 3133 1140 3189 supra
1168 3117 1397 3189 egimus.

297 3188 325 3228 ιι
366 3188 491 3243 Fuit
521 3189 567 3244 is
595 3185 841 3243 summus
869 3188 1010 3243 sacri
1040 3185 1223 3257 palatii
1246 3187 1523 3243 ostiarius.
1547 3186 1626 3243 Eo
1652 3185 1814 3243 titulo
1843 3187 1888 3255 C

232 3257 461 3313 donatur
483 3275 514 3313 a
540 3259 828 3315 Frothario
855 3260 1113 3330 episcopo
1144 3258 1397 3330 Tullense
1422 3259 1476 3313 in
1502 3260 1720 3329 epistol.
1757 3259 1813 3328 2,

229 3331 708 3411 aptrdpuehesue,
730 3339 870 3411 toni.
892 3329 1114 3411 Ιξηρὲε.
1144 3329 1270 3411 ili,
1312 3329 1512 3399 Script.
1563 3330 1815 3411 Francic.

228 3397 293 3472 In
324 3400 448 3472 Vita
476 3418 691 3472 quoque
730 3397 1101 3472 Ludoviei'Pii
1137 3397 1498 3472 Astronomus
1522 3410 1714 3472 auctor
1734 3409 1823 3472 est

229 3469 297 3524 ad
332 3469 552 3526 Annum
590 3469 698 3528 822
734 3471 1054 3526 Lotharium
1090 3488 1121 3524 a
1158 3481 1311 3541 patre
1355 3470 1411 3525 in
1446 3471 1653 3541 Italiam
1683 3471 1819 3541 mis-

226 3554 370 3606 sum,
405 3550 461 3595 et
488 3558 595 3595 una
632 3557 758 3596 cum
789 3557 853 3595 eo
894 3541 1106 3594 Walam
1136 3539 1465 3595 monachum
1504 3540 1720 3595 amnem
1752 3539 1816 3593 il-

228 3609 354 3674 lius,
393 3612 486 3663 sed
532 3623 579 3667 et
614 3610 928 3667 Geruntium
972 3612 1268 3666 ouiarium.
1335 3610 1690 3665 Scribendum
1737 3617 1824 3665 est

226 3679 578 3749 Gerungum,
626 3696 787 3745 quem
833 3683 997 3737 etiam
1046 3682 1112 3737 ad
1172 3682 1421 3739 eumdem
1465 3697 1667 3735 annum
1715 3682 1823 3738 822

225 3749 582 3820 Eginhardus
631 3751 866 3823 appellat
904 3749 1210 3822 Gerungum
1260 3751 1599 3806 ostiariorum
1650 3753 1823 3823 magi-

225 3830 417 3874 atrum.

301 3902 323 3930 ε
388 3890 560 3957 Quem
608 3889 831 3947 Calvum
877 3893 1152 3963 appellare
1194 3893 1598 3948 consuevimus.
1644 3893 1820 3951 Filius

233 3961 280 4017 is
305 3970 437 4016 natu
471 3963 732 4017 minimus
774 3961 1030 4019 Ludovici
1063 3965 1165 4030 Pii,
1203 3980 1269 4019 ex
1304 3966 1648 4033 imperatrice
1668 3964 1821 4021 Judi-

232 4033 325 4086 tha
356 4035 704 4105 progenitus;
751 4046 801 4089 et
849 4034 1066 4105 quidem
1098 4052 1240 4089 anno
1286 4037 1412 4101 8:26,
1444 4037 1660 4105 quando
1702 4040 1820 4093 lucc

304 4101 649 4177 raclaifuere,
697 4101 984 4175 puerulus;
1036 4108 1233 4177 quippe
1278 4101 1632 4164 ldilius'Junii
1674 4122 1819 4163 anno

268 4173 336 4227 25
374 4176 433 4230 in
474 4174 647 4231 lucem
681 4173 878 4232 editus.

302 4243 329 4282 ἀ
370 4246 619 4318 Corrigo,
663 4246 768 4301 sive
811 4246 956 4318 llug,
1007 4256 1102 4307 aut
1127 4247 1317 4310 etiam,
1358 4247 1465 4301 sire
1499 4245 1661 4301 Huc:
1694 4263 1820 4302 nam

302 4264 329 4282 υ
370 4264 524 4300 corr:
566 4264 619 4311 o,
663 4264 768 4301 sive
811 4264 956 4318 uug,
1007 4264 1102 4307 aut
1127 4264 1317 4310 etiam,
1358 4264 1465 4301 sive
1499 4264 1615 4301 nuc
1643 4264 1661 4299 :
1694 4264 1819 4302 nam

239 4311 392 4396 {Iugo
434 4327 489 4373 et
530 4264 689 4369 lineo
715 4321 854 4387 apud
893 4329 1102 4396 tetercs
1149 4333 1213 4373 ex
1253 4319 1465 4373 diversa
1496 4319 1819 4396 pronuntia-

237 4388 377 4441 tione
403 4396 723 4459 occurrunt,
757 4396 920 4459 atque
947 4390 1086 4445 idem
1131 4404 1329 4444 nomen
1357 4397 1572 4443 sonant.
1605 4388 1661 4442 Si
1692 4404 1821 4458 pro-

237 4470 381 4531 _c_eres
412 4458 620 4531 gemini
667 4458 1069 4531 comitabantur
1109 4460 1434 4531 Augustam,
1461 4475 1594 4528 ergo
1624 4470 1823 4529 praeter

235 4521 547 4584 Matfridum
581 4530 835 4586 comitem
867 4521 1316 4589 Aureli:tneti§em
1369 4521 1510 4586 alter
1528 4521 1655 4586 crat
1706 4547 1819 4585 me-

237 4601 550 4672 morandus.
586 4599 637 4672 Is
668 4610 844 4657 autem
886 4600 987 4658 fuit
1030 4600 1202 4671 Hugo,
1240 4614 1301 4657 ut
1340 4602 1593 4672 coniicio,
1634 4617 1819 4659 comes

238 4665 339 4739 ille,
378 4670 538 4739 cujus
585 4670 749 4727 ﬁliam
792 4665 1503 4739 lrrningardim'Lotharius
1557 4665 1816 4730 Ludovici

238 4734 311 4810 Pii
340 4734 739 4810 primogenitus
780 4734 1004 4798 uxorem
1034 4744 1262 4798 duxerat
1284 4759 1427 4797 anno
1456 4743 1580 4798 8‘2I.
1611 4744 1667 4797 lu
1698 4743 1818 4800 Vita

238 4805 489 4886 Ludovici
530 4805 624 4886 Pii
642 4814 739 4886 ad
768 4830 969 4886 annum
1011 4815 1114 4869 8'27
1157 4813 1463 4886 Ludovicus
1499 4816 1612 4886 ipse
1644 4816 1815 4869 tradi-

241 4882 535 4953 turgmisiss
594 4882 876 4953 Pippinum
907 4885 1075 4939 lilium
1102 4893 1290 4939 contra
1322 4882 1645 4946 Saracenos.
1686 4904 1704 4936 ι
1738 4887 1814 4940 si-

241 4949 452 5024 mulque
484 4949 776 5024 ιιιίεδυέεχ
801 4954 973 5010 latere
1001 4971 1100 5010 suo
1128 4954 1402 5024 Hugonem
1428 4965 1481 5009 et
1509 4954 1815 5011 Matl‘ridum

242 5023 479 5095 comites.
510 5045 530 5076 ι
560 5023 634 5079 En
668 5025 857 5081 ambos
884 5026 1045 5082 hosce
1073 5023 1303 5081 comites
1333 5025 1656 5095 coniunctos
1681 5025 1814 5093 illic,

242 5094 551 5165 pariterque
580 5110 681 5164 apu
708 5099 717 5148 l
746 5106 954 5165 poetam
987 5109 1232 5152 nostrum
1263 5097 1317 5150 in
1346 5094 1447 5152 ista
1471 5097 1817 5153 solemnitate

245 5160 580 5239 coniunctos.
616 5160 694 5219 'Et
736 5160 857 5239 cum
888 5176 1098 5221 constet
1143 5168 1193 5221 in
1242 5168 1402 5238 impia
1443 5169 1817 5239 coniuratione

246 5234 498 5309 adversus
537 5238 710 5307 ipsum
744 5238 1072 5293 Ludovicum
1112 5234 1410 5309 Augustum
1453 5234 1659 5309 pruinas
1695 5257 1816 5309 par-

248 5309 325 5378 t_e_s
351 5306 448 5362 sibi
478 5306 777 5378 sumpsisse
805 5309 1078 5378 llugonem
1112 5318 1166 5362 et
1196 5306 1502 5365 Slatfriduiu
1543 5306 1770 5366 comites
1793 5352 1812 5377 ,

249 5368 533 5459 Ibeganus
558 5368 686 5459 vero
710 5381 775 5433 ab
800 5368 1019 5459 Hugoue
1052 5380 1293 5459 Lotliarii
1323 5396 1513 5459 socero
1533 5380 1646 5450 jam
1669 5368 1813 5438 anno

249 5441 340 5499 821
364 5441 517 5517 iacta
550 5451 753 5522 semina
800 5441 961 5505 tanta:
990 5450 1342 5514 inﬁdelitatis,
1375 5441 1674 5522 scripserit,
1719 5470 1815 5510 su-

250 5527 421 5594 perest
458 5530 517 5594 ut
552 5521 807 5594 hiciunui
844 5522 992 5576 intell
1017 5538 1205 5592 gamus
1230 5522 1400 5593 ipsum
1426 5521 1703 5594 llugoncm
1744 5526 1819 5579 Ir-

254 5587 545 5665 pt‘ugardis
576 5591 832 5665 Augustae
847 5587 1085 5665 patrem,
1123 5612 1142 5643 ι
1166 5587 1263 5661 qui
1284 5603 1405 5665 erat
1426 5594 1488 5647 de
1512 5587 1679 5665 §tirpe
1727 5613 1820 5651 cu—

248 5661 453 5780 Eiksld‘aut
503 5663 656 5719 ducis
686 5661 900 5718 nomine
954 5664 1141 5729 Eaith,
1179 5685 1196 5715 ι
1261 5665 1335 5717 uti
1371 5661 1657 5735 Thegantis
1697 5684 1820 5737 pto-

342 5745 357 5780 l
388 5770 400 5780 .

342 5736 400 5783 il.

324 5809 347 5840 ο
382 5801 656 5864 Adnotare
686 5822 755 5864 ne
776 5806 976 5879 pigeat,
1004 5821 1131 5865 cum
1157 5806 1409 5865 dicantur
1433 5816 1489 5866 ct
1516 5809 1573 5867 hi
1601 5811 1705 5884 ipsi
1729 5829 1821 5869 co-

1845 4563 1900 4627 Β

1987 538 2165 609 Atque
2202 538 2533 604 sacerdotes,
2569 536 2911 604 oﬁiciumque
2944 537 3113 607 pium.

1919 651 2083 721 Regis
2113 652 2380 722 praecipue
2407 652 2676 705 mirantur
2700 650 2923 720 praemia
2953 652 3159 719 magni,

1987 746 2235 816 Imperiis
2262 744 2419 814 cujus
2445 759 2665 801 currere
2697 753 2845 799 tanta
2873 744 3083 799 vident.

1916 839 2044 907 Dic,
2094 840 2345 908 Herolde,
2381 856 2576 912 precor
2597 840 2711 911 jam
2738 856 2902 908 nunc,
2941 855 3104 910 quam
3142 840 3314 911 pluris
3351 854 3503 894 ama-

3332 931 3440 1006 [bis

1984 1023 2141 1081 Celse
2176 1024 2335 1082 ﬁdem
2373 1026 2544 1097 regis,
2577 1041 2648 1081 an
2681 1034 2772 1081 tua
2800 1025 3008 1095 sculpta
3029 1016 3310 1095 nequam?

1913 1116 2128 1188 Ferque
2159 1118 2356 1175 fabrita
2388 1118 2524 1175 [ocis
2549 1120 2669 1174 auri
2698 1121 3018 1189 argentique
3044 1118 3293 1185 metalla,

1986 1208 2055 1263 Et
2084 1210 2181 1265 tibi
2210 1210 2325 1266 sive
2352 1210 2460 1266 tuis
2486 1210 2611 1266 inde
2641 1220 2866 1282 paretur
2891 1212 3089 1266 honos.

1918 1323 2217 1379 Sii‘errum
2248 1323 2429 1390 fuerit,
2468 1324 2719 1381 fortassis
2743 1326 2809 1382 ad
2840 1341 2969 1380 arva
2996 1324 3218 1380 colenda

1989 1416 2196 1472 Sullicit
2222 1425 2277 1472 et
2308 1418 2510 1473 cultros
2534 1417 2659 1472 inde
2690 1417 2894 1473 fabrire
2915 1416 3067 1485 jube.

1917 1506 2047 1565 Plus
2077 1509 2175 1564 tibi
2204 1524 2394 1565 vomer
2415 1524 2548 1579 opes
2572 1507 2751 1563 telluri
2783 1507 2984 1563 inﬁxus
3007 1506 3246 1575 habebit,

1990 1601 2162 1668 Quam
2202 1600 2347 1656 Deus
2382 1600 2470 1655 ille
2494 1601 2592 1655 tibi
2624 1599 2872 1656 conferat
2900 1608 3017 1655 arte
3054 1616 3172 1655 sua.

1918 1688 2022 1745 Hic
2055 1690 2200 1746 Deus
2226 1698 2311 1747 est
2339 1707 2523 1757 verus,
2551 1690 2748 1745 Franci
2779 1706 2962 1760 quem,
2995 1689 3178 1746 Caesar
3206 1698 3262 1745 et
3283 1689 3402 1763 ipse

1841 1815 1892 1881 Β
1994 1784 2116 1839 Rite
2147 1784 2329 1839 colunt
2359 1784 2536 1839 votis:
2563 1784 2707 1838 hunc
2738 1783 2876 1848 cole,
2904 1783 3088 1851 linque
3113 1780 3321 1838 Jovem.

1916 1875 1995 1931 De
2024 1875 2154 1931 Jove
2177 1876 2261 1931 fac
2290 1877 2423 1931 ollas
2450 1877 2655 1946 nigras,
2679 1875 2972 1945 furvosquc
2997 1875 3226 1940 lebetes,

1985 1968 2173 2039 Ignem
2202 1984 2415 2039 semper
2447 1977 2650 2033 ament,
2686 1977 2878 2022 auctor
2910 1974 2971 2021 ut
2997 1968 3109 2036 ipse
3139 1982 3289 2022 suus.

1913 2078 2166 2150 Neptuno
2190 2079 2490 2136 fabricetur
2518 2096 2672 2151 aquae
2699 2079 2919 2149 gerulus
2944 2080 3039 2135 tibi
3064 2080 3189 2151 jure

1988 2172 2224 2239 Urceus,
2257 2181 2314 2229 et
2344 2171 2570 2228 laticum
2610 2188 2825 2243 semper
2863 2172 3081 2228 habebit
3116 2173 3309 2228 bonos.

1914 2288 2127 2345 Interea
2153 2298 2468 2347 reverenter
2491 2305 2623 2361 opes
2644 2292 2986 2361 parabantur
3015 2288 3240 2358 heriles,

1984 2382 2167 2448 Atque
2198 2382 2308 2438 cibi
2333 2383 2495 2448 varii,
2524 2382 3014 2453 multimodumque
3043 2398 3278 2441 merum.

1915 2471 2189 2530 Pistorum
2216 2472 2411 2533 Petrus
2438 2474 2470 2515 ιι
2500 2475 2630 2533 hinc
2673 2475 2949 2547 princeps,
2983 2475 3113 2533 hinc
3152 2475 3334 2532 Gunto
3365 2476 3383 2516 ί
3412 2489 3509 2532 eo-

3206 2583 3435 2639 quorum

3206 2583 3229 2639 tl

1988 2657 2333 2726 Accelerant,
2362 2673 2581 2717 mensas
2618 2658 2808 2717 ordine
2832 2673 2984 2715 more
3012 2566 3229 2730 paraui.

1918 2748 2164 2809 Candida
2188 2760 2512 2825 praeponam
2539 2752 2715 2810 niveis
2734 2753 2995 2813 mantelia
3020 2751 3033 2805 i
3084 2754 3244 2821 villis,

1918 2890 2081 2975 mites
2107 2907 2357 2975 coronam
2404 2892 2469 2975 iu_
2488 2891 2667 2963 capite
2693 2893 2949 2975 gessisse,
2983 2894 3253 2975 diversam
3282 2892 3508 2975 quidem

1916 2963 1990 3035 ab
2037 2962 2327 3035 imperiali,
2376 2964 2471 3019 sed
2520 2962 2711 3019 tamen
2743 2965 2971 3034 insignis
3011 2966 3226 3020 decoris
3267 2962 3505 3035 signum.

1917 3032 2074 3103 Apud
2103 3032 2550 3089 Continuatorem
2591 3035 2827 3089 Aimoini
2855 3032 3097 3091 occurrit
3145 3037 3283 3091 lioso
3313 3032 3509 3092 corona

1919 3103 2100 3158 ducali
2132 3114 2370 3160 ornatus.
2411 3106 2679 3161 Coronam
2714 3108 2976 3162 comitum
3020 3107 3204 3161 nescio
3250 3123 3317 3160 an
3360 3108 3510 3163 uuis-

1921 3190 2084 3246 quam
2137 3183 2383 3231 veterum
2441 3179 2779 3232 memorarit.
2831 3177 2896 3231 Hi
2949 3185 3128 3232 tamen
3183 3177 3510 3235 Marchionis

1921 3248 2086 3301 etiam
2120 3263 2363 3311 munere.
2399 3248 2526 3304 licet
2549 3250 2789 3304 nondum
2820 3250 3062 3315 nomine,
3088 3248 3427 3303 fruebantur.
3443 3248 3504 3304 In

1923 3317 2113 3387 Magna
2130 3318 2408 3402 Britannia
2430 3322 2608 3402 adhuc
2621 3322 2880 3402 perdnrat
2896 3319 3510 3402 ejusmodicoronarum

1923 3390 2281 3464 consuetudo,
2307 3405 2433 3444 cum
2462 3392 2805 3462 inauguratio
2834 3390 2977 3464 regis
2998 3392 3295 3462 peragitur.

2000 3459 2021 3497 τ
2061 3458 2205 3528 Lego
2228 3477 2461 3514 munere.
2598 3458 2616 3462 ⁷
2898 3458 2936 3489 ’⁵

1999 3530 2025 3568 ε
2063 3528 2235 3595 Quem
2273 3546 2435 3599 supra
2459 3531 2692 3587 vidimus
2717 3531 3097 3587 cancellarlum
3123 3531 3383 3588 Ludovici
3426 3531 3513 3590 Pii

1925 3600 2193 3725 Simulqne
2247 3601 2502 3659 abbatem
2555 3604 2872 3663 monasterii
2936 3603 3267 3665 Turonensis
3324 3604 3513 3663 Sancti

1979 3686 2041 3724 ar
2072 3687 2167 3724 Im.

1979 3680 2167 3724 artini.

1995 3742 2025 3782 ιι
2067 3740 2165 3819 ilic
2190 3742 2490 3819 appellatur
2515 3746 2772 3819 pistorum
2814 3744 3051 3817 princeps
3081 3763 3099 3819 ,ὴ
3130 3761 3249 3819 qua:
3280 3744 3513 3819 dignitas

1924 3812 2126 3888 insula
2160 3812 2349 3884 regum
2376 3812 2623 3871 Francia:
2648 3817 2774 3870 olim
2807 3812 3024 3887 quoque
3053 3812 3242 3888 viguit.
3280 3812 3509 3874 Sal-culis

1925 3886 2382 3959 subsequentibus
2410 3904 2634 3957 mngrms
2655 3890 2822 3959 pistor
2847 3886 2962 3952 aut,
2999 3886 3249 3958 magister
3286 3900 3511 3959 panem-

1924 3958 2060 4030 rius;
2093 3955 2343 4015 Fruncia'
2400 3955 2789 4030 appellabatur,
2825 3959 2918 4030 qui
2968 3955 3294 4030 bttjtismodi
3335 3960 3512 4017 ollieio

1922 4027 2211 4098 praefectus
2246 4037 2381 4083 erat.

2002 4099 2019 4138 ί
2065 4098 2164 4172 Ilic
2194 4115 2323 4172 vero
2345 4117 2629 4171 coquorum
2661 4102 2899 4172 princeps
2949 4103 3169 4156 dicitur.
3197 4102 3266 4155 Et
3291 4102 3406 4157 hmc
3434 4101 3513 4157 al—

1924 4176 2041 4223 tera
2078 4169 2183 4223 fuit
2215 4171 2266 4223 in
2316 4169 2515 4239 palatio
2547 4169 2881 4226 Francorum
2933 4189 3122 4239 regum
3173 4174 3401 4227 illustris
3426 4173 3510 4227 di-

1925 4241 2123 4310 gnitas.
2153 4239 2195 4292 A
2222 4241 2522 4295 Thcodutfo
2545 4242 2933 4298 Aurelianense
2963 4239 3056 4297 Ill).
3098 4258 3155 4296 ιιι
3192 4242 3511 4298 Carminum

1924 4311 2214 4364 exhibetur
2236 4312 2487 4383 ex‘ltisce
2538 4314 2805 4383 prtefectis
2856 4313 3186 4383 coquinaria:
3229 4314 3307 4369 rei
3347 4329 3510 4383 unus,

1926 4395 2226 4452 coquorum
2252 4380 2482 4437 vallatus
2511 4380 2699 4438 cuneis
2727 4398 2742 4437 :

2019 4473 2299 4541 Prudenter
2322 4478 2404 4536 qui
2428 4484 2603 4541 cuncta
2622 4489 2828 4541 gerens,
2849 4474 3121 4539 epulasque
3144 4477 3399 4541 dapesque

2084 4536 2237 4598 Regis
2259 4538 2539 4589 honoratum
2565 4538 2760 4588 deferat
2785 4545 2900 4590 ante
2926 4536 3168 4591 thronum.

1922 4620 2010 4678 Ab
2029 4620 2363 4678 Herimanno
2389 4639 2604 4692 quoque
2630 4625 2682 4679 in
2718 4624 2813 4678 lib.
2853 4624 2919 4677 de
2950 4622 3261 4679 Restaurat.
3291 4623 3348 4679 S.
3378 4623 3516 4679 Mar-

1927 4693 2027 4747 tini
2056 4693 2325 4765 'I‘oruac.,
2350 4695 2401 4747 in
2450 4695 2639 4765 Spieil.
2698 4694 2925 4749 Dacher.
2964 4694 3266 4749 Fulcherus
3297 4697 3512 4765 episco-

1924 4779 2027 4836 pus
2049 4765 2248 4819 dicitur
2268 4764 2412 4833 ﬁlius
2437 4764 2687 4836 principis
2711 4781 2954 4820 cocorum
2985 4766 3121 4835 regis
3163 4764 3435 4823 Franciw.

2000 4835 2014 4886 i
2062 4837 2383 4905 Quanquam
2410 4838 2567 4907 vulgo
2589 4837 2830 4891 scribere
2853 4838 3127 4892 soleamus
3148 4839 3412 4899 muntilia,
3427 4844 3510 4891 at-

1924 4913 2130 4971 tamen,
2158 4909 2234 4979 uti
2260 4908 2370 4977 jam
2405 4909 2710 4977 Dausqnius
2737 4910 2789 4962 in
2824 4908 3508 4979 Qrtitograpltinrmonuit,

1923 4978 2341 5047 antiquissimus
2368 4979 2574 5046 Virgilii
2610 4980 2775 5034 codex
2823 4978 3132 5039 Vaticanus,
3178 4978 3379 5045 aliique
3415 4993 3510 5031 ve-

1930 5050 2058 5102 tusti
2090 5051 2306 5103 codices
2338 5050 2541 5103 habent
2568 5050 2837 5104 mantelia.
2887 5051 2985 5105 Hic
3011 5063 3358 5118 peregrinum
3386 5047 3504 5102 for—

1926 5126 2073 5172 tasse
2104 5120 2200 5171 tibi
2260 5122 2543 5174 \ideantur
2572 5121 2824 5176 mantelia
2880 5124 2984 5177 ista
3020 5118 3155 5173 villis
3187 5118 3370 5181 niveis,
3406 5120 3512 5173 hoc

1923 5200 2009 5245 est
2031 5190 2221 5258 pilosa,
2257 5191 2499 5247 adhibita
2556 5193 2608 5246 in
2640 5194 2862 5248 mensis.
2913 5194 3110 5248 Verum
3137 5198 3293 5257 poeta
3320 5198 3509 5244 uoster

1922 5263 2196 5315 eruditum
2225 5262 2310 5317 hic
2346 5263 2478 5331 agit,
2523 5274 2798 5318 mutuatus
2825 5270 2944 5318 eam
2971 5260 3182 5314 dicendi
3214 5258 3446 5315 formam
3471 5270 3506 5316 a

1922 5331 2167 5403 Virgilio,
2205 5342 2300 5388 aut
2331 5334 2398 5388 ab
2433 5332 2623 5389 Ovidio
2650 5336 2791 5403 apud
2825 5348 2962 5402 quos

2107 5480 2124 5497 .
2193 5482 2206 5496 .
2274 5484 2287 5496 .
2357 5452 2646 5508 .tonsisque
2672 5443 3251 5508 feruntmantellavillia

2111 5508 2210 5560 Et.
2281 5549 2292 5560 .
2365 5547 2375 5557 .
2448 5506 2840 5557 :villismantt-le
2866 5509 3056 5557 solutis.

1922 5595 2127 5650 Auctor
2155 5612 2281 5651 vero
2310 5595 2529 5649 Servius
2561 5606 2662 5654 es',
2691 5593 2925 5661 majores
2962 5608 3186 5663 mappas
3221 5592 3370 5649 villos
3400 5593 3507 5651 ha-

1924 5667 2122 5721 buise
2154 5667 2227 5720 lta
2256 5667 2393 5733 apud
2435 5666 2706 5717 Rullianus
2736 5683 2750 5736 γε
2794 5680 2917 5718 num
2970 5680 3021 5718 et.
3053 5667 3194 5736 apud
3235 5664 3502 5734 Francos,

1924 5757 1990 5822 an
2016 5756 2144 5793 vero
2166 5739 2255 5793 hic
2286 5752 2470 5791 versus
2496 5736 2670 5806 gratia
2692 5735 2924 5804 dicatur,
2946 5736 3177 5794 aliorum
3197 5748 3319 5795 esto
3343 5738 3503 5810 judi-

1921 5824 2087 5869 ctum.
