4022 6464
540 342 641 399 651

608 457 914 514 Marmoreo
944 469 972 500 ι
1001 457 1152 514 disco
1182 455 1497 528 disposuere
1529 460 1713 531 dapes.

537 549 641 608 Hic
676 551 933 607 Cererem
962 551 1180 617 solitus,
1208 553 1298 607 hic
1334 569 1533 609 carnea
1562 554 1704 609 dona
1732 554 2031 611 ministrat.

614 642 794 699 Aurea
820 658 922 715 per
945 642 1157 699 discum
1180 660 1308 700 vasa
1330 646 1519 700 sedere
1541 646 1711 702 vides.

541 735 653 793 Nec
678 736 860 792 minus
888 735 1030 794 Otho
1061 736 1091 776 ιι
1118 751 1254 806 puer
1280 736 1558 806 pincernis
1615 738 1846 808 imperat
1894 739 2112 808 ardens,

610 828 888 900 Praeparat
908 836 964 884 et
984 828 1180 883 Bacchi
1202 844 1427 884 munera
1456 829 1599 884 lenta
1630 831 1790 886 meri.

537 921 787 978 Cultibus
811 922 1058 977 almificis
1081 923 1370 978 transactis
1400 924 1504 978 rite
1530 933 1805 993 verenter,

553 1036 559 1042 '
590 1017 849 1073 .Venerat
866 1017 1009 1072 unde
1035 1018 1208 1086 prius,
1232 1016 1416 1072 Caesar
1444 1017 1598 1073 abire
1625 1026 1787 1087 parat

536 1109 788 1174 Aureus;
818 1117 872 1164 et
911 1108 1126 1178 conjux,
1157 1109 1361 1180 proles,
1389 1118 1613 1165 auratus
1660 1120 1715 1166 et
1740 1112 1916 1167 omnis

604 1201 792 1255 Cmtus
822 1200 954 1267 abit,
985 1200 1165 1256 clerus
1206 1201 1437 1272 denique
1482 1203 1820 1257 candidolus.

538 1288 668 1345 Inde
694 1291 818 1360 pius
849 1291 1180 1347 moderando
1209 1292 1435 1362 gradum
1474 1295 1721 1364 pervenit
1742 1295 1798 1349 in
1822 1295 1986 1361 aedes,

609 1382 727 1448 Quo
750 1382 852 1436 sibi
886 1382 1135 1439 Caesareo
1165 1400 1315 1439 more
1339 1395 1604 1456 parantur
1630 1402 1780 1455 opes.

535 1473 818 1528 Discubuit
844 1473 999 1530 laetus
1027 1474 1181 1530 lateri
1206 1474 1388 1531 Iudith
1415 1492 1629 1548 quoque
1648 1479 1899 1549 pulchra,

601 1563 781 1629 Iussa,
809 1565 904 1620 sed
925 1573 982 1620 et
1006 1567 1153 1637 regis
1180 1566 1357 1622 basiat
1388 1578 1410 1607 ο
1436 1583 1530 1623 ore
1559 1583 1720 1638 genu.

531 1658 812 1714 Hlutarius
837 1658 1040 1723 Caesar,
1068 1674 1170 1714 nec
1194 1674 1300 1714 non
1323 1658 1589 1737 Ileroldus
1616 1668 1671 1714 et
1695 1662 1895 1732 hospes

603 1751 764 1806 Parte
795 1768 892 1808 sua
916 1752 1174 1817 resident,
1207 1767 1333 1823 rege
1352 1753 1594 1823 jubente,
1623 1754 1801 1810 thoro.

532 1843 906 1914 Miranturque
935 1845 1098 1914 dapes
1123 1843 1280 1908 Deni,
1306 1844 1577 1899 mirantur
1597 1852 1653 1899 et
1679 1859 1830 1900 arma

601 1936 851 2003 Cmsaris,
882 1944 940 1992 et
964 1936 1211 2001 famulos,
1244 1946 1298 1992 et
1323 1937 1530 2007 puerile
1550 1937 1577 1977 ἀ
1605 1938 1789 1993 decus.

529 2027 623 2083 Ille
645 2029 762 2084 dies
793 2028 948 2084 laetus
978 2028 1207 2083 Francis
1231 2028 1507 2100 Denisque
1544 2029 1752 2085 renatis

602 2123 848 2193 Namque
878 2122 981 2177 fuit
1004 2122 1224 2189 merito,
1246 2131 1371 2192 post
1392 2123 1713 2178 recolendus
1740 2123 1865 2177 erit.

526 2216 679 2272 Alter
707 2232 946 2286 namque
979 2217 1095 2271 dies
1123 2216 1305 2286 primo
1328 2217 1580 2272 veniebat
1606 2217 1741 2281 Eoo,

597 2309 808 2365 Cedunt
828 2319 976 2365 astra
996 2309 1139 2379 polo,
1173 2309 1286 2365 sole
1308 2308 1529 2365 calescit
1552 2293 1771 2365 humus.

528 2404 800 2459 Venatum
828 2404 910 2458 ire
932 2410 1092 2474 parat
1118 2402 1319 2469 Caesar,
1343 2402 1651 2472 Francique
1684 2402 1939 2469 solentes,

502 2504 507 2507 '
600 2498 669 2552 Et
698 2512 879 2552 secum
903 2496 1194 2552 Heroldum
1223 2495 1406 2552 Caesar
1437 2496 1588 2551 abire
1610 2494 1783 2566 jubet.

507 2576 709 2645 (Insula
736 2596 958 2661 propter
989 2589 1144 2645 adest
1201 2587 1377 2644 Rheni
1416 2603 1631 2658 quoque
1662 2587 1875 2658 gurgite
1902 2585 2104 2654 cincta,

595 2680 715 2749 Quo
738 2682 878 2737 viret
899 2682 1069 2736 herba
1102 2696 1317 2746 recens,
1344 2690 1427 2737 est
1451 2697 1644 2737 nemus
1656 2680 2033 2737 umbriferum.

518 2771 649 2828 illuc
676 2772 873 2843 quippe
900 2771 1030 2827 ferm
1053 2771 1237 2827 multa:
1263 2773 1538 2841 variaeque
1563 2770 1800 2837 fuerunt,

508 2910 513 2915 .
598 2865 667 2921 Et
687 2865 793 2920 late
819 2866 972 2921 silvis
1008 2866 1392 2934 turbajacebat
1419 2867 1583 2922 iners.

524 2954 678 3013 lianc
715 2971 930 3027 quoque
967 2957 1304 3026 complerunt
1330 2966 1624 3014 venantum
1668 2958 1798 3015 hinc
1826 2958 1952 3016 inde
1987 2975 2107 3018 ma-

1853 3047 2048 3129 [nipli,'

500 3136 503 3137 ⁷
595 3141 772 3213 Atque
800 3142 1163 3201 molossorum
1185 3159 1383 3218 magna
1418 3152 1636 3204 caterva
1659 3147 1839 3205 simul.

522 3233 707 3291 Caesar
726 3235 901 3293 veloci
924 3236 1168 3293 residens
1197 3238 1327 3294 terit
1349 3253 1478 3294 arva
1507 3239 1738 3308 caballo,

591 3325 742 3384 Wito
768 3336 791 3365 ε
818 3328 1167 3398 pharetratus
1195 3329 1283 3385 cui
1309 3345 1493 3387 comes
1520 3330 1632 3387 ibat
1652 3344 1812 3402 equo.

522 3418 763 3475 Plurima
787 3422 948 3477 turba
972 3420 1089 3476 linit
1111 3421 1396 3492 juvenum,
1429 3438 1530 3480 nec
1557 3439 1662 3479 non
1690 3438 2007 3495 puerorum,

584 3511 734 3569 Inter
763 3513 1052 3569 Hlutarius
1076 3529 1215 3584 quos
1245 3514 1393 3571 celer
1417 3514 1531 3571 ibat
1552 3531 1713 3587 equo.

513 3606 691 3678 Atque
720 3607 881 3664 simul
902 3608 1059 3675 Deni,
1088 3623 1189 3664 nec
1219 3624 1327 3664 non
1351 3607 1618 3665 Heroldus
1647 3617 1702 3665 et
1726 3609 1946 3682 hospes,

587 3696 883 3768 Spectandi
911 3698 1091 3754 studio
1114 3701 1221 3755 huc
1247 3716 1463 3770 quoque
1488 3700 1645 3757 laetus
1675 3703 1848 3758 adest.

514 3786 635 3842 Iam
659 3789 749 3858 pia
777 3788 991 3844 scandit
1030 3804 1231 3860 equum
1272 3788 1457 3845 Iudith
1494 3790 1864 3860 pulcherrima
1899 3790 2099 3863 conjux

502 3912 507 3917 -
583 3879 837 3946 Caesaris,
858 3891 1074 3947 ornata,
1105 3891 1428 3952 comptaque
1460 3883 1708 3939 mirifice.

514 3971 687 4040 Quam
720 3985 978 4042 proceres
1017 3973 1218 4029 summi
1242 3974 1535 4041 dominam,
1569 3990 1664 4032 seu
1713 3976 1872 4032 turba
1901 3985 2098 4047 poten-

1891 4065 2030 4140 [tum

586 4211 613 4240 ι
655 4197 794 4253 Nata
824 4206 1067 4256 veterum
1094 4199 1431 4257 Francorum
1456 4214 1656 4259 mores.
1826 4203 1833 4210 “

583 4269 613 4310 δ
651 4269 797 4325 Inter
817 4272 1091 4341 palatinas
1115 4272 1411 4342 dignitates
1436 4273 1563 4327 olim
1600 4286 1817 4398 qluoque
1838 4274 1943 4329 ista
1970 4272 2093 4331 fuit.

583 4341 611 4397 Ii
634 4356 699 4396 ea
731 4342 915 4396 donati
948 4350 1124 4398 erant.
1166 4342 1471 4397 buticularii
1501 4344 1570 4398 ab
1656 4345 1901 4398 incmaro
1943 4345 2093 4398 aliis-

509 4341 611 4410 Qui
634 4356 699 4396 ea
731 4342 915 4396 donati
948 4350 1124 4407 erant,
1166 4341 1471 4397 buticularii
1501 4344 1570 4398 ab
1605 4341 1901 4401 Hincmaro
1943 4345 2095 4401 aliis-

508 4428 615 4483 que
641 4426 829 4467 eorum
855 4421 1155 4483 temporum
1176 4413 1533 4483 scriptoribus
1556 4430 1583 4468 a
1626 4414 1927 4485 pellantur;
1953 4417 2096 4471 unde

508 4491 759 4538 nostrum
784 4480 1094 4539 bottialiere.
1133 4483 1529 4539 Hermelandus
1551 4430 1718 4539 agbas
1739 4486 1791 4539 in
1827 4486 1943 4539 eius
1969 4487 2093 4539 Vita

508 4480 1094 4556 nostrumpottigliere.
1123 4480 1529 4556 ﬂermelandus
1551 4480 1718 4540 abbas
1739 4486 1791 4539 in
1827 4480 1943 4556 ejus
1969 4487 2093 4540 Vita

506 4552 650 4636 apud
688 4550 1054 4632 Mabillonium
1104 4554 1303 4640 dicitur
1325 4555 1503 4640 primo
1547 4550 1879 4640 constitutus-
1909 4572 1938 4609 a
1968 4570 2095 4640 rege
2121 4568 2173 4630 ι)

546 4622 747 4697 ﬁnceps
772 4622 1161 4693 pinccrnarum.
1202 4622 1342 4680 Vide
1366 4626 1699 4697 Ducaugium
1734 4626 1791 4680 in
1817 4622 2095 4682 Glossario

554 4694 724 4748 atino.

582 4776 604 4802 ο
646 4761 830 4838 Supra
872 4764 1125 4830 vidimus,
1181 4781 1439 4837 proceres
1473 4765 1736 4837 quosdam
1775 4782 1879 4822 non
1908 4767 1974 4821 ad
2001 4782 2095 4838 pe-

504 4835 623 4907 des,
651 4835 744 4890 sed
765 4836 832 4889 ad
863 4851 999 4907 genu
1026 4835 1367 4906 imperatoris
1394 4835 1745 4893 osculandum
1776 4835 2094 4893 accessisse.

503 4906 687 4977 Nunc,
729 4906 1203 4963 animadversione
1260 4923 1323 4962 ac
1382 4918 1604 4977 stupore
1658 4909 1900 4977 dignum,
1965 4919 2095 4965 tunc

506 4976 641 5049 ipsis
680 4976 1065 5049 imperatorum
1100 4978 1214 5049 sive
1247 4994 1433 5049 regum
1469 4976 1803 5034 Francorum
1829 4980 2095 5035 uxoribus

505 5046 561 5101 in
590 5062 739 5102 more
762 5046 947 5110 fuisse,
978 5048 1278 5130 deosculari
1307 5046 1480 5130 genua
1506 5051 1713 5122 proprii
1744 5050 1866 5105 viri.
1900 5050 2093 5106 Immu-

505 5126 618 5187 tata
650 5126 894 5187 tempora
919 5127 1064 5182 sunt,
1097 5122 1366 5174 immutati
1390 5130 1447 5175 et
1477 5137 1674 5176 mores.

576 5185 606 5227 (ι
646 5185 1143 5263 Ρνοήηιιετὶειαυοε
1164 5202 1357 5263 nempe
1375 5207 1518 5247 nunc
1553 5192 1708 5263 paggi
1735 5191 2086 5263 appellamus.

504 5256 695 5333 Neque
730 5256 874 5314 enim
904 5256 1098 5333 dubito
1154 5256 2089 5333 quin—regibus'et'impe'ratoribus

506 5328 637 5383 olim
658 5345 873 5400 quoque
896 5330 1072 5387 forent
1102 5328 1253 5400 pueri
1286 5328 1562 5387 hon'orarii
1593 5333 1657 5387 ad
1693 5328 1881 5388 eorum
1911 5332 2085 5387 servi-

507 5400 583 5453 tia
645 5401 823 5473 asciti.
862 5401 963 5469 Qui
1012 5402 1219 5467 nutriti,
1251 5403 1302 5456 in
1332 5404 1452 5457 aula
1498 5404 1645 5473 regia
1674 5404 2017 5468 dicebantur,
2048 5402 2087 5456 ii

506 5471 778 5553 prmcipue
799 5486 865 5553 ex
889 5488 1078 5527 eorum
1114 5489 1340 5529 numero
1366 5471 1586 5547 fuerint.
1623 5472 1799 5547 Supra
1847 5476 1902 5529 in
1924 5473 2017 5528 lib.
2053 5487 2092 5527 ιι

506 5550 751 5594 οεοιιιτιι
781 5550 951 5595 etiam
1024 5596 1027 5597 ,

635 5652 927 5705 Wasconum
954 5659 1202 5722 principis,
1229 5660 1384 5710 Caroli
1410 5659 1678 5710 nutrimine
1696 5657 1908 5713 fretusxﬁ

505 5738 763 5816 lnfra_bis
787 5742 1020 5796 recurrit
1056 5744 1195 5816 idem
1220 5745 1417 5816 puerile
1440 5746 1620 5801 decus.

581 5822 608 5854 ⁸
653 5811 802 5871 ldem
837 5819 923 5868 est
971 5828 1038 5868 ac
1068 5811 1230 5870 Wido’
1258 5824 1312 5872 et
1355 5815 1548 5872 Guido.
1612 5815 1771 5874 Hunc
1811 5814 2085 5877 venationi

1869 339 2176 402 ERMOLDI
2210 344 2483 403 NIGELLI
2512 380 2519 385 -

3690 350 3797 410 632

2141 462 2198 525 Α
2288 460 2540 515 Ριωῑθι-ἰι
2570 459 2592 500 ί
2617 466 2672 516 et
2696 460 2940 531 sequitur
2963 462 3109 534 regis
3133 458 3343 520 honore
3365 462 3463 534 pii.

2216 550 2338 607 Iam
2373 567 2564 607 nemus
2583 568 2743 608 omne
2767 562 2925 609 sonat
2950 554 3159 610 crebris
3184 554 3468 610 latratibus
3504 554 3667 623 ictus,

2286 642 2424 701 Hinc
2448 647 2729 702 hominum
2753 663 2934 715 voces,
2964 650 3095 705 hinc
3129 650 3257 704 tuba
3282 652 3474 705 crebra
3504 650 3681 720 furit;

2214 737 2602 810 Dissiliuntque
2630 740 2781 807 ferae,
2808 739 3125 813 fugiuntque
3155 758 3253 813 per
3273 758 3464 813 aspera
3495 743 3666 798 dumi.

2288 828 2396 885 Nec
2435 829 2560 901 fuga
2598 831 2859 898 subsidio,
2891 849 2993 888 nec
3022 847 3213 890 nemus
3235 843 3427 904 estque
3456 834 3630 900 latex,

2212 922 2361 978 inter
2385 924 2699 996 cornigeros
2719 926 2916 981 cecidit
2948 942 3163 996 quoque
3187 926 3401 981 damula
3427 942 3643 982 cervos.

2284 1034 2531 1091 Dentifer
2564 1036 2680 1106 ipse
2706 1037 2850 1092 cadit
2871 1037 3091 1108 cuspide
3117 1037 3258 1094 fixus
3286 1042 3438 1108 aper.

2214 1125 2396 1183 Caesar
2425 1127 2580 1182 la‘tus
2600 1128 2743 1182 enim
2776 1129 2869 1183 dat
2893 1144 3119 1199 corpora
3151 1130 3320 1184 multa
3354 1129 3599 1185 ferarum

2282 1218 2402 1288 Ipse
2423 1219 2563 1283 neci,
2591 1219 2809 1289 propria
2840 1220 3068 1290 perculit
3098 1230 3259 1289 atque
3288 1237 3471 1274 manu.

2213 1309 2604 1383 Hlutariusque
2632 1313 2777 1367 celer
2800 1312 3018 1380 ﬂorens,
3048 1313 3323 1385 fretusque
3343 1315 3573 1385 juventa

2285 1402 2527 1457 Perculit
2550 1420 2799 1459 ursorum
2816 1400 3053 1476 corpora
3087 1407 3252 1461 multa
3279 1423 3463 1463 manu.

2215 1490 2422 1548 Caetera
2450 1496 2609 1549 turba
2640 1497 2816 1551 virum
2850 1500 3053 1582 passim
3084 1514 3181 1568 per
3206 1508 3362 1570 prata
3389 1502 3629 1559 trucidat

2285 1582 2496 1639 Diversi
2529 1584 2743 1655 generis
2767 1586 3221 1657 multimodasque
3248 1588 3407 1644 feras.

2211 1675 2376 1733 Forte
2407 1693 2602 1733 canum
2631 1678 2925 1735 infestante
2954 1679 3090 1750 fugit
3118 1681 3347 1735 damella
3373 1690 3597 1738 caterva

2288 1769 2397 1825 Per
2421 1785 2613 1825 nemus
2640 1769 3025 1836 umbriferum,
3049 1786 3256 1842 perque
3283 1772 3474 1827 salicta
3508 1774 3655 1828 salit.

2139 1830 2190 1892 Β
2215 1860 2357 1917 Ecce
2384 1860 2585 1927 locum,
2619 1876 2726 1931 quo
2752 1861 2909 1915 turba
2956 1830 3182 1930 potens;
3204 1871 3259 1916 et
3285 1862 3501 1916 Caesara
3534 1865 3560 1902 ⁸
3590 1862 3783 1930 Iudith,

2284 1952 2682 2019 Constiterant,
2710 1952 2936 2023 Carolus
2966 1955 2993 1994 ιι
3020 1970 3142 2010 eum
3172 1955 3369 2024 quibus
3395 1956 3511 2026 ipse
3535 1972 3690 2027 puer.

2212 2044 2464 2101 Praeterit
2492 2045 2801 2110 instanter;
2840 2044 3071 2114 pedibus
3092 2060 3215 2115 spes
3239 2054 3453 2100 constat
3480 2046 3534 2100 in
3562 2047 3727 2118 ipsis;

2281 2136 2348 2191 Ni
2375 2135 2501 2207 fuga
2529 2134 2831 2192 subsidium
2852 2132 3117 2201 conferat,
3152 2150 3281 2190 ecce
3308 2134 3471 2206 perit.

2213 2226 2387 2295 Quam
2413 2241 2551 2296 puer
2575 2225 2846 2294 aspiciens
2871 2222 3099 2279 Carolus
3123 2224 3271 2294 cupit
3297 2239 3425 2279 ecce
3453 2224 3698 2295 parentis

2282 2323 2433 2377 More
2471 2322 2646 2391 sequi,
2674 2320 2930 2391 precibus
2953 2318 3191 2391 postulat
3213 2334 3339 2375 acer
3357 2333 3583 2390 equum.

2220 2415 2236 2454 ί
2269 2412 2438 2468 Arma
2482 2419 2639 2483 rogat
2695 2411 2942 2481 cupidus,
2989 2411 3328 2481 pharetram,
3362 2410 3676 2479 celeresque
3701 2424 3782 2464 sa-

3511 2500 3719 2573 [gittas,

2280 2594 2349 2650 Et
2374 2596 2526 2666 cupit
2554 2596 2635 2652 ire
2668 2611 2891 2668 sequax,
2922 2600 2983 2649 ut
3001 2600 3159 2665 pater
3178 2592 3294 2664 ipse
3324 2592 3463 2649 solet

2207 2688 2617 2761 lngeminatque
2660 2705 2850 2760 preces
2896 2686 3188 2759 precnbus;
3222 2687 3317 2742 sed
3360 2687 3586 2759 pulchra
3630 2703 3781 2744 crea-

3589 2782 3725 2856 [trix

2278 2871 2365 2929 Ire
2388 2880 2560 2941 vetat,
2585 2881 2712 2930 voto
2732 2888 2833 2930 nec
2870 2874 2963 2931 dat
2984 2875 3191 2931 habere
3214 2876 3379 2931 viam.

2208 2961 2276 3020 Ni
2313 2965 2638 3037 paedagogus
2661 2980 2787 3021 eum
2818 2973 3023 3032 teneat,
3045 2976 3328 3038 materque
3351 2967 3643 3035 volentem,

2281 3054 2428 3111 More
2450 3071 2583 3126 puer
2614 3058 2767 3128 pueri
2787 3054 2901 3126 jam
2922 3056 3067 3113 volet
3096 3051 3382 3128 ire‘pcdes.

2208 3145 2450 3220 Pergunt
2475 3156 2560 3223 ast
2580 3148 2670 3204 alii
2698 3146 2943 3218 juvenes,
2976 3149 3301 3221 capiuntque
3331 3149 3574 3221 fugacem

2128 3216 2173 3281 (ἶ
2274 3216 2589 3307 Bastiolam,
2614 3216 2836 3297 illaesam
2864 3256 2985 3296 mox
3020 3216 3190 3311 puero
3215 3216 3501 3297 revellunt.

2202 3329 2371 3386 Arma
2397 3346 2512 3386 aevo
2540 3340 2729 3387 lenem
2749 3339 2878 3387 tunc
2898 3331 3275 3387 convenientia
3301 3331 3489 3397 sumit,

2193 3493 2197 3496 ν
2276 3424 2520 3481 Perculit
2545 3432 2708 3494 atque
2730 3423 2858 3480 ferae
2886 3432 3040 3497 terga
3071 3426 3349 3480 tremenda
3380 3438 3533 3493 puer.

2203 3515 2362 3571 Hunc
2387 3516 2595 3586 puerile
2626 3517 2791 3571 decus
2824 3516 2951 3571 hinc
3002 3516 3128 3571 inde
3173 3514 3488 3586 frequentat
3512 3522 3569 3571 et
3593 3515 3780 3584 ambit.

2274 3606 2432 3663 Hunc
2450 3608 2623 3677 patris
2651 3607 2846 3672 virtus,
2875 3622 3071 3662 nomen
3102 3616 3158 3662 et
3179 3618 3338 3663 ornat
3362 3606 3471 3663 avi.

2202 3695 2389 3764 Qualis
2416 3695 2604 3766 Apollo
2634 3696 2799 3752 micat
2820 3696 3074 3768 gradiens
3099 3712 3196 3768 per
3216 3697 3453 3753 culmina
3482 3696 3626 3764 Deli,

2270 3786 2495 3844 Latonae
2528 3790 2689 3844 matri
2710 3788 2904 3861 gaudia
2929 3805 3122 3860 magna
3152 3787 3352 3845 ferens.

2199 3877 2319 3935 Iam
2343 3890 2501 3951 pater
2524 3881 2757 3936 eximius
2785 3879 2988 3946 Caesar,
3017 3894 3113 3935 seu
3137 3890 3333 3936 caetera
3360 3881 3529 3951 pubes

2274 3974 2485 4030 Venatu
2514 3972 2724 4044 gravidi
2753 3980 2896 4028 tecta
2926 3973 3109 4027 subire
3136 3981 3353 4042 parant.

2203 4063 2311 4120 Sed
2340 4072 2521 4119 tamen
2552 4063 2607 4118 in
2631 4063 2810 4119 medio
2836 4064 3077 4119 nemoris
3095 4064 3390 4120 viridantia
3417 4063 3659 4121 claustra

2236 4196 2511 4279 infectum
2547 4196 2803 4279 arbitror,
2840 4210 2959 4279 quae
3000 4195 3233 4268 dignitas
3258 4196 3310 4250 in
3351 4195 3555 4279 palatio
3588 4213 3775 4279 regum

2248 4283 2533 4323 raucorum
2594 4268 2736 4321 inter
2791 4268 2997 4333 primas
3053 4279 3408 4322 annumerata
3458 4268 3588 4323 olim
3658 4268 3774 4333 fuit,

2199 4338 2492 4395 Hinemaro
2523 4347 2659 4394 teste
2709 4338 2764 4392 in
2794 4336 2892 4392 lib.
2932 4338 2997 4392 de
3019 4336 3150 4393 0rd.
3201 4337 3410 4408 palatii.
3491 4337 3777 4393 Venetam

2199 4410 2367 4465 etiam
2395 4411 2538 4464 inter
2569 4424 2697 4463 suos
2732 4408 3101 4462 ministerialea
3137 4419 3387 4463 recenset
3417 4408 3648 4464 Carolus
3669 4409 3777 4463 Ha-

2274 4495 2350 4560 us_
2387 4481 2438 4533 in
2476 4478 2707 4560 epistola
2736 4477 3517 4560 quae.editaestjnterdeges
3554 4480 3775 4560 ganga-

2199 4497 2336 4605 gnus
2387 4497 2438 4533 in
2476 4497 2707 4548 epistola
2736 4497 2855 4547 qua:
2899 4497 3041 4533 emta
3073 4497 3161 4533 es:
3199 4497 3344 4533 Inter
3375 4497 3517 4560 teges
3566 4497 3775 4552 Lango-

2237 4550 2451 4604 ardicas
2487 4557 2639 4619 parte
2673 4565 2711 4603 ιι
2751 4549 2880 4603 tomi
2914 4549 2935 4603 1
2964 4548 3313 4604 Collectionis
3347 4550 3523 4619 hujus.
3548 4549 3778 4606 Circiter

2199 4637 2262 4675 ea
2295 4618 2538 4689 tempora
2596 4619 2828 4673 floruere
2883 4619 3156 4683 Widones,
3210 4619 3325 4675 sive
3361 4618 3648 4684 Guidones,
3682 4620 3775 4675 sed

2198 4692 2469 4746 incertum
2523 4706 2591 4745 an
2650 4689 2850 4758 aliquid
2894 4705 3182 4746 commune
3241 4705 3366 4745 cum
3416 4692 3521 4746 isto
3576 4692 3776 4746 habue-

2196 4762 2328 4817 rint.

2273 4832 2295 4870 τ
2338 4830 2449 4885 Hoc
2475 4839 2578 4895 est,
2614 4831 2880 4901 pm'cedit.

2272 4905 2297 4943 δ
2334 4901 2509 4956 Nimia
2548 4900 2661 4956 haec
2680 4901 3089 4974 licentia,bone
3122 4901 3346 4974 Nigelle.
3400 4900 3605 4974 Nempe
3660 4900 3774 4957 Cre-

2272 4918 2297 4943 ο
2334 4918 2509 4956 mmta
2549 4918 2661 4956 meo
2687 4918 2926 4967 ucenua,
2950 4918 3089 4956 none
3124 4918 3346 4974 mgeue.
3400 4918 3605 5027 nemple
3660 4918 3773 4957 uc-

2198 4989 2315 5027 sera
2347 4989 2445 5043 pm
2480 4987 2620 5043 uror
2668 4971 2919 5037 Czrsaris,
2979 4987 3071 5027 seu
3112 4973 3380 5028 Caesarea.
3422 4974 3475 5027 ln
3584 4974 3773 5029 istoria

2200 5040 2462 5116 Miscella,
2496 5040 2712 5116 Cancro
2739 5058 2875 5116 uxpr
2895 5042 3098 5116 Persici
3130 5045 3273 5116 regis
3307 5055 3660 5116 memoratur.

2268 5115 2295 5154 ιι
2335 5113 2600 5195 laudovici
2624 5112 2702 5166 Pii
2725 5124 2781 5195 et
2809 5111 3038 5169 Iuditha:
3071 5111 3329 5186 Augusta:
3360 5115 3523 5170 ﬁlius.
3552 5114 3770 5169 Calvam

2197 5183 2467 5255 appellare
2488 5184 2888 5238 consuevimus.
3166 5183 3183 5186 ⁷

2273 5257 2290 5295 ί
2334 5254 2467 5309 Acta
2499 5255 2611 5309 haec
2644 5263 2771 5308 sunt
2798 5270 2940 5309 anno
2965 5252 3087 5308 826.
3127 5253 3354 5310 Carolus
3400 5265 3580 5311 autem
3611 5257 3661 5310 in
3689 5254 3773 5307 lu-

2193 5339 2310 5380 cem
2344 5326 2521 5379 editus
2568 5323 2743 5397 fuerat
2769 5339 2937 5397 anno
2975 5325 3100 5389 825,
3135 5341 3199 5380 ac
3228 5328 3458 5397 proin'ie
3515 5336 3639 5381 tunc
3674 5325 3766 5378 vix

2198 5397 2531 5466 quadrimus.
2565 5394 2703 5460 Quin
2750 5395 3008 5465 puerulus
3039 5412 3190 5450 arma
3230 5394 3486 5466 petierit,
3522 5406 3577 5450 et
3607 5397 3773 5451 feram

2200 5467 2410 5537 insequi
2458 5466 2778 5535 excupierit,
2822 5481 3015 5537 negare
3060 5468 3263 5533 nolim;
3295 5476 3354 5522 at
3398 5468 3558 5523 simul
3598 5466 3774 5521 fer-en-

2198 5539 2348 5602 dum,
2375 5545 2586 5606 poetam
2627 5548 2871 5590 nostrum
2898 5538 2986 5591 hic
3012 5537 3265 5603 blandiri,
3296 5554 3359 5593 ac
3390 5538 3569 5593 dulcia
3596 5537 3776 5606 dicere

2194 5605 2429 5663 Iudithte
2456 5609 2731 5677 Augustae.
2780 5617 2837 5661 ut
2866 5623 2963 5678 per
3006 5622 3125 5661 eam
3153 5624 3367 5678 quoque
3396 5609 3466 5663 ab
3493 5607 3681 5678 exsilio
3704 5605 3777 5657 li-

2193 5680 2432 5742 beretur,
2462 5687 2623 5745 atque
2653 5678 2707 5731 in
2727 5677 2956 5749 gratiam
2981 5677 3236 5735 Ludovici
3264 5677 3602 5736 restituatur.
3631 5677 3776 5747 Lego

2193 5764 2313 5820 qua:
2341 5758 2660 5821 sequuntur.
