4022 6464
247 369 338 428 633

302 481 470 539 Judith
499 479 791 551 prudenter
818 473 1104 542 construit,
1139 485 1301 545 atque
1331 475 1463 546 tegit

241 571 434 630 Vimine
461 578 712 640 pra-raso,
746 585 845 624 nec
869 586 974 623 non
1006 578 1060 622 et
1083 569 1278 622 tonsile
1304 568 1466 632 buxo,

298 663 532 719 Palleolis
557 663 743 731 cingit,
769 662 1110 730 Iinteolisque
1146 661 1292 731 tegit,

233 755 396 826 Atque
423 754 507 824 pio
532 754 641 824 regi
665 753 919 807 viridanti
952 756 1094 807 ruris
1120 753 1176 806 in
1210 753 1374 808 herba

295 849 406 919 Ipsa
439 848 602 902 sedile
628 855 803 916 parat,
838 847 1057 901 ordinat
1095 856 1255 915 atque
1281 848 1466 916 dapes.

233 938 341 992 Mox
372 938 612 992 manibus
636 938 761 993 lotis
795 937 996 1003 Ctesar,
1033 955 1125 993 seu
1153 939 1379 1007 pulchra
1399 936 1600 1009 jugaIis

292 1029 490 1084 Aurato
516 1044 642 1084 ecce
667 1030 824 1085 thoro
855 1029 1179 1084 discubuere
1211 1028 1390 1084 simul.

229 1120 527 1177 Hlutharius
558 1122 801 1192 pulcher,
839 1121 1000 1176 Herol
1023 1123 1103 1176 Ius
1129 1131 1185 1175 et
1215 1123 1412 1191 hospes
1433 1127 1645 1177 amatus

289 1212 625 1267 Accumbunt
662 1230 882 1278 mensae,
917 1230 1042 1284 rege
1063 1213 1289 1282 jubente
1321 1215 1430 1284 pio.

224 1303 422 1360 Caetera
447 1305 728 1374 gramineo
763 1306 961 1360 residet
983 1321 1106 1359 nam
1141 1322 1267 1359 rure
1289 1303 1567 1372 juventus,

286 1397 388 1450 Per
409 1413 601 1453 nemus
624 1398 978 1453 umbriferum
1015 1415 1242 1470 corpora
1262 1399 1403 1454 lassa
1443 1399 1605 1453 fovet.

221 1485 436 1554 Pinguia
462 1497 600 1542 tosta
640 1487 821 1543 ferunt
845 1491 1073 1558 juvenes
1099 1507 1223 1545 mox
1251 1499 1378 1544 exta
1409 1489 1647 1544 ferarum
1672 1506 1687 1555 ;

287 1577 548 1634 Ctesareis
571 1578 801 1650 dapibus
827 1582 996 1635 mixta
1033 1579 1207 1636 ferina
1243 1582 1369 1637 coit.

224 1669 440 1740 Aufugit
464 1679 584 1726 acta
612 1670 786 1726 fames
809 1674 1036 1742 dapibus
1060 1691 1073 1739 ;
1111 1676 1240 1728 dant
1260 1673 1450 1744 pocula
1479 1673 1686 1740 buccis,

279 1760 507 1816 Pellitur
534 1770 696 1831 atque
725 1763 845 1818 sitis
880 1764 994 1832 ipsa
1033 1764 1244 1832 liquore
1266 1765 1373 1834 pio.

211 1851 584 1923 Laztificatque
605 1856 778 1910 bonus
805 1871 929 1909 mox
956 1865 1176 1925 pectora
1210 1857 1366 1912 fortia
1392 1857 1656 1915 Bacchus.

274 1945 556 2001 Lzetanter
577 1957 829 2017 repetunt
859 1949 1032 2003 aulica
1058 1960 1200 2004 tecta
1227 1951 1349 2005 viri.

207 2034 358 2090 Aulai
393 2045 455 2090 ut
482 2053 698 2100 venere,
730 2036 912 2092 fovent
932 2054 1053 2093 mox
1082 2040 1244 2094 corda
1275 2055 1300 2082 ει
1327 2041 1506 2113 Lyaeo,

271 2125 340 2179 Et
371 2128 702 2195 vespertinis
732 2135 977 2198 pergitur
1001 2129 1191 2185 ofIiciis
1218 2132 1267 2185 ι).

208 2216 298 2271 Bis
324 2232 546 2286 quoque
574 2221 862 2274 transactis
884 2220 1042 2274 solite
1070 2222 1339 2292 digneque
1376 2232 1653 2292 verenter,

272 2307 398 2363 Inde
433 2309 706 2377 palatinas
729 2307 845 2377 jam
871 2312 1085 2366 subiere
1114 2313 1326 2368 domus.

211 2399 347 2455 Ecce
373 2416 572 2456 manus
599 2402 879 2470 juvenum,
907 2413 1135 2460 venatus
1160 2421 1384 2462 munera
1409 2408 1622 2476 tollens,

273 2491 437 2546 Multa
471 2492 614 2557 ﬂuit,
646 2495 873 2564 cupiens
895 2496 1039 2566 regis
1070 2498 1262 2553 adesse
1298 2501 1489 2555 oculis.

204 2582 360 2638 Millia
393 2601 685 2640 cervorum
715 2588 1050 2657 przegrandia
1087 2605 1290 2644 cornua
1315 2607 1526 2647 necnon

272 2675 540 2732 Ursorum
575 2678 822 2734 referunt
859 2689 1093 2752 tergora,
1132 2697 1225 2736 seu
1250 2684 1450 2754 capita.

198 2764 434 2824 Plurima
457 2771 757 2841 setigerum
783 2773 1052 2827 revehunt
1083 2783 1136 2829 et
1160 2790 1388 2845 corpora
1415 2791 1693 2847 aprorum,

269 2861 593 2932 Capreolos,
619 2864 806 2919 damas
842 2865 950 2920 fert
973 2867 1182 2935 puerile
1206 2867 1393 2923 decus.

197 2953 287 3010 Ille
315 2956 439 3025 pius
467 2957 712 3027 praedam
744 2957 976 3014 famulos
998 2960 1229 3029 partitus
1261 2961 1315 3015 in
1345 2977 1535 3020 omnes

217 3117 220 3119 Α
271 3047 423 3104 More
451 3065 582 3115 suo,
610 3049 756 3105 clero
778 3067 906 3121 pars
937 3068 1153 3123 quoque
1178 3070 1372 3124 magna
1399 3056 1562 3112 cadit.

193 3141 416 3199 Interea
453 3143 727 3199 Heroldus
761 3161 884 3200 cum
924 3146 1050 3200 talia
1087 3156 1337 3203 cerneret
1370 3149 1590 3219 hospes,

261 3235 591 3292 Multimoda
619 3247 802 3293 versat
831 3247 1050 3308 pectore
1071 3239 1316 3294 consilia.

194 3326 365 3400 Regia
384 3330 517 3400 jura
545 3330 756 3396 videns,
789 3339 966 3401 stupet
990 3331 1383 3402 imperiumque
1406 3331 1698 3406 ﬁdemque,

263 3421 632 3493 Olliciumque
663 3425 758 3478 Dei
789 3438 1008 3479 currere
1029 3424 1151 3492 jure
1182 3441 1300 3480 suo.

197 3509 306 3568 Sed
339 3514 564 3568 tandem
587 3513 826 3569 incertos
851 3516 1017 3586 tergit
1051 3515 1117 3569 de
1139 3523 1356 3583 pectore
1382 3524 1584 3583 motus,

259 3602 691 3671 Consiliumque
721 3604 884 3674 capit,
911 3605 1056 3674 quod
1080 3607 1223 3660 Deus
1254 3606 1368 3676 ipse
1398 3607 1570 3660 dedit.

183 3694 335 3751 Ecce
369 3694 486 3746 ﬁde
522 3693 732 3762 plenus,
770 3696 881 3764 regi
928 3695 1043 3748 haec
1067 3710 1282 3766 quoque
1323 3698 1489 3752 verba
1517 3697 1784 3766 profatur,

256 3788 485 3859 Sponte
511 3804 604 3842 sua
634 3789 859 3843 veniens
887 3790 1121 3859 procidit
1147 3798 1273 3845 ante
1302 3791 1486 3861 pedes.

181 3879 375 3935 Caesar
399 3879 612 3949 opime,
643 3879 739 3934 Dei
775 3880 964 3946 cultor,
994 3889 1279 3952 rectorque
1305 3871 1539 3950 tuorum,

253 3973 412 4041 Quos
443 3973 545 4027 tibi
572 3973 950 4044 cunctipotens
980 3975 1207 4029 contulit
1228 3974 1368 4030 alme
1400 3975 1563 4032 Deus.

253 4143 280 4172 ει
310 4129 608 4203 Frequens
642 4132 842 4186 mentio
863 4132 1058 4188 Bacchi
1089 4141 1145 4187 et
1182 4131 1326 4203 Lyaei
1361 4133 1500 4202 apud
1532 4142 1780 4190 nostrum

180 4199 483 4272 Nigellum.
525 4202 605 4256 Ad
637 4203 752 4256 hate
779 4203 1018 4273 animum
1045 4199 1283 4268 adverte,
1315 4219 1381 4257 ne
1397 4199 1655 4273 _tempora
1685 4221 1782 4260 n0-

182 4283 292 4326 stra
322 4274 571 4335 incuses,
603 4274 759 4342 quasi
784 4272 912 4326 olim
960 4275 1313 4342 temperantia
1343 4272 1543 4327 mensis
1567 4275 1780 4329 asside-

183 4353 285 4404 ret,
317 4358 474 4397 nunc
505 4353 686 4396 autem
718 4343 843 4399 inde
867 4343 1141 4398 exclusam
1180 4359 1285 4396 non
1317 4359 1440 4397 raro
1487 4359 1544 4398 se
1572 4345 1770 4398 doleat.

251 4415 278 4453 δ
318 4413 557 4468 Scilicet
589 4413 655 4466 ad
687 4414 1052 4482 vespertinum
1083 4412 1339 4479 oﬂicium,
1375 4417 1518 4483 quod
1547 4428 1644 4483 per
1675 4415 1783 4471 cle-

181 4498 299 4538 rum
333 4486 388 4539 in
425 4483 636 4553 templo
662 4485 1070 4538 decantabatur.

249 4567 271 4594 ο
317 4555 586 4609 Manibus
606 4554 810 4622 junctis
834 4571 893 4610 se
924 4556 1136 4609 tradere
1187 4555 1368 4618 alicui,
1411 4565 1495 4608 est
1525 4555 1573 4610 ei
1607 4554 1781 4609 fideli-

181 4634 366 4696 tatem,
385 4626 899 4695 subjectionemque
918 4625 1230 4694 juramento
1255 4627 1494 4696 pncstito
1515 4626 1777 4695 polliceri.

180 4693 587 4751 Heroldum'se
634 4711 699 4750 ac
741 4693 961 4766 regnum
995 4697 1176 4752 Daniae
1219 4693 1564 4767 supposuisse
1604 4697 1782 4752 Ludo-

180 4768 300 4822 vico
351 4769 637 4838 Augusto,
691 4768 742 4821 in
781 4769 1065 4821 annaliLus
1114 4784 1301 4822 eorum
1341 4777 1640 4836 temporum
1672 4783 1780 4822 non

179 4839 418 4907 reperio.
475 4838 620 4892 Nam
673 4840 816 4907 quod
870 4840 921 4892 in
979 4838 1096 4892 Vita
1143 4838 1380 4904 ejusdem
1436 4839 1782 4905 imperatoris

177 4905 558 4964 Astronomus
593 4905 782 4964 scribit
808 4908 874 4961 ad
905 4924 1102 4962 annum
1139 4908 1242 4963 8H
1270 4926 1281 4960 :
1317 4927 1335 4958 ι
1381 4907 1684 4970 Ηειήυιάιιε,
1713 4908 1780 4962 ad

177 4993 338 5046 quem
374 4995 601 5035 summa
633 4979 782 5050 regni
820 4977 1091 5050 Danorum
1148 4979 1419 5048 pertinere
1446 4977 1776 5050 Avide‘batur,

177 5061 237 5120 et
266 5051 362 5118 qui
393 5051 616 5120 pridem
654 5047 837 5120 ειῖὶιῆὶηι
864 5048 1138 5104 Godefridi
1179 5063 1345 5120 regno
1370 5048 1554 5120 pulsus
1583 5047 1776 5120 fuerat,
1811 5115 1815 5118 .

176 5119 242 5192 ad
297 5118 702 5192 imperatorem
774 5119 1106 5192 Ludovicum
1167 5118 1476 5192 confugium
1532 5118 1677 5192 fecit,
1725 5126 1780 5172 et

176 5189 326 5258 juxta
356 5189 578 5247 morem
595 5191 924 5246 Francorum
951 5191 1195 5244 manibus
1220 5191 1363 5244 illius
1387 5205 1444 5244 se
1473 5189 1728 5252 tradidit;
1753 5208 1772 5241 ι

182 5265 466 5317 nonsatis
529 5271 714 5330 aperte
765 5277 876 5316 rem
933 5262 1151 5325 firmat;
1184 5271 1266 5315 est
1312 5261 1455 5314 enim
1493 5259 1776 5313 verborum

179 5345 378 5388 sensus
411 5332 636 5394 dubius,
674 5349 770 5402 pro
804 5333 999 5400 quibus
1045 5332 1382 5401 Eginhardus
1435 5331 1636 5383 habet:
1670 5348 1688 5379 ι
1724 5337 1778 5382 et

180 5415 234 5452 se
261 5403 315 5455 in
345 5419 555 5457 manus
588 5404 728 5457 illius
754 5404 1170 5458 commendavit.
1212 5422 1229 5454 ι
1263 5403 1515 5454 Attamen
1567 5409 1776 5453 tantam

179 5468 393 5542 Nigello
424 5483 618 5528 nostro
662 5475 1039 5528 auctoritatem
1075 5489 1195 5527 esse
1227 5473 1470 5542 futuram?
1513 5471 1768 5535 arbitror,

178 5541 390 5597 utrem
421 5545 498 5597 ab
526 5560 590 5598 eo
621 5545 959 5614 apertissime
1008 5553 1279 5596 narratam
1314 5541 1543 5614 amplius
1573 5556 1772 5610 negare

179 5627 344 5685 nemo
382 5615 541 5667 velit.
603 5612 680 5669 Ac
725 5616 948 5685 proinde
1006 5614 1402 5685 emendandus
1434 5612 1773 5685 "minuimus

177 5680 544 5756 Conringius,
585 5688 675 5754 qui
725 5680 821 5739 Iib.
866 5702 902 5749 ι,
933 5700 1051 5753 cap.
1083 5686 1137 5748 4,
1171 5687 1237 5737 de
1269 5682 1605 5756 Fiqib.itn_p.
1639 5681 1775 5756 Ger-

177 5769 357 5819 man.,
397 5751 728 5818 'coutendit,
796 5751 1131 5824 nequaquam
1202 5755 1300 5808 sub
1355 5752 1622 5805 Ludovico
1679 5751 1772 5806 Pio

180 5827 522 5881 translatam
544 5828 710 5884 fuisse
736 5829 958 5884 Daniam
979 5828 1035 5882 iu
1075 5825 1166 5896 jus
1197 5825 1429 5896 imperii,
1457 5837 1772 5896 quanquam

1070 359 1159 416 DE
1199 360 1426 417 REBUS
1464 359 1710 419 GESTIS
1749 360 2072 420 LUDOVICI
2107 361 2216 418 PII.
2257 393 2327 404 -
2363 361 2492 416 LIB.
2533 362 2622 417 IV.

3371 361 3479 419 854

1821 481 1874 540 Α
1899 477 2072 532 Cerno
2107 478 2248 546 quod
2291 474 2538 546 insignis,
2588 474 2821 543 patiens,
2878 473 3166 545 fortisque,
3193 476 3442 548 piusque,

1970 569 2237 640 Armiger,
2271 577 2327 622 et
2363 567 2601 623 clemens
2631 567 2728 630 sis,
2757 567 3026 621 tribuente
3059 569 3190 624 Deo.

1900 661 2063 714 Dives
2087 677 2249 730 opum
2283 660 2533 723 nimium,
2566 673 2665 712 nec
2686 672 2792 712 non
2814 657 3041 728 largitor
3069 669 3347 730 egentum,

1970 754 2204 808 Blandus
2233 753 2508 822 subjectis,
2539 762 2698 820 atque
2727 751 2943 820 quietus
2974 752 3122 806 ades.

1899 846 2093 902 Omnia
2124 848 2386 902 virtutum
2424 846 2577 901 video
2605 845 2698 899 tibi
2720 846 2950 909 credita,
2980 845 3160 901 Caesar
3205 866 3209 870 ί

1974 938 2244 1003 Flumina,
2276 939 2486 993 sidereo
2523 947 2740 1008 pectora
2771 953 2893 992 rore
2918 938 3160 1004 madent,

1898 1027 2047 1084 Colla
2080 1027 2214 1100 jugo
2241 1029 2442 1084 Christi
2470 1044 2538 1083 en
2565 1029 2835 1083 monitans
2862 1044 2982 1082 mea
3034 1036 3217 1083 vestra
3269 1031 3483 1102 subegit

1971 1121 2182 1185 Suasio,
2221 1131 2276 1176 et
2298 1125 2520 1178 aeternis
2549 1124 2722 1176 traxit
2757 1124 2824 1178 ab
2857 1139 3025 1192 usque
3057 1122 3211 1178 focis.

1897 1213 2082 1282 Deque
2110 1227 2296 1268 errore
2320 1214 2463 1268 malo
2496 1222 2804 1283 memetque
2839 1215 3165 1284 domumque
3190 1217 3479 1272 subactam

1969 1305 2225 1370 Abstulit,
2261 1314 2318 1360 et
2344 1321 2475 1360 vero
2503 1315 2726 1376 pectora
2752 1306 2899 1360 fonte
2923 1307 3113 1377 replet.

1897 1397 2121 1467 Insuper
2151 1415 2218 1454 en
2241 1399 2397 1453 donis
2425 1400 2698 1468 variisque
2714 1397 2957 1465 juvatus,
2985 1407 3039 1454 et
3060 1401 3248 1468 armis,

1968 1487 2142 1544 Corde
2171 1489 2283 1544 Deo
2307 1490 2519 1560 plenus,
2554 1505 2750 1560 corpus
2781 1491 3021 1545 abundat
3049 1507 3169 1561 ope.

1899 1578 2051 1634 Talia
2082 1581 2204 1650 quis
2230 1582 2460 1647 faceret,
2493 1581 2549 1634 ni
2578 1579 2778 1635 Christi
2809 1580 3010 1650 ignitus
3035 1595 3242 1636 amore}

1968 1668 2199 1738 Ingrata:
2235 1669 2380 1739 plebi
2411 1669 2594 1723 mttnia
2631 1677 2780 1722 tanta
2813 1667 3038 1725 ferens?

1898 1757 2072 1814 Credo
2098 1760 2344 1830 quidem,
2375 1760 2433 1814 in
2461 1761 2622 1814 terris
2645 1775 2742 1815 vos
2791 1776 2937 1816 nunc
2971 1770 3135 1832 caput
3167 1777 3287 1818 esse
3310 1763 3487 1820 bono-

3239 1853 3408 1926 ματη,

1970 1940 2357 1996 Christicolum
2394 1942 2607 2012 imperii
2643 1944 2746 1998 rite
2771 1951 2958 1998 tenere
2984 1943 3169 1999 decus.

1896 2031 2041 2088 Idola
2076 2041 2269 2087 cuncta
2304 2032 2436 2086 mihi
2466 2041 2526 2086 ut
2546 2032 2746 2087 cedunt
2782 2048 2880 2101 pro
2910 2034 3132 2089 nomine
3157 2031 3385 2100 Christi,

1969 2124 2168 2194 Sicque
2198 2132 2498 2194 potestates
2532 2126 2753 2180 nomine
2784 2127 2984 2196 quippe
3014 2135 3125 2182 tuo.

1896 2217 2066 2271 Cedat
2095 2214 2318 2285 jamque
2344 2226 2538 2285 potens
2574 2218 2782 2286 antiqui
2815 2217 2983 2288 gloria
3011 2217 3177 2285 smcli,

1966 2306 2105 2360 Dum
2132 2307 2277 2376 viget
2308 2307 2617 2377 imperium,
2643 2309 2806 2364 dante
2843 2309 3108 2373 Tonante,
3142 2318 3316 2365 tuum.

1895 2401 2059 2458 Forte
2085 2403 2280 2472 aliquis
2313 2403 2611 2471 aequandus
2635 2412 2753 2458 erat
2800 2405 2899 2459 tibi
2925 2421 3150 2461 munere
3192 2416 3248 2462 et
3273 2408 3484 2466 armis:

1972 2497 2248 2553 Praecellis
2279 2505 2504 2552 cunctos
2534 2499 2631 2553 sed
2668 2513 2880 2567 quoque
2910 2514 3096 2554 amore
3120 2499 3235 2556 Dei.

1895 2588 2002 2646 Sed
2025 2589 2155 2660 quid
2186 2604 2344 2660 agam
2369 2587 2480 2657 iam
2507 2586 2622 2656 jam
2648 2589 2671 2642 ?
2705 2604 2804 2644 cur
2835 2605 2922 2645 me
2947 2605 3066 2644 mea
3095 2591 3260 2646 verba
3289 2599 3478 2648 retar-

3211 2681 3364 2754 [dant
3387 2683 3412 2737 ?

1823 1847 1871 1907 B

1968 2774 2036 2829 Et
2060 2788 2312 2830 sermone
2344 2772 2497 2827 brevi
2522 2772 2752 2842 prodere
2784 2781 2932 2827 tanta
2963 2772 3109 2829 volo.

1895 2865 2307 2937 Moxgntanibus
2329 2863 2538 2933 junctis
2561 2865 2674 2934 regi
2703 2880 2762 2919 se
2789 2865 3011 2920 tradidit
3045 2865 3190 2921 ultro
3222 2877 3272 2933 ο,

1966 2959 2033 3013 Ει
2063 2972 2249 3014 secum
2274 2971 2523 3028 regnum,
2552 2957 2698 3025 quod
2729 2956 2843 3011 sibi
2863 2955 2985 3025 jure
3013 2956 3134 3012 fuit.

1894 3051 2145 3123 Suscipe,
2185 3050 2390 3115 Caesar,
2422 3050 2522 3114 ait,
2560 3064 2670 3115 me,
2721 3063 2821 3104 nec
2848 3065 2954 3104 non
3010 3065 3178 3121 regna
3205 3050 3474 3110 subacta:

1964 3143 2172 3215 Sponte
2199 3142 2310 3198 tuis
2332 3149 2537 3196 memet
2560 3139 2781 3196 confero
2803 3140 3060 3195 servitiis.

1814 3209 1860 3275 α
1889 3253 2072 3310 Caesar
2095 3262 2153 3308 at
2180 3250 2296 3322 ipse
2325 3265 2520 3306 manus
2568 3249 2822 3305 manibus
2851 3248 2879 3289 ἀ
2911 3249 3152 3320 suscepit
3179 3249 3425 3306 honestis
3451 3268 3465 3306 :

1957 3343 2267 3418 Iunguntur
2300 3341 2528 3396 Francis
2557 3339 2761 3395 Denica
2794 3355 2962 3409 regna
2992 3341 3118 3409 piis.

1888 3435 2013 3490 Mox
2045 3448 2261 3504 quoque
2289 3431 2472 3487 Caesar
2493 3445 2662 3485 ovans
2687 3429 2984 3484 Francisco
3012 3444 3164 3485 more
3193 3419 3421 3484 veterno
3455 3439 3482 3470 ⁸

1960 3522 2063 3577 Dat
2087 3522 2189 3577 sibi
2229 3536 2447 3591 equum,
2486 3535 2594 3598 nec.
2626 3519 2752 3582 neu,
2780 3527 2840 3574 ut
2878 3520 3047 3584 solet,
3082 3535 3234 3575 arma
3265 3520 3284 3559 ί
3316 3519 3480 3576 simul

1889 3613 2050 3670 Festa
2090 3615 2205 3670 dies
2239 3614 2437 3668 iterum
2476 3612 2651 3683 surgit
2677 3602 3264 3682 renovata'nitescens,

1958 3705 2186 3760 Francis
2222 3714 2277 3759 et
2313 3704 2477 3758 Denis
2516 3701 2893 3758 concelebrata
2929 3704 3116 3758 micat.

1888 3795 2098 3853 Interea
2129 3794 2312 3850 Caesar
2339 3793 2628 3849 Heroldum
2657 3793 2879 3863 jamque
2910 3793 3123 3850 fidelem

1959 3887 2181 3942 Munere
2212 3888 2376 3942 donat
2400 3902 2563 3958 opum
2605 3902 2705 3956 pro
2733 3889 2934 3955 pietate
2968 3903 3086 3943 sua.

1883 3981 2032 4039 Illius
2058 3991 2143 4038 ast
2167 3993 2392 4053 propter
2415 3982 2604 4036 tribuit
2632 3980 2734 4036 sibi
2770 3983 2795 4021 ε
2822 3980 3010 4051 praelia
3048 3980 3216 4050 ﬁnes,

1883 4137 2189 4193 Ludovicus
2242 4136 2704 4208 Hamburgensem
2754 4137 3125 4208 episcopatum
3150 4150 3336 4208 _super
3366 4136 3474 4208 Da,-

1885 4210 2032 4262 niam
2068 4223 2283 4278 quoque
2313 4205 2642 4278 instituerit;
2681 4207 2772 4278 sed
2804 4207 2853 4259 id
2881 4207 3114 4278 primum
3136 4205 3345 4278 factum
3373 4207 3474 4260 sub

1886 4279 2122 4332 Henrico
2155 4276 2208 4330 I'
2236 4279 2455 4347 Aucupe
2509 4276 2815 4347 Germaniae
2841 4290 2984 4347 rege.
3048 4276 3193 4330 Abiit
3244 4276 3463 4345 quidem

1886 4349 2038 4402 brevi
2094 4347 2237 4400 leves
2287 4348 2340 4400 in
2371 4345 2530 4400 auras
2563 4345 2778 4399 Heroldi
2829 4345 3002 4412 fides;
3040 4355 3280 4401 attamen
3309 4347 3377 4401 ab
3403 4361 3472 4402 eo

1888 4418 2069 4488 datam
2107 4417 2332 4488 credere
2359 4417 2622 4488 cogimur.

1958 4488 1984 4528 d
2027 4487 2146 4552 Quo
2186 4489 2290 4541 ritu
2311 4484 2550 4554 jura'ntis
2575 4496 2976 4558 sacramentum
3003 4502 3034 4540 a
3058 4487 3359 4558 recipiente
3385 4502 3474 4542 ra-

1890 4566 2002 4613 tum
2063 4558 2378 4629 habebatur.
2438 4558 2545 4612 Res
2588 4566 2712 4613 nota
2770 4557 3016 4625 eruditis,
3077 4572 3141 4613 ac
3178 4557 3474 4629 propterea

1888 4629 2018 4684 mihi
2050 4645 2154 4684 non
2180 4628 2518 4684 illustranda.

1960 4711 1981 4738 ε
2006 4699 2184 4754 Heus!
2237 4701 2376 4755 bone
2421 4699 2728 4765 Hermolde,
2760 4699 2904 4754 aliud
2942 4707 3026 4755 est
3054 4709 3280 4766 veterno,
3322 4699 3469 4755 aliud

1885 4780 2108 4835 vetusto,
2131 4771 2275 4839 quod
2303 4787 2468 4824 unum
2516 4772 2699 4828 dicere
2725 4771 2961 4825 voluisti.

1963 4841 1982 4879 τ
2012 4842 2076 4895 Et
2106 4842 2192 4895 hic
2227 4851 2468 4896 veterum
2504 4841 2836 4896 Francorum
2879 4857 2993 4896 mos
3035 4841 3468 4896 animadverten-

1885 4911 2006 4965 dus.
2041 4911 2185 4966 .Cutn
2236 4913 2358 4981 quis
2386 4927 2483 4983 sua
2517 4914 2625 4983 regi
2667 4911 3007 4983 subiiciebat,
3049 4912 3361 4983 fidelitatem
3417 4909 3470 4964 ei

1886 4991 2230 5036 sat-ramento
2274 4981 2652 5051 obstringens,
2701 4981 2938 5036 vicissim
2985 4991 3040 5037 et
3091 4997 3185 5036 rex
3215 4981 3292 5033 illi
3325 4981 3470 5051 dona

1887 5052 2222 5115 ceufcrebat,
2247 5067 2443 5119 equum
2471 5049 2741 5121 praecipue
2770 5059 2825 5107 et
2850 5069 3021 5106 arma.
3066 5052 3186 5107 Uno
3219 5049 3471 5121 exemplo

1885 5131 2174 5176 contentus
2188 5136 2300 5175 ero.
2323 5119 3016 5189 FredegariiiContinuator
3038 5123 3104 5176 ad
3132 5136 3333 5175 annum
3365 5119 3466 5174 764

1883 5193 2000 5245 Inec
2034 5192 2191 5245 habet
2222 5210 2234 5265 _:
2271 5211 2288 5241 ι
2323 5191 2665 5265 Reu‘tistanus
2686 5195 2962 5265 adgregem
2991 5193 3234 5265 veniens,
3277 5205 3464 5245 sacra-

1884 5271 2068 5335 menta
2123 5263 2291 5316 multa
2332 5271 2385 5317 et
2423 5263 2598 5335 fidem
2629 5261 3033 5335 prmdict'oregi
3075 5261 3299 5335 Pippino
3342 5276 3468 5330 pro-

1885 5332 2054 5403 misit,
2083 5341 2141 5386 ut
2170 5349 2383 5402 semper
2411 5334 2584 5389 fidelis
2609 5332 2720 5389 tam
2755 5332 3013 5403 praedicto
3056 5333 3189 5400 regi,
3219 5347 3379 5403 quam
3410 5340 3466 5386 et

1882 5401 2009 5456 filiis
2050 5405 2161 5458 suis
2205 5401 2328 5460 esse
2357 5405 2596 5461 deberet.
2631 5401 2910 5459 Rex—vero
2943 5403 2994 5456 in
3023 5417 3174 5455 suam
3206 5402 3463 5457 ditionem

1880 5489 2004 5527 eum
2029 5476 2248 5545 recepit,
2271 5485 2324 5530 et
2345 5475 2510 5529 multa
2535 5491 2760 5529 munera
2791 5474 2903 5526 auri
2922 5481 2990 5545 _et
3011 5473 3244 5545 argenti,
3263 5481 3316 5528 et
3339 5488 3466 5545 pre-

1884 5545 2020 5598 tiosa
2058 5543 2401 5610 vestimenta,
2442 5561 2610 5614 equos
2636 5554 2690 5600 et
2727 5558 2878 5598 arma
2921 5543 3198 5614 largiendo
3223 5559 3346 5598 eum
3379 5544 3462 5598 di-

1883 5616 2018 5670 tavit
2074 5637 2091 5668 ι

1957 5691 1980 5726 8
2013 5688 2216 5741 Sensus
2247 5701 2434 5755 parum
2465 5686 2800 5756 perspicuus.
2825 5684 3092 5738 Incertum
3124 5701 3252 5739 num
3289 5683 3462 5756 signi-

1883 5755 2046 5810 ficet:
2082 5758 2260 5810 tribuit
2290 5758 2387 5809 sibi
2423 5756 2586 5823 ﬁnes,
2620 5755 2670 5808 id
2711 5767 2792 5810 est
2843 5757 3114 5825 regionem
3166 5755 3459 5810 contermi-

1881 5843 2007 5884 nam
2033 5828 2236 5884 Dauico
2273 5841 2459 5899 regno,
2495 5836 2708 5901 propter
2734 5826 2879 5882 illius
2911 5825 3121 5902 praelia,
3149 5828 3254 5885 hoc
3283 5835 3368 5883 est
3393 5839 3463 5886 eo

1809 4593 1862 4654 D
