  <div class='ocr_page' id='page_1' title='image "/cluster/home/n/w/nwhite01/storage/ocr_20150623/105/hvd.32044021109350/322.png"; bbox 0 0 4022 6452; ppageno 0'>
   <div class='ocr_carea' id='block_1_1' title="bbox 167 381 267 444">
    <p class='ocr_par' dir='ltr' id='par_1_1' title="bbox 167 381 267 444">
     <span class='ocr_line' id='line_1_1' title="bbox 167 381 267 444; baseline -0.06 0"><span class='ocrx_word' id='word_1_1' title='bbox 167 381 267 444; x_wconf 73' lang='grc'><strong>637</strong></span> 
     </span>
    </p>
   </div>
   <div class='ocr_carea' id='block_1_2' title="bbox 136 495 1272 574">
    <p class='ocr_par' dir='ltr' id='par_1_2' title="bbox 136 495 1272 574">
     <span class='ocr_line' id='line_1_2' title="bbox 136 495 1272 574; baseline 0.004 -19"><span class='ocrx_word' id='word_1_2' title='bbox 136 553 144 563; x_wconf 79' lang='grc'><em>,</em></span> <span class='ocrx_word' id='word_1_3' title='bbox 234 498 461 555; x_wconf 63' lang='lat' dir='ltr'><strong>Praefatae</strong></span> <span class='ocrx_word' id='word_1_4' title='bbox 489 495 690 564; x_wconf 80' lang='lat' dir='ltr'><strong>fuerat,</strong></span> <span class='ocrx_word' id='word_1_5' title='bbox 727 499 946 556; x_wconf 80' lang='lat' dir='ltr'><strong>nomine</strong></span> <span class='ocrx_word' id='word_1_6' title='bbox 965 502 1159 574; x_wconf 85' lang='lat' dir='ltr'><strong>dignus</strong></span> <span class='ocrx_word' id='word_1_7' title='bbox 1188 521 1272 560; x_wconf 85' lang='lat' dir='ltr'><strong>eo.</strong></span> 
     </span>
    </p>
   </div>
   <div class='ocr_carea' id='block_1_3' title="bbox 167 590 1546 670">
    <p class='ocr_par' dir='ltr' id='par_1_3' title="bbox 167 590 1546 670">
     <span class='ocr_line' id='line_1_3' title="bbox 167 590 1546 670; baseline 0.001 -20"><span class='ocrx_word' id='word_1_8' title='bbox 167 591 376 661; x_wconf 73' lang='lat' dir='ltr'><strong>Pervigil</strong></span> <span class='ocrx_word' id='word_1_9' title='bbox 407 590 493 644; x_wconf 89' lang='lat' dir='ltr'><strong>hic</strong></span> <span class='ocrx_word' id='word_1_10' title='bbox 522 591 714 645; x_wconf 88' lang='lat' dir='ltr'><strong>solitus</strong></span> <span class='ocrx_word' id='word_1_11' title='bbox 743 601 1013 664; x_wconf 87' lang='lat' dir='ltr'><strong>noctuque</strong></span> <span class='ocrx_word' id='word_1_12' title='bbox 1043 597 1233 670; x_wconf 83' lang='lat' dir='ltr'><strong>dieque</strong></span> <span class='ocrx_word' id='word_1_13' title='bbox 1277 606 1546 653; x_wconf 88' lang='lat' dir='ltr'><strong>sacratam</strong></span> 
     </span>
    </p>
   </div>
   <div class='ocr_carea' id='block_1_4' title="bbox 229 683 1418 760">
    <p class='ocr_par' dir='ltr' id='par_1_4' title="bbox 229 683 1418 760">
     <span class='ocr_line' id='line_1_4' title="bbox 229 683 1418 760; baseline 0.006 -23"><span class='ocrx_word' id='word_1_14' title='bbox 229 683 448 754; x_wconf 78' lang='lat' dir='ltr'><strong>Virginis</strong></span> <span class='ocrx_word' id='word_1_15' title='bbox 488 692 613 737; x_wconf 91' lang='lat' dir='ltr'><strong>ante</strong></span> <span class='ocrx_word' id='word_1_16' title='bbox 639 699 788 738; x_wconf 86' lang='lat' dir='ltr'><strong>aram</strong></span> <span class='ocrx_word' id='word_1_17' title='bbox 829 703 971 756; x_wconf 79' lang='lat' dir='ltr'><strong>sa-pe</strong></span> <span class='ocrx_word' id='word_1_18' title='bbox 1003 705 1192 760; x_wconf 88' lang='lat' dir='ltr'><strong>rogare</strong></span> <span class='ocrx_word' id='word_1_19' title='bbox 1220 690 1385 744; x_wconf 91' lang='lat' dir='ltr'><strong>Deum</strong></span> <span class='ocrx_word' id='word_1_20' title='bbox 1404 731 1418 755; x_wconf 92' lang='lat'><strong>,</strong></span> 
     </span>
    </p>
   </div>
   <div class='ocr_carea' id='block_1_5' title="bbox 165 774 1275 836">
    <p class='ocr_par' dir='ltr' id='par_1_5' title="bbox 165 774 1275 836">
     <span class='ocr_line' id='line_1_5' title="bbox 165 774 1275 836; baseline 0.005 -7"><span class='ocrx_word' id='word_1_21' title='bbox 165 775 350 830; x_wconf 86' lang='lat' dir='ltr'><strong>Idcirco</strong></span> <span class='ocrx_word' id='word_1_22' title='bbox 376 774 568 828; x_wconf 86' lang='lat' dir='ltr'><strong>meruit</strong></span> <span class='ocrx_word' id='word_1_23' title='bbox 603 777 810 830; x_wconf 62' lang='lat' dir='ltr'><strong>caelesti</strong></span> <span class='ocrx_word' id='word_1_24' title='bbox 844 794 1069 832; x_wconf 89' lang='lat' dir='ltr'><strong>munere</strong></span> <span class='ocrx_word' id='word_1_25' title='bbox 1104 780 1275 836; x_wconf 89' lang='lat' dir='ltr'><strong>fretus</strong></span> 
     </span>
    </p>
   </div>
   <div class='ocr_carea' id='block_1_6' title="bbox 226 865 1292 940">
    <p class='ocr_par' dir='ltr' id='par_1_6' title="bbox 226 865 1292 940">
     <span class='ocr_line' id='line_1_6' title="bbox 226 865 1292 940; baseline 0.006 -20"><span class='ocrx_word' id='word_1_26' title='bbox 226 865 496 936; x_wconf 79' lang='lat' dir='ltr'><strong>Angelicos</strong></span> <span class='ocrx_word' id='word_1_27' title='bbox 518 867 664 921; x_wconf 83' lang='lat' dir='ltr'><strong>cives</strong></span> <span class='ocrx_word' id='word_1_28' title='bbox 688 884 912 923; x_wconf 88' lang='lat' dir='ltr'><strong>cernere</strong></span> <span class='ocrx_word' id='word_1_29' title='bbox 933 886 1074 940; x_wconf 67' lang='lat' dir='ltr'><strong>smpe</strong></span> <span class='ocrx_word' id='word_1_30' title='bbox 1104 869 1292 926; x_wconf 83' lang='lat' dir='ltr'><strong>Sacer.</strong></span> 
     </span>
    </p>
   </div>
   <div class='ocr_carea' id='block_1_7' title="bbox 163 955 1722 1034">
    <p class='ocr_par' dir='ltr' id='par_1_7' title="bbox 163 955 1722 1034">
     <span class='ocr_line' id='line_1_7' title="bbox 163 955 1722 1034; baseline 0.006 -25"><span class='ocrx_word' id='word_1_31' title='bbox 163 956 312 1010; x_wconf 77' lang='lat' dir='ltr'><strong>Nocte</strong></span> <span class='ocrx_word' id='word_1_32' title='bbox 348 955 559 1024; x_wconf 86' lang='lat' dir='ltr'><strong>quidem</strong></span> <span class='ocrx_word' id='word_1_33' title='bbox 588 959 839 1028; x_wconf 89' lang='lat' dir='ltr'><strong>quadam,</strong></span> <span class='ocrx_word' id='word_1_34' title='bbox 861 961 1084 1028; x_wconf 88' lang='lat' dir='ltr'><strong>psalmis</strong></span> <span class='ocrx_word' id='word_1_35' title='bbox 1115 960 1435 1033; x_wconf 86' lang='lat' dir='ltr'><strong>hymnisque</strong></span> <span class='ocrx_word' id='word_1_36' title='bbox 1462 964 1722 1034; x_wconf 77' lang='lat' dir='ltr'><strong>peractis,</strong></span> 
     </span>
    </p>
   </div>
   <div class='ocr_carea' id='block_1_8' title="bbox 223 1048 1458 1121">
    <p class='ocr_par' dir='ltr' id='par_1_8' title="bbox 223 1048 1458 1121">
     <span class='ocr_line' id='line_1_8' title="bbox 223 1048 1458 1121; baseline 0.006 -18"><span class='ocrx_word' id='word_1_37' title='bbox 223 1048 343 1103; x_wconf 89' lang='lat' dir='ltr'><strong>Cum</strong></span> <span class='ocrx_word' id='word_1_38' title='bbox 371 1057 591 1118; x_wconf 88' lang='lat' dir='ltr'><strong>cuperet</strong></span> <span class='ocrx_word' id='word_1_39' title='bbox 622 1052 863 1106; x_wconf 87' lang='lat' dir='ltr'><strong>membra</strong></span> <span class='ocrx_word' id='word_1_40' title='bbox 897 1051 1036 1107; x_wconf 89' lang='lat' dir='ltr'><strong>fessa</strong></span> <span class='ocrx_word' id='word_1_41' title='bbox 1067 1051 1248 1109; x_wconf 89' lang='lat' dir='ltr'><strong>locare</strong></span> <span class='ocrx_word' id='word_1_42' title='bbox 1279 1057 1458 1121; x_wconf 80' lang='lat' dir='ltr'><strong>thoro,</strong></span> 
     </span>
    </p>
   </div>
   <div class='ocr_carea' id='block_1_9' title="bbox 163 1141 1553 1214">
    <p class='ocr_par' dir='ltr' id='par_1_9' title="bbox 163 1141 1553 1214">
     <span class='ocr_line' id='line_1_9' title="bbox 163 1141 1553 1214; baseline 0.006 -16"><span class='ocrx_word' id='word_1_43' title='bbox 163 1141 421 1211; x_wconf 88' lang='lat' dir='ltr'><strong>Templum</strong></span> <span class='ocrx_word' id='word_1_44' title='bbox 462 1157 697 1214; x_wconf 81' lang='lat' dir='ltr'><strong>namque</strong></span> <span class='ocrx_word' id='word_1_45' title='bbox 723 1145 866 1199; x_wconf 86' lang='lat' dir='ltr'><strong>videt</strong></span> <span class='ocrx_word' id='word_1_46' title='bbox 896 1147 1075 1201; x_wconf 86' lang='lat' dir='ltr'><strong>subita</strong></span> <span class='ocrx_word' id='word_1_47' title='bbox 1101 1147 1404 1205; x_wconf 80' lang='lat' dir='ltr'><strong>clarescere</strong></span> <span class='ocrx_word' id='word_1_48' title='bbox 1435 1149 1553 1206; x_wconf 84' lang='lat' dir='ltr'><strong>luce</strong></span> 
     </span>
    </p>
   </div>
   <div class='ocr_carea' id='block_1_10' title="bbox 223 1236 1300 1303">
    <p class='ocr_par' dir='ltr' id='par_1_10' title="bbox 223 1236 1300 1303">
     <span class='ocr_line' id='line_1_10' title="bbox 223 1236 1300 1303; baseline 0.004 -11"><span class='ocrx_word' id='word_1_49' title='bbox 223 1236 288 1292; x_wconf 91' lang='lat' dir='ltr'><strong>Ut</strong></span> <span class='ocrx_word' id='word_1_50' title='bbox 319 1236 416 1303; x_wconf 89' lang='lat' dir='ltr'><strong>sol,</strong></span> <span class='ocrx_word' id='word_1_51' title='bbox 437 1245 492 1291; x_wconf 92' lang='lat' dir='ltr'><strong>et</strong></span> <span class='ocrx_word' id='word_1_52' title='bbox 523 1240 743 1295; x_wconf 82' lang='lat' dir='ltr'><strong>accendi</strong></span> <span class='ocrx_word' id='word_1_53' title='bbox 787 1239 898 1295; x_wconf 90' lang='lat' dir='ltr'><strong>sole</strong></span> <span class='ocrx_word' id='word_1_54' title='bbox 927 1256 1117 1298; x_wconf 89' lang='lat' dir='ltr'><strong>serena</strong></span> <span class='ocrx_word' id='word_1_55' title='bbox 1164 1243 1300 1298; x_wconf 91' lang='lat' dir='ltr'><strong>dies.</strong></span> 
     </span>
    </p>
   </div>
   <div class='ocr_carea' id='block_1_11' title="bbox 163 1330 1723 1407">
    <p class='ocr_par' dir='ltr' id='par_1_11' title="bbox 163 1330 1723 1407">
     <span class='ocr_line' id='line_1_11' title="bbox 163 1330 1723 1407; baseline 0.004 -21"><span class='ocrx_word' id='word_1_56' title='bbox 163 1330 329 1400; x_wconf 78' lang='lat' dir='ltr'><strong>Surgit</strong></span> <span class='ocrx_word' id='word_1_57' title='bbox 357 1330 423 1383; x_wconf 89' lang='lat' dir='ltr'><strong>ab</strong></span> <span class='ocrx_word' id='word_1_58' title='bbox 459 1347 629 1401; x_wconf 88' lang='lat' dir='ltr'><strong>usque</strong></span> <span class='ocrx_word' id='word_1_59' title='bbox 661 1333 840 1400; x_wconf 87' lang='lat' dir='ltr'><strong>thoro,</strong></span> <span class='ocrx_word' id='word_1_60' title='bbox 879 1350 1100 1390; x_wconf 84' lang='lat' dir='ltr'><strong>causam</strong></span> <span class='ocrx_word' id='word_1_61' title='bbox 1134 1351 1466 1407; x_wconf 81' lang='lat' dir='ltr'><strong>cognoscere</strong></span> <span class='ocrx_word' id='word_1_62' title='bbox 1494 1336 1723 1407; x_wconf 80' lang='lat' dir='ltr'><strong>mavult,</strong></span> 
     </span>
    </p>
   </div>
   <div class='ocr_carea' id='block_1_12' title="bbox 220 1421 1404 1499">
    <p class='ocr_par' dir='ltr' id='par_1_12' title="bbox 220 1421 1404 1499">
     <span class='ocr_line' id='line_1_12' title="bbox 220 1421 1404 1499; baseline 0.008 -23"><span class='ocrx_word' id='word_1_63' title='bbox 220 1421 434 1476; x_wconf 87' lang='lat' dir='ltr'><strong>Lumine</strong></span> <span class='ocrx_word' id='word_1_64' title='bbox 456 1423 577 1493; x_wconf 79' lang='lat' dir='ltr'><strong>&#39;quo</strong></span> <span class='ocrx_word' id='word_1_65' title='bbox 608 1433 758 1479; x_wconf 88' lang='lat' dir='ltr'><strong>tanto</strong></span> <span class='ocrx_word' id='word_1_66' title='bbox 784 1426 986 1499; x_wconf 76' lang='lat' dir='ltr'><strong>fulgeat</strong></span> <span class='ocrx_word' id='word_1_67' title='bbox 1015 1429 1154 1483; x_wconf 89' lang='lat' dir='ltr'><strong>alma</strong></span> <span class='ocrx_word' id='word_1_68' title='bbox 1192 1430 1404 1486; x_wconf 91' lang='lat' dir='ltr'><strong>domus.</strong></span> 
     </span>
    </p>
   </div>
   <div class='ocr_carea' id='block_1_13' title="bbox 162 1511 1544 1590">
    <p class='ocr_par' dir='ltr' id='par_1_13' title="bbox 162 1511 1544 1590">
     <span class='ocr_line' id='line_1_13' title="bbox 162 1511 1544 1590; baseline 0.008 -24"><span class='ocrx_word' id='word_1_69' title='bbox 162 1511 303 1566; x_wconf 88' lang='lat' dir='ltr'><strong>Forte</strong></span> <span class='ocrx_word' id='word_1_70' title='bbox 340 1511 528 1582; x_wconf 72' lang='lat' dir='ltr'><strong>aquila:</strong></span> <span class='ocrx_word' id='word_1_71' title='bbox 567 1514 759 1571; x_wconf 86' lang='lat' dir='ltr'><strong>similis</strong></span> <span class='ocrx_word' id='word_1_72' title='bbox 784 1519 977 1587; x_wconf 89' lang='lat' dir='ltr'><strong>pennis</strong></span> <span class='ocrx_word' id='word_1_73' title='bbox 1009 1527 1333 1590; x_wconf 65' lang='lat' dir='ltr'><strong>praetekerat</strong></span> <span class='ocrx_word' id='word_1_74' title='bbox 1357 1537 1544 1589; x_wconf 87' lang='lat' dir='ltr'><strong>aram;</strong></span> 
     </span>
    </p>
   </div>
   <div class='ocr_carea' id='block_1_14' title="bbox 219 1603 1510 1681">
    <p class='ocr_par' dir='ltr' id='par_1_14' title="bbox 219 1603 1510 1681">
     <span class='ocr_line' id='line_1_14' title="bbox 219 1603 1510 1681; baseline 0.009 -24"><span class='ocrx_word' id='word_1_75' title='bbox 219 1603 326 1658; x_wconf 88' lang='lat' dir='ltr'><strong>Non</strong></span> <span class='ocrx_word' id='word_1_76' title='bbox 355 1611 532 1660; x_wconf 86' lang='lat' dir='ltr'><strong>tamen</strong></span> <span class='ocrx_word' id='word_1_77' title='bbox 570 1607 624 1662; x_wconf 92' lang='lat' dir='ltr'><strong>in</strong></span> <span class='ocrx_word' id='word_1_78' title='bbox 652 1610 812 1664; x_wconf 86' lang='lat' dir='ltr'><strong>terris</strong></span> <span class='ocrx_word' id='word_1_79' title='bbox 842 1610 1081 1681; x_wconf 72' lang='lat' dir='ltr'><strong>gignitur</strong></span> <span class='ocrx_word' id='word_1_80' title='bbox 1107 1613 1222 1666; x_wconf 71' lang='lat' dir='ltr'><strong>hmc</strong></span> <span class='ocrx_word' id='word_1_81' title='bbox 1253 1611 1510 1668; x_wconf 89' lang='lat' dir='ltr'><strong>volucris.</strong></span> 
     </span>
    </p>
   </div>
   <div class='ocr_carea' id='block_1_15' title="bbox 158 1699 1652 1779">
    <p class='ocr_par' dir='ltr' id='par_1_15' title="bbox 158 1699 1652 1779">
     <span class='ocr_line' id='line_1_15' title="bbox 158 1699 1652 1779; baseline 0.005 -25"><span class='ocrx_word' id='word_1_82' title='bbox 158 1699 393 1754; x_wconf 87' lang='lat' dir='ltr'><strong>Rostrum</strong></span> <span class='ocrx_word' id='word_1_83' title='bbox 421 1708 538 1753; x_wconf 89' lang='lat' dir='ltr'><strong>erat</strong></span> <span class='ocrx_word' id='word_1_84' title='bbox 568 1715 633 1755; x_wconf 82' lang='lat' dir='ltr'><strong>ex</strong></span> <span class='ocrx_word' id='word_1_85' title='bbox 683 1718 817 1758; x_wconf 90' lang='lat' dir='ltr'><strong>auro</strong></span> <span class='ocrx_word' id='word_1_86' title='bbox 836 1745 850 1768; x_wconf 93' lang='lat'><strong>,</strong></span> <span class='ocrx_word' id='word_1_87' title='bbox 885 1719 1095 1774; x_wconf 85' lang='lat' dir='ltr'><strong>gemma</strong></span> <span class='ocrx_word' id='word_1_88' title='bbox 1119 1706 1412 1776; x_wconf 86' lang='lat' dir='ltr'><strong>pretiosior</strong></span> <span class='ocrx_word' id='word_1_89' title='bbox 1437 1705 1652 1779; x_wconf 78' lang='lat' dir='ltr'><strong>unguis,</strong></span> 
     </span>
    </p>
   </div>
   <div class='ocr_carea' id='block_1_16' title="bbox 215 1791 1408 1864">
    <p class='ocr_par' dir='ltr' id='par_1_16' title="bbox 215 1791 1408 1864">
     <span class='ocr_line' id='line_1_16' title="bbox 215 1791 1408 1864; baseline 0.003 -19"><span class='ocrx_word' id='word_1_90' title='bbox 215 1791 275 1845; x_wconf 87' lang='lat' dir='ltr'><strong>Et</strong></span> <span class='ocrx_word' id='word_1_91' title='bbox 311 1791 460 1846; x_wconf 90' lang='lat' dir='ltr'><strong>color</strong></span> <span class='ocrx_word' id='word_1_92' title='bbox 499 1793 551 1847; x_wconf 91' lang='lat' dir='ltr'><strong>in</strong></span> <span class='ocrx_word' id='word_1_93' title='bbox 590 1795 784 1864; x_wconf 87' lang='lat' dir='ltr'><strong>pennis</strong></span> <span class='ocrx_word' id='word_1_94' title='bbox 809 1799 1014 1852; x_wconf 67' lang='lat' dir='ltr'><strong>aethere</strong></span> <span class='ocrx_word' id='word_1_95' title='bbox 1052 1796 1204 1852; x_wconf 87' lang='lat' dir='ltr'><strong>fusus</strong></span> <span class='ocrx_word' id='word_1_96' title='bbox 1236 1799 1408 1853; x_wconf 85' lang='lat' dir='ltr'><strong>adest.</strong></span> 
     </span>
    </p>
   </div>
   <div class='ocr_carea' id='block_1_17' title="bbox 155 1888 1576 1962">
    <p class='ocr_par' dir='ltr' id='par_1_17' title="bbox 155 1888 1576 1962">
     <span class='ocr_line' id='line_1_17' title="bbox 155 1888 1576 1962; baseline 0.003 -18"><span class='ocrx_word' id='word_1_97' title='bbox 155 1889 236 1944; x_wconf 81' lang='lat' dir='ltr'><strong>Ast</strong></span> <span class='ocrx_word' id='word_1_98' title='bbox 253 1889 426 1944; x_wconf 90' lang='lat' dir='ltr'><strong>oculis</strong></span> <span class='ocrx_word' id='word_1_99' title='bbox 458 1888 548 1942; x_wconf 85' lang='lat' dir='ltr'><strong>lux</strong></span> <span class='ocrx_word' id='word_1_100' title='bbox 579 1891 692 1959; x_wconf 88' lang='lat' dir='ltr'><strong>ipsa</strong></span> <span class='ocrx_word' id='word_1_101' title='bbox 721 1891 902 1946; x_wconf 88' lang='lat' dir='ltr'><strong>micat.</strong></span> <span class='ocrx_word' id='word_1_102' title='bbox 936 1891 1131 1962; x_wconf 85' lang='lat' dir='ltr'><strong>Stupet</strong></span> <span class='ocrx_word' id='word_1_103' title='bbox 1161 1894 1273 1962; x_wconf 88' lang='lat' dir='ltr'><strong>ipse</strong></span> <span class='ocrx_word' id='word_1_104' title='bbox 1304 1892 1576 1959; x_wconf 86' lang='lat' dir='ltr'><strong>sacerdos,</strong></span> 
     </span>
    </p>
   </div>
   <div class='ocr_carea' id='block_1_18' title="bbox 212 1981 1414 2044">
    <p class='ocr_par' dir='ltr' id='par_1_18' title="bbox 212 1981 1414 2044">
     <span class='ocr_line' id='line_1_18' title="bbox 212 1981 1414 2044; baseline 0.005 -8"><span class='ocrx_word' id='word_1_105' title='bbox 212 1981 316 2037; x_wconf 83' lang='lat' dir='ltr'><strong>Nec</strong></span> <span class='ocrx_word' id='word_1_106' title='bbox 345 1982 492 2037; x_wconf 86' lang='lat' dir='ltr'><strong>valet</strong></span> <span class='ocrx_word' id='word_1_107' title='bbox 523 1984 746 2041; x_wconf 81' lang='lat' dir='ltr'><strong>obtutus</strong></span> <span class='ocrx_word' id='word_1_108' title='bbox 783 1988 1004 2042; x_wconf 83' lang='lat' dir='ltr'><strong>tendere</strong></span> <span class='ocrx_word' id='word_1_109' title='bbox 1042 1996 1234 2042; x_wconf 88' lang='lat' dir='ltr'><strong>contra</strong></span> <span class='ocrx_word' id='word_1_110' title='bbox 1265 2002 1414 2044; x_wconf 87' lang='lat' dir='ltr'><strong>suos.</strong></span> 
     </span>
    </p>
   </div>
   <div class='ocr_carea' id='block_1_19' title="bbox 156 2070 1471 2146">
    <p class='ocr_par' dir='ltr' id='par_1_19' title="bbox 156 2070 1471 2146">
     <span class='ocr_line' id='line_1_19' title="bbox 156 2070 1471 2146; baseline 0.006 -20"><span class='ocrx_word' id='word_1_111' title='bbox 156 2071 360 2128; x_wconf 76' lang='lat' dir='ltr'><strong>Miratur</strong></span> <span class='ocrx_word' id='word_1_112' title='bbox 399 2074 704 2142; x_wconf 82' lang='lat' dir='ltr'><strong>volucrem,</strong></span> <span class='ocrx_word' id='word_1_113' title='bbox 737 2078 945 2146; x_wconf 87' lang='lat' dir='ltr'><strong>pariter</strong></span> <span class='ocrx_word' id='word_1_114' title='bbox 985 2070 1218 2133; x_wconf 78' lang='lat' dir='ltr'><strong>mirattir</strong></span> <span class='ocrx_word' id='word_1_115' title='bbox 1249 2087 1304 2133; x_wconf 92' lang='lat' dir='ltr'><strong>et</strong></span> <span class='ocrx_word' id='word_1_116' title='bbox 1332 2079 1471 2145; x_wconf 82' lang='lat' dir='ltr'><strong>alas,</strong></span> 
     </span>
    </p>
   </div>
   <div class='ocr_carea' id='block_1_20' title="bbox 211 2164 1464 2240">
    <p class='ocr_par' dir='ltr' id='par_1_20' title="bbox 211 2164 1464 2240">
     <span class='ocr_line' id='line_1_20' title="bbox 211 2164 1464 2240; baseline 0.003 -20"><span class='ocrx_word' id='word_1_117' title='bbox 211 2164 430 2220; x_wconf 90' lang='lat' dir='ltr'><strong>Lumina</strong></span> <span class='ocrx_word' id='word_1_118' title='bbox 457 2168 749 2237; x_wconf 74' lang='lat' dir='ltr'><strong>prmcipue,</strong></span> <span class='ocrx_word' id='word_1_119' title='bbox 775 2184 972 2240; x_wconf 89' lang='lat' dir='ltr'><strong>corpus</strong></span> <span class='ocrx_word' id='word_1_120' title='bbox 996 2179 1051 2224; x_wconf 92' lang='lat' dir='ltr'><strong>et</strong></span> <span class='ocrx_word' id='word_1_121' title='bbox 1077 2185 1239 2226; x_wconf 88' lang='lat' dir='ltr'><strong>omne</strong></span> <span class='ocrx_word' id='word_1_122' title='bbox 1283 2169 1464 2226; x_wconf 89' lang='lat' dir='ltr'><strong>simul.</strong></span> 
     </span>
    </p>
   </div>
   <div class='ocr_carea' id='block_1_21' title="bbox 155 2254 1503 2333">
    <p class='ocr_par' dir='ltr' id='par_1_21' title="bbox 155 2254 1503 2333">
     <span class='ocr_line' id='line_1_21' title="bbox 155 2254 1503 2333; baseline 0.007 -23"><span class='ocrx_word' id='word_1_123' title='bbox 155 2254 374 2327; x_wconf 84' lang='lat' dir='ltr'><strong>Tamque</strong></span> <span class='ocrx_word' id='word_1_124' title='bbox 398 2258 489 2312; x_wconf 90' lang='lat' dir='ltr'><strong>diu</strong></span> <span class='ocrx_word' id='word_1_125' title='bbox 525 2259 745 2326; x_wconf 80' lang='lat' dir='ltr'><strong>residet,</strong></span> <span class='ocrx_word' id='word_1_126' title='bbox 775 2277 898 2316; x_wconf 87' lang='lat' dir='ltr'><strong>cum</strong></span> <span class='ocrx_word' id='word_1_127' title='bbox 941 2262 1064 2332; x_wconf 83' lang='lat' dir='ltr'><strong>galli</strong></span> <span class='ocrx_word' id='word_1_128' title='bbox 1103 2263 1321 2333; x_wconf 87' lang='lat' dir='ltr'><strong>garrula</strong></span> <span class='ocrx_word' id='word_1_129' title='bbox 1349 2273 1503 2320; x_wconf 87' lang='lat' dir='ltr'><strong>terna</strong></span> 
     </span>
    </p>
   </div>
   <div class='ocr_carea' id='block_1_22' title="bbox 212 2347 1278 2415">
    <p class='ocr_par' dir='ltr' id='par_1_22' title="bbox 212 2347 1278 2415">
     <span class='ocr_line' id='line_1_22' title="bbox 212 2347 1278 2415; baseline 0.008 -13"><span class='ocrx_word' id='word_1_130' title='bbox 212 2347 319 2404; x_wconf 75' lang='lat' dir='ltr'><strong>Vox</strong></span> <span class='ocrx_word' id='word_1_131' title='bbox 357 2359 602 2415; x_wconf 88' lang='lat' dir='ltr'><strong>resonat,</strong></span> <span class='ocrx_word' id='word_1_132' title='bbox 634 2351 829 2408; x_wconf 79' lang='lat' dir='ltr'><strong>fratres</strong></span> <span class='ocrx_word' id='word_1_133' title='bbox 853 2356 1058 2410; x_wconf 80' lang='lat' dir='ltr'><strong>excitat</strong></span> <span class='ocrx_word' id='word_1_134' title='bbox 1079 2354 1278 2410; x_wconf 77' lang='lat' dir='ltr'><strong>ofﬁcio.</strong></span> 
     </span>
    </p>
   </div>
   <div class='ocr_carea' id='block_1_23' title="bbox 145 2439 1497 2520">
    <p class='ocr_par' dir='ltr' id='par_1_23' title="bbox 145 2439 1497 2520">
     <span class='ocr_line' id='line_1_23' title="bbox 145 2439 1497 2520; baseline 0.007 -25"><span class='ocrx_word' id='word_1_135' title='bbox 145 2439 256 2496; x_wconf 83' lang='lat' dir='ltr'><strong>Inde</strong></span> <span class='ocrx_word' id='word_1_136' title='bbox 276 2442 457 2500; x_wconf 89' lang='lat' dir='ltr'><strong>levans</strong></span> <span class='ocrx_word' id='word_1_137' title='bbox 499 2446 743 2500; x_wconf 86' lang='lat' dir='ltr'><strong>miranda</strong></span> <span class='ocrx_word' id='word_1_138' title='bbox 790 2448 922 2503; x_wconf 78' lang='lat' dir='ltr'><strong>fides</strong></span> <span class='ocrx_word' id='word_1_139' title='bbox 956 2465 1013 2504; x_wconf 90' lang='lat' dir='ltr'><strong>se</strong></span> <span class='ocrx_word' id='word_1_140' title='bbox 1043 2460 1234 2520; x_wconf 90' lang='lat' dir='ltr'><strong>sponte</strong></span> <span class='ocrx_word' id='word_1_141' title='bbox 1261 2450 1497 2507; x_wconf 79' lang='lat' dir='ltr'><strong>fenestra</strong></span> 
     </span>
    </p>
   </div>
   <div class='ocr_carea' id='block_1_24' title="bbox 203 2533 1305 2600">
    <p class='ocr_par' dir='ltr' id='par_1_24' title="bbox 203 2533 1305 2600">
     <span class='ocr_line' id='line_1_24' title="bbox 203 2533 1305 2600; baseline 0.006 -11"><span class='ocrx_word' id='word_1_142' title='bbox 203 2533 359 2590; x_wconf 82' lang='lat' dir='ltr'><strong>Obvia</strong></span> <span class='ocrx_word' id='word_1_143' title='bbox 392 2539 551 2592; x_wconf 80' lang='lat' dir='ltr'><strong>reclu</strong></span> <span class='ocrx_word' id='word_1_144' title='bbox 576 2538 650 2600; x_wconf 77' lang='lat' dir='ltr'><strong>’it,</strong></span> <span class='ocrx_word' id='word_1_145' title='bbox 693 2539 840 2594; x_wconf 83' lang='lat' dir='ltr'><strong>laxat</strong></span> <span class='ocrx_word' id='word_1_146' title='bbox 871 2552 897 2581; x_wconf 69' lang='grc' dir='ltr'>α</span> <span class='ocrx_word' id='word_1_147' title='bbox 927 2549 984 2596; x_wconf 86' lang='lat' dir='ltr'><strong>et</strong></span> <span class='ocrx_word' id='word_1_148' title='bbox 1021 2542 1099 2598; x_wconf 90' lang='lat' dir='ltr'><strong>ire</strong></span> <span class='ocrx_word' id='word_1_149' title='bbox 1139 2541 1305 2598; x_wconf 88' lang='lat' dir='ltr'><strong>foras.</strong></span> 
     </span>
    </p>
   </div>
   <div class='ocr_carea' id='block_1_25' title="bbox 142 2623 1523 2703">
    <p class='ocr_par' dir='ltr' id='par_1_25' title="bbox 142 2623 1523 2703">
     <span class='ocr_line' id='line_1_25' title="bbox 142 2623 1523 2703; baseline 0.007 -22"><span class='ocrx_word' id='word_1_150' title='bbox 142 2623 245 2697; x_wconf 82' lang='lat' dir='ltr'><strong>Ipsa</strong></span> <span class='ocrx_word' id='word_1_151' title='bbox 270 2629 516 2683; x_wconf 88' lang='lat' dir='ltr'><strong>abeunLe</strong></span> <span class='ocrx_word' id='word_1_152' title='bbox 552 2631 726 2699; x_wconf 91' lang='lat' dir='ltr'><strong>polos,</strong></span> <span class='ocrx_word' id='word_1_153' title='bbox 754 2633 962 2701; x_wconf 87' lang='lat' dir='ltr'><strong>pariter</strong></span> <span class='ocrx_word' id='word_1_154' title='bbox 988 2633 1073 2687; x_wconf 83' lang='lat' dir='ltr'><strong>lux</strong></span> <span class='ocrx_word' id='word_1_155' title='bbox 1108 2635 1224 2703; x_wconf 90' lang='lat' dir='ltr'><strong>ipsa</strong></span> <span class='ocrx_word' id='word_1_156' title='bbox 1252 2635 1478 2691; x_wconf 84' lang='lat' dir='ltr'><strong>recessit</strong></span> <span class='ocrx_word' id='word_1_157' title='bbox 1509 2653 1523 2690; x_wconf 87' lang='lat'><strong>:</strong></span> 
     </span>
    </p>
   </div>
   <div class='ocr_carea' id='block_1_26' title="bbox 201 2718 1149 2790">
    <p class='ocr_par' dir='ltr' id='par_1_26' title="bbox 201 2718 1149 2790">
     <span class='ocr_line' id='line_1_26' title="bbox 201 2718 1149 2790; baseline 0.008 -18"><span class='ocrx_word' id='word_1_158' title='bbox 201 2718 422 2790; x_wconf 78' lang='lat' dir='ltr'><strong>Apparet</strong></span> <span class='ocrx_word' id='word_1_159' title='bbox 448 2723 640 2777; x_wconf 82' lang='lat' dir='ltr'><strong>Civem</strong></span> <span class='ocrx_word' id='word_1_160' title='bbox 668 2723 792 2779; x_wconf 90' lang='lat' dir='ltr'><strong>inde</strong></span> <span class='ocrx_word' id='word_1_161' title='bbox 825 2723 990 2779; x_wconf 91' lang='lat' dir='ltr'><strong>fuisse</strong></span> <span class='ocrx_word' id='word_1_162' title='bbox 1032 2725 1149 2780; x_wconf 89' lang='lat' dir='ltr'><strong>Dei.</strong></span> 
     </span>
    </p>
   </div>
   <div class='ocr_carea' id='block_1_27' title="bbox 144 2809 1578 2888">
    <p class='ocr_par' dir='ltr' id='par_1_27' title="bbox 144 2809 1578 2888">
     <span class='ocr_line' id='line_1_27' title="bbox 144 2809 1578 2888; baseline 0.008 -23"><span class='ocrx_word' id='word_1_163' title='bbox 144 2809 388 2882; x_wconf 84' lang='lat' dir='ltr'><strong>Tempore</strong></span> <span class='ocrx_word' id='word_1_164' title='bbox 418 2831 626 2884; x_wconf 81' lang='lat' dir='ltr'><strong>nempe</strong></span> <span class='ocrx_word' id='word_1_165' title='bbox 655 2816 761 2870; x_wconf 90' lang='lat' dir='ltr'><strong>alio</strong></span> <span class='ocrx_word' id='word_1_166' title='bbox 805 2818 976 2872; x_wconf 88' lang='lat' dir='ltr'><strong>crevit</strong></span> <span class='ocrx_word' id='word_1_167' title='bbox 1007 2819 1033 2857; x_wconf 71' lang='grc' dir='ltr'><strong>ι»</strong></span> <span class='ocrx_word' id='word_1_168' title='bbox 1064 2819 1376 2875; x_wconf 88' lang='lat' dir='ltr'><strong>didasculus</strong></span> <span class='ocrx_word' id='word_1_169' title='bbox 1404 2819 1578 2888; x_wconf 88' lang='lat' dir='ltr'><strong>idem,</strong></span> 
     </span>
    </p>
   </div>
   <div class='ocr_carea' id='block_1_28' title="bbox 206 2903 1506 2980">
    <p class='ocr_par' dir='ltr' id='par_1_28' title="bbox 206 2903 1506 2980">
     <span class='ocr_line' id='line_1_28' title="bbox 206 2903 1506 2980; baseline 0.009 -22"><span class='ocrx_word' id='word_1_170' title='bbox 206 2903 328 2959; x_wconf 81' lang='lat' dir='ltr'><strong>Mira</strong></span> <span class='ocrx_word' id='word_1_171' title='bbox 354 2907 502 2962; x_wconf 76' lang='lat' dir='ltr'><strong>satis</strong></span> <span class='ocrx_word' id='word_1_172' title='bbox 527 2908 726 2962; x_wconf 85' lang='lat' dir='ltr'><strong>cecinit</strong></span> <span class='ocrx_word' id='word_1_173' title='bbox 749 2925 868 2980; x_wconf 71' lang='lat' dir='ltr'><strong>qua:</strong></span> <span class='ocrx_word' id='word_1_174' title='bbox 898 2911 1027 2965; x_wconf 89' lang='lat' dir='ltr'><strong>mihi</strong></span> <span class='ocrx_word' id='word_1_175' title='bbox 1058 2912 1214 2970; x_wconf 86' lang='lat' dir='ltr'><strong>turba</strong></span> <span class='ocrx_word' id='word_1_176' title='bbox 1257 2913 1506 2970; x_wconf 86' lang='lat' dir='ltr'><strong>fratrum.</strong></span> 
     </span>
    </p>
   </div>
   <div class='ocr_carea' id='block_1_29' title="bbox 144 2993 1402 3070">
    <p class='ocr_par' dir='ltr' id='par_1_29' title="bbox 144 2993 1402 3070">
     <span class='ocr_line' id='line_1_29' title="bbox 144 2993 1402 3070; baseline 0.008 -22"><span class='ocrx_word' id='word_1_177' title='bbox 144 2993 389 3052; x_wconf 86' lang='lat' dir='ltr'><strong>Psalleret</strong></span> <span class='ocrx_word' id='word_1_178' title='bbox 415 3008 483 3053; x_wconf 77' lang='lat' dir='ltr'><strong>ut.</strong></span> <span class='ocrx_word' id='word_1_179' title='bbox 508 2999 670 3054; x_wconf 91' lang='lat' dir='ltr'><strong>solito</strong></span> <span class='ocrx_word' id='word_1_180' title='bbox 694 3001 930 3070; x_wconf 67' lang='lat' dir='ltr'><strong>prtefata:</strong></span> <span class='ocrx_word' id='word_1_181' title='bbox 957 3002 1101 3058; x_wconf 85' lang='lat' dir='ltr'><strong>sedis</strong></span> <span class='ocrx_word' id='word_1_182' title='bbox 1130 3006 1197 3058; x_wconf 91' lang='lat' dir='ltr'><strong>ad</strong></span> <span class='ocrx_word' id='word_1_183' title='bbox 1231 3021 1402 3070; x_wconf 90' lang='lat' dir='ltr'><strong>aram,</strong></span> 
     </span>
    </p>
   </div>
   <div class='ocr_carea' id='block_1_30' title="bbox 211 3086 1505 3170">
    <p class='ocr_par' dir='ltr' id='par_1_30' title="bbox 211 3086 1505 3170">
     <span class='ocr_line' id='line_1_30' title="bbox 211 3086 1505 3170; baseline 0.008 -28"><span class='ocrx_word' id='word_1_184' title='bbox 211 3086 528 3157; x_wconf 72' lang='lat' dir='ltr'><strong>Expendens</strong></span> <span class='ocrx_word' id='word_1_185' title='bbox 555 3092 825 3170; x_wconf 75' lang='lat' dir='ltr'><strong>tenebras,</strong></span> <span class='ocrx_word' id='word_1_186' title='bbox 858 3095 1022 3149; x_wconf 88' lang='lat' dir='ltr'><strong>corde</strong></span> <span class='ocrx_word' id='word_1_187' title='bbox 1047 3098 1280 3166; x_wconf 89' lang='lat' dir='ltr'><strong>petendo</strong></span> <span class='ocrx_word' id='word_1_188' title='bbox 1317 3098 1505 3152; x_wconf 84' lang='lat' dir='ltr'><strong>Deum.</strong></span> 
     </span>
    </p>
   </div>
   <div class='ocr_carea' id='block_1_31' title="bbox 151 3177 1384 3256">
    <p class='ocr_par' dir='ltr' id='par_1_31' title="bbox 151 3177 1384 3256">
     <span class='ocr_line' id='line_1_31' title="bbox 151 3177 1384 3256; baseline 0.011 -23"><span class='ocrx_word' id='word_1_189' title='bbox 151 3177 392 3251; x_wconf 87' lang='lat' dir='ltr'><strong>Discipuli</strong></span> <span class='ocrx_word' id='word_1_190' title='bbox 427 3199 634 3251; x_wconf 88' lang='lat' dir='ltr'><strong>secum,</strong></span> <span class='ocrx_word' id='word_1_191' title='bbox 662 3203 890 3256; x_wconf 88' lang='lat' dir='ltr'><strong>quorum</strong></span> <span class='ocrx_word' id='word_1_192' title='bbox 921 3191 1166 3244; x_wconf 89' lang='lat' dir='ltr'><strong>custodia</strong></span> <span class='ocrx_word' id='word_1_193' title='bbox 1208 3191 1384 3246; x_wconf 87' lang='lat' dir='ltr'><strong>noctis</strong></span> 
     </span>
    </p>
   </div>
   <div class='ocr_carea' id='block_1_32' title="bbox 213 3273 1340 3354">
    <p class='ocr_par' dir='ltr' id='par_1_32' title="bbox 213 3273 1340 3354">
     <span class='ocr_line' id='line_1_32' title="bbox 213 3273 1340 3354; baseline 0.006 -24"><span class='ocrx_word' id='word_1_194' title='bbox 213 3273 510 3334; x_wconf 85' lang='lat' dir='ltr'><strong>Servabant</strong></span> <span class='ocrx_word' id='word_1_195' title='bbox 534 3289 556 3318; x_wconf 72' lang='grc' dir='ltr'>α</span> <span class='ocrx_word' id='word_1_196' title='bbox 587 3279 727 3348; x_wconf 85' lang='lat' dir='ltr'><strong>signi</strong></span> <span class='ocrx_word' id='word_1_197' title='bbox 764 3289 1003 3351; x_wconf 89' lang='lat' dir='ltr'><strong>tempora</strong></span> <span class='ocrx_word' id='word_1_198' title='bbox 1028 3283 1340 3354; x_wconf 73' lang='lat' dir='ltr'><strong>pervigiles.</strong></span> 
     </span>
    </p>
   </div>
   <div class='ocr_carea' id='block_1_33' title="bbox 149 3362 1719 3447">
    <p class='ocr_par' dir='ltr' id='par_1_33' title="bbox 149 3362 1719 3447">
     <span class='ocr_line' id='line_1_33' title="bbox 149 3362 1719 3447; baseline 0.007 -27"><span class='ocrx_word' id='word_1_199' title='bbox 149 3362 276 3421; x_wconf 85' lang='lat' dir='ltr'><strong>Ecce</strong></span> <span class='ocrx_word' id='word_1_200' title='bbox 321 3379 551 3440; x_wconf 86' lang='lat' dir='ltr'><strong>repente</strong></span> <span class='ocrx_word' id='word_1_201' title='bbox 611 3386 810 3438; x_wconf 89' lang='lat' dir='ltr'><strong>sonus,</strong></span> <span class='ocrx_word' id='word_1_202' title='bbox 867 3375 1133 3441; x_wconf 86' lang='lat' dir='ltr'><strong>tonitrus,</strong></span> <span class='ocrx_word' id='word_1_203' title='bbox 1180 3384 1483 3447; x_wconf 85' lang='lat' dir='ltr'><strong>ventusque</strong></span> <span class='ocrx_word' id='word_1_204' title='bbox 1523 3390 1719 3446; x_wconf 57' lang='lat' dir='ltr'><strong>peruri-</strong></span> 
     </span>
    </p>
   </div>
   <div class='ocr_carea' id='block_1_34' title="bbox 1556 3480 1654 3523">
    <p class='ocr_par' dir='ltr' id='par_1_34' title="bbox 1556 3480 1654 3523">
     <span class='ocr_line' id='line_1_34' title="bbox 1556 3480 1654 3523; baseline 0.041 -4"><span class='ocrx_word' id='word_1_205' title='bbox 1556 3480 1654 3523; x_wconf 74' lang='lat'><strong>0113</strong></span> 
     </span>
    </p>
   </div>
   <div class='ocr_carea' id='block_1_35' title="bbox 206 3464 1554 3609">
    <p class='ocr_par' dir='ltr' id='par_1_35' title="bbox 206 3464 1554 3609">
     <span class='ocr_line' id='line_1_35' title="bbox 206 3464 1554 3609; baseline 0.007 -7"><span class='ocrx_word' id='word_1_206' title='bbox 206 3545 461 3604; x_wconf 85' lang='lat' dir='ltr'><strong>Concutit</strong></span> <span class='ocrx_word' id='word_1_207' title='bbox 487 3550 756 3606; x_wconf 87' lang='lat' dir='ltr'><strong>instanter</strong></span> <span class='ocrx_word' id='word_1_208' title='bbox 783 3555 948 3607; x_wconf 90' lang='lat' dir='ltr'><strong>ardua</strong></span> <span class='ocrx_word' id='word_1_209' title='bbox 978 3562 1120 3609; x_wconf 87' lang='lat' dir='ltr'><strong>tecta</strong></span> <span class='ocrx_word' id='word_1_210' title='bbox 1149 3556 1361 3609; x_wconf 91' lang='lat' dir='ltr'><strong>domus.</strong></span> <span class='ocrx_word' id='word_1_211' title='bbox 1485 3464 1554 3542; x_wconf 57' lang='grc' dir='ltr'><strong>[ε</strong></span> 
     </span>
    </p>
   </div>
   <div class='ocr_carea' id='block_1_36' title="bbox 146 3635 1502 3718">
    <p class='ocr_par' dir='ltr' id='par_1_36' title="bbox 146 3635 1502 3718">
     <span class='ocr_line' id='line_1_36' title="bbox 146 3635 1502 3718; baseline 0.007 -26"><span class='ocrx_word' id='word_1_212' title='bbox 146 3635 396 3710; x_wconf 88' lang='lat' dir='ltr'><strong>Discipuli</strong></span> <span class='ocrx_word' id='word_1_213' title='bbox 424 3643 671 3698; x_wconf 89' lang='lat' dir='ltr'><strong>cecidere</strong></span> <span class='ocrx_word' id='word_1_214' title='bbox 696 3644 830 3710; x_wconf 89' lang='lat' dir='ltr'><strong>solo,</strong></span> <span class='ocrx_word' id='word_1_215' title='bbox 871 3648 1174 3717; x_wconf 86' lang='lat' dir='ltr'><strong>trepidique</strong></span> <span class='ocrx_word' id='word_1_216' title='bbox 1197 3664 1293 3718; x_wconf 89' lang='lat' dir='ltr'><strong>per</strong></span> <span class='ocrx_word' id='word_1_217' title='bbox 1324 3648 1502 3702; x_wconf 88' lang='lat' dir='ltr'><strong>aulam</strong></span> 
     </span>
    </p>
   </div>
   <div class='ocr_carea' id='block_1_37' title="bbox 202 3731 1543 3812">
    <p class='ocr_par' dir='ltr' id='par_1_37' title="bbox 202 3731 1543 3812">
     <span class='ocr_line' id='line_1_37' title="bbox 202 3731 1543 3812; baseline 0.008 -27"><span class='ocrx_word' id='word_1_218' title='bbox 202 3731 448 3803; x_wconf 87' lang='lat' dir='ltr'><strong>Corpora</strong></span> <span class='ocrx_word' id='word_1_219' title='bbox 475 3743 841 3804; x_wconf 87' lang='lat' dir='ltr'><strong>prosternunt,</strong></span> <span class='ocrx_word' id='word_1_220' title='bbox 873 3754 1134 3808; x_wconf 86' lang='lat' dir='ltr'><strong>mensque</strong></span> <span class='ocrx_word' id='word_1_221' title='bbox 1167 3741 1361 3795; x_wconf 90' lang='lat' dir='ltr'><strong>timore</strong></span> <span class='ocrx_word' id='word_1_222' title='bbox 1389 3740 1543 3812; x_wconf 86' lang='lat' dir='ltr'><strong>fugit.</strong></span> 
     </span>
    </p>
   </div>
   <div class='ocr_carea' id='block_1_38' title="bbox 145 3820 1493 3903">
    <p class='ocr_par' dir='ltr' id='par_1_38' title="bbox 145 3820 1493 3903">
     <span class='ocr_line' id='line_1_38' title="bbox 145 3820 1493 3903; baseline 0.009 -27"><span class='ocrx_word' id='word_1_223' title='bbox 145 3820 554 3896; x_wconf 89' lang='lat' dir='ltr'><strong>lntrepidusque</strong></span> <span class='ocrx_word' id='word_1_224' title='bbox 577 3827 746 3884; x_wconf 90' lang='lat' dir='ltr'><strong>Sacer</strong></span> <span class='ocrx_word' id='word_1_225' title='bbox 783 3831 977 3901; x_wconf 89' lang='lat' dir='ltr'><strong>palmis</strong></span> <span class='ocrx_word' id='word_1_226' title='bbox 1003 3832 1069 3885; x_wconf 89' lang='lat' dir='ltr'><strong>ad</strong></span> <span class='ocrx_word' id='word_1_227' title='bbox 1101 3832 1276 3886; x_wconf 91' lang='lat' dir='ltr'><strong>sidera</strong></span> <span class='ocrx_word' id='word_1_228' title='bbox 1309 3835 1493 3903; x_wconf 91' lang='lat' dir='ltr'><strong>pansis</strong></span> 
     </span>
    </p>
   </div>
   <div class='ocr_carea' id='block_1_39' title="bbox 207 3915 1422 3992">
    <p class='ocr_par' dir='ltr' id='par_1_39' title="bbox 207 3915 1422 3992">
     <span class='ocr_line' id='line_1_39' title="bbox 207 3915 1422 3992; baseline 0.007 -22"><span class='ocrx_word' id='word_1_229' title='bbox 207 3915 359 3972; x_wconf 91' lang='lat' dir='ltr'><strong>Scire</strong></span> <span class='ocrx_word' id='word_1_230' title='bbox 387 3920 558 3989; x_wconf 90' lang='lat' dir='ltr'><strong>cupit,</strong></span> <span class='ocrx_word' id='word_1_231' title='bbox 592 3937 769 3977; x_wconf 75' lang='lat' dir='ltr'><strong>causa:</strong></span> <span class='ocrx_word' id='word_1_232' title='bbox 795 3923 926 3992; x_wconf 89' lang='lat' dir='ltr'><strong>quid</strong></span> <span class='ocrx_word' id='word_1_233' title='bbox 949 3939 1115 3978; x_wconf 92' lang='lat' dir='ltr'><strong>sonus</strong></span> <span class='ocrx_word' id='word_1_234' title='bbox 1142 3924 1232 3978; x_wconf 91' lang='lat' dir='ltr'><strong>ille</strong></span> <span class='ocrx_word' id='word_1_235' title='bbox 1264 3923 1422 3978; x_wconf 87' lang='lat' dir='ltr'><strong>ferat.</strong></span> 
     </span>
    </p>
   </div>
   <div class='ocr_carea' id='block_1_40' title="bbox 147 4006 1592 4084">
    <p class='ocr_par' dir='ltr' id='par_1_40' title="bbox 147 4006 1592 4084">
     <span class='ocr_line' id='line_1_40' title="bbox 147 4006 1592 4084; baseline 0.008 -22"><span class='ocrx_word' id='word_1_236' title='bbox 147 4006 338 4078; x_wconf 79' lang='lat' dir='ltr'><strong>Aspicit</strong></span> <span class='ocrx_word' id='word_1_237' title='bbox 359 4011 502 4066; x_wconf 90' lang='lat' dir='ltr'><strong>alma</strong></span> <span class='ocrx_word' id='word_1_238' title='bbox 535 4013 746 4082; x_wconf 89' lang='lat' dir='ltr'><strong>aperire</strong></span> <span class='ocrx_word' id='word_1_239' title='bbox 784 4015 973 4069; x_wconf 91' lang='lat' dir='ltr'><strong>domus</strong></span> <span class='ocrx_word' id='word_1_240' title='bbox 1014 4031 1138 4070; x_wconf 84' lang='lat' dir='ltr'><strong>mox</strong></span> <span class='ocrx_word' id='word_1_241' title='bbox 1169 4024 1313 4071; x_wconf 90' lang='lat' dir='ltr'><strong>tecta</strong></span> <span class='ocrx_word' id='word_1_242' title='bbox 1339 4026 1592 4084; x_wconf 66' lang='lat' dir='ltr'><strong>sacratae,</strong></span> 
     </span>
    </p>
   </div>
   <div class='ocr_carea' id='block_1_41' title="bbox 207 4102 1573 4180">
    <p class='ocr_par' dir='ltr' id='par_1_41' title="bbox 207 4102 1573 4180">
     <span class='ocr_line' id='line_1_41' title="bbox 207 4102 1573 4180; baseline 0.007 -22"><span class='ocrx_word' id='word_1_243' title='bbox 207 4102 580 4177; x_wconf 86' lang='lat' dir='ltr'><strong>lntrantesque</strong></span> <span class='ocrx_word' id='word_1_244' title='bbox 607 4108 754 4162; x_wconf 88' lang='lat' dir='ltr'><strong>videt</strong></span> <span class='ocrx_word' id='word_1_245' title='bbox 783 4115 894 4163; x_wconf 87' lang='lat' dir='ltr'><strong>tres</strong></span> <span class='ocrx_word' id='word_1_246' title='bbox 916 4124 1133 4180; x_wconf 90' lang='lat' dir='ltr'><strong>quoque</strong></span> <span class='ocrx_word' id='word_1_247' title='bbox 1173 4111 1380 4165; x_wconf 90' lang='lat' dir='ltr'><strong>honore</strong></span> <span class='ocrx_word' id='word_1_248' title='bbox 1408 4111 1573 4170; x_wconf 84' lang='lat' dir='ltr'><strong>viros.</strong></span> 
     </span>
    </p>
   </div>
   <div class='ocr_carea' id='block_1_42' title="bbox 149 4188 1362 4269">
    <p class='ocr_par' dir='ltr' id='par_1_42' title="bbox 149 4188 1362 4269">
     <span class='ocr_line' id='line_1_42' title="bbox 149 4188 1362 4269; baseline 0.007 -22"><span class='ocrx_word' id='word_1_249' title='bbox 149 4188 358 4251; x_wconf 88' lang='lat' dir='ltr'><strong>Lumine</strong></span> <span class='ocrx_word' id='word_1_250' title='bbox 385 4196 651 4269; x_wconf 88' lang='lat' dir='ltr'><strong>perfusos,</strong></span> <span class='ocrx_word' id='word_1_251' title='bbox 682 4201 908 4256; x_wconf 89' lang='lat' dir='ltr'><strong>vestitos</strong></span> <span class='ocrx_word' id='word_1_252' title='bbox 937 4201 1179 4256; x_wconf 83' lang='lat' dir='ltr'><strong>vestibus</strong></span> <span class='ocrx_word' id='word_1_253' title='bbox 1201 4201 1362 4267; x_wconf 89' lang='lat' dir='ltr'><strong>albis,</strong></span> 
     </span>
    </p>
   </div>
   <div class='ocr_carea' id='block_1_43' title="bbox 211 4286 1350 4366">
    <p class='ocr_par' dir='ltr' id='par_1_43' title="bbox 211 4286 1350 4366">
     <span class='ocr_line' id='line_1_43' title="bbox 211 4286 1350 4366; baseline 0.004 -23"><span class='ocrx_word' id='word_1_254' title='bbox 211 4286 534 4347; x_wconf 85' lang='lat' dir='ltr'><strong>Candidiora</strong></span> <span class='ocrx_word' id='word_1_255' title='bbox 563 4292 690 4348; x_wconf 86' lang='lat' dir='ltr'><strong>nive</strong></span> <span class='ocrx_word' id='word_1_256' title='bbox 719 4309 968 4366; x_wconf 88' lang='lat' dir='ltr'><strong>corpora,</strong></span> <span class='ocrx_word' id='word_1_257' title='bbox 1002 4294 1143 4350; x_wconf 88' lang='lat' dir='ltr'><strong>lacte</strong></span> <span class='ocrx_word' id='word_1_258' title='bbox 1169 4303 1350 4364; x_wconf 88' lang='lat' dir='ltr'><strong>caput.</strong></span> 
     </span>
    </p>
   </div>
   <div class='ocr_carea' id='block_1_44' title="bbox 150 4374 1507 4458">
    <p class='ocr_par' dir='ltr' id='par_1_44' title="bbox 150 4374 1507 4458">
     <span class='ocr_line' id='line_1_44' title="bbox 150 4374 1507 4458; baseline 0.01 -28"><span class='ocrx_word' id='word_1_259' title='bbox 150 4374 345 4438; x_wconf 84' lang='lat' dir='ltr'><strong>Tertius</strong></span> <span class='ocrx_word' id='word_1_260' title='bbox 379 4383 435 4438; x_wconf 87' lang='lat' dir='ltr'><strong>in</strong></span> <span class='ocrx_word' id='word_1_261' title='bbox 464 4384 648 4440; x_wconf 86' lang='lat' dir='ltr'><strong>medio</strong></span> <span class='ocrx_word' id='word_1_262' title='bbox 677 4385 860 4440; x_wconf 85' lang='lat' dir='ltr'><strong>senior</strong></span> <span class='ocrx_word' id='word_1_263' title='bbox 889 4400 1124 4456; x_wconf 83' lang='lat' dir='ltr'><strong>namque</strong></span> <span class='ocrx_word' id='word_1_264' title='bbox 1155 4386 1270 4458; x_wconf 91' lang='lat' dir='ltr'><strong>ipse</strong></span> <span class='ocrx_word' id='word_1_265' title='bbox 1297 4386 1507 4444; x_wconf 86' lang='lat' dir='ltr'><strong>duobus</strong></span> 
     </span>
    </p>
   </div>
   <div class='ocr_carea' id='block_1_45' title="bbox 208 4524 1262 4598">
    <p class='ocr_par' dir='ltr' id='par_1_45' title="bbox 208 4524 1262 4598">
     <span class='ocr_line' id='line_1_45' title="bbox 208 4524 1262 4598; baseline 0.002 -18"><span class='ocrx_word' id='word_1_266' title='bbox 208 4533 231 4598; x_wconf 58' lang='grc' dir='ltr'><em>ξ</em></span> <span class='ocrx_word' id='word_1_267' title='bbox 260 4524 444 4598; x_wconf 71' lang='lat' dir='ltr'><strong>italiee</strong></span> <span class='ocrx_word' id='word_1_268' title='bbox 466 4543 624 4582; x_wconf 87' lang='lat' dir='ltr'><strong>nunc</strong></span> <span class='ocrx_word' id='word_1_269' title='bbox 643 4528 689 4581; x_wconf 79' lang='lat' dir='ltr'><strong>si</strong></span> <span class='ocrx_word' id='word_1_270' title='bbox 715 4526 880 4582; x_wconf 77' lang='lat' dir='ltr'><strong>lascia</strong></span> <span class='ocrx_word' id='word_1_271' title='bbox 905 4526 1080 4582; x_wconf 82' lang='lat' dir='ltr'><strong>andar</strong></span> <span class='ocrx_word' id='word_1_272' title='bbox 1101 4529 1262 4598; x_wconf 78' lang='lat' dir='ltr'><strong>fuon’.</strong></span> 
     </span>
    </p>
   </div>
   <div class='ocr_carea' id='block_1_46' title="bbox 999 386 2558 467">
    <p class='ocr_par' dir='ltr' id='par_1_46' title="bbox 999 386 2558 467">
     <span class='ocr_line' id='line_1_46' title="bbox 999 386 2558 467; baseline 0.007 -24"><span class='ocrx_word' id='word_1_273' title='bbox 999 386 1087 444; x_wconf 87' lang='lat' dir='ltr'><strong>DE</strong></span> <span class='ocrx_word' id='word_1_274' title='bbox 1124 387 1356 447; x_wconf 84' lang='lat' dir='ltr'><strong>REBUS</strong></span> <span class='ocrx_word' id='word_1_275' title='bbox 1392 389 1637 448; x_wconf 84' lang='lat' dir='ltr'><strong>GESTlS</strong></span> <span class='ocrx_word' id='word_1_276' title='bbox 1675 390 2003 451; x_wconf 78' lang='lat' dir='ltr'><strong>LUDOVICI</strong></span> <span class='ocrx_word' id='word_1_277' title='bbox 2041 393 2260 451; x_wconf 82' lang='lat' dir='ltr'><strong>Pll.&quot;—</strong></span> <span class='ocrx_word' id='word_1_278' title='bbox 2289 395 2558 467; x_wconf 43' lang='lat' dir='ltr'><strong>LIBQW.</strong></span> 
     </span>
    </p>
   </div>
   <div class='ocr_carea' id='block_1_47' title="bbox 1751 507 3056 581">
    <p class='ocr_par' dir='ltr' id='par_1_47' title="bbox 1751 507 3056 581">
     <span class='ocr_line' id='line_1_47' title="bbox 1751 507 3056 581; baseline 0.004 -20"><span class='ocrx_word' id='word_1_279' title='bbox 1751 510 1805 572; x_wconf 79' lang='grc' dir='ltr'>Α</span> <span class='ocrx_word' id='word_1_280' title='bbox 1901 507 2092 563; x_wconf 87' lang='lat' dir='ltr'><strong>Fnltus</strong></span> <span class='ocrx_word' id='word_1_281' title='bbox 2113 508 2225 562; x_wconf 89' lang='lat' dir='ltr'><strong>abit</strong></span> <span class='ocrx_word' id='word_1_282' title='bbox 2260 509 2491 572; x_wconf 88' lang='lat' dir='ltr'><strong>famulis,</strong></span> <span class='ocrx_word' id='word_1_283' title='bbox 2520 508 2926 580; x_wconf 83' lang='lat' dir='ltr'><strong>ingrediturque</strong></span> <span class='ocrx_word' id='word_1_284' title='bbox 2949 509 3056 581; x_wconf 90' lang='lat' dir='ltr'><strong>pie.</strong></span> 
     </span>
    </p>
   </div>
   <div class='ocr_carea' id='block_1_48' title="bbox 1829 600 3214 674">
    <p class='ocr_par' dir='ltr' id='par_1_48' title="bbox 1829 600 3214 674">
     <span class='ocr_line' id='line_1_48' title="bbox 1829 600 3214 674; baseline 0.003 -18"><span class='ocrx_word' id='word_1_285' title='bbox 1829 600 1900 656; x_wconf 84' lang='lat' dir='ltr'><strong>Ut</strong></span> <span class='ocrx_word' id='word_1_286' title='bbox 1918 602 2144 670; x_wconf 87' lang='lat' dir='ltr'><strong>pedibus</strong></span> <span class='ocrx_word' id='word_1_287' title='bbox 2176 610 2398 656; x_wconf 88' lang='lat' dir='ltr'><strong>tenuere</strong></span> <span class='ocrx_word' id='word_1_288' title='bbox 2422 602 2620 668; x_wconf 92' lang='lat' dir='ltr'><strong>solum,</strong></span> <span class='ocrx_word' id='word_1_289' title='bbox 2647 618 2771 658; x_wconf 79' lang='lat' dir='ltr'><strong>mox</strong></span> <span class='ocrx_word' id='word_1_290' title='bbox 2799 602 3036 674; x_wconf 81' lang='lat' dir='ltr'><strong>Virginis</strong></span> <span class='ocrx_word' id='word_1_291' title='bbox 3061 619 3214 660; x_wconf 88' lang='lat' dir='ltr'><strong>aram</strong></span> 
     </span>
    </p>
   </div>
   <div class='ocr_carea' id='block_1_49' title="bbox 1902 680 3116 768">
    <p class='ocr_par' dir='ltr' id='par_1_49' title="bbox 1902 680 3116 768">
     <span class='ocr_line' id='line_1_49' title="bbox 1902 680 3116 768; baseline 0.002 -21"><span class='ocrx_word' id='word_1_292' title='bbox 1902 680 2198 763; x_wconf 80' lang='lat' dir='ltr'><strong>Relligione</strong></span> <span class='ocrx_word' id='word_1_293' title='bbox 2229 706 2434 767; x_wconf 90' lang='lat' dir='ltr'><strong>petunt,</strong></span> <span class='ocrx_word' id='word_1_294' title='bbox 2466 705 2520 752; x_wconf 91' lang='lat' dir='ltr'><strong>et</strong></span> <span class='ocrx_word' id='word_1_295' title='bbox 2556 711 2717 768; x_wconf 88' lang='lat' dir='ltr'><strong>prece</strong></span> <span class='ocrx_word' id='word_1_296' title='bbox 2742 706 2868 752; x_wconf 85' lang='lat' dir='ltr'><strong>vota</strong></span> <span class='ocrx_word' id='word_1_297' title='bbox 2898 706 3116 752; x_wconf 89' lang='lat' dir='ltr'><strong>canunt.</strong></span> 
     </span>
    </p>
   </div>
   <div class='ocr_carea' id='block_1_50' title="bbox 1825 776 3410 862">
    <p class='ocr_par' dir='ltr' id='par_1_50' title="bbox 1825 776 3410 862">
     <span class='ocr_line' id='line_1_50' title="bbox 1825 776 3410 862; baseline 0.002 -20"><span class='ocrx_word' id='word_1_298' title='bbox 1825 787 2069 844; x_wconf 87' lang='lat' dir='ltr'><strong>Tramite</strong></span> <span class='ocrx_word' id='word_1_299' title='bbox 2116 805 2268 845; x_wconf 85' lang='lat' dir='ltr'><strong>more</strong></span> <span class='ocrx_word' id='word_1_300' title='bbox 2313 790 2550 846; x_wconf 86' lang='lat' dir='ltr'><strong>hominis</strong></span> <span class='ocrx_word' id='word_1_301' title='bbox 2589 806 2718 846; x_wconf 89' lang='lat' dir='ltr'><strong>nam</strong></span> <span class='ocrx_word' id='word_1_302' title='bbox 2765 790 3001 846; x_wconf 86' lang='lat' dir='ltr'><strong>eulmina</strong></span> <span class='ocrx_word' id='word_1_303' title='bbox 3027 788 3056 830; x_wconf 73' lang='grc' dir='ltr'>ἀ</span> <span class='ocrx_word' id='word_1_304' title='bbox 3084 776 3284 846; x_wconf 61' lang='lat' dir='ltr'><strong>extera</strong></span> <span class='ocrx_word' id='word_1_305' title='bbox 3311 802 3410 862; x_wconf 84' lang='lat' dir='ltr'><strong>po-</strong></span> 
     </span>
    </p>
   </div>
   <div class='ocr_carea' id='block_1_51' title="bbox 3119 881 3340 955">
    <p class='ocr_par' dir='ltr' id='par_1_51' title="bbox 3119 881 3340 955">
     <span class='ocr_line' id='line_1_51' title="bbox 3119 881 3340 955; baseline -0.005 -17"><span class='ocrx_word' id='word_1_306' title='bbox 3119 881 3340 955; x_wconf 89' lang='lat' dir='ltr'><strong>[scunt,</strong></span> 
     </span>
    </p>
   </div>
   <div class='ocr_carea' id='block_1_52' title="bbox 1900 971 3164 1044">
    <p class='ocr_par' dir='ltr' id='par_1_52' title="bbox 1900 971 3164 1044">
     <span class='ocr_line' id='line_1_52' title="bbox 1900 971 3164 1044; baseline -0.001 -17"><span class='ocrx_word' id='word_1_307' title='bbox 1900 971 2005 1028; x_wconf 90' lang='lat' dir='ltr'><strong>Ore</strong></span> <span class='ocrx_word' id='word_1_308' title='bbox 2038 982 2235 1028; x_wconf 90' lang='lat' dir='ltr'><strong>sonant</strong></span> <span class='ocrx_word' id='word_1_309' title='bbox 2259 975 2448 1038; x_wconf 88' lang='lat' dir='ltr'><strong>verba,</strong></span> <span class='ocrx_word' id='word_1_310' title='bbox 2481 973 2672 1029; x_wconf 89' lang='lat' dir='ltr'><strong>ordine</strong></span> <span class='ocrx_word' id='word_1_311' title='bbox 2694 973 2931 1044; x_wconf 90' lang='lat' dir='ltr'><strong>dantque</strong></span> <span class='ocrx_word' id='word_1_312' title='bbox 2953 987 3164 1044; x_wconf 85' lang='lat' dir='ltr'><strong>preces.</strong></span> 
     </span>
    </p>
   </div>
   <div class='ocr_carea' id='block_1_53' title="bbox 1827 1065 3208 1142">
    <p class='ocr_par' dir='ltr' id='par_1_53' title="bbox 1827 1065 3208 1142">
     <span class='ocr_line' id='line_1_53' title="bbox 1827 1065 3208 1142; baseline 0 -20"><span class='ocrx_word' id='word_1_313' title='bbox 1827 1065 2058 1122; x_wconf 81' lang='lat' dir='ltr'><strong>Dextera</strong></span> <span class='ocrx_word' id='word_1_314' title='bbox 2081 1082 2208 1136; x_wconf 89' lang='lat' dir='ltr'><strong>pars</strong></span> <span class='ocrx_word' id='word_1_315' title='bbox 2237 1068 2368 1122; x_wconf 70' lang='lat' dir='ltr'><strong>tedis</strong></span> <span class='ocrx_word' id='word_1_316' title='bbox 2397 1067 2549 1122; x_wconf 86' lang='lat' dir='ltr'><strong>Pauli</strong></span> <span class='ocrx_word' id='word_1_317' title='bbox 2575 1084 2700 1122; x_wconf 90' lang='lat' dir='ltr'><strong>nam</strong></span> <span class='ocrx_word' id='word_1_318' title='bbox 2740 1082 2964 1123; x_wconf 87' lang='lat' dir='ltr'><strong>munere</strong></span> <span class='ocrx_word' id='word_1_319' title='bbox 2993 1067 3208 1142; x_wconf 80' lang='lat' dir='ltr'><strong>gaudet,</strong></span> 
     </span>
    </p>
   </div>
   <div class='ocr_carea' id='block_1_54' title="bbox 1899 1159 2968 1233">
    <p class='ocr_par' dir='ltr' id='par_1_54' title="bbox 1899 1159 2968 1233">
     <span class='ocr_line' id='line_1_54' title="bbox 1899 1159 2968 1233; baseline 0.001 -20"><span class='ocrx_word' id='word_1_320' title='bbox 1899 1159 2142 1215; x_wconf 87' lang='lat' dir='ltr'><strong>Fulcitur</strong></span> <span class='ocrx_word' id='word_1_321' title='bbox 2161 1161 2293 1216; x_wconf 63' lang='lat' dir='ltr'><strong>larva</strong></span> <span class='ocrx_word' id='word_1_322' title='bbox 2327 1163 2544 1216; x_wconf 90' lang='lat' dir='ltr'><strong>nomine</strong></span> <span class='ocrx_word' id='word_1_323' title='bbox 2573 1162 2770 1233; x_wconf 86' lang='lat' dir='ltr'><strong>quippe</strong></span> <span class='ocrx_word' id='word_1_324' title='bbox 2799 1161 2968 1216; x_wconf 86' lang='lat' dir='ltr'><strong>Petri.</strong></span> 
     </span>
    </p>
   </div>
   <div class='ocr_carea' id='block_1_55' title="bbox 1827 1249 3202 1324">
    <p class='ocr_par' dir='ltr' id='par_1_55' title="bbox 1827 1249 3202 1324">
     <span class='ocr_line' id='line_1_55' title="bbox 1827 1249 3202 1324; baseline 0 -18"><span class='ocrx_word' id='word_1_325' title='bbox 1827 1249 2090 1323; x_wconf 84' lang='lat' dir='ltr'><strong>Egregius</strong></span> <span class='ocrx_word' id='word_1_326' title='bbox 2111 1253 2301 1308; x_wconf 89' lang='lat' dir='ltr'><strong>doctor</strong></span> <span class='ocrx_word' id='word_1_327' title='bbox 2324 1253 2470 1320; x_wconf 91' lang='lat' dir='ltr'><strong>hinc,</strong></span> <span class='ocrx_word' id='word_1_328' title='bbox 2504 1253 2743 1324; x_wconf 77' lang='lat' dir='ltr'><strong>claviger</strong></span> <span class='ocrx_word' id='word_1_329' title='bbox 2767 1253 2892 1308; x_wconf 90' lang='lat' dir='ltr'><strong>inde</strong></span> <span class='ocrx_word' id='word_1_330' title='bbox 2923 1251 3202 1323; x_wconf 90' lang='lat' dir='ltr'><strong>polorum;</strong></span> 
     </span>
    </p>
   </div>
   <div class='ocr_carea' id='block_1_56' title="bbox 1898 1346 3058 1419">
    <p class='ocr_par' dir='ltr' id='par_1_56' title="bbox 1898 1346 3058 1419">
     <span class='ocr_line' id='line_1_56' title="bbox 1898 1346 3058 1419; baseline 0.001 -19"><span class='ocrx_word' id='word_1_331' title='bbox 1898 1346 2047 1402; x_wconf 87' lang='lat' dir='ltr'><strong>Inter</strong></span> <span class='ocrx_word' id='word_1_332' title='bbox 2072 1356 2332 1419; x_wconf 89' lang='lat' dir='ltr'><strong>utrosque</strong></span> <span class='ocrx_word' id='word_1_333' title='bbox 2354 1348 2521 1402; x_wconf 85' lang='lat' dir='ltr'><strong>micat</strong></span> <span class='ocrx_word' id='word_1_334' title='bbox 2543 1347 2714 1402; x_wconf 86' lang='lat' dir='ltr'><strong>Mater</strong></span> <span class='ocrx_word' id='word_1_335' title='bbox 2736 1348 2916 1417; x_wconf 88' lang='lat' dir='ltr'><strong>opima</strong></span> <span class='ocrx_word' id='word_1_336' title='bbox 2944 1347 3058 1402; x_wconf 90' lang='lat' dir='ltr'><strong>Dei.</strong></span> 
     </span>
    </p>
   </div>
   <div class='ocr_carea' id='block_1_57' title="bbox 1827 1438 3275 1508">
    <p class='ocr_par' dir='ltr' id='par_1_57' title="bbox 1827 1438 3275 1508">
     <span class='ocr_line' id='line_1_57' title="bbox 1827 1438 3275 1508; baseline 0.001 -14"><span class='ocrx_word' id='word_1_337' title='bbox 1827 1438 2058 1495; x_wconf 86' lang='lat' dir='ltr'><strong>Michael</strong></span> <span class='ocrx_word' id='word_1_338' title='bbox 2087 1442 2318 1497; x_wconf 90' lang='lat' dir='ltr'><strong>mediam</strong></span> <span class='ocrx_word' id='word_1_339' title='bbox 2348 1442 2470 1505; x_wconf 91' lang='lat' dir='ltr'><strong>sibi,</strong></span> <span class='ocrx_word' id='word_1_340' title='bbox 2516 1455 2611 1497; x_wconf 91' lang='lat' dir='ltr'><strong>seu</strong></span> <span class='ocrx_word' id='word_1_341' title='bbox 2643 1457 2775 1497; x_wconf 85' lang='lat' dir='ltr'><strong>crux</strong></span> <span class='ocrx_word' id='word_1_342' title='bbox 2803 1441 3046 1496; x_wconf 87' lang='lat' dir='ltr'><strong>vindicat</strong></span> <span class='ocrx_word' id='word_1_343' title='bbox 3073 1441 3275 1508; x_wconf 90' lang='lat' dir='ltr'><strong>aulam,</strong></span> 
     </span>
    </p>
   </div>
   <div class='ocr_carea' id='block_1_58' title="bbox 1903 1531 2989 1604">
    <p class='ocr_par' dir='ltr' id='par_1_58' title="bbox 1903 1531 2989 1604">
     <span class='ocr_line' id='line_1_58' title="bbox 1903 1531 2989 1604; baseline -0.002 -16"><span class='ocrx_word' id='word_1_344' title='bbox 1903 1531 2106 1588; x_wconf 83' lang='lat' dir='ltr'><strong>Ultima</strong></span> <span class='ocrx_word' id='word_1_345' title='bbox 2133 1532 2359 1589; x_wconf 83' lang='lat' dir='ltr'><strong>Joannis</strong></span> <span class='ocrx_word' id='word_1_346' title='bbox 2387 1533 2587 1604; x_wconf 86' lang='lat' dir='ltr'><strong>unguie</strong></span> <span class='ocrx_word' id='word_1_347' title='bbox 2623 1544 2645 1571; x_wconf 73' lang='grc' dir='ltr'><strong>ε</strong></span> <span class='ocrx_word' id='word_1_348' title='bbox 2669 1533 2792 1588; x_wconf 68' lang='lat' dir='ltr'><strong>lzeta</strong></span> <span class='ocrx_word' id='word_1_349' title='bbox 2831 1533 2989 1587; x_wconf 88' lang='lat' dir='ltr'><strong>nitet.</strong></span> 
     </span>
    </p>
   </div>
   <div class='ocr_carea' id='block_1_59' title="bbox 1831 1625 3165 1698">
    <p class='ocr_par' dir='ltr' id='par_1_59' title="bbox 1831 1625 3165 1698">
     <span class='ocr_line' id='line_1_59' title="bbox 1831 1625 3165 1698; baseline -0.001 -17"><span class='ocrx_word' id='word_1_350' title='bbox 1831 1625 1942 1681; x_wconf 88' lang='lat' dir='ltr'><strong>Hos</strong></span> <span class='ocrx_word' id='word_1_351' title='bbox 1969 1643 2183 1697; x_wconf 85' lang='lat' dir='ltr'><strong>quoque</strong></span> <span class='ocrx_word' id='word_1_352' title='bbox 2209 1627 2466 1684; x_wconf 64' lang='lat' dir='ltr'><strong>ccelicolae</strong></span> <span class='ocrx_word' id='word_1_353' title='bbox 2494 1627 2657 1683; x_wconf 88' lang='lat' dir='ltr'><strong>terris</strong></span> <span class='ocrx_word' id='word_1_354' title='bbox 2687 1627 2891 1698; x_wconf 89' lang='lat' dir='ltr'><strong>petiere</strong></span> <span class='ocrx_word' id='word_1_355' title='bbox 2916 1631 3165 1696; x_wconf 88' lang='lat' dir='ltr'><strong>precatu,</strong></span> 
     </span>
    </p>
   </div>
   <div class='ocr_carea' id='block_1_60' title="bbox 1901 1719 3242 1791">
    <p class='ocr_par' dir='ltr' id='par_1_60' title="bbox 1901 1719 3242 1791">
     <span class='ocr_line' id='line_1_60' title="bbox 1901 1719 3242 1791; baseline 0 -19"><span class='ocrx_word' id='word_1_356' title='bbox 1901 1719 2142 1784; x_wconf 81' lang='lat' dir='ltr'><strong>Quorum</strong></span> <span class='ocrx_word' id='word_1_357' title='bbox 2175 1720 2387 1775; x_wconf 91' lang='lat' dir='ltr'><strong>animas</strong></span> <span class='ocrx_word' id='word_1_358' title='bbox 2417 1729 2649 1776; x_wconf 90' lang='lat' dir='ltr'><strong>cernunt</strong></span> <span class='ocrx_word' id='word_1_359' title='bbox 2675 1719 2870 1791; x_wconf 76' lang='lat' dir='ltr'><strong>saepius</strong></span> <span class='ocrx_word' id='word_1_360' title='bbox 2897 1727 3024 1775; x_wconf 90' lang='lat' dir='ltr'><strong>ante</strong></span> <span class='ocrx_word' id='word_1_361' title='bbox 3051 1719 3242 1773; x_wconf 91' lang='lat' dir='ltr'><strong>Deum.</strong></span> 
     </span>
    </p>
   </div>
   <div class='ocr_carea' id='block_1_61' title="bbox 1831 1806 3416 1882">
    <p class='ocr_par' dir='ltr' id='par_1_61' title="bbox 1831 1806 3416 1882">
     <span class='ocr_line' id='line_1_61' title="bbox 1831 1806 3416 1882; baseline -0.002 -18"><span class='ocrx_word' id='word_1_362' title='bbox 1831 1808 1964 1876; x_wconf 87' lang='lat' dir='ltr'><strong>Quis</strong></span> <span class='ocrx_word' id='word_1_363' title='bbox 2007 1826 2130 1864; x_wconf 90' lang='lat' dir='ltr'><strong>nam</strong></span> <span class='ocrx_word' id='word_1_364' title='bbox 2173 1812 2342 1868; x_wconf 83' lang='lat' dir='ltr'><strong>idiota</strong></span> <span class='ocrx_word' id='word_1_365' title='bbox 2377 1810 2398 1851; x_wconf 66' lang='grc' dir='ltr'>ί</span> <span class='ocrx_word' id='word_1_366' title='bbox 2444 1811 2585 1869; x_wconf 87' lang='lat' dir='ltr'><strong>ferat</strong></span> <span class='ocrx_word' id='word_1_367' title='bbox 2618 1813 2873 1880; x_wconf 89' lang='lat' dir='ltr'><strong>demens,</strong></span> <span class='ocrx_word' id='word_1_368' title='bbox 2903 1826 3010 1868; x_wconf 89' lang='lat' dir='ltr'><strong>non</strong></span> <span class='ocrx_word' id='word_1_369' title='bbox 3041 1823 3272 1882; x_wconf 87' lang='lat' dir='ltr'><strong>corpora</strong></span> <span class='ocrx_word' id='word_1_370' title='bbox 3317 1806 3416 1862; x_wconf 82' lang='lat' dir='ltr'><strong>Pa-</strong></span> 
     </span>
    </p>
   </div>
   <div class='ocr_carea' id='block_1_62' title="bbox 3165 1902 3348 1975">
    <p class='ocr_par' dir='ltr' id='par_1_62' title="bbox 3165 1902 3348 1975">
     <span class='ocr_line' id='line_1_62' title="bbox 3165 1902 3348 1975; baseline -0.005 -18"><span class='ocrx_word' id='word_1_371' title='bbox 3165 1902 3186 1975; x_wconf 94' lang='lat'><strong>[</strong></span> <span class='ocrx_word' id='word_1_372' title='bbox 3203 1911 3348 1957; x_wconf 90' lang='lat' dir='ltr'><strong>trum</strong></span> 
     </span>
    </p>
   </div>
   <div class='ocr_carea' id='block_1_63' title="bbox 1824 1995 3060 2062">
    <p class='ocr_par' dir='ltr' id='par_1_63' title="bbox 1824 1995 3060 2062">
     <span class='ocr_line' id='line_1_63' title="bbox 1824 1995 3060 2062; baseline 0.002 -12"><span class='ocrx_word' id='word_1_373' title='bbox 1824 2018 1832 2023; x_wconf 93' lang='grc'>·</span> <span class='ocrx_word' id='word_1_374' title='bbox 1897 1995 2225 2052; x_wconf 89' lang='lat' dir='ltr'><strong>Sanctorum</strong></span> <span class='ocrx_word' id='word_1_375' title='bbox 2255 1998 2454 2052; x_wconf 89' lang='lat' dir='ltr'><strong>merito</strong></span> <span class='ocrx_word' id='word_1_376' title='bbox 2481 2013 2611 2052; x_wconf 87' lang='lat' dir='ltr'><strong>rure</strong></span> <span class='ocrx_word' id='word_1_377' title='bbox 2647 1997 2874 2054; x_wconf 85' lang='lat' dir='ltr'><strong>colenda</strong></span> <span class='ocrx_word' id='word_1_378' title='bbox 2905 1998 3022 2052; x_wconf 87' lang='lat' dir='ltr'><strong>fore</strong></span> <span class='ocrx_word' id='word_1_379' title='bbox 3044 2035 3060 2062; x_wconf 88' lang='lat'><strong>,</strong></span> 
     </span>
    </p>
   </div>
   <div class='ocr_carea' id='block_1_64' title="bbox 1823 2085 3272 2156">
    <p class='ocr_par' dir='ltr' id='par_1_64' title="bbox 1823 2085 3272 2156">
     <span class='ocr_line' id='line_1_64' title="bbox 1823 2085 3272 2156; baseline -0.003 -11"><span class='ocrx_word' id='word_1_380' title='bbox 1823 2088 1958 2145; x_wconf 90' lang='lat' dir='ltr'><strong>Cum</strong></span> <span class='ocrx_word' id='word_1_381' title='bbox 1987 2091 2129 2146; x_wconf 90' lang='lat' dir='ltr'><strong>Deus</strong></span> <span class='ocrx_word' id='word_1_382' title='bbox 2158 2092 2214 2146; x_wconf 91' lang='lat' dir='ltr'><strong>in</strong></span> <span class='ocrx_word' id='word_1_383' title='bbox 2246 2090 2466 2146; x_wconf 90' lang='lat' dir='ltr'><strong>famulis</strong></span> <span class='ocrx_word' id='word_1_384' title='bbox 2499 2091 2693 2146; x_wconf 89' lang='lat' dir='ltr'><strong>merito</strong></span> <span class='ocrx_word' id='word_1_385' title='bbox 2729 2097 3020 2143; x_wconf 76' lang='lat' dir='ltr'><strong>veneretur</strong></span> <span class='ocrx_word' id='word_1_386' title='bbox 3054 2085 3272 2156; x_wconf 82' lang='lat' dir='ltr'><strong>amatis,</strong></span> 
     </span>
    </p>
   </div>
   <div class='ocr_carea' id='block_1_65' title="bbox 1895 2174 3219 2252">
    <p class='ocr_par' dir='ltr' id='par_1_65' title="bbox 1895 2174 3219 2252">
     <span class='ocr_line' id='line_1_65' title="bbox 1895 2174 3219 2252; baseline -0.004 -18"><span class='ocrx_word' id='word_1_387' title='bbox 1895 2181 2138 2248; x_wconf 80' lang='lat' dir='ltr'><strong>Quorum</strong></span> <span class='ocrx_word' id='word_1_388' title='bbox 2168 2199 2267 2238; x_wconf 90' lang='lat' dir='ltr'><strong>nos</strong></span> <span class='ocrx_word' id='word_1_389' title='bbox 2296 2182 2548 2252; x_wconf 81' lang='lat' dir='ltr'><strong>precibus</strong></span> <span class='ocrx_word' id='word_1_390' title='bbox 2586 2180 2897 2237; x_wconf 85' lang='lat' dir='ltr'><strong>seandimus</strong></span> <span class='ocrx_word' id='word_1_391' title='bbox 2928 2179 3034 2232; x_wconf 89' lang='lat' dir='ltr'><strong>alta</strong></span> <span class='ocrx_word' id='word_1_392' title='bbox 3071 2174 3219 2248; x_wconf 74' lang='lat' dir='ltr'><strong>poli?</strong></span> 
     </span>
    </p>
   </div>
   <div class='ocr_carea' id='block_1_66' title="bbox 1823 2269 3199 2340">
    <p class='ocr_par' dir='ltr' id='par_1_66' title="bbox 1823 2269 3199 2340">
     <span class='ocr_line' id='line_1_66' title="bbox 1823 2269 3199 2340; baseline -0.001 -15"><span class='ocrx_word' id='word_1_393' title='bbox 1823 2269 1939 2326; x_wconf 86' lang='lat' dir='ltr'><strong>Non</strong></span> <span class='ocrx_word' id='word_1_394' title='bbox 1964 2273 2107 2327; x_wconf 83' lang='lat' dir='ltr'><strong>Deus</strong></span> <span class='ocrx_word' id='word_1_395' title='bbox 2137 2283 2221 2328; x_wconf 91' lang='lat' dir='ltr'><strong>est</strong></span> <span class='ocrx_word' id='word_1_396' title='bbox 2249 2273 2464 2339; x_wconf 85' lang='lat' dir='ltr'><strong>Petrus,</strong></span> <span class='ocrx_word' id='word_1_397' title='bbox 2495 2275 2593 2330; x_wconf 88' lang='lat' dir='ltr'><strong>sed</strong></span> <span class='ocrx_word' id='word_1_398' title='bbox 2616 2272 2764 2329; x_wconf 89' lang='lat' dir='ltr'><strong>Petri</strong></span> <span class='ocrx_word' id='word_1_399' title='bbox 2788 2271 2951 2328; x_wconf 90' lang='lat' dir='ltr'><strong>credo</strong></span> <span class='ocrx_word' id='word_1_400' title='bbox 2975 2276 3199 2340; x_wconf 88' lang='lat' dir='ltr'><strong>precatu</strong></span> 
     </span>
    </p>
   </div>
   <div class='ocr_carea' id='block_1_67' title="bbox 1894 2363 2844 2435">
    <p class='ocr_par' dir='ltr' id='par_1_67' title="bbox 1894 2363 2844 2435">
     <span class='ocr_line' id='line_1_67' title="bbox 1894 2363 2844 2435; baseline -0.001 -19"><span class='ocrx_word' id='word_1_401' title='bbox 1894 2363 2046 2417; x_wconf 78' lang='lat' dir='ltr'><strong>Noxa</strong></span> <span class='ocrx_word' id='word_1_402' title='bbox 2091 2363 2267 2418; x_wconf 91' lang='lat' dir='ltr'><strong>delicti</strong></span> <span class='ocrx_word' id='word_1_403' title='bbox 2296 2380 2456 2435; x_wconf 89' lang='lat' dir='ltr'><strong>posse</strong></span> <span class='ocrx_word' id='word_1_404' title='bbox 2500 2378 2690 2418; x_wconf 88' lang='lat' dir='ltr'><strong>carere</strong></span> <span class='ocrx_word' id='word_1_405' title='bbox 2716 2363 2844 2417; x_wconf 91' lang='lat' dir='ltr'><strong>mei.</strong></span> 
     </span>
    </p>
   </div>
   <div class='ocr_carea' id='block_1_68' title="bbox 1823 2443 3417 2525">
    <p class='ocr_par' dir='ltr' id='par_1_68' title="bbox 1823 2443 3417 2525">
     <span class='ocr_line' id='line_1_68' title="bbox 1823 2443 3417 2525; baseline -0.007 -15"><span class='ocrx_word' id='word_1_406' title='bbox 1823 2454 1960 2510; x_wconf 84' lang='lat' dir='ltr'><strong>Nam</strong></span> <span class='ocrx_word' id='word_1_407' title='bbox 2003 2464 2160 2510; x_wconf 89' lang='lat' dir='ltr'><strong>tenus</strong></span> <span class='ocrx_word' id='word_1_408' title='bbox 2190 2471 2361 2525; x_wconf 90' lang='lat' dir='ltr'><strong>usque</strong></span> <span class='ocrx_word' id='word_1_409' title='bbox 2390 2455 2492 2509; x_wconf 89' lang='lat' dir='ltr'><strong>viri</strong></span> <span class='ocrx_word' id='word_1_410' title='bbox 2529 2459 2824 2525; x_wconf 87' lang='lat' dir='ltr'><strong>properant</strong></span> <span class='ocrx_word' id='word_1_411' title='bbox 2853 2465 2950 2521; x_wconf 90' lang='lat' dir='ltr'><strong>per</strong></span> <span class='ocrx_word' id='word_1_412' title='bbox 2977 2445 3178 2520; x_wconf 88' lang='lat' dir='ltr'><strong>templa</strong></span> <span class='ocrx_word' id='word_1_413' title='bbox 3215 2443 3417 2513; x_wconf 62' lang='lat' dir='ltr'><strong>Maria,</strong></span> 
     </span>
    </p>
   </div>
   <div class='ocr_carea' id='block_1_69' title="bbox 1893 2545 3123 2618">
    <p class='ocr_par' dir='ltr' id='par_1_69' title="bbox 1893 2545 3123 2618">
     <span class='ocr_line' id='line_1_69' title="bbox 1893 2545 3123 2618; baseline -0.004 -17"><span class='ocrx_word' id='word_1_414' title='bbox 1893 2545 2122 2618; x_wconf 86' lang='lat' dir='ltr'><strong>Semper</strong></span> <span class='ocrx_word' id='word_1_415' title='bbox 2155 2556 2296 2603; x_wconf 87' lang='lat' dir='ltr'><strong>tecta</strong></span> <span class='ocrx_word' id='word_1_416' title='bbox 2341 2561 2504 2616; x_wconf 89' lang='lat' dir='ltr'><strong>super</strong></span> <span class='ocrx_word' id='word_1_417' title='bbox 2539 2547 2883 2614; x_wconf 87' lang='lat' dir='ltr'><strong>discooperta</strong></span> <span class='ocrx_word' id='word_1_418' title='bbox 2915 2549 3123 2612; x_wconf 86' lang='lat' dir='ltr'><strong>patent.</strong></span> 
     </span>
    </p>
   </div>
   <div class='ocr_carea' id='block_1_70' title="bbox 1824 2637 3128 2710">
    <p class='ocr_par' dir='ltr' id='par_1_70' title="bbox 1824 2637 3128 2710">
     <span class='ocr_line' id='line_1_70' title="bbox 1824 2637 3128 2710; baseline -0.003 -17"><span class='ocrx_word' id='word_1_419' title='bbox 1824 2637 2072 2710; x_wconf 80' lang='lat' dir='ltr'><strong>Expletis</strong></span> <span class='ocrx_word' id='word_1_420' title='bbox 2095 2639 2238 2694; x_wconf 89' lang='lat' dir='ltr'><strong>votis</strong></span> <span class='ocrx_word' id='word_1_421' title='bbox 2279 2647 2528 2694; x_wconf 85' lang='lat' dir='ltr'><strong>remeant</strong></span> <span class='ocrx_word' id='word_1_422' title='bbox 2557 2639 2625 2693; x_wconf 88' lang='lat' dir='ltr'><strong>ad</strong></span> <span class='ocrx_word' id='word_1_423' title='bbox 2646 2638 2825 2692; x_wconf 88' lang='lat' dir='ltr'><strong>sidera</strong></span> <span class='ocrx_word' id='word_1_424' title='bbox 2865 2650 3081 2692; x_wconf 89' lang='lat' dir='ltr'><strong>sursum</strong></span> <span class='ocrx_word' id='word_1_425' title='bbox 3115 2651 3128 2689; x_wconf 76' lang='grc' dir='ltr'>ε</span> 
     </span>
    </p>
   </div>
   <div class='ocr_carea' id='block_1_71' title="bbox 1893 2729 3037 2802">
    <p class='ocr_par' dir='ltr' id='par_1_71' title="bbox 1893 2729 3037 2802">
     <span class='ocr_line' id='line_1_71' title="bbox 1893 2729 3037 2802; baseline -0.003 -15"><span class='ocrx_word' id='word_1_426' title='bbox 1893 2729 2193 2802; x_wconf 78' lang='lat' dir='ltr'><strong>Susceprre</strong></span> <span class='ocrx_word' id='word_1_427' title='bbox 2229 2747 2384 2787; x_wconf 91' lang='lat' dir='ltr'><strong>suum</strong></span> <span class='ocrx_word' id='word_1_428' title='bbox 2413 2739 2558 2788; x_wconf 87' lang='lat' dir='ltr'><strong>tecta</strong></span> <span class='ocrx_word' id='word_1_429' title='bbox 2597 2731 2807 2787; x_wconf 89' lang='lat' dir='ltr'><strong>reclusa</strong></span> <span class='ocrx_word' id='word_1_430' title='bbox 2836 2729 3037 2785; x_wconf 89' lang='lat' dir='ltr'><strong>locum.</strong></span> 
     </span>
    </p>
   </div>
   <div class='ocr_carea' id='block_1_72' title="bbox 1825 2819 3206 2895">
    <p class='ocr_par' dir='ltr' id='par_1_72' title="bbox 1825 2819 3206 2895">
     <span class='ocr_line' id='line_1_72' title="bbox 1825 2819 3206 2895; baseline -0.004 -16"><span class='ocrx_word' id='word_1_431' title='bbox 1825 2821 1941 2879; x_wconf 86' lang='lat' dir='ltr'><strong>Hoc</strong></span> <span class='ocrx_word' id='word_1_432' title='bbox 1965 2822 2134 2880; x_wconf 88' lang='lat' dir='ltr'><strong>Sacer</strong></span> <span class='ocrx_word' id='word_1_433' title='bbox 2154 2825 2423 2894; x_wconf 87' lang='lat' dir='ltr'><strong>aspiciens</strong></span> <span class='ocrx_word' id='word_1_434' title='bbox 2448 2823 2642 2895; x_wconf 84' lang='lat' dir='ltr'><strong>pergit,</strong></span> <span class='ocrx_word' id='word_1_435' title='bbox 2676 2822 2962 2892; x_wconf 85' lang='lat' dir='ltr'><strong>sociosque</strong></span> <span class='ocrx_word' id='word_1_436' title='bbox 2988 2819 3206 2888; x_wconf 85' lang='lat' dir='ltr'><strong>revisit,</strong></span> 
     </span>
    </p>
   </div>
   <div class='ocr_carea' id='block_1_73' title="bbox 1896 2915 3170 2986">
    <p class='ocr_par' dir='ltr' id='par_1_73' title="bbox 1896 2915 3170 2986">
     <span class='ocr_line' id='line_1_73' title="bbox 1896 2915 3170 2986; baseline -0.002 -15"><span class='ocrx_word' id='word_1_437' title='bbox 1896 2915 1998 2983; x_wconf 88' lang='lat' dir='ltr'><strong>Qui</strong></span> <span class='ocrx_word' id='word_1_438' title='bbox 2027 2916 2329 2986; x_wconf 85' lang='lat' dir='ltr'><strong>stupefacta</strong></span> <span class='ocrx_word' id='word_1_439' title='bbox 2367 2917 2458 2972; x_wconf 89' lang='lat' dir='ltr'><strong>diu</strong></span> <span class='ocrx_word' id='word_1_440' title='bbox 2495 2924 2719 2986; x_wconf 78' lang='lat' dir='ltr'><strong>pectora</strong></span> <span class='ocrx_word' id='word_1_441' title='bbox 2749 2931 2875 2970; x_wconf 87' lang='lat' dir='ltr'><strong>rure</strong></span> <span class='ocrx_word' id='word_1_442' title='bbox 2910 2917 2933 2956; x_wconf 77' lang='grc' dir='ltr'><strong><em>ε</em></strong></span> <span class='ocrx_word' id='word_1_443' title='bbox 2965 2922 3170 2968; x_wconf 80' lang='lat' dir='ltr'><strong>tenent.</strong></span> 
     </span>
    </p>
   </div>
   <div class='ocr_carea' id='block_1_74' title="bbox 1826 3006 3133 3082">
    <p class='ocr_par' dir='ltr' id='par_1_74' title="bbox 1826 3006 3133 3082">
     <span class='ocr_line' id='line_1_74' title="bbox 1826 3006 3133 3082; baseline -0.005 -16"><span class='ocrx_word' id='word_1_444' title='bbox 1826 3009 2062 3082; x_wconf 88' lang='lat' dir='ltr'><strong>Surgite,</strong></span> <span class='ocrx_word' id='word_1_445' title='bbox 2092 3011 2166 3065; x_wconf 89' lang='lat' dir='ltr'><strong>ait</strong></span> <span class='ocrx_word' id='word_1_446' title='bbox 2195 3010 2348 3076; x_wconf 90' lang='lat' dir='ltr'><strong>socii,</strong></span> <span class='ocrx_word' id='word_1_447' title='bbox 2393 3025 2518 3064; x_wconf 90' lang='lat' dir='ltr'><strong>nam</strong></span> <span class='ocrx_word' id='word_1_448' title='bbox 2559 3023 2680 3079; x_wconf 66' lang='lat' dir='ltr'><strong>qua:</strong></span> <span class='ocrx_word' id='word_1_449' title='bbox 2711 3008 2930 3062; x_wconf 85' lang='lat' dir='ltr'><strong>fortuna</strong></span> <span class='ocrx_word' id='word_1_450' title='bbox 2955 3006 3133 3074; x_wconf 85' lang='lat' dir='ltr'><strong>coegit</strong></span> 
     </span>
    </p>
   </div>
   <div class='ocr_carea' id='block_1_75' title="bbox 1891 3097 3127 3172">
    <p class='ocr_par' dir='ltr' id='par_1_75' title="bbox 1891 3097 3127 3172">
     <span class='ocr_line' id='line_1_75' title="bbox 1891 3097 3127 3172; baseline -0.007 -13"><span class='ocrx_word' id='word_1_451' title='bbox 1891 3105 2002 3159; x_wconf 84' lang='lat' dir='ltr'><strong>Vos</strong></span> <span class='ocrx_word' id='word_1_452' title='bbox 2024 3103 2263 3158; x_wconf 87' lang='lat' dir='ltr'><strong>dormire</strong></span> <span class='ocrx_word' id='word_1_453' title='bbox 2307 3102 2491 3168; x_wconf 89' lang='lat' dir='ltr'><strong>modo,</strong></span> <span class='ocrx_word' id='word_1_454' title='bbox 2524 3102 2651 3156; x_wconf 91' lang='lat' dir='ltr'><strong>dum</strong></span> <span class='ocrx_word' id='word_1_455' title='bbox 2681 3101 2910 3172; x_wconf 84' lang='lat' dir='ltr'><strong>vigilare</strong></span> <span class='ocrx_word' id='word_1_456' title='bbox 2942 3097 3127 3154; x_wconf 87' lang='lat' dir='ltr'><strong>decet?</strong></span> 
     </span>
    </p>
   </div>
   <div class='ocr_carea' id='block_1_76' title="bbox 1826 3191 3235 3268">
    <p class='ocr_par' dir='ltr' id='par_1_76' title="bbox 1826 3191 3235 3268">
     <span class='ocr_line' id='line_1_76' title="bbox 1826 3191 3235 3268; baseline -0.006 -16"><span class='ocrx_word' id='word_1_457' title='bbox 1826 3197 2075 3268; x_wconf 83' lang='lat' dir='ltr'><strong>Singultu</strong></span> <span class='ocrx_word' id='word_1_458' title='bbox 2107 3197 2388 3267; x_wconf 87' lang='lat' dir='ltr'><strong>quatiente</strong></span> <span class='ocrx_word' id='word_1_459' title='bbox 2415 3194 2599 3250; x_wconf 87' lang='lat' dir='ltr'><strong>valent</strong></span> <span class='ocrx_word' id='word_1_460' title='bbox 2628 3194 2718 3247; x_wconf 80' lang='lat' dir='ltr'><strong>vix</strong></span> <span class='ocrx_word' id='word_1_461' title='bbox 2756 3205 3007 3263; x_wconf 89' lang='lat' dir='ltr'><strong>promere</strong></span> <span class='ocrx_word' id='word_1_462' title='bbox 3033 3191 3201 3246; x_wconf 88' lang='lat' dir='ltr'><strong>verba</strong></span> <span class='ocrx_word' id='word_1_463' title='bbox 3219 3229 3235 3256; x_wconf 92' lang='lat'><strong>,</strong></span> 
     </span>
    </p>
   </div>
   <div class='ocr_carea' id='block_1_77' title="bbox 1748 3248 3023 3360">
    <p class='ocr_par' dir='ltr' id='par_1_77' title="bbox 1748 3248 3023 3360">
     <span class='ocr_line' id='line_1_77' title="bbox 1748 3248 3023 3360; baseline -0.005 -15"><span class='ocrx_word' id='word_1_464' title='bbox 1748 3248 1796 3318; x_wconf 62' lang='grc' dir='ltr'><strong>Ω</strong></span> <span class='ocrx_word' id='word_1_465' title='bbox 1895 3248 2218 3360; x_wconf 59' lang='lat' dir='ltr'><strong>Ignotusque</strong></span> <span class='ocrx_word' id='word_1_466' title='bbox 2257 3289 2337 3344; x_wconf 89' lang='lat' dir='ltr'><strong>rei</strong></span> <span class='ocrx_word' id='word_1_467' title='bbox 2365 3303 2424 3344; x_wconf 88' lang='lat' dir='ltr'><strong>se</strong></span> <span class='ocrx_word' id='word_1_468' title='bbox 2459 3287 2576 3344; x_wconf 84' lang='lat' dir='ltr'><strong>fore</strong></span> <span class='ocrx_word' id='word_1_469' title='bbox 2598 3301 2792 3356; x_wconf 89' lang='lat' dir='ltr'><strong>nempe</strong></span> <span class='ocrx_word' id='word_1_470' title='bbox 2823 3284 3023 3341; x_wconf 86' lang='lat' dir='ltr'><strong>ferunt.</strong></span> 
     </span>
    </p>
   </div>
   <div class='ocr_carea' id='block_1_78' title="bbox 1822 3380 3184 3447">
    <p class='ocr_par' dir='ltr' id='par_1_78' title="bbox 1822 3380 3184 3447">
     <span class='ocr_line' id='line_1_78' title="bbox 1822 3380 3184 3447; baseline -0.006 -11"><span class='ocrx_word' id='word_1_471' title='bbox 1822 3381 1944 3447; x_wconf 87' lang='lat' dir='ltr'><strong>Eia,</strong></span> <span class='ocrx_word' id='word_1_472' title='bbox 1973 3381 2070 3446; x_wconf 90' lang='lat' dir='ltr'><strong>ait,</strong></span> <span class='ocrx_word' id='word_1_473' title='bbox 2093 3380 2364 3434; x_wconf 86' lang='lat' dir='ltr'><strong>instanter</strong></span> <span class='ocrx_word' id='word_1_474' title='bbox 2388 3381 2580 3434; x_wconf 89' lang='lat' dir='ltr'><strong>horam</strong></span> <span class='ocrx_word' id='word_1_475' title='bbox 2612 3387 2930 3447; x_wconf 88' lang='lat' dir='ltr'><strong>tempusque</strong></span> <span class='ocrx_word' id='word_1_476' title='bbox 2959 3383 3184 3431; x_wconf 88' lang='lat' dir='ltr'><strong>notate:</strong></span> 
     </span>
    </p>
   </div>
   <div class='ocr_carea' id='block_1_79' title="bbox 1893 3469 3108 3540">
    <p class='ocr_par' dir='ltr' id='par_1_79' title="bbox 1893 3469 3108 3540">
     <span class='ocr_line' id='line_1_79' title="bbox 1893 3469 3108 3540; baseline -0.004 -13"><span class='ocrx_word' id='word_1_477' title='bbox 1893 3473 2058 3528; x_wconf 89' lang='lat' dir='ltr'><strong>Forte</strong></span> <span class='ocrx_word' id='word_1_478' title='bbox 2089 3473 2226 3527; x_wconf 87' lang='lat' dir='ltr'><strong>feret</strong></span> <span class='ocrx_word' id='word_1_479' title='bbox 2248 3473 2402 3526; x_wconf 91' lang='lat' dir='ltr'><strong>nobis</strong></span> <span class='ocrx_word' id='word_1_480' title='bbox 2429 3473 2546 3526; x_wconf 79' lang='lat' dir='ltr'><strong>haec</strong></span> <span class='ocrx_word' id='word_1_481' title='bbox 2573 3486 2790 3540; x_wconf 90' lang='lat' dir='ltr'><strong>quoque</strong></span> <span class='ocrx_word' id='word_1_482' title='bbox 2825 3485 2914 3524; x_wconf 92' lang='lat' dir='ltr'><strong>res</strong></span> <span class='ocrx_word' id='word_1_483' title='bbox 2942 3469 3108 3524; x_wconf 87' lang='lat' dir='ltr'><strong>aliud.</strong></span> 
     </span>
    </p>
   </div>
   <div class='ocr_carea' id='block_1_80' title="bbox 1823 3561 3252 3633">
    <p class='ocr_par' dir='ltr' id='par_1_80' title="bbox 1823 3561 3252 3633">
     <span class='ocr_line' id='line_1_80' title="bbox 1823 3561 3252 3633; baseline -0.005 -14"><span class='ocrx_word' id='word_1_484' title='bbox 1823 3561 1996 3620; x_wconf 87' lang='lat' dir='ltr'><strong>Credo</strong></span> <span class='ocrx_word' id='word_1_485' title='bbox 2017 3561 2047 3603; x_wconf 70' lang='grc' dir='ltr'>ιι</span> <span class='ocrx_word' id='word_1_486' title='bbox 2068 3605 2082 3628; x_wconf 85' lang='grc'><em>,</em></span> <span class='ocrx_word' id='word_1_487' title='bbox 2117 3562 2217 3618; x_wconf 89' lang='lat' dir='ltr'><strong>fuit</strong></span> <span class='ocrx_word' id='word_1_488' title='bbox 2246 3572 2422 3627; x_wconf 83' lang='lat' dir='ltr'><strong>vates,</strong></span> <span class='ocrx_word' id='word_1_489' title='bbox 2455 3563 2757 3633; x_wconf 67' lang='lat' dir='ltr'><strong>prmsulque</strong></span> <span class='ocrx_word' id='word_1_490' title='bbox 2787 3562 2994 3616; x_wconf 90' lang='lat' dir='ltr'><strong>dicatus</strong></span> <span class='ocrx_word' id='word_1_491' title='bbox 3024 3561 3252 3625; x_wconf 90' lang='lat' dir='ltr'><strong>honore,</strong></span> 
     </span>
    </p>
   </div>
   <div class='ocr_carea' id='block_1_81' title="bbox 1897 3653 3400 3726">
    <p class='ocr_par' dir='ltr' id='par_1_81' title="bbox 1897 3653 3400 3726">
     <span class='ocr_line' id='line_1_81' title="bbox 1897 3653 3400 3726; baseline -0.001 -16"><span class='ocrx_word' id='word_1_492' title='bbox 1897 3656 2182 3725; x_wconf 87' lang='lat' dir='ltr'><strong>Angelicus</strong></span> <span class='ocrx_word' id='word_1_493' title='bbox 2225 3657 2434 3710; x_wconf 89' lang='lat' dir='ltr'><strong>revehit</strong></span> <span class='ocrx_word' id='word_1_494' title='bbox 2463 3670 2625 3726; x_wconf 86' lang='lat' dir='ltr'><strong>quem</strong></span> <span class='ocrx_word' id='word_1_495' title='bbox 2652 3667 2866 3724; x_wconf 89' lang='lat' dir='ltr'><strong>quoque</strong></span> <span class='ocrx_word' id='word_1_496' title='bbox 2893 3653 2946 3707; x_wconf 92' lang='lat' dir='ltr'><strong>in</strong></span> <span class='ocrx_word' id='word_1_497' title='bbox 2971 3653 3140 3708; x_wconf 69' lang='lat' dir='ltr'><strong>aethra</strong></span> <span class='ocrx_word' id='word_1_498' title='bbox 3176 3653 3400 3709; x_wconf 85' lang='lat' dir='ltr'><strong>chorus.</strong></span> 
     </span>
    </p>
   </div>
   <div class='ocr_carea' id='block_1_82' title="bbox 1825 3743 3194 3806">
    <p class='ocr_par' dir='ltr' id='par_1_82' title="bbox 1825 3743 3194 3806">
     <span class='ocr_line' id='line_1_82' title="bbox 1825 3743 3194 3806; baseline -0.004 -1"><span class='ocrx_word' id='word_1_499' title='bbox 1825 3747 1963 3805; x_wconf 84' lang='lat' dir='ltr'><strong>Mira</strong></span> <span class='ocrx_word' id='word_1_500' title='bbox 1989 3749 2120 3806; x_wconf 85' lang='lat' dir='ltr'><strong>fides</strong></span> <span class='ocrx_word' id='word_1_501' title='bbox 2141 3749 2356 3804; x_wconf 87' lang='lat' dir='ltr'><strong>rerum!</strong></span> <span class='ocrx_word' id='word_1_502' title='bbox 2391 3746 2712 3806; x_wconf 79' lang='lat' dir='ltr'><strong>Boriel‘acius</strong></span> <span class='ocrx_word' id='word_1_503' title='bbox 2743 3747 2760 3787; x_wconf 76' lang='grc' dir='ltr'><strong>ί</strong></span> <span class='ocrx_word' id='word_1_504' title='bbox 2799 3745 2974 3800; x_wconf 86' lang='lat' dir='ltr'><strong>almus</strong></span> <span class='ocrx_word' id='word_1_505' title='bbox 3012 3745 3066 3799; x_wconf 92' lang='lat' dir='ltr'><strong>in</strong></span> <span class='ocrx_word' id='word_1_506' title='bbox 3100 3743 3194 3800; x_wconf 93' lang='lat' dir='ltr'><strong>illo</strong></span> 
     </span>
    </p>
   </div>
   <div class='ocr_carea' id='block_1_83' title="bbox 1892 3837 3165 3912">
    <p class='ocr_par' dir='ltr' id='par_1_83' title="bbox 1892 3837 3165 3912">
     <span class='ocr_line' id='line_1_83' title="bbox 1892 3837 3165 3912; baseline -0.003 -17"><span class='ocrx_word' id='word_1_507' title='bbox 1892 3841 2162 3912; x_wconf 86' lang='lat' dir='ltr'><strong>Tempore</strong></span> <span class='ocrx_word' id='word_1_508' title='bbox 2188 3840 2440 3905; x_wconf 88' lang='lat' dir='ltr'><strong>decessit,</strong></span> <span class='ocrx_word' id='word_1_509' title='bbox 2483 3854 2644 3909; x_wconf 92' lang='lat' dir='ltr'><strong>quem</strong></span> <span class='ocrx_word' id='word_1_510' title='bbox 2675 3837 2844 3894; x_wconf 89' lang='lat' dir='ltr'><strong>Sacer</strong></span> <span class='ocrx_word' id='word_1_511' title='bbox 2869 3837 2961 3892; x_wconf 91' lang='lat' dir='ltr'><strong>ille</strong></span> <span class='ocrx_word' id='word_1_512' title='bbox 2997 3837 3165 3902; x_wconf 87' lang='lat' dir='ltr'><strong>videt,</strong></span> 
     </span>
    </p>
   </div>
   <div class='ocr_carea' id='block_1_84' title="bbox 1824 3928 3222 4002">
    <p class='ocr_par' dir='ltr' id='par_1_84' title="bbox 1824 3928 3222 4002">
     <span class='ocr_line' id='line_1_84' title="bbox 1824 3928 3222 4002; baseline -0.004 -12"><span class='ocrx_word' id='word_1_513' title='bbox 1824 3933 2023 3990; x_wconf 83' lang='lat' dir='ltr'><strong>Ferrea</strong></span> <span class='ocrx_word' id='word_1_514' title='bbox 2063 3933 2351 3990; x_wconf 85' lang='lat' dir='ltr'><strong>Frisonum</strong></span> <span class='ocrx_word' id='word_1_515' title='bbox 2381 3932 2586 3988; x_wconf 89' lang='lat' dir='ltr'><strong>Christi</strong></span> <span class='ocrx_word' id='word_1_516' title='bbox 2613 3933 2740 3987; x_wconf 93' lang='lat' dir='ltr'><strong>dum</strong></span> <span class='ocrx_word' id='word_1_517' title='bbox 2784 3932 3035 4002; x_wconf 88' lang='lat' dir='ltr'><strong>dogmate</strong></span> <span class='ocrx_word' id='word_1_518' title='bbox 3057 3928 3222 3984; x_wconf 87' lang='lat' dir='ltr'><strong>vellet</strong></span> 
     </span>
    </p>
   </div>
   <div class='ocr_carea' id='block_1_85' title="bbox 1892 4022 3273 4100">
    <p class='ocr_par' dir='ltr' id='par_1_85' title="bbox 1892 4022 3273 4100">
     <span class='ocr_line' id='line_1_85' title="bbox 1892 4022 3273 4100; baseline -0.007 -17"><span class='ocrx_word' id='word_1_519' title='bbox 1892 4029 2166 4100; x_wconf 83' lang='lat' dir='ltr'><strong>Frangere</strong></span> <span class='ocrx_word' id='word_1_520' title='bbox 2205 4027 2392 4092; x_wconf 90' lang='lat' dir='ltr'><strong>corda,</strong></span> <span class='ocrx_word' id='word_1_521' title='bbox 2427 4027 2574 4081; x_wconf 89' lang='lat' dir='ltr'><strong>viam</strong></span> <span class='ocrx_word' id='word_1_522' title='bbox 2599 4026 2669 4081; x_wconf 89' lang='lat' dir='ltr'><strong>ad</strong></span> <span class='ocrx_word' id='word_1_523' title='bbox 2693 4023 2881 4080; x_wconf 86' lang='lat' dir='ltr'><strong>coelica</strong></span> <span class='ocrx_word' id='word_1_524' title='bbox 2925 4037 3089 4094; x_wconf 89' lang='lat' dir='ltr'><strong>regna</strong></span> <span class='ocrx_word' id='word_1_525' title='bbox 3122 4022 3273 4077; x_wconf 89' lang='lat' dir='ltr'><strong>dare.</strong></span> 
     </span>
    </p>
   </div>
   <div class='ocr_carea' id='block_1_86' title="bbox 1821 4109 3422 4186">
    <p class='ocr_par' dir='ltr' id='par_1_86' title="bbox 1821 4109 3422 4186">
     <span class='ocr_line' id='line_1_86' title="bbox 1821 4109 3422 4186; baseline -0.007 -11"><span class='ocrx_word' id='word_1_526' title='bbox 1821 4119 2065 4176; x_wconf 79' lang='lat' dir='ltr'><strong>Morbida</strong></span> <span class='ocrx_word' id='word_1_527' title='bbox 2111 4120 2250 4174; x_wconf 86' lang='lat' dir='ltr'><strong>heul</strong></span> <span class='ocrx_word' id='word_1_528' title='bbox 2301 4118 2572 4174; x_wconf 83' lang='lat' dir='ltr'><strong>medicum</strong></span> <span class='ocrx_word' id='word_1_529' title='bbox 2638 4129 2764 4172; x_wconf 76' lang='lat' dir='ltr'><strong>mox</strong></span> <span class='ocrx_word' id='word_1_530' title='bbox 2828 4127 2962 4186; x_wconf 70' lang='lat' dir='ltr'><strong>gens</strong></span> <span class='ocrx_word' id='word_1_531' title='bbox 3005 4112 3269 4167; x_wconf 78' lang='lat' dir='ltr'><strong>exstinxit</strong></span> <span class='ocrx_word' id='word_1_532' title='bbox 3305 4109 3422 4181; x_wconf 84' lang='lat' dir='ltr'><strong>opi-</strong></span> 
     </span>
    </p>
   </div>
   <div class='ocr_carea' id='block_1_87' title="bbox 3124 4204 3312 4278">
    <p class='ocr_par' dir='ltr' id='par_1_87' title="bbox 3124 4204 3312 4278">
     <span class='ocr_line' id='line_1_87' title="bbox 3124 4204 3312 4278; baseline 0.011 -20"><span class='ocrx_word' id='word_1_533' title='bbox 3124 4204 3148 4278; x_wconf 89' lang='lat'>[</span> <span class='ocrx_word' id='word_1_534' title='bbox 3161 4219 3312 4260; x_wconf 78' lang='lat' dir='ltr'><strong>mum</strong></span> 
     </span>
    </p>
   </div>
   <div class='ocr_carea' id='block_1_88' title="bbox 1893 4298 3024 4374">
    <p class='ocr_par' dir='ltr' id='par_1_88' title="bbox 1893 4298 3024 4374">
     <span class='ocr_line' id='line_1_88' title="bbox 1893 4298 3024 4374; baseline -0.004 -16"><span class='ocrx_word' id='word_1_535' title='bbox 1893 4305 2128 4359; x_wconf 81' lang='lat' dir='ltr'><strong>Vulnere</strong></span> <span class='ocrx_word' id='word_1_536' title='bbox 2158 4303 2354 4374; x_wconf 87' lang='lat' dir='ltr'><strong>quippe</strong></span> <span class='ocrx_word' id='word_1_537' title='bbox 2380 4315 2674 4372; x_wconf 31' lang='lat' dir='ltr'><strong>suolregna</strong></span> <span class='ocrx_word' id='word_1_538' title='bbox 2711 4298 2926 4371; x_wconf 86' lang='lat' dir='ltr'><strong>paravit</strong></span> <span class='ocrx_word' id='word_1_539' title='bbox 2952 4298 3024 4355; x_wconf 87' lang='lat' dir='ltr'><strong>el.</strong></span> 
     </span>
    </p>
   </div>
   <div class='ocr_carea' id='block_1_89' title="bbox 1822 4386 3336 4468">
    <p class='ocr_par' dir='ltr' id='par_1_89' title="bbox 1822 4386 3336 4468">
     <span class='ocr_line' id='line_1_89' title="bbox 1822 4386 3336 4468; baseline -0.006 -16"><span class='ocrx_word' id='word_1_540' title='bbox 1822 4396 1920 4452; x_wconf 84' lang='lat' dir='ltr'><strong>Hic</strong></span> <span class='ocrx_word' id='word_1_541' title='bbox 1949 4390 2248 4468; x_wconf 84' lang='lat' dir='ltr'><strong>properans</strong></span> <span class='ocrx_word' id='word_1_542' title='bbox 2287 4395 2479 4459; x_wconf 65' lang='lat' dir='ltr'><strong>caelos,</strong></span> <span class='ocrx_word' id='word_1_543' title='bbox 2525 4392 2673 4449; x_wconf 91' lang='lat' dir='ltr'><strong>socio</strong></span> <span class='ocrx_word' id='word_1_544' title='bbox 2703 4391 2998 4448; x_wconf 87' lang='lat' dir='ltr'><strong>comitante</strong></span> <span class='ocrx_word' id='word_1_545' title='bbox 3027 4387 3258 4462; x_wconf 82' lang='lat' dir='ltr'><strong>gemello</strong></span> <span class='ocrx_word' id='word_1_546' title='bbox 3287 4386 3302 4438; x_wconf 77' lang='lat' dir='ltr'><strong>l</strong></span> <span class='ocrx_word' id='word_1_547' title='bbox 3319 4428 3336 4458; x_wconf 89' lang='lat'><strong>,</strong></span> 
     </span>
    </p>
   </div>
   <div class='ocr_carea' id='block_1_90' title="bbox 1821 4513 3415 4604">
    <p class='ocr_par' dir='ltr' id='par_1_90' title="bbox 1821 4513 3415 4604">
     <span class='ocr_line' id='line_1_90' title="bbox 1821 4513 3415 4604; baseline -0.004 -15"><span class='ocrx_word' id='word_1_548' title='bbox 1821 4540 1906 4589; x_wconf 87' lang='lat' dir='ltr'><strong>est</strong></span> <span class='ocrx_word' id='word_1_549' title='bbox 1945 4513 2208 4604; x_wconf 80' lang='lat' dir='ltr'><strong>glossema</strong></span> <span class='ocrx_word' id='word_1_550' title='bbox 2239 4531 2588 4588; x_wconf 87' lang='lat' dir='ltr'><strong>Theotiscum</strong></span> <span class='ocrx_word' id='word_1_551' title='bbox 2624 4527 2797 4604; x_wconf 75' lang='lat' dir='ltr'><strong>Heimi</strong></span> <span class='ocrx_word' id='word_1_552' title='bbox 2847 4524 3161 4604; x_wconf 64' lang='lat' dir='ltr'><strong>Kizagener.</strong></span> <span class='ocrx_word' id='word_1_553' title='bbox 3206 4523 3415 4582; x_wconf 79' lang='lat' dir='ltr'><strong>Sensus</strong></span> 
     </span>
    </p>
   </div>
   <div class='ocr_carea' id='block_1_91' title="bbox 208 4592 3410 4672">
    <p class='ocr_par' dir='ltr' id='par_1_91' title="bbox 208 4592 3410 4672">
     <span class='ocr_line' id='line_1_91' title="bbox 208 4592 3410 4672; baseline -0.004 -5"><span class='ocrx_word' id='word_1_554' title='bbox 208 4592 233 4632; x_wconf 61' lang='grc' dir='ltr'>δ</span> <span class='ocrx_word' id='word_1_555' title='bbox 259 4593 434 4672; x_wconf 73' lang='grc' dir='ltr'><strong>Νιψεν</strong></span> <span class='ocrx_word' id='word_1_556' title='bbox 459 4600 638 4672; x_wconf 62' lang='lat' dir='ltr'><strong>ctiam</strong></span> <span class='ocrx_word' id='word_1_557' title='bbox 657 4600 990 4672; x_wconf 11' lang='lat' dir='ltr'><strong>(legor-gallis</strong></span> <span class='ocrx_word' id='word_1_558' title='bbox 1025 4592 1266 4672; x_wconf 63' lang='lat' dir='ltr'><strong>dixerat,</strong></span> <span class='ocrx_word' id='word_1_559' title='bbox 1293 4614 1413 4671; x_wconf 65' lang='lat' dir='ltr'><strong>qua!</strong></span> <span class='ocrx_word' id='word_1_560' title='bbox 1447 4615 1718 4672; x_wconf 60' lang='lat' dir='ltr'><strong>nuncnum</strong></span> <span class='ocrx_word' id='word_1_561' title='bbox 1742 4607 1796 4668; x_wconf 90' lang='lat' dir='ltr'><strong>D</strong></span> <span class='ocrx_word' id='word_1_562' title='bbox 1821 4615 1906 4660; x_wconf 89' lang='lat' dir='ltr'><strong>est</strong></span> <span class='ocrx_word' id='word_1_563' title='bbox 1925 4592 2085 4671; x_wconf 57' lang='lat' dir='ltr'><strong>:Uuis</strong></span> <span class='ocrx_word' id='word_1_564' title='bbox 2103 4613 2211 4658; x_wconf 88' lang='lat' dir='ltr'><strong>tam</strong></span> <span class='ocrx_word' id='word_1_565' title='bbox 2242 4605 2464 4659; x_wconf 90' lang='lat' dir='ltr'><strong>demens</strong></span> <span class='ocrx_word' id='word_1_566' title='bbox 2493 4609 2576 4656; x_wconf 91' lang='lat' dir='ltr'><strong>est</strong></span> <span class='ocrx_word' id='word_1_567' title='bbox 2596 4611 2759 4672; x_wconf 88' lang='lat' dir='ltr'><strong>atque</strong></span> <span class='ocrx_word' id='word_1_568' title='bbox 2782 4592 3049 4664; x_wconf 77' lang='lat' dir='ltr'><strong>indoctus,</strong></span> <span class='ocrx_word' id='word_1_569' title='bbox 3073 4596 3410 4669; x_wconf 81' lang='lat' dir='ltr'><strong>quicorpora</strong></span> 
     </span>
    </p>
   </div>
   <div class='ocr_carea' id='block_1_92' title="bbox 149 4659 1720 4741">
    <p class='ocr_par' dir='ltr' id='par_1_92' title="bbox 149 4659 1720 4741">
     <span class='ocr_line' id='line_1_92' title="bbox 149 4659 1720 4741; baseline 0.004 -21"><span class='ocrx_word' id='word_1_570' title='bbox 149 4659 358 4741; x_wconf 61' lang='lat' dir='ltr'><strong>Francia</strong></span> <span class='ocrx_word' id='word_1_571' title='bbox 396 4671 584 4741; x_wconf 73' lang='lat' dir='ltr'><strong>crevit.</strong></span> <span class='ocrx_word' id='word_1_572' title='bbox 636 4670 773 4736; x_wconf 80' lang='lat' dir='ltr'><strong>Quid</strong></span> <span class='ocrx_word' id='word_1_573' title='bbox 827 4659 958 4741; x_wconf 64' lang='lat' dir='ltr'><strong>ergo</strong></span> <span class='ocrx_word' id='word_1_574' title='bbox 991 4671 1092 4725; x_wconf 68' lang='lat' dir='ltr'><strong>sibi</strong></span> <span class='ocrx_word' id='word_1_575' title='bbox 1141 4661 1259 4725; x_wconf 79' lang='lat' dir='ltr'><strong>vult</strong></span> <span class='ocrx_word' id='word_1_576' title='bbox 1305 4659 1408 4726; x_wconf 82' lang='lat' dir='ltr'><strong>hac</strong></span> <span class='ocrx_word' id='word_1_577' title='bbox 1454 4659 1585 4727; x_wconf 75' lang='lat' dir='ltr'><strong>voce</strong></span> <span class='ocrx_word' id='word_1_578' title='bbox 1621 4671 1720 4726; x_wconf 86' lang='lat' dir='ltr'><strong>Er-</strong></span> 
     </span>
    </p>
   </div>
   <div class='ocr_carea' id='block_1_93' title="bbox 148 4737 1720 4807">
    <p class='ocr_par' dir='ltr' id='par_1_93' title="bbox 148 4737 1720 4807">
     <span class='ocr_line' id='line_1_93' title="bbox 148 4737 1720 4807; baseline 0.007 -20"><span class='ocrx_word' id='word_1_579' title='bbox 148 4737 372 4807; x_wconf 81' lang='lat' dir='ltr'><strong>moldus?</strong></span> <span class='ocrx_word' id='word_1_580' title='bbox 415 4740 534 4796; x_wconf 79' lang='lat' dir='ltr'><strong>Pro</strong></span> <span class='ocrx_word' id='word_1_581' title='bbox 576 4741 706 4795; x_wconf 77' lang='lat' dir='ltr'><strong>vidit</strong></span> <span class='ocrx_word' id='word_1_582' title='bbox 758 4742 846 4796; x_wconf 88' lang='lat' dir='ltr'><strong>ille</strong></span> <span class='ocrx_word' id='word_1_583' title='bbox 895 4737 1032 4796; x_wconf 75' lang='lat' dir='ltr'><strong>usus</strong></span> <span class='ocrx_word' id='word_1_584' title='bbox 1075 4753 1159 4797; x_wconf 89' lang='lat' dir='ltr'><strong>est</strong></span> <span class='ocrx_word' id='word_1_585' title='bbox 1213 4757 1344 4797; x_wconf 86' lang='lat' dir='ltr'><strong>voce</strong></span> <span class='ocrx_word' id='word_1_586' title='bbox 1381 4744 1572 4807; x_wconf 77' lang='lat' dir='ltr'><strong>crevit,</strong></span> <span class='ocrx_word' id='word_1_587' title='bbox 1627 4743 1720 4798; x_wconf 88' lang='lat' dir='ltr'><strong>de-</strong></span> 
     </span>
    </p>
   </div>
   <div class='ocr_carea' id='block_1_94' title="bbox 150 4803 1716 4882">
    <p class='ocr_par' dir='ltr' id='par_1_94' title="bbox 150 4803 1716 4882">
     <span class='ocr_line' id='line_1_94' title="bbox 150 4803 1716 4882; baseline 0.007 -23"><span class='ocrx_word' id='word_1_588' title='bbox 150 4803 288 4882; x_wconf 77' lang='lat' dir='ltr'><strong>durta</strong></span> <span class='ocrx_word' id='word_1_589' title='bbox 328 4826 531 4882; x_wconf 78' lang='lat' dir='ltr'><strong>nempe</strong></span> <span class='ocrx_word' id='word_1_590' title='bbox 556 4828 585 4865; x_wconf 67' lang='grc' dir='ltr'><em>ε</em></span> <span class='ocrx_word' id='word_1_591' title='bbox 612 4829 766 4866; x_wconf 84' lang='lat' dir='ltr'><strong>cerno</strong></span> <span class='ocrx_word' id='word_1_592' title='bbox 805 4831 822 4868; x_wconf 93' lang='lat'><em>:</em></span> <span class='ocrx_word' id='word_1_593' title='bbox 853 4813 1014 4881; x_wconf 89' lang='lat' dir='ltr'><strong>idque</strong></span> <span class='ocrx_word' id='word_1_594' title='bbox 1059 4813 1320 4869; x_wconf 86' lang='lat' dir='ltr'><strong>Prisciani</strong></span> <span class='ocrx_word' id='word_1_595' title='bbox 1369 4803 1716 4882; x_wconf 86' lang='lat' dir='ltr'><strong>auctoritate,</strong></span> 
     </span>
    </p>
   </div>
   <div class='ocr_carea' id='block_1_95' title="bbox 151 4879 1719 4952">
    <p class='ocr_par' dir='ltr' id='par_1_95' title="bbox 151 4879 1719 4952">
     <span class='ocr_line' id='line_1_95' title="bbox 151 4879 1719 4952; baseline 0.005 -21"><span class='ocrx_word' id='word_1_596' title='bbox 151 4879 273 4944; x_wconf 79' lang='lat' dir='ltr'><strong>apud</strong></span> <span class='ocrx_word' id='word_1_597' title='bbox 317 4879 476 4952; x_wconf 81' lang='lat' dir='ltr'><strong>quem</strong></span> <span class='ocrx_word' id='word_1_598' title='bbox 515 4883 676 4938; x_wconf 91' lang='lat' dir='ltr'><strong>verba</strong></span> <span class='ocrx_word' id='word_1_599' title='bbox 722 4879 948 4938; x_wconf 82' lang='lat' dir='ltr'><strong>Titinnii</strong></span> <span class='ocrx_word' id='word_1_600' title='bbox 987 4887 1040 4939; x_wconf 91' lang='lat' dir='ltr'><strong>in</strong></span> <span class='ocrx_word' id='word_1_601' title='bbox 1091 4884 1336 4939; x_wconf 67' lang='lat' dir='ltr'><strong>Geminis</strong></span> <span class='ocrx_word' id='word_1_602' title='bbox 1377 4901 1390 4937; x_wconf 89' lang='lat'>:</span> <span class='ocrx_word' id='word_1_603' title='bbox 1435 4883 1606 4938; x_wconf 83' lang='lat' dir='ltr'><strong>Simul</strong></span> <span class='ocrx_word' id='word_1_604' title='bbox 1662 4879 1719 4939; x_wconf 74' lang='lat' dir='ltr'><strong>ut</strong></span> 
     </span>
    </p>
   </div>
   <div class='ocr_carea' id='block_1_96' title="bbox 149 4955 1719 5026">
    <p class='ocr_par' dir='ltr' id='par_1_96' title="bbox 149 4955 1719 5026">
     <span class='ocr_line' id='line_1_96' title="bbox 149 4955 1719 5026; baseline 0.008 -27"><span class='ocrx_word' id='word_1_605' title='bbox 149 4961 318 5012; x_wconf 72' lang='lat' dir='ltr'><strong>pueras</strong></span> <span class='ocrx_word' id='word_1_606' title='bbox 365 4955 459 5009; x_wconf 69' lang='lat' dir='ltr'><strong>hac</strong></span> <span class='ocrx_word' id='word_1_607' title='bbox 501 4965 655 5008; x_wconf 82' lang='lat' dir='ltr'><strong>noctu</strong></span> <span class='ocrx_word' id='word_1_608' title='bbox 684 4955 950 5026; x_wconf 72' lang='lat' dir='ltr'><strong>smpirarc</strong></span> <span class='ocrx_word' id='word_1_609' title='bbox 996 4956 1131 5009; x_wconf 79' lang='lat' dir='ltr'><strong>crevi</strong></span> <span class='ocrx_word' id='word_1_610' title='bbox 1164 4969 1182 5006; x_wconf 93' lang='lat'><strong><em>:</em></strong></span> <span class='ocrx_word' id='word_1_611' title='bbox 1219 4956 1272 5010; x_wconf 87' lang='lat' dir='ltr'><strong>id</strong></span> <span class='ocrx_word' id='word_1_612' title='bbox 1319 4964 1403 5010; x_wconf 88' lang='lat' dir='ltr'><strong>est</strong></span> <span class='ocrx_word' id='word_1_613' title='bbox 1437 4955 1562 5008; x_wconf 82' lang='lat' dir='ltr'><strong>vidi.</strong></span> <span class='ocrx_word' id='word_1_614' title='bbox 1612 4955 1719 5010; x_wconf 88' lang='lat' dir='ltr'><strong>Sed</strong></span> 
     </span>
    </p>
   </div>
   <div class='ocr_carea' id='block_1_97' title="bbox 151 5025 1722 5089">
    <p class='ocr_par' dir='ltr' id='par_1_97' title="bbox 151 5025 1722 5089">
     <span class='ocr_line' id='line_1_97' title="bbox 151 5025 1722 5089; baseline 0.009 -22"><span class='ocrx_word' id='word_1_615' title='bbox 151 5030 331 5087; x_wconf 82' lang='lat' dir='ltr'><strong>organa</strong></span> <span class='ocrx_word' id='word_1_616' title='bbox 372 5036 511 5080; x_wconf 83' lang='lat' dir='ltr'><strong>ante</strong></span> <span class='ocrx_word' id='word_1_617' title='bbox 550 5025 879 5080; x_wconf 85' lang='lat' dir='ltr'><strong>Lndovieum</strong></span> <span class='ocrx_word' id='word_1_618' title='bbox 915 5025 1072 5089; x_wconf 88' lang='lat' dir='ltr'><strong>Pium</strong></span> <span class='ocrx_word' id='word_1_619' title='bbox 1109 5025 1336 5081; x_wconf 86' lang='lat' dir='ltr'><strong>Francis</strong></span> <span class='ocrx_word' id='word_1_620' title='bbox 1375 5027 1597 5080; x_wconf 91' lang='lat' dir='ltr'><strong>omnino</strong></span> <span class='ocrx_word' id='word_1_621' title='bbox 1639 5027 1722 5080; x_wconf 88' lang='lat' dir='ltr'><strong>in-</strong></span> 
     </span>
    </p>
   </div>
   <div class='ocr_carea' id='block_1_98' title="bbox 152 5093 1720 5169">
    <p class='ocr_par' dir='ltr' id='par_1_98' title="bbox 152 5093 1720 5169">
     <span class='ocr_line' id='line_1_98' title="bbox 152 5093 1720 5169; baseline 0.008 -28"><span class='ocrx_word' id='word_1_622' title='bbox 152 5093 344 5169; x_wconf 76' lang='lat' dir='ltr'><strong>cognita</strong></span> <span class='ocrx_word' id='word_1_623' title='bbox 384 5095 581 5162; x_wconf 75' lang='lat' dir='ltr'><strong>fuisse,</strong></span> <span class='ocrx_word' id='word_1_624' title='bbox 599 5095 712 5164; x_wconf 88' lang='lat' dir='ltr'><strong>jam</strong></span> <span class='ocrx_word' id='word_1_625' title='bbox 741 5113 904 5168; x_wconf 86' lang='lat' dir='ltr'><strong>supra</strong></span> <span class='ocrx_word' id='word_1_626' title='bbox 935 5098 1168 5154; x_wconf 86' lang='lat' dir='ltr'><strong>vidimus</strong></span> <span class='ocrx_word' id='word_1_627' title='bbox 1197 5114 1322 5154; x_wconf 91' lang='lat' dir='ltr'><strong>cum</strong></span> <span class='ocrx_word' id='word_1_628' title='bbox 1351 5098 1581 5153; x_wconf 85' lang='lat' dir='ltr'><strong>veritate</strong></span> <span class='ocrx_word' id='word_1_629' title='bbox 1613 5098 1720 5153; x_wconf 91' lang='lat' dir='ltr'><strong>mi-</strong></span> 
     </span>
    </p>
   </div>
   <div class='ocr_carea' id='block_1_99' title="bbox 153 5170 650 5222">
    <p class='ocr_par' dir='ltr' id='par_1_99' title="bbox 153 5170 650 5222">
     <span class='ocr_line' id='line_1_99' title="bbox 153 5170 650 5222; baseline 0.024 -12"><span class='ocrx_word' id='word_1_630' title='bbox 153 5171 284 5217; x_wconf 89' lang='lat' dir='ltr'><strong>nune</strong></span> <span class='ocrx_word' id='word_1_631' title='bbox 315 5170 650 5222; x_wconf 78' lang='lat' dir='ltr'><strong>consentire.</strong></span> 
     </span>
    </p>
   </div>
   <div class='ocr_carea' id='block_1_100' title="bbox 218 5254 1722 5335">
    <p class='ocr_par' dir='ltr' id='par_1_100' title="bbox 218 5254 1722 5335">
     <span class='ocr_line' id='line_1_100' title="bbox 218 5254 1722 5335; baseline 0.005 -25"><span class='ocrx_word' id='word_1_632' title='bbox 218 5264 236 5291; x_wconf 73' lang='grc' dir='ltr'>ε</span> <span class='ocrx_word' id='word_1_633' title='bbox 261 5254 446 5335; x_wconf 79' lang='lat' dir='ltr'><strong>Potius</strong></span> <span class='ocrx_word' id='word_1_634' title='bbox 463 5261 724 5317; x_wconf 79' lang='lat' dir='ltr'><strong>servabat.</strong></span> <span class='ocrx_word' id='word_1_635' title='bbox 750 5260 903 5330; x_wconf 86' lang='lat' dir='ltr'><strong>Quod</strong></span> <span class='ocrx_word' id='word_1_636' title='bbox 915 5262 1174 5335; x_wconf 86' lang='lat' dir='ltr'><strong>_sequitur</strong></span> <span class='ocrx_word' id='word_1_637' title='bbox 1197 5263 1428 5334; x_wconf 84' lang='lat' dir='ltr'><strong>signum,</strong></span> <span class='ocrx_word' id='word_1_638' title='bbox 1457 5270 1518 5318; x_wconf 91' lang='lat' dir='ltr'><strong>ut</strong></span> <span class='ocrx_word' id='word_1_639' title='bbox 1557 5278 1722 5335; x_wconf 87' lang='lat' dir='ltr'><strong>supra</strong></span> 
     </span>
    </p>
   </div>
   <div class='ocr_carea' id='block_1_101' title="bbox 159 5331 1046 5405">
    <p class='ocr_par' dir='ltr' id='par_1_101' title="bbox 159 5331 1046 5405">
     <span class='ocr_line' id='line_1_101' title="bbox 159 5331 1046 5405; baseline 0.008 -25"><span class='ocrx_word' id='word_1_640' title='bbox 159 5331 354 5405; x_wconf 65' lang='lat' dir='ltr'><strong>monui,</strong></span> <span class='ocrx_word' id='word_1_641' title='bbox 400 5348 720 5405; x_wconf 85' lang='lat' dir='ltr'><strong>campanam</strong></span> <span class='ocrx_word' id='word_1_642' title='bbox 762 5331 1046 5404; x_wconf 80' lang='lat' dir='ltr'><strong>significat.</strong></span> 
     </span>
    </p>
   </div>
   <div class='ocr_carea' id='block_1_102' title="bbox 218 5398 1293 5474">
    <p class='ocr_par' dir='ltr' id='par_1_102' title="bbox 218 5398 1293 5474">
     <span class='ocr_line' id='line_1_102' title="bbox 218 5398 1293 5474; baseline 0.006 -22"><span class='ocrx_word' id='word_1_643' title='bbox 218 5398 241 5435; x_wconf 74' lang='grc' dir='ltr'>ά</span> <span class='ocrx_word' id='word_1_644' title='bbox 268 5398 361 5457; x_wconf 88' lang='lat' dir='ltr'><strong>llic</strong></span> <span class='ocrx_word' id='word_1_645' title='bbox 392 5420 490 5474; x_wconf 92' lang='lat' dir='ltr'><strong>pro</strong></span> <span class='ocrx_word' id='word_1_646' title='bbox 523 5398 787 5459; x_wconf 61' lang='lat' dir='ltr'><strong>&#39;altaribus</strong></span> <span class='ocrx_word' id='word_1_647' title='bbox 813 5398 1124 5473; x_wconf 74' lang='lat' dir='ltr'><strong>accipienda</strong></span> <span class='ocrx_word' id='word_1_648' title='bbox 1150 5411 1293 5459; x_wconf 90' lang='lat' dir='ltr'><strong>sunt.</strong></span> 
     </span>
    </p>
   </div>
   <div class='ocr_carea' id='block_1_103' title="bbox 224 5492 1720 5568">
    <p class='ocr_par' dir='ltr' id='par_1_103' title="bbox 224 5492 1720 5568">
     <span class='ocr_line' id='line_1_103' title="bbox 224 5492 1720 5568; baseline 0.003 -21"><span class='ocrx_word' id='word_1_649' title='bbox 224 5502 243 5528; x_wconf 70' lang='grc' dir='ltr'><strong>ε</strong></span> <span class='ocrx_word' id='word_1_650' title='bbox 275 5492 348 5568; x_wconf 76' lang='lat' dir='ltr'><strong>Ita</strong></span> <span class='ocrx_word' id='word_1_651' title='bbox 393 5498 446 5551; x_wconf 90' lang='lat' dir='ltr'><strong>in</strong></span> <span class='ocrx_word' id='word_1_652' title='bbox 501 5515 604 5552; x_wconf 91' lang='lat' dir='ltr'><strong>ms.</strong></span> <span class='ocrx_word' id='word_1_653' title='bbox 636 5498 902 5553; x_wconf 67' lang='lat' dir='ltr'><strong>Cmsareo.</strong></span> <span class='ocrx_word' id='word_1_654' title='bbox 945 5498 1052 5552; x_wconf 92' lang='lat' dir='ltr'><strong>Pro</strong></span> <span class='ocrx_word' id='word_1_655' title='bbox 1083 5498 1314 5568; x_wconf 81' lang='lat' dir='ltr'><strong>unguine</strong></span> <span class='ocrx_word' id='word_1_656' title='bbox 1345 5495 1589 5558; x_wconf 82' lang='lat' dir='ltr'><strong>forsitan,</strong></span> <span class='ocrx_word' id='word_1_657' title='bbox 1626 5513 1720 5552; x_wconf 91' lang='lat' dir='ltr'><strong>seu</strong></span> 
     </span>
    </p>
   </div>
   <div class='ocr_carea' id='block_1_104' title="bbox 161 5558 1715 5640">
    <p class='ocr_par' dir='ltr' id='par_1_104' title="bbox 161 5558 1715 5640">
     <span class='ocr_line' id='line_1_104' title="bbox 161 5558 1715 5640; baseline 0.003 -22"><span class='ocrx_word' id='word_1_658' title='bbox 161 5558 266 5640; x_wconf 65' lang='lat' dir='ltr'><strong>Qleo</strong></span> <span class='ocrx_word' id='word_1_659' title='bbox 295 5565 578 5640; x_wconf 80' lang='lat' dir='ltr'><strong>benedicto</strong></span> <span class='ocrx_word' id='word_1_660' title='bbox 603 5586 669 5625; x_wconf 76' lang='lat' dir='ltr'><strong>ex</strong></span> <span class='ocrx_word' id='word_1_661' title='bbox 699 5571 920 5640; x_wconf 86' lang='lat' dir='ltr'><strong>lipsanis</strong></span> <span class='ocrx_word' id='word_1_662' title='bbox 959 5570 1132 5624; x_wconf 86' lang='lat' dir='ltr'><strong>sancti</strong></span> <span class='ocrx_word' id='word_1_663' title='bbox 1159 5558 1412 5622; x_wconf 55' lang='lat' dir='ltr'><strong>joannis.</strong></span> <span class='ocrx_word' id='word_1_664' title='bbox 1447 5567 1544 5623; x_wconf 88' lang='lat' dir='ltr'><strong>Hic</strong></span> <span class='ocrx_word' id='word_1_665' title='bbox 1571 5569 1715 5624; x_wconf 88' lang='lat' dir='ltr'><strong>enim</strong></span> 
     </span>
    </p>
   </div>
   <div class='ocr_carea' id='block_1_105' title="bbox 162 5629 1720 5710">
    <p class='ocr_par' dir='ltr' id='par_1_105' title="bbox 162 5629 1720 5710">
     <span class='ocr_line' id='line_1_105' title="bbox 162 5629 1720 5710; baseline 0.004 -21"><span class='ocrx_word' id='word_1_666' title='bbox 162 5629 219 5685; x_wconf 79' lang='lat' dir='ltr'><strong>de</strong></span> <span class='ocrx_word' id='word_1_667' title='bbox 255 5638 488 5708; x_wconf 86' lang='lat' dir='ltr'><strong>reliquiis</strong></span> <span class='ocrx_word' id='word_1_668' title='bbox 533 5629 846 5698; x_wconf 71' lang='lat' dir='ltr'><strong>sanctorum</strong></span> <span class='ocrx_word' id='word_1_669' title='bbox 877 5642 945 5694; x_wconf 89' lang='lat' dir='ltr'><strong>ibi</strong></span> <span class='ocrx_word' id='word_1_670' title='bbox 978 5640 1268 5694; x_wconf 85' lang='lat' dir='ltr'><strong>asservatis</strong></span> <span class='ocrx_word' id='word_1_671' title='bbox 1298 5641 1494 5710; x_wconf 87' lang='lat' dir='ltr'><strong>agitur,</strong></span> <span class='ocrx_word' id='word_1_672' title='bbox 1538 5649 1598 5694; x_wconf 87' lang='lat' dir='ltr'><strong>ut</strong></span> <span class='ocrx_word' id='word_1_673' title='bbox 1636 5656 1720 5696; x_wconf 88' lang='lat' dir='ltr'><strong>se-</strong></span> 
     </span>
    </p>
   </div>
   <div class='ocr_carea' id='block_1_106' title="bbox 162 5711 1716 5782">
    <p class='ocr_par' dir='ltr' id='par_1_106' title="bbox 162 5711 1716 5782">
     <span class='ocr_line' id='line_1_106' title="bbox 162 5711 1716 5782; baseline 0.004 -20"><span class='ocrx_word' id='word_1_674' title='bbox 162 5711 360 5782; x_wconf 63' lang='lat' dir='ltr'><strong>gftentia</strong></span> <span class='ocrx_word' id='word_1_675' title='bbox 391 5715 643 5782; x_wconf 71' lang='lat' dir='ltr'><strong>produnt,</strong></span> <span class='ocrx_word' id='word_1_676' title='bbox 684 5713 1062 5782; x_wconf 87' lang='lat' dir='ltr'><strong>proditumque</strong></span> <span class='ocrx_word' id='word_1_677' title='bbox 1097 5712 1262 5766; x_wconf 87' lang='lat' dir='ltr'><strong>etiam</strong></span> <span class='ocrx_word' id='word_1_678' title='bbox 1290 5720 1374 5766; x_wconf 84' lang='lat' dir='ltr'><strong>est</strong></span> <span class='ocrx_word' id='word_1_679' title='bbox 1403 5727 1562 5780; x_wconf 89' lang='lat' dir='ltr'><strong>supra</strong></span> <span class='ocrx_word' id='word_1_680' title='bbox 1592 5728 1716 5767; x_wconf 88' lang='lat' dir='ltr'><strong>ver-</strong></span> 
     </span>
    </p>
   </div>
   <div class='ocr_carea' id='block_1_107' title="bbox 160 5768 1053 5850">
    <p class='ocr_par' dir='ltr' id='par_1_107' title="bbox 160 5768 1053 5850">
     <span class='ocr_line' id='line_1_107' title="bbox 160 5768 1053 5850; baseline 0.012 -25"><span class='ocrx_word' id='word_1_681' title='bbox 160 5768 570 5850; x_wconf 52' lang='lat' dir='ltr'><strong>bis_illis,&#39;Pauli</strong></span> <span class='ocrx_word' id='word_1_682' title='bbox 593 5768 804 5838; x_wconf 58' lang='lat' dir='ltr'><strong>munere</strong></span> <span class='ocrx_word' id='word_1_683' title='bbox 843 5768 1053 5850; x_wconf 62' lang='lat' dir='ltr'><strong>gaudet.</strong></span> 
     </span>
    </p>
   </div>
   <div class='ocr_carea' id='block_1_108' title="bbox 1825 4673 2629 4744">
    <p class='ocr_par' dir='ltr' id='par_1_108' title="bbox 1825 4673 2629 4744">
     <span class='ocr_line' id='line_1_108' title="bbox 1825 4673 2629 4744; baseline -0.009 -11"><span class='ocrx_word' id='word_1_684' title='bbox 1825 4687 2136 4733; x_wconf 81' lang='lat' dir='ltr'><strong>sanctorum</strong></span> <span class='ocrx_word' id='word_1_685' title='bbox 2169 4674 2392 4730; x_wconf 85' lang='lat' dir='ltr'><strong>colenda</strong></span> <span class='ocrx_word' id='word_1_686' title='bbox 2442 4673 2629 4744; x_wconf 86' lang='lat' dir='ltr'><strong>neget?</strong></span> 
     </span>
    </p>
   </div>
   <div class='ocr_carea' id='block_1_109' title="bbox 1899 4740 3124 4812">
    <p class='ocr_par' dir='ltr' id='par_1_109' title="bbox 1899 4740 3124 4812">
     <span class='ocr_line' id='line_1_109' title="bbox 1899 4740 3124 4812; baseline -0.007 -11"><span class='ocrx_word' id='word_1_687' title='bbox 1899 4750 1924 4787; x_wconf 75' lang='grc' dir='ltr'>ε</span> <span class='ocrx_word' id='word_1_688' title='bbox 1950 4747 2054 4801; x_wconf 90' lang='lat' dir='ltr'><strong>Pro</strong></span> <span class='ocrx_word' id='word_1_689' title='bbox 2076 4747 2240 4812; x_wconf 77' lang='lat' dir='ltr'><strong>Itnnii,</strong></span> <span class='ocrx_word' id='word_1_690' title='bbox 2271 4747 2326 4801; x_wconf 90' lang='lat' dir='ltr'><strong>ni</strong></span> <span class='ocrx_word' id='word_1_691' title='bbox 2356 4740 2551 4799; x_wconf 54' lang='lat' dir='ltr'><strong>fallor&#39;:</strong></span> <span class='ocrx_word' id='word_1_692' title='bbox 2577 4750 2671 4798; x_wconf 87' lang='lat' dir='ltr'><strong>aut</strong></span> <span class='ocrx_word' id='word_1_693' title='bbox 2697 4743 2953 4798; x_wconf 86' lang='lat' dir='ltr'><strong>mendum</strong></span> <span class='ocrx_word' id='word_1_694' title='bbox 2975 4740 3124 4812; x_wconf 78' lang='lat' dir='ltr'><strong>latet.</strong></span> 
     </span>
    </p>
   </div>
   <div class='ocr_carea' id='block_1_110' title="bbox 1893 4808 3410 4888">
    <p class='ocr_par' dir='ltr' id='par_1_110' title="bbox 1893 4808 3410 4888">
     <span class='ocr_line' id='line_1_110' title="bbox 1893 4808 3410 4888; baseline -0.007 -16"><span class='ocrx_word' id='word_1_695' title='bbox 1893 4817 1924 4857; x_wconf 76' lang='lat' dir='ltr'><strong>h</strong></span> <span class='ocrx_word' id='word_1_696' title='bbox 1955 4818 2007 4872; x_wconf 92' lang='lat' dir='ltr'><strong>ld</strong></span> <span class='ocrx_word' id='word_1_697' title='bbox 2035 4825 2118 4872; x_wconf 91' lang='lat' dir='ltr'><strong>est</strong></span> <span class='ocrx_word' id='word_1_698' title='bbox 2149 4835 2160 4870; x_wconf 92' lang='lat'>:</span> <span class='ocrx_word' id='word_1_699' title='bbox 2205 4808 2486 4888; x_wconf 14' lang='lat' dir='ltr'><strong>quantum,</strong></span> <span class='ocrx_word' id='word_1_700' title='bbox 2514 4814 2789 4888; x_wconf 76' lang='lat' dir='ltr'><strong>existimo,</strong></span> <span class='ocrx_word' id='word_1_701' title='bbox 2815 4810 3141 4888; x_wconf 69' lang='lat' dir='ltr'><strong>venerabilis</strong></span> <span class='ocrx_word' id='word_1_702' title='bbox 3186 4808 3274 4868; x_wconf 88' lang='lat' dir='ltr'><strong>ille</strong></span> <span class='ocrx_word' id='word_1_703' title='bbox 3305 4809 3410 4888; x_wconf 78' lang='lat' dir='ltr'><strong>vir,</strong></span> 
     </span>
    </p>
   </div>
   <div class='ocr_carea' id='block_1_111' title="bbox 1827 4879 3413 4960">
    <p class='ocr_par' dir='ltr' id='par_1_111' title="bbox 1827 4879 3413 4960">
     <span class='ocr_line' id='line_1_111' title="bbox 1827 4879 3413 4960; baseline -0.006 -17"><span class='ocrx_word' id='word_1_704' title='bbox 1827 4905 1988 4960; x_wconf 87' lang='lat' dir='ltr'><strong>quem</strong></span> <span class='ocrx_word' id='word_1_705' title='bbox 2021 4879 2240 4960; x_wconf 45' lang='lat' dir='ltr'><strong>deferri-</strong></span> <span class='ocrx_word' id='word_1_706' title='bbox 2269 4889 2334 4943; x_wconf 86' lang='lat' dir='ltr'><strong>ad</strong></span> <span class='ocrx_word' id='word_1_707' title='bbox 2389 4887 2586 4960; x_wconf 71' lang='lat' dir='ltr'><strong>cadum</strong></span> <span class='ocrx_word' id='word_1_708' title='bbox 2620 4884 2761 4960; x_wconf 83' lang='lat' dir='ltr'><strong>_vidi,</strong></span> <span class='ocrx_word' id='word_1_709' title='bbox 2792 4893 2874 4938; x_wconf 89' lang='lat' dir='ltr'><strong>est</strong></span> <span class='ocrx_word' id='word_1_710' title='bbox 2919 4883 3114 4954; x_wconf 90' lang='lat' dir='ltr'><strong>aliquis</strong></span> <span class='ocrx_word' id='word_1_711' title='bbox 3153 4879 3413 4960; x_wconf 67' lang='lat' dir='ltr'><strong>sacerdos</strong></span> 
     </span>
    </p>
   </div>
   <div class='ocr_carea' id='block_1_112' title="bbox 1827 4951 3408 5030">
    <p class='ocr_par' dir='ltr' id='par_1_112' title="bbox 1827 4951 3408 5030">
     <span class='ocr_line' id='line_1_112' title="bbox 1827 4951 3408 5030; baseline -0.007 -16"><span class='ocrx_word' id='word_1_712' title='bbox 1827 4951 2115 5030; x_wconf 76' lang='lat' dir='ltr'><strong>episcopali</strong></span> <span class='ocrx_word' id='word_1_713' title='bbox 2154 4974 2376 5014; x_wconf 81' lang='lat' dir='ltr'><strong>mtmere</strong></span> <span class='ocrx_word' id='word_1_714' title='bbox 2399 4956 2513 5027; x_wconf 88' lang='lat' dir='ltr'><strong>jam</strong></span> <span class='ocrx_word' id='word_1_715' title='bbox 2561 4955 2792 5026; x_wconf 86' lang='lat' dir='ltr'><strong>fulgens,</strong></span> <span class='ocrx_word' id='word_1_716' title='bbox 2814 4969 2975 5026; x_wconf 88' lang='lat' dir='ltr'><strong>quem</strong></span> <span class='ocrx_word' id='word_1_717' title='bbox 3013 4951 3192 5023; x_wconf 80' lang='lat' dir='ltr'><strong>angeli</strong></span> <span class='ocrx_word' id='word_1_718' title='bbox 3217 4952 3272 5008; x_wconf 90' lang='lat' dir='ltr'><strong>in</strong></span> <span class='ocrx_word' id='word_1_719' title='bbox 3309 4964 3408 5019; x_wconf 84' lang='lat' dir='ltr'><strong>pa-</strong></span> 
     </span>
    </p>
   </div>
   <div class='ocr_carea' id='block_1_113' title="bbox 1832 5031 2332 5086">
    <p class='ocr_par' dir='ltr' id='par_1_113' title="bbox 1832 5031 2332 5086">
     <span class='ocr_line' id='line_1_113' title="bbox 1832 5031 2332 5086; baseline -0.004 -1"><span class='ocrx_word' id='word_1_720' title='bbox 1832 5032 2074 5086; x_wconf 85' lang='lat' dir='ltr'><strong>radisum</strong></span> <span class='ocrx_word' id='word_1_721' title='bbox 2107 5031 2332 5084; x_wconf 86' lang='lat' dir='ltr'><strong>vehunt.</strong></span> 
     </span>
    </p>
   </div>
   <div class='ocr_carea' id='block_1_114' title="bbox 1906 5111 3412 5192">
    <p class='ocr_par' dir='ltr' id='par_1_114' title="bbox 1906 5111 3412 5192">
     <span class='ocr_line' id='line_1_114' title="bbox 1906 5111 3412 5192; baseline -0.008 -17"><span class='ocrx_word' id='word_1_722' title='bbox 1906 5123 1922 5161; x_wconf 72' lang='grc' dir='ltr'><strong>ί</strong></span> <span class='ocrx_word' id='word_1_723' title='bbox 1959 5121 2162 5192; x_wconf 83' lang='lat' dir='ltr'><strong>Nempe</strong></span> <span class='ocrx_word' id='word_1_724' title='bbox 2182 5118 2570 5192; x_wconf 87' lang='lat' dir='ltr'><strong>celeberrimus</strong></span> <span class='ocrx_word' id='word_1_725' title='bbox 2595 5117 2683 5192; x_wconf 87' lang='lat' dir='ltr'><strong>ille</strong></span> <span class='ocrx_word' id='word_1_726' title='bbox 2716 5116 3155 5186; x_wconf 84' lang='lat' dir='ltr'><strong>archiepiscopus</strong></span> <span class='ocrx_word' id='word_1_727' title='bbox 3173 5111 3412 5192; x_wconf 44' lang='grc' dir='ltr'><strong>,Μοθω-</strong></span> 
     </span>
    </p>
   </div>
   <div class='ocr_carea' id='block_1_115' title="bbox 1832 5190 3412 5265">
    <p class='ocr_par' dir='ltr' id='par_1_115' title="bbox 1832 5190 3412 5265">
     <span class='ocr_line' id='line_1_115' title="bbox 1832 5190 3412 5265; baseline -0.008 -17"><span class='ocrx_word' id='word_1_728' title='bbox 1832 5192 1998 5257; x_wconf 87' lang='lat' dir='ltr'><strong>tinus,</strong></span> <span class='ocrx_word' id='word_1_729' title='bbox 2043 5202 2096 5246; x_wconf 89' lang='lat' dir='ltr'><strong>et</strong></span> <span class='ocrx_word' id='word_1_730' title='bbox 2125 5190 2434 5265; x_wconf 51' lang='lat' dir='ltr'><strong>Germanias</strong></span> <span class='ocrx_word' id='word_1_731' title='bbox 2452 5191 2729 5265; x_wconf 58' lang='lat' dir='ltr'><strong>apostolus</strong></span> <span class='ocrx_word' id='word_1_732' title='bbox 2753 5205 2818 5245; x_wconf 88' lang='lat' dir='ltr'><strong>ac</strong></span> <span class='ocrx_word' id='word_1_733' title='bbox 2848 5190 3256 5265; x_wconf 37' lang='lat' dir='ltr'><strong>martyr,.c_u.it_is</strong></span> <span class='ocrx_word' id='word_1_734' title='bbox 3283 5195 3412 5265; x_wconf 57' lang='lat' dir='ltr'><strong>pref</strong></span> 
     </span>
    </p>
   </div>
   <div class='ocr_carea' id='block_1_116' title="bbox 1831 5251 3413 5336">
    <p class='ocr_par' dir='ltr' id='par_1_116' title="bbox 1831 5251 3413 5336">
     <span class='ocr_line' id='line_1_116' title="bbox 1831 5251 3413 5336; baseline -0.008 -19"><span class='ocrx_word' id='word_1_735' title='bbox 1831 5265 1970 5336; x_wconf 85' lang='lat' dir='ltr'><strong>tiosa</strong></span> <span class='ocrx_word' id='word_1_736' title='bbox 1989 5251 2157 5336; x_wconf 39' lang='lat' dir='ltr'><strong>&#39;niors</strong></span> <span class='ocrx_word' id='word_1_737' title='bbox 2177 5262 2402 5336; x_wconf 83' lang='lat' dir='ltr'><strong>contigit</strong></span> <span class='ocrx_word' id='word_1_738' title='bbox 2423 5251 2684 5336; x_wconf 53' lang='lat' dir='ltr'><strong>ian‘risia</strong></span> <span class='ocrx_word' id='word_1_739' title='bbox 2720 5273 2862 5314; x_wconf 90' lang='lat' dir='ltr'><strong>anno</strong></span> <span class='ocrx_word' id='word_1_740' title='bbox 2891 5251 3094 5336; x_wconf 48' lang='grc' dir='ltr'><strong>ς-Ιιιξίδιί</strong></span> <span class='ocrx_word' id='word_1_741' title='bbox 3281 5251 3413 5336; x_wconf 62' lang='grc' dir='ltr'><strong>ἥσθε</strong></span> 
     </span>
    </p>
   </div>
   <div class='ocr_carea' id='block_1_117' title="bbox 1831 5321 3412 5408">
    <p class='ocr_par' dir='ltr' id='par_1_117' title="bbox 1831 5321 3412 5408">
     <span class='ocr_line' id='line_1_117' title="bbox 1831 5321 3412 5408; baseline -0.008 -20"><span class='ocrx_word' id='word_1_742' title='bbox 1831 5334 1922 5408; x_wconf 86' lang='lat' dir='ltr'><strong>alii</strong></span> <span class='ocrx_word' id='word_1_743' title='bbox 1951 5321 2444 5408; x_wconf 46' lang='lat' dir='ltr'><strong>adprzeeeden‘lem</strong></span> <span class='ocrx_word' id='word_1_744' title='bbox 2469 5330 2570 5386; x_wconf 67' lang='lat'><strong>754</strong></span> <span class='ocrx_word' id='word_1_745' title='bbox 2599 5330 2858 5408; x_wconf 69' lang='lat' dir='ltr'><strong>referant.</strong></span> <span class='ocrx_word' id='word_1_746' title='bbox 2893 5323 3239 5408; x_wconf 45' lang='lat' dir='ltr'><strong>ilujusﬁcta</strong></span> <span class='ocrx_word' id='word_1_747' title='bbox 3267 5321 3412 5408; x_wconf 70' lang='lat' dir='ltr'><strong>apud</strong></span> 
     </span>
    </p>
   </div>
   <div class='ocr_carea' id='block_1_118' title="bbox 1831 5395 3407 5476">
    <p class='ocr_par' dir='ltr' id='par_1_118' title="bbox 1831 5395 3407 5476">
     <span class='ocr_line' id='line_1_118' title="bbox 1831 5395 3407 5476; baseline -0.009 -15"><span class='ocrx_word' id='word_1_748' title='bbox 1831 5395 2162 5461; x_wconf 80' lang='lat' dir='ltr'><strong>clarissimos</strong></span> <span class='ocrx_word' id='word_1_749' title='bbox 2192 5404 2574 5476; x_wconf 87' lang='lat' dir='ltr'><strong>Bollandianos</strong></span> <span class='ocrx_word' id='word_1_750' title='bbox 2623 5402 2692 5456; x_wconf 86' lang='lat' dir='ltr'><strong>ad</strong></span> <span class='ocrx_word' id='word_1_751' title='bbox 2719 5401 2859 5454; x_wconf 90' lang='lat' dir='ltr'><strong>diem</strong></span> <span class='ocrx_word' id='word_1_752' title='bbox 2889 5396 2924 5450; x_wconf 87' lang='lat'><strong>5</strong></span> <span class='ocrx_word' id='word_1_753' title='bbox 2944 5395 3099 5476; x_wconf 69' lang='grc' dir='ltr'><strong>Διιυηίἰ</strong></span> <span class='ocrx_word' id='word_1_754' title='bbox 3119 5400 3407 5476; x_wconf 37' lang='lat' dir='ltr'><strong>prostant.</strong></span> 
     </span>
    </p>
   </div>
   <div class='ocr_carea' id='block_1_119' title="bbox 1828 5463 3407 5551">
    <p class='ocr_par' dir='ltr' id='par_1_119' title="bbox 1828 5463 3407 5551">
     <span class='ocr_line' id='line_1_119' title="bbox 1828 5463 3407 5551; baseline -0.006 -21"><span class='ocrx_word' id='word_1_755' title='bbox 1828 5477 1906 5531; x_wconf 84' lang='lat' dir='ltr'><strong>Ac</strong></span> <span class='ocrx_word' id='word_1_756' title='bbox 1946 5485 2226 5551; x_wconf 81' lang='lat' dir='ltr'><strong>propterea</strong></span> <span class='ocrx_word' id='word_1_757' title='bbox 2279 5475 2445 5551; x_wconf 79' lang='lat' dir='ltr'><strong>habes</strong></span> <span class='ocrx_word' id='word_1_758' title='bbox 2490 5489 2598 5542; x_wconf 90' lang='lat' dir='ltr'><strong>quo</strong></span> <span class='ocrx_word' id='word_1_759' title='bbox 2651 5479 2894 5551; x_wconf 71' lang='lat' dir='ltr'><strong>tempore</strong></span> <span class='ocrx_word' id='word_1_760' title='bbox 2930 5463 3276 5551; x_wconf 77' lang='lat' dir='ltr'><strong>Argentorati</strong></span> <span class='ocrx_word' id='word_1_761' title='bbox 3305 5463 3407 5521; x_wconf 73' lang='lat' dir='ltr'><strong>ﬂo-</strong></span> 
     </span>
    </p>
   </div>
   <div class='ocr_carea' id='block_1_120' title="bbox 1831 5545 3412 5609">
    <p class='ocr_par' dir='ltr' id='par_1_120' title="bbox 1831 5545 3412 5609">
     <span class='ocr_line' id='line_1_120' title="bbox 1831 5545 3412 5609; baseline -0.006 -8"><span class='ocrx_word' id='word_1_762' title='bbox 1831 5545 1998 5602; x_wconf 57' lang='lat' dir='ltr'><strong>ruerit</strong></span> <span class='ocrx_word' id='word_1_763' title='bbox 2022 5545 2382 5602; x_wconf 82' lang='lat' dir='ltr'><strong>Theutramus</strong></span> <span class='ocrx_word' id='word_1_764' title='bbox 2412 5547 2514 5599; x_wconf 88' lang='lat' dir='ltr'><strong>iste</strong></span> <span class='ocrx_word' id='word_1_765' title='bbox 2533 5583 2548 5607; x_wconf 93' lang='lat'><strong>,</strong></span> <span class='ocrx_word' id='word_1_766' title='bbox 2581 5545 2734 5609; x_wconf 85' lang='lat' dir='ltr'><strong>cujus</strong></span> <span class='ocrx_word' id='word_1_767' title='bbox 2765 5545 2999 5593; x_wconf 79' lang='lat' dir='ltr'><strong>visiones</strong></span> <span class='ocrx_word' id='word_1_768' title='bbox 3029 5553 3062 5592; x_wconf 66' lang='grc' dir='ltr'><strong><em>ι</em></strong></span> <span class='ocrx_word' id='word_1_769' title='bbox 3108 5545 3266 5606; x_wconf 82' lang='lat' dir='ltr'><strong>poeta</strong></span> <span class='ocrx_word' id='word_1_770' title='bbox 3311 5551 3412 5592; x_wconf 79' lang='lat' dir='ltr'><strong>n0-</strong></span> 
     </span>
    </p>
   </div>
   <div class='ocr_carea' id='block_1_121' title="bbox 1827 5609 3411 5691">
    <p class='ocr_par' dir='ltr' id='par_1_121' title="bbox 1827 5609 3411 5691">
     <span class='ocr_line' id='line_1_121' title="bbox 1827 5609 3411 5691; baseline -0.005 -19"><span class='ocrx_word' id='word_1_771' title='bbox 1827 5628 1942 5673; x_wconf 88' lang='lat' dir='ltr'><strong>stro</strong></span> <span class='ocrx_word' id='word_1_772' title='bbox 1975 5619 2274 5691; x_wconf 84' lang='lat' dir='ltr'><strong>descriptas</strong></span> <span class='ocrx_word' id='word_1_773' title='bbox 2299 5617 2642 5671; x_wconf 88' lang='lat' dir='ltr'><strong>cordatorum</strong></span> <span class='ocrx_word' id='word_1_774' title='bbox 2672 5610 2950 5666; x_wconf 86' lang='lat' dir='ltr'><strong>hominum</strong></span> <span class='ocrx_word' id='word_1_775' title='bbox 2991 5609 3195 5680; x_wconf 82' lang='lat' dir='ltr'><strong>judicio</strong></span> <span class='ocrx_word' id='word_1_776' title='bbox 3219 5609 3411 5665; x_wconf 82' lang='lat' dir='ltr'><strong>dimis-</strong></span> 
     </span>
    </p>
   </div>
   <div class='ocr_carea' id='block_1_122' title="bbox 1824 5692 2082 5747">
    <p class='ocr_par' dir='ltr' id='par_1_122' title="bbox 1824 5692 2082 5747">
     <span class='ocr_line' id='line_1_122' title="bbox 1824 5692 2082 5747; baseline 0 -2"><span class='ocrx_word' id='word_1_777' title='bbox 1824 5706 1912 5747; x_wconf 90' lang='lat' dir='ltr'><strong>sas</strong></span> <span class='ocrx_word' id='word_1_778' title='bbox 1944 5692 2082 5745; x_wconf 81' lang='lat' dir='ltr'><strong>volo.</strong></span> 
     </span>
    </p>
   </div>
   <div class='ocr_carea' id='block_1_123' title="bbox 1896 5775 3408 5849">
    <p class='ocr_par' dir='ltr' id='par_1_123' title="bbox 1896 5775 3408 5849">
     <span class='ocr_line' id='line_1_123' title="bbox 1896 5775 3408 5849; baseline -0.004 -14"><span class='ocrx_word' id='word_1_779' title='bbox 1896 5784 1908 5835; x_wconf 85' lang='lat' dir='ltr'><strong>i</strong></span> <span class='ocrx_word' id='word_1_780' title='bbox 1953 5785 2142 5840; x_wconf 79' lang='lat' dir='ltr'><strong>Nescio</strong></span> <span class='ocrx_word' id='word_1_781' title='bbox 2171 5797 2236 5834; x_wconf 89' lang='lat' dir='ltr'><strong>an</strong></span> <span class='ocrx_word' id='word_1_782' title='bbox 2263 5777 2570 5849; x_wconf 90' lang='lat' dir='ltr'><strong>quempiam</strong></span> <span class='ocrx_word' id='word_1_783' title='bbox 2595 5775 2757 5848; x_wconf 84' lang='lat' dir='ltr'><strong>hujus</strong></span> <span class='ocrx_word' id='word_1_784' title='bbox 2786 5776 3023 5849; x_wconf 90' lang='lat' dir='ltr'><strong>nominis</strong></span> <span class='ocrx_word' id='word_1_785' title='bbox 3045 5777 3251 5834; x_wconf 90' lang='lat' dir='ltr'><strong>socium</strong></span> <span class='ocrx_word' id='word_1_786' title='bbox 3279 5790 3408 5831; x_wconf 76' lang='lat' dir='ltr'><strong>san-</strong></span> 
     </span>
    </p>
   </div>
   <div class='ocr_carea' id='block_1_124' title="bbox 228 5845 3406 5942">
    <p class='ocr_par' dir='ltr' id='par_1_124' title="bbox 228 5845 3406 5942">
     <span class='ocr_line' id='line_1_124' title="bbox 228 5845 3406 5942; baseline -0.004 -25"><span class='ocrx_word' id='word_1_787' title='bbox 228 5845 246 5898; x_wconf 78' lang='grc' dir='ltr'>ί</span> <span class='ocrx_word' id='word_1_788' title='bbox 275 5845 450 5934; x_wconf 71' lang='lat' dir='ltr'><strong>Super</strong></span> <span class='ocrx_word' id='word_1_789' title='bbox 472 5857 793 5922; x_wconf 76' lang='lat' dir='ltr'><strong>vocabulum</strong></span> <span class='ocrx_word' id='word_1_790' title='bbox 820 5845 988 5933; x_wconf 64' lang='lat' dir='ltr'><strong>idiota</strong></span> <span class='ocrx_word' id='word_1_791' title='bbox 1013 5855 1074 5919; x_wconf 81' lang='lat' dir='ltr'><strong>in</strong></span> <span class='ocrx_word' id='word_1_792' title='bbox 1101 5869 1208 5920; x_wconf 69' lang='lat' dir='ltr'><strong>ms.</strong></span> <span class='ocrx_word' id='word_1_793' title='bbox 1230 5854 1430 5934; x_wconf 65' lang='lat' dir='ltr'><strong>podice</strong></span> <span class='ocrx_word' id='word_1_794' title='bbox 1452 5857 1714 5932; x_wconf 84' lang='lat' dir='ltr'><strong>scriptum</strong></span> <span class='ocrx_word' id='word_1_795' title='bbox 1819 5859 1893 5918; x_wconf 83' lang='lat' dir='ltr'><strong>eti</strong></span> <span class='ocrx_word' id='word_1_796' title='bbox 1918 5853 2182 5940; x_wconf 77' lang='lat' dir='ltr'><strong>Bonifacii</strong></span> <span class='ocrx_word' id='word_1_797' title='bbox 2207 5845 2634 5942; x_wconf 57' lang='lat' dir='ltr'><strong>innuat,:quem</strong></span> <span class='ocrx_word' id='word_1_798' title='bbox 2645 5845 2827 5941; x_wconf 72' lang='lat' dir='ltr'><strong>tamen</strong></span> <span class='ocrx_word' id='word_1_799' title='bbox 2844 5848 2982 5942; x_wconf 64' lang='lat' dir='ltr'><strong>Acta</strong></span> <span class='ocrx_word' id='word_1_800' title='bbox 3021 5849 3298 5925; x_wconf 74' lang='lat' dir='ltr'><strong>ignorant,</strong></span> <span class='ocrx_word' id='word_1_801' title='bbox 3313 5857 3406 5940; x_wconf 56' lang='lat' dir='ltr'><strong>an</strong></span> 
     </span>
    </p>
   </div>
  </div>
