4022 6458
175 399 264 456 641
501 423 504 426 η
1587 391 1911 448 DlPLOMA.

3291 395 3399 452 642

175 514 276 571 dies
299 505 476 583 viginti
498 514 551 560 et
577 515 704 583 tres.
723 504 835 583 llic
855 505 1053 583 etenim
1075 506 1398 583 venerabilis
1415 505 1724 583 .etnpratcla-
1750 525 1802 583 Α
1826 523 1939 583 non
1958 521 2056 583 per
2081 505 2289 559 modica
2301 513 2564 583 tempora
2608 519 2762 583 suum
2791 504 3022 561 miriﬁce
3059 507 3398 583 propositum

173 600 256 640 rus
272 576 559 647 virinagna:
584 577 945 646 simplicitatis
965 592 1124 646 atque
1139 576 1458 630 humilitatis
1473 576 1589 628 fuit.
1622 577 1722 630 Do-

171 663 277 710 ctus
300 650 532 707 scientia,
569 663 820 701 sermone
845 650 1169 718 pran-ipuus,
1221 647 1391 701 forma
1423 648 1719 718 pulchrior,

171 725 334 791 largus
386 718 727 791 petentibus,
766 717 1022 791 mundum
1083 733 1360 791 respuens.
1424 717 1547 771 Sola
1604 733 1722 791 qua:

169 788 364 849 Christo
406 797 560 842 erant
595 788 810 857 placita,
849 790 1098 843 omnibus
1153 788 1342 841 diebus
1369 804 1433 842 ac
1475 788 1722 843 noctibus

169 862 434 927 cogitabat.
475 857 645 929 Hujus
687 860 891 927 praelati
919 859 1191 929 pontiﬁcis
1221 868 1461 928 tempore
1505 860 1722 913 ubertas

167 948 261 988 non
309 929 515 984 modica
561 938 730 983 totam
770 946 876 984 non
922 930 1094 984 solum
1150 929 1398 988 Romam,
1429 930 1522 983 sed
1553 931 1720 982 etiam

164 1009 479 1074 penetotum
535 1000 807 1074 invaserat
852 1001 1059 1055 orbem.
1103 999 1239 1066 Quia
1288 999 1722 1074 quidquidjusto

163 1069 476 1144 percipiebat
524 1085 563 1144 a_
583 1071 840 1144 subditis“
861 1075 1116 1144 pondere,
1149 1085 1255 1124 non
1314 1070 1484 1124 solum
1515 1069 1721 1144 pusillis

166 1141 222 1197 ac
250 1141 434 1204 viduis,
473 1141 564 1194 sed
591 1142 753 1195 etiam
793 1141 1049 1196 divitibus
1093 1141 1428 1195 incessanter
1469 1141 1722 1195 omnibus

163 1211 525 1266 distribuebat.
550 1210 782 1266 Maxima
806 1221 983 1267 autem
1010 1228 1112 1281 pax
1139 1220 1195 1266 et
1230 1212 1441 1280 requies
1468 1210 1583 1278 ejus
1609 1212 1722 1266 die-

162 1283 254 1336 bus
273 1283 523 1336 univeiso
545 1281 647 1335 fuit
676 1283 729 1336 in
755 1283 888 1338 orbe
913 1282 1177 1336 Romano.
1219 1281 1428 1351 Quippe
1455 1297 1576 1335 nam
1609 1282 1723 1350 ipse

163 1366 271 1406 cum
298 1353 458 1422 totius
485 1360 630 1407 esset
657 1354 804 1422 pacis
831 1353 1058 1418 amicus,
1107 1354 1234 1422 quid
1268 1353 1412 1406 aliud
1445 1352 1724 1422 pertinen-

161 1430 250 1493 tes,
278 1420 375 1475 nisi
404 1423 547 1491 quod
573 1420 689 1492 ipse
715 1425 828 1478 suis
854 1425 1096 1477 honestis
1125 1420 1349 1493 gerebat
1382 1420 1640 1493 moribus,
1669 1431 1724 1476 et

160 1492 248 1560 ipsi
270 1493 476 1564 pariter
503 1491 796 1562 gerebant?
818 1491 1268 1564 Archipresliyter
1290 1494 1432 1548 enim
1463 1491 1621 1559 hujus
1642 1509 1726 1547 sa-

157 1562 462 1617 cratissima:
487 1573 654 1633 atque
700 1562 1026 1619 universalis
1071 1562 1326 1619 Ecclesiae
1366 1563 1486 1618 fuit.
1528 1564 1587 1618 in
1615 1579 1723 1634 qua

155 1715 270 1788 bere
293 1715 626 1779 desiderant,
661 1717 738 1770 ita
779 1724 1037 1788 pnestent
1084 1716 1136 1770 in
1195 1717 1446 1772 omnibus
1471 1717 1724 1788 obedien-

156 1786 270 1839 tiam
295 1802 359 1840 ac
397 1789 763 1841 reverentiam
781 1786 797 1788 “
815 1789 941 1842 huic
968 1787 1232 1857 pontiﬁci.
1272 1809 1300 1857 »ν
1323 1788 1480 1842 lnitio
1507 1787 1723 1857 pontiﬁ-

1827 575 1986 632 rexit.
2021 577 2208 648 Postea
2237 593 2264 630 a
2301 575 2554 629 Romanis
2583 577 2792 648 cunctis
2822 592 2921 645 pro
2966 575 3279 648 meritorum
3310 579 3399 648 pia

1824 649 2082 702 relatione
2109 647 2312 702 electus
2343 658 2464 716 post
2490 647 2776 700 transitum
2832 647 3160 702 sanctissimi
3193 647 3397 704 domini

1823 718 2102 772 Paschalis
2154 734 2304 788 papa:
2335 718 2577 787 pontifex
2618 717 2801 777 .factus
2829 725 2932 788 est.
2984 716 3401 788 Tenuitiautem

1820 787 2229 859 presbyteratus
2279 791 2359 842 sui
2391 797 2630 858 tempore
2652 787 2938 842 ecclesiam
2963 788 3135 842 beate
3184 787 3402 844 Sabinae

1823 860 2080 930 martyris
2105 900 2119 922 ,
2155 859 2388 928 positam
2420 860 2473 912 in
2528 860 2796 930 Aventino
2828 866 3036 930 monte,
3060 865 3065 870 ‘
3086 874 3248 928 quam
3291 860 3402 913 Deo

1823 928 2190 1000 dispensante,
2240 939 2358 998 post
2387 928 2747 1000 pontiﬁcalem
2796 929 2896 983 sibi
2928 930 3244 983 attributam
3274 944 3400 999 gra-

1824 999 1973 1064 tiam,
2005 1001 2072 1054 ad
2105 999 2382 1055 meliorem
2414 1001 2616 1054 cultum
2642 999 2912 1070 perduxit,
2943 1008 2997 1054 et
3025 1000 3250 1070 picturis
3299 1015 3402 1070 ung-

1822 1071 1986 1139 dique
2024 1071 2321 1125 decoravit.
2359 1070 2528 1138 Hujus
2557 1069 2745 1124 diebus
2789 1069 3272 1140 Romani’judices,
3309 1069 3405 1140 qui

1823 1141 1877 1194 in
1911 1141 2136 1196 Francia
2180 1141 2502 1196 tenebantur
2528 1142 2749 1211 captivi,
2775 1142 2977 1196 reversi
3015 1149 3156 1205 sunt,
3188 1155 3324 1210 quos
3347 1141 3403 1194 in

1821 1222 2106 1280 parentum
2136 1211 2353 1282 prepria
2382 1212 2619 1282 ingredi,
2639 1213 2904 1281 permisit,
2942 1224 2996 1267 et
3041 1212 3121 1282 eis
3147 1227 3256 1265 non
3291 1224 3407 1264 mo-

1823 1284 1974 1338 dicas
2004 1299 2092 1338 res
2123 1281 2188 1336 de
2233 1283 2569 1351 patriarchio
2599 1281 2951 1336 Lateranensi
2982 1281 3244 1352 praebuit,
3279 1282 3402 1350 quia

1822 1363 1979 1408 erant
2005 1368 2141 1422 pene
2163 1350 2414 1407 omnibus
2442 1352 2788 1408 facultatibus
2823 1350 3091 1407 destituti.
3118 1350 3270 1406 Fecit
3313 1367 3407 1406 au-

1824 1431 1932 1477 tem
1970 1425 2023 1478 in
2064 1423 2291 1478 ecclesia
2325 1425 2496 1478 beata:
2542 1422 2758 1494 Sabinae
2807 1423 3061 1494 martyris
3083 1422 3406 1494 supradicta:

1805 1495 2088 1575 ‘piborium
2117 1509 2184 1549 ex
2203 1503 2440 1575 argento
2480 1493 2770 1575 purissimo
2801 1493 3035 1575 pensans
3063 1493 3270 1575 _libras.
3303 1531 3318 1547 .
3345 1532 3359 1546 .
3388 1532 3402 1546 .

1817 1553 1972 1620 idem
1997 1553 2327 1620 venerabilis
2350 1553 2573 1635 praesul,
2599 1564 2693 1619 ubi
2735 1553 2900 1647 supra
2927 1563 3142 1619 obtulit.

1826 1719 1956 1774 tiam
1987 1727 2254 1788 peterent,
2298 1718 2355 1772 in
2396 1734 2504 1789 quo
2523 1717 2626 1772 viri
2658 1718 2801 1772 docti
2831 1716 2899 1772 de
2928 1716 3071 1789 cultu
3112 1717 3407 1789 imaginum

1826 1790 1978 1858 inter,
1995 1805 2052 1842 se
2079 1788 2428 1858 exquirerent
2453 1797 2506 1843 et
2534 1789 2897 1858 disputarent1
2937 1788 3015 1842 Ex
3062 1797 3212 1857 parte
3237 1788 3412 1842 Ludo-

153 1865 290 1932 catus
317 1857 547 1932 Eugenii
566 1873 607 1932 _a
636 1858 894 1932 illichacle
921 1856 1247 1932 imperatore
1275 1856 1521 1912 Orientis
1557 1857 1721 1932 missa
1750 1874 1798 1932 Β
1827 1860 1930 1932 vici
1961 1856 2182 1932 functus
2203 1856 2839 1932 est_l_egationis_munere
2871 1856 3413 1932 Jonas_An_relianen-

117 1933 126 1940 '
154 1938 225 1980 est
250 1927 448 1996 legatio
472 1932 538 1981 ad
566 1927 916 1982 Ludovicum.
957 1947 974 1978 ‹
999 1927 1167 1982 Ίιιιει·
1185 1938 1382 1982 caetera
1406 1937 1605 1991 autem,
1640 1929 1724 1981 in-

150 1997 326 2064 quiunt
362 1997 589 2051 annales
641 1998 972 2053 Francorum
1025 1999 1078 2052 in
1129 1999 1237 2052 vita
1283 1998 1561 2061 Ludovici,
1597 2016 1616 2047 ι
1653 1999 1722 2052 ad

150 2066 460 2138 legationem
495 2084 645 2121 suam
674 2070 1022 2138 pertinentia,
1059 2069 1290 2138 quadam
1321 2071 1387 2122 de
1425 2067 1720 2138 imaginum

148 2137 487 2192 veneratione
510 2137 870 2208 protulerunt,
905 2137 1125 2207 propter
1149 2154 1206 2192 se
1230 2139 1456 2192 Romam
1504 2137 1602 2202 ire,
1635 2147 1720 2192 at-

145 2222 236 2276 que
261 2207 576 2278 apostoliCae
589 2211 733 2262 sedis
745 2209 1026 2278 praesulem
1048 2209 1330 2264 consulere
1348 2210 1546 2263 debere
1569 2209 1722 2263 dixe-

145 2287 273 2349 runt.
307 2277 455 2343 Quos
487 2294 606 2332 cum
641 2279 908 2349 legatione
937 2295 1125 2334 eorum
1157 2278 1336 2333 audita
1366 2295 1431 2333 ac
1462 2294 1719 2348 responso

144 2347 361 2411 reddito,
391 2356 527 2402 utse
556 2347 990 2414 vell'e'dicebant,
1011 2350 1234 2403 Romam
1262 2347 1660 2416 ducerejuSsit.
1695 2369 1712 2401 ι

141 2417 413 2491 Legatilsi
442 2419 780 2473 credendum
809 2432 898 2491 est
919 2421 1099 2474 libello
1137 2421 1537 2491 pseudosynodi
1571 2420 1724 2473 Pari-

141 2487 343 2560 siensis)
372 2499 749 2558 pervenerunt
776 2492 830 2544 in
874 2489 1076 2545 Gallias
1111 2487 1295 2544 mense
1321 2487 1565 2554 0ctchri,
1599 2505 1722 2544 cum

138 2556 433 2630 Ludovicus
503 2561 796 2630 imperator
852 2562 1112 2615 adversus
1163 2561 1410 2615 Britones
1470 2561 1524 2614 in
1567 2574 1724 2628 expe—

138 2628 331 2700 ditione
366 2639 526 2685 esset
559 2628 805 2685 {auditis
832 2641 1021 2700 postea
1050 2646 1232 2686 mense
1261 2630 1576 2694 Novembri,
1606 2640 1660 2684 et
1690 2646 1722 2685 a

140 2713 191 2751 se
217 2699 485 2772 dimissis,
513 2717 639 2755 suos
669 2699 915 2772 adjunitit
942 2702 1247 2756 Ludovicus
1268 2703 1563 2771 imperator
1586 2700 1726 2771 lega-

139 2778 212 2843 tos
235 2769 300 2824 ad
324 2770 641 2843 Romanum
671 2769 1002 2840 pontiﬁcem,
1046 2774 1137 2841 qui
1168 2788 1276 2826 non
1307 2769 1500 2843 synodi
1527 2769 1725 2843 cogen—

137 2840 228 2904 dae,
251 2842 344 2896 sed
376 2851 601 2896 tantum
625 2852 923 2900 conventus
951 2840 1180 2911 alicujus
1209 2840 1528 2898 instituendi
1559 2840 1725 2898 licen-

1831 1931 1924 1992 sis,
1955 1930 2049 1997 qui
2071 1939 2258 1983 contra
2281 1927 2561 1983 Claudium
2590 1930 3004 1982 lconomachum
3035 1927 3226 1982 Felicis
3252 1927 3413 1981 disci-

1829 2001 2016 2078 pulum
2048 1999 2132 2078 his
2163 1999 2495 2078 temporibus
2522 2008 2650 2078 tres
2679 1999 2848 2052 libros
2893 1998 3127 2078 scripsit,
3178 2013 3412 2078 quorum

1807 2068 2006 2140 primo
2064 2071 2343 2138 impugnat
2395 2068 2713 2123 fractionem
2759 2083 3036 2122 sacrarum
3086 2069 3405 2140 imaginum.

1832 2139 2082 2196 Secundo
2102 2149 2291 2194 contra
2321 2140 2573 2193 eumdem
2603 2147 2804 2194 sanctae
2832 2140 3010 2193 crucis
3040 2139 3411 2193 adorationem

1828 2210 2088 2266 defendit.
2127 2211 2310 2264 Tertio
2353 2219 2665 2265 sanctorum
2707 2210 2907 2264 cultum
2941 2217 2997 2263 et
3022 2210 3413 2280 peregrinatio-

1831 2298 1954 2336 nem
1989 2280 2213 2335 Romam
2239 2282 2306 2334 ad
2331 2281 2517 2334 limina
2537 2281 2820 2334 beatorum
2843 2280 3208 2350 apostolorum
3231 2294 3413 2334 susce-

1830 2363 1980 2422 ptam
2031 2360 2335 2422 propugnat
2374 2360 2438 2422 _et
2477 2360 2675 2405 tuetur.
2726 2350 2954 2422 Michael
2995 2352 3413 2422 imperatorper

1825 2419 2047 2476 obitunt
2066 2419 2334 2476 Theodori
2366 2420 2615 2484 Studitae,
2641 2421 2888 2491 exemplo
2906 2419 3130 2475 Joannis
3157 2419 3414 2491 Baptism

1825 2501 2117 2562 peccantes
2139 2492 2405 2560 impavide
2437 2492 2723 2549 monentis,
2748 2489 2990 2545 securior
3015 2489 3283 2562 redditus,
3304 2489 3414 2543 Eu-

1825 2559 2158 2633 phrosynam
2193 2559 2481 2633 monialem
2513 2562 2662 2633 duxit
2688 2562 2744 2614 in
2774 2575 3018 2633 uxorem,
3063 2576 3235 2629 eoque
3261 2559 3407 2614 facto

1827 2631 1886 2688 se
1917 2631 2020 2687 una
2039 2648 2162 2688 cum
2196 2640 2308 2686 toto
2333 2631 2595 2687 Orientali
2625 2632 2854 2701 imperio
2879 2633 2931 2685 in
2972 2646 3255 2685 summam:
3282 2645 3409 2701 per-

1826 2704 2024 2758 niciem
2049 2704 2280 2757 induxit.
2309 2704 2441 2756 Dani
2477 2702 2859 2770 praedicatione
2883 2701 3118 2756 Ebbonis
3146 2702 3415 2756 Rhemen-

1828 2775 1905 2829 sis
1935 2775 2329 2844 archiepiscopi
2380 2775 2448 2827 ad
2478 2773 2638 2828 ﬁdem
2671 2781 3082 2844 convertuntur.
3126 2772 3414 2828 Crantzius

1826 2845 1884 2900 i‘n
1910 2844 2162 2914 Metrop.,
2195 2843 2290 2899 lib.
2321 2861 2363 2910 ι,
2389 2858 2508 2912 cap.
2540 2845 2592 2899 9.
2620 2844 2748 2899 Sev.
2784 2843 2901 2898 Bm.

142 3010 3416 3036 Μ

1007 3137 1480 3215 DIPLOMA
1554 3135 1980 3215 EUGENII
2059 3132 2344 3211 PAPIE
2422 3087 2529 3210 Π.

132 3293 232 3356 Ea:
269 3293 642 3376 Appendicc
685 3297 1011 3358 variorum
1057 3294 1477 3374 diplomatum
1513 3293 1580 3355 S.
1617 3293 1693 3354 R.
1725 3292 1806 3355 E.
1851 3292 2225 3372 pontiﬁcum
2265 3297 2414 3369 post
2452 3289 2796 3350 chronicon
2839 3286 3421 3368 Reicherspergcmc

900 3414 1062 3457 anno
1103 3397 1257 3456 1611
1291 3392 1616 3456 Monachii
1646 3393 1712 3452 in
1746 3392 2028 3452 Bavaria
2055 3410 2093 3451 α
2121 3389 2409 3451 Gewoldo
2443 3387 2632 3450 edita.

189 3629 487 3700 Eugenius
536 3629 820 3697 episcopus
875 3642 1066 3681 servus
1107 3641 1387 3682 servorum
1415 3627 1513 3681 Dei
1557 3627 1726 3681 Rath-
1752 3631 1797 3693 C
1830 3626 2019 3690 liante,
2053 3623 2319 3679 catholico
2359 3621 2767 3694 gubernandam
2823 3622 3082 3692 suscepit.
3118 3622 3178 3677 In
3222 3625 3421 3694 quibus

124 3719 273 3776 fredo
304 3727 526 3774 sancta:
571 3718 923 3772 Favianensis
958 3717 1234 3782 Ecclesiae,
1267 3726 1320 3774 et
1347 3719 1616 3773 Methodio
1640 3734 1727 3774 ec-

125 3812 300 3868 clesiae
332 3811 563 3881 Speculi
591 3808 816 3865 Juliens.
843 3827 963 3880 qua:
990 3822 1045 3866 et
1070 3811 1507 3882 Sorignturensis
1529 3829 1730 3869 nuncu-

122 3910 299 3973 patur,
325 3908 504 3969 atque
529 3899 778 3954 Alewino
819 3910 1024 3955 sanctae
1055 3901 1417 3958 Nitraviensis
1438 3903 1684 3958 ecclesiae
1712 3945 1726 3968 ,

125 3993 350 4062 parique
387 3992 556 4046 modo
595 3991 811 4045 Annoni
843 3990 899 4046 S.
948 3993 1299 4048 Vetuarensis
1327 3995 1570 4050 ecclesiae
1609 3996 1727 4064 epi-

127 4084 323 4153 scopis,
351 4082 523 4136 simul
548 4083 712 4135 etiam
735 4079 1032 4146 Tultundo,
1061 4098 1158 4136 nec
1186 4100 1292 4138 non
1323 4083 1598 4155 Moymaro
1627 4085 1724 4138 du-

127 4175 272 4228 cibus
296 4175 354 4228 et
402 4173 783 4242 optimatibus,
826 4174 1265 4243 exercitibusque
1310 4176 1484 4244 plebis
1513 4175 1726 4241 llunizn,

129 4278 235 4330 quae
266 4276 323 4318 et
355 4264 564 4317 Avaria
595 4263 814 4327 dicitur,
847 4273 900 4318 et
943 4263 1209 4318 Maravize.

193 4353 486 4408 Desiderio
536 4352 727 4407 salutis
783 4354 1091 4407 animarum
1150 4364 1476 4422 vestrarum,
1531 4357 1623 4412 ﬁlii
1676 4360 1732 4414 in

128 4442 341 4499 Christo
397 4444 742 4508 charissimi,
796 4461 919 4500 cum
979 4447 1286 4502 audivimus
1330 4449 1734 4506 Christianissi-

126 4551 264 4589 mam
305 4535 796 4592 conversationem
846 4546 1108 4603 vestram,
1145 4548 1202 4593 et
1231 4550 1433 4595 sanctae
1463 4542 1588 4596 ﬁdei
1632 4545 1730 4598 bo-

128 4643 432 4699 norumque
485 4645 716 4700 Operam
772 4639 1078 4686 vestrorum
1129 4649 1469 4704 processum,
1521 4653 1732 4694 summo

126 4722 315 4790 gaudio
369 4732 551 4793 atque
580 4722 764 4776 laetitia
817 4721 1017 4779 fuimus
1045 4726 1330 4780 exhilarati
1351 4769 1365 4791 ,
1391 4729 1515 4798 quia
1547 4730 1732 4786 divina

129 4808 177 4863 in
206 4814 366 4868 vobis
399 4821 674 4884 cperante
704 4813 1012 4876 clementia,
1070 4823 1130 4868 ut
1179 4817 1468 4885 Apostolus
1515 4821 1607 4884 ait,
1641 4821 1732 4876 ubi

128 4902 428 4959 abundavit
460 4903 749 4970 delictum,
779 4904 851 4958 ibi
891 4905 1294 4975 superabundat
1336 4911 1529 4979 gratia,
1568 4919 1733 4980 atque

127 4996 397 5061 quomodo
452 5005 651 5051 sancta
706 4995 801 5050 Dei
856 4995 1098 5052 Ecclesia
1153 5000 1356 5070 nostris
1399 4992 1811 5071 temporibusD

129 5087 521 5152 quotidianum
551 5087 604 5141 in
642 5087 906 5144 electione
937 5099 1118 5144 vestra
1169 5091 1396 5161 suscipit
1429 5092 1733 5152 incremen-

129 5185 257 5233 tum.
297 5179 481 5251 Cujus
509 5179 766 5250 optabilis
797 5182 1030 5237 ruuioris
1059 5183 1222 5238 index
1268 5183 1370 5238 fuit
1395 5189 1733 5246 reverendis-

129 5270 293 5328 simus
331 5272 570 5329 Yrolfus
599 5284 802 5330 sanctae
833 5273 1212 5330 Lauriacensis
1241 5277 1488 5334 ecclesiae
1516 5281 1732 5337 archie-

127 5363 409 5438 pisc0pus,
438 5377 500 5422 et.
529 5367 906 5423 sanctissimus
928 5367 1097 5422 frater
1116 5375 1318 5433 noster,
1348 5378 1527 5426 vester
1551 5381 1734 5428 autem

131 5458 442 5525 spiritualis
478 5459 662 5523 Pater,
690 5460 781 5530 qui
813 5475 909 5530 per
937 5475 1092 5514 suam
1119 5468 1363 5514 sanctam
1391 5462 1732 5531 praedicatio-

130 5565 251 5605 nem
280 5552 584 5622 adeplivos
611 5552 719 5606 Deo
767 5568 863 5606 vos
891 5551 1079 5622 genuit
1122 5550 1279 5605 ﬁlios.
1334 5552 1383 5608 Is
1430 5536 1611 5624 itaque
1663 5557 1731 5610 ad

129 5649 522 5717 apostolorum
552 5648 737 5702 limina
760 5649 1023 5703 orationis
1061 5663 1224 5703 causa
1250 5649 1494 5715 veniens,
1538 5666 1732 5705 novam

128 5739 432 5794 ecclesiam
489 5741 693 5794 nostris
717 5739 1028 5810 apostolicis
1054 5740 1521 5796 benedictionibus
1565 5741 1735 5797 infor-

127 5831 396 5887 mandam
422 5832 659 5888 subnixe
683 5833 1102 5902 commendavit,
1135 5833 1263 5904 quia
1297 5834 1529 5891 Domino
1575 5834 1730 5894 auxi-

1830 3719 1998 3774 etiam
2033 3718 2312 3787 quondam
2347 3717 2714 3772 Romanorum
2745 3730 2960 3788 quoque
2985 3715 3423 3790 Gepidarumque

1829 3821 2012 3877 aetate,
2050 3818 2110 3866 ut
2139 3810 2372 3865 lectione
2403 3819 2612 3864 certum
2643 3816 2743 3873 est,
2787 3809 2842 3864 in
2883 3817 3091 3879 septem
3144 3811 3424 3881 episcopo-

1830 3918 1949 3958 rum
1986 3902 2273 3973 parochias
2302 3910 2674 3957 antecessores
2722 3901 2805 3955 sui
2853 3899 2978 3969 jure
3007 3903 3422 3972 metropolitano

1831 3997 2181 4052 obtinuerant
2207 3997 2487 4052 dicecesin.
2525 3996 2641 4066 Qua
2664 3995 2959 4064 exjustitia
2984 4004 3039 4051 et
3077 3997 3194 4067 lege
3227 3997 3424 4068 praefa-

1831 4096 1916 4142 tus
1944 4089 2056 4142 Deo
2080 4088 2432 4159 dignissimus
2461 4087 2901 4156 archiepiscopus
2926 4088 3108 4142 debito
3131 4088 3422 4157 obligatur,

1832 4187 1891 4232 ut
1921 4179 1994 4232 illi
2029 4188 2186 4232 terrm
2233 4178 2384 4247 prius
2431 4176 2791 4241 Christicohe,
2827 4185 2991 4246 atque
3048 4193 3271 4231 suorum
3325 4193 3425 4232 an-

1835 4271 2062 4338 tiquitus
2109 4277 2517 4324 antecessorum
2571 4269 2792 4323 creditae
2848 4269 3221 4337 providentiae,
3260 4284 3424 4337 quam

1834 4378 1980 4416 nunc
2004 4377 2102 4416 vos
2132 4362 2225 4416 Dei
2281 4362 2667 4430 omnipotentis
2694 4361 2930 4417 occulto'
2956 4362 3233 4418 mediante
3279 4362 3425 4432 judi-

1834 4455 1920 4510 cio
1956 4454 2105 4508 velut
2133 4455 2539 4509 haereditariam
2563 4453 2890 4525 possidetis,
2933 4454 3050 4525 ipse
3083 4454 3424 4525 evangelicus

1835 4547 2070 4617 agricola
2106 4548 2196 4603 diu
2240 4556 2433 4619 negata
2467 4548 2710 4603 cmlestis
2753 4557 2972 4620 spargat
3021 4549 3228 4604 semina
3277 4550 3420 4617 vitae,

1835 4645 1998 4708 atque
2029 4638 2082 4692 in
2132 4637 2408 4693 lucrandis
2440 4639 2672 4694 Domino
2709 4638 2928 4695 Christo
2957 4640 3244 4696 animabus
3274 4641 3422 4697 redi-

1833 4730 2012 4783 vivam
2037 4730 2103 4784 de
2140 4730 2294 4785 vobis
2321 4731 2529 4786 nutriat
2555 4740 2816 4804 segetem.
2869 4733 3040 4800 Quem
3069 4749 3169 4788 nos
3217 4734 3424 4790 doctis-

1837 4822 2032 4876 simum
2060 4823 2226 4877 divini
2259 4824 2465 4878 oraculi
2517 4825 2828 4879 ministrum
2877 4826 3036 4880 saluti
3083 4833 3281 4881 vestrae
3333 4841 3426 4880 co-

1838 4927 2160 4988 gnoscentes
2189 4931 2285 4987 per
2310 4918 2494 4972 omnia
2543 4919 2910 4972 necessarium
2946 4917 3050 4974 ﬁde
3075 4927 3130 4973 et
3173 4917 3426 4986 exemplo

1835 5009 2127 5078 probatum
2160 5010 2359 5064 merito
2385 5025 2514 5078 erga
2563 5009 2712 5062 illum
2744 5010 3094 5080 apostolicam
3142 5017 3426 5064 servantes

1836 5099 2182 5164 sententiam,
2215 5113 2324 5167 qua
2354 5098 2574 5164 dicitur,
2596 5099 2857 5170 quomodo
2894 5099 3103 5154 credent
3137 5098 3250 5152 sine
3280 5113 3422 5167 prae-

1835 5188 2065 5255 dicante,
2110 5198 2203 5243 aut
2255 5190 2516 5259 quomodo
2560 5191 2922 5261 praedicabunt
2963 5191 3064 5244 nisi
3108 5187 3426 5243 mittantur?

1837 5279 2010 5352 (Rom.
2037 5279 2116 5352 χ.)
2149 5281 2218 5336 ab
2242 5292 2428 5336 sancta
2457 5280 2700 5338 Romana
2730 5281 2973 5338 Ecclesia
3021 5287 3195 5334 matre
3244 5279 3425 5335 vobis-

1837 5389 1961 5429 cum
1993 5380 2260 5427 rectorem
2293 5374 2718 5438 transmisimus,
2765 5379 2927 5442 atque
2968 5372 3024 5426 in
3068 5369 3307 5440 praefatis
3336 5385 3424 5427 re-

1837 5466 2088 5536 gionibus
2125 5465 2376 5532 Hunniaz,
2411 5483 2530 5538 quae
2558 5474 2613 5522 et
2646 5465 2843 5519 Avaria
2888 5461 3211 5532 appellatur,
3249 5461 3345 5518 sed
3368 5469 3425 5518 et

1838 5559 2085 5613 Moraviae
2109 5561 2511 5629 provinciarum
2534 5572 2747 5628 quoque
2780 5556 3087 5621 Pannoniae,
3121 5555 3237 5611 sive
3285 5553 3420 5612 Μω-

1835 5651 1929 5705 siae
1986 5652 2337 5721 apostolicam
2366 5652 2541 5704 vicem
2592 5656 2834 5703 nostram
2859 5656 2916 5704 et
2942 5647 3222 5713 dimcesin,
3258 5654 3424 5718 atque

1827 5742 1921 5812 jus
1945 5745 2373 5801 ecclesiasticum
2402 5741 2712 5807 exercendi,
2743 5749 2799 5797 et
2824 5756 2980 5797 usum
3010 5755 3073 5796 ac
3091 5747 3421 5812 potestatem

1839 5843 2244 5894 antecessorum
2266 5848 2510 5905 suorum,
2541 5832 2794 5893 videlicet
2819 5837 3026 5892 sancta
3039 5827 3423 5893 Laut-incensis
