  <div class='ocr_page' id='page_1' title='image "/cluster/home/n/w/nwhite01/storage/ocr_20150623/105/hvd.32044021109350/327.png"; bbox 0 0 4022 6446; ppageno 0'>
   <div class='ocr_carea' id='block_1_1' title="bbox 527 365 633 423">
    <p class='ocr_par' dir='ltr' id='par_1_1' title="bbox 527 365 633 423">
     <span class='ocr_line' id='line_1_1' title="bbox 527 365 633 423; baseline -0.028 0"><span class='ocrx_word' id='word_1_1' title='bbox 527 365 633 423; x_wconf 71' lang='grc'><strong>647</strong></span> 
     </span>
    </p>
   </div>
   <div class='ocr_carea' id='block_1_2' title="bbox 524 478 1031 556">
    <p class='ocr_par' dir='ltr' id='par_1_2' title="bbox 524 478 1031 556">
     <span class='ocr_line' id='line_1_2' title="bbox 524 478 1031 556; baseline -0.014 -17"><span class='ocrx_word' id='word_1_2' title='bbox 524 483 630 556; x_wconf 88' lang='lat' dir='ltr'><strong>piae</strong></span> <span class='ocrx_word' id='word_1_3' title='bbox 659 478 941 537; x_wconf 79' lang='lat' dir='ltr'><strong>modestiae</strong></span> <span class='ocrx_word' id='word_1_4' title='bbox 968 491 1031 532; x_wconf 90' lang='lat' dir='ltr'><strong>ac</strong></span> 
     </span>
    </p>
   </div>
   <div class='ocr_carea' id='block_1_3' title="bbox 525 559 2113 642">
    <p class='ocr_par' dir='ltr' id='par_1_3' title="bbox 525 559 2113 642">
     <span class='ocr_line' id='line_1_3' title="bbox 525 559 2113 642; baseline -0.015 -12"><span class='ocrx_word' id='word_1_5' title='bbox 525 575 672 630; x_wconf 70' lang='lat' dir='ltr'><strong>vince</strong></span> <span class='ocrx_word' id='word_1_6' title='bbox 735 568 1110 642; x_wconf 77' lang='lat' dir='ltr'><strong>inspirationis</strong></span> <span class='ocrx_word' id='word_1_7' title='bbox 1159 567 1349 635; x_wconf 82' lang='lat' dir='ltr'><strong>spiritu</strong></span> <span class='ocrx_word' id='word_1_8' title='bbox 1403 563 1634 634; x_wconf 88' lang='lat' dir='ltr'><strong>plenus,</strong></span> <span class='ocrx_word' id='word_1_9' title='bbox 1691 559 1833 612; x_wconf 86' lang='lat' dir='ltr'><strong>inter</strong></span> <span class='ocrx_word' id='word_1_10' title='bbox 1887 563 2113 609; x_wconf 89' lang='lat' dir='ltr'><strong>cunctas</strong></span> 
     </span>
    </p>
   </div>
   <div class='ocr_carea' id='block_1_4' title="bbox 528 647 2115 730">
    <p class='ocr_par' dir='ltr' id='par_1_4' title="bbox 528 647 2115 730">
     <span class='ocr_line' id='line_1_4' title="bbox 528 647 2115 730; baseline -0.016 -8"><span class='ocrx_word' id='word_1_11' title='bbox 528 667 820 722; x_wconf 84' lang='lat' dir='ltr'><strong>verborum</strong></span> <span class='ocrx_word' id='word_1_12' title='bbox 877 669 1039 730; x_wconf 90' lang='lat' dir='ltr'><strong>atque</strong></span> <span class='ocrx_word' id='word_1_13' title='bbox 1079 657 1378 728; x_wconf 68' lang='lat' dir='ltr'><strong>prudentia:</strong></span> <span class='ocrx_word' id='word_1_14' title='bbox 1428 652 1682 724; x_wconf 83' lang='lat' dir='ltr'><strong>phaleras</strong></span> <span class='ocrx_word' id='word_1_15' title='bbox 1729 647 1870 701; x_wconf 80' lang='lat' dir='ltr'><strong>labia</strong></span> <span class='ocrx_word' id='word_1_16' title='bbox 1901 653 2115 714; x_wconf 90' lang='lat' dir='ltr'><strong>compta</strong></span> 
     </span>
    </p>
   </div>
   <div class='ocr_carea' id='block_1_5' title="bbox 529 735 2113 826">
    <p class='ocr_par' dir='ltr' id='par_1_5' title="bbox 529 735 2113 826">
     <span class='ocr_line' id='line_1_5' title="bbox 529 735 2113 826; baseline -0.013 -17"><span class='ocrx_word' id='word_1_17' title='bbox 529 753 774 826; x_wconf 77' lang='lat' dir='ltr'><strong>gerebat.</strong></span> <span class='ocrx_word' id='word_1_18' title='bbox 822 747 1117 817; x_wconf 57' lang='lat' dir='ltr'><strong>Praecipitis</strong></span> <span class='ocrx_word' id='word_1_19' title='bbox 1151 760 1368 815; x_wconf 88' lang='lat' dir='ltr'><strong>quoque</strong></span> <span class='ocrx_word' id='word_1_20' title='bbox 1395 742 1694 796; x_wconf 79' lang='lat' dir='ltr'><strong>dictionum</strong></span> <span class='ocrx_word' id='word_1_21' title='bbox 1722 738 1914 806; x_wconf 88' lang='lat' dir='ltr'><strong>copiis,</strong></span> <span class='ocrx_word' id='word_1_22' title='bbox 1944 745 2000 790; x_wconf 91' lang='lat' dir='ltr'><strong>et</strong></span> <span class='ocrx_word' id='word_1_23' title='bbox 2028 735 2113 789; x_wconf 89' lang='lat' dir='ltr'><strong>lu-</strong></span> 
     </span>
    </p>
   </div>
   <div class='ocr_carea' id='block_1_6' title="bbox 531 827 2116 914">
    <p class='ocr_par' dir='ltr' id='par_1_6' title="bbox 531 827 2116 914">
     <span class='ocr_line' id='line_1_6' title="bbox 531 827 2116 914; baseline -0.013 -12"><span class='ocrx_word' id='word_1_24' title='bbox 531 845 709 904; x_wconf 83' lang='lat' dir='ltr'><strong>cilluis</strong></span> <span class='ocrx_word' id='word_1_25' title='bbox 763 857 989 914; x_wconf 91' lang='lat' dir='ltr'><strong>operum</strong></span> <span class='ocrx_word' id='word_1_26' title='bbox 1035 837 1246 893; x_wconf 87' lang='lat' dir='ltr'><strong>meritis</strong></span> <span class='ocrx_word' id='word_1_27' title='bbox 1297 833 1629 906; x_wconf 78' lang='lat' dir='ltr'><strong>patefaciens</strong></span> <span class='ocrx_word' id='word_1_28' title='bbox 1675 831 1975 901; x_wconf 87' lang='lat' dir='ltr'><strong>elegantem</strong></span> <span class='ocrx_word' id='word_1_29' title='bbox 2031 827 2116 882; x_wconf 93' lang='lat' dir='ltr'><strong>sui</strong></span> 
     </span>
    </p>
   </div>
   <div class='ocr_carea' id='block_1_7' title="bbox 534 919 2116 1007">
    <p class='ocr_par' dir='ltr' id='par_1_7' title="bbox 534 919 2116 1007">
     <span class='ocr_line' id='line_1_7' title="bbox 534 919 2116 1007; baseline -0.016 -12"><span class='ocrx_word' id='word_1_30' title='bbox 534 937 778 1007; x_wconf 90' lang='lat' dir='ltr'><strong>corporis</strong></span> <span class='ocrx_word' id='word_1_31' title='bbox 821 942 1078 989; x_wconf 87' lang='lat' dir='ltr'><strong>mentem.</strong></span> <span class='ocrx_word' id='word_1_32' title='bbox 1124 927 1434 983; x_wconf 60' lang='lat' dir='ltr'><strong>Praesertim</strong></span> <span class='ocrx_word' id='word_1_33' title='bbox 1481 939 1626 989; x_wconf 92' lang='lat' dir='ltr'><strong>cum,</strong></span> <span class='ocrx_word' id='word_1_34' title='bbox 1675 926 1831 992; x_wconf 85' lang='lat' dir='ltr'><strong>juxta</strong></span> <span class='ocrx_word' id='word_1_35' title='bbox 1858 919 2116 974; x_wconf 78' lang='lat' dir='ltr'><strong>eximiam</strong></span> 
     </span>
    </p>
   </div>
   <div class='ocr_carea' id='block_1_8' title="bbox 535 1011 2115 1097">
    <p class='ocr_par' dir='ltr' id='par_1_8' title="bbox 535 1011 2115 1097">
     <span class='ocr_line' id='line_1_8' title="bbox 535 1011 2115 1097; baseline -0.014 -11"><span class='ocrx_word' id='word_1_36' title='bbox 535 1028 774 1086; x_wconf 90' lang='lat' dir='ltr'><strong>doctoris</strong></span> <span class='ocrx_word' id='word_1_37' title='bbox 805 1024 1044 1097; x_wconf 86' lang='lat' dir='ltr'><strong>gentium</strong></span> <span class='ocrx_word' id='word_1_38' title='bbox 1071 1036 1278 1085; x_wconf 90' lang='lat' dir='ltr'><strong>vocem,</strong></span> <span class='ocrx_word' id='word_1_39' title='bbox 1312 1019 1429 1073; x_wconf 87' lang='lat' dir='ltr'><strong>sine</strong></span> <span class='ocrx_word' id='word_1_40' title='bbox 1455 1015 1750 1072; x_wconf 73' lang='lat' dir='ltr'><strong>offensione</strong></span> <span class='ocrx_word' id='word_1_41' title='bbox 1779 1029 1838 1068; x_wconf 90' lang='lat' dir='ltr'><strong>se</strong></span> <span class='ocrx_word' id='word_1_42' title='bbox 1864 1011 2115 1067; x_wconf 90' lang='lat' dir='ltr'><strong>omnibus</strong></span> 
     </span>
    </p>
   </div>
   <div class='ocr_carea' id='block_1_9' title="bbox 534 1102 2117 1186">
    <p class='ocr_par' dir='ltr' id='par_1_9' title="bbox 534 1102 2117 1186">
     <span class='ocr_line' id='line_1_9' title="bbox 534 1102 2117 1186; baseline -0.014 -8"><span class='ocrx_word' id='word_1_43' title='bbox 534 1129 778 1186; x_wconf 87' lang='lat' dir='ltr'><strong>ovanter,</strong></span> <span class='ocrx_word' id='word_1_44' title='bbox 805 1117 1093 1184; x_wconf 90' lang='lat' dir='ltr'><strong>animoque</strong></span> <span class='ocrx_word' id='word_1_45' title='bbox 1115 1113 1393 1184; x_wconf 65' lang='lat' dir='ltr'><strong>praebebat</strong></span> <span class='ocrx_word' id='word_1_46' title='bbox 1412 1108 1665 1179; x_wconf 87' lang='lat' dir='ltr'><strong>benigno.</strong></span> <span class='ocrx_word' id='word_1_47' title='bbox 1683 1103 1896 1160; x_wconf 85' lang='lat' dir='ltr'><strong>Nemini</strong></span> <span class='ocrx_word' id='word_1_48' title='bbox 1918 1102 2117 1172; x_wconf 89' lang='lat' dir='ltr'><strong>quippe</strong></span> 
     </span>
    </p>
   </div>
   <div class='ocr_carea' id='block_1_10' title="bbox 535 1192 2116 1273">
    <p class='ocr_par' dir='ltr' id='par_1_10' title="bbox 535 1192 2116 1273">
     <span class='ocr_line' id='line_1_10' title="bbox 535 1192 2116 1273; baseline -0.014 -3"><span class='ocrx_word' id='word_1_49' title='bbox 535 1209 940 1271; x_wconf 89' lang='lat' dir='ltr'><strong>contrarietatis</strong></span> <span class='ocrx_word' id='word_1_50' title='bbox 968 1205 1284 1262; x_wconf 84' lang='lat' dir='ltr'><strong>scandalum</strong></span> <span class='ocrx_word' id='word_1_51' title='bbox 1324 1215 1554 1273; x_wconf 91' lang='lat' dir='ltr'><strong>ponens,</strong></span> <span class='ocrx_word' id='word_1_52' title='bbox 1584 1198 1824 1254; x_wconf 91' lang='lat' dir='ltr'><strong>debitum</strong></span> <span class='ocrx_word' id='word_1_53' title='bbox 1861 1192 2116 1265; x_wconf 60' lang='lat' dir='ltr'><strong>perfectae</strong></span> 
     </span>
    </p>
   </div>
   <div class='ocr_carea' id='block_1_11' title="bbox 537 1291 2116 1369">
    <p class='ocr_par' dir='ltr' id='par_1_11' title="bbox 537 1291 2116 1369">
     <span class='ocr_line' id='line_1_11' title="bbox 537 1291 2116 1369; baseline -0.014 -8"><span class='ocrx_word' id='word_1_54' title='bbox 537 1303 845 1362; x_wconf 87' lang='lat' dir='ltr'><strong>dilectionis</strong></span> <span class='ocrx_word' id='word_1_55' title='bbox 873 1298 1186 1369; x_wconf 85' lang='lat' dir='ltr'><strong>impendere</strong></span> <span class='ocrx_word' id='word_1_56' title='bbox 1215 1293 1480 1366; x_wconf 83' lang='lat' dir='ltr'><strong>proximis</strong></span> <span class='ocrx_word' id='word_1_57' title='bbox 1518 1291 1701 1344; x_wconf 89' lang='lat' dir='ltr'><strong>animo</strong></span> <span class='ocrx_word' id='word_1_58' title='bbox 1736 1297 1957 1342; x_wconf 91' lang='lat' dir='ltr'><strong>strenuo</strong></span> <span class='ocrx_word' id='word_1_59' title='bbox 1989 1299 2116 1354; x_wconf 84' lang='lat' dir='ltr'><strong>pro—</strong></span> 
     </span>
    </p>
   </div>
   <div class='ocr_carea' id='block_1_12' title="bbox 534 1380 2117 1460">
    <p class='ocr_par' dir='ltr' id='par_1_12' title="bbox 534 1380 2117 1460">
     <span class='ocr_line' id='line_1_12' title="bbox 534 1380 2117 1460; baseline -0.014 -9"><span class='ocrx_word' id='word_1_60' title='bbox 534 1395 778 1454; x_wconf 87' lang='lat' dir='ltr'><strong>curabat.</strong></span> <span class='ocrx_word' id='word_1_61' title='bbox 825 1391 1002 1459; x_wconf 84' lang='lat' dir='ltr'><strong>Atque</strong></span> <span class='ocrx_word' id='word_1_62' title='bbox 1044 1389 1201 1460; x_wconf 83' lang='lat' dir='ltr'><strong>juxta</strong></span> <span class='ocrx_word' id='word_1_63' title='bbox 1248 1384 1544 1440; x_wconf 67' lang='lat' dir='ltr'><strong>Dominicze</strong></span> <span class='ocrx_word' id='word_1_64' title='bbox 1593 1380 1742 1436; x_wconf 81' lang='lat' dir='ltr'><strong>vocis</strong></span> <span class='ocrx_word' id='word_1_65' title='bbox 1786 1385 2117 1449; x_wconf 84' lang='lat' dir='ltr'><strong>praeceptum</strong></span> 
     </span>
    </p>
   </div>
   <div class='ocr_carea' id='block_1_13' title="bbox 533 1464 2118 1549">
    <p class='ocr_par' dir='ltr' id='par_1_13' title="bbox 533 1464 2118 1549">
     <span class='ocr_line' id='line_1_13' title="bbox 533 1464 2118 1549; baseline -0.015 -8"><span class='ocrx_word' id='word_1_66' title='bbox 533 1485 744 1541; x_wconf 88' lang='lat' dir='ltr'><strong>lumbos</strong></span> <span class='ocrx_word' id='word_1_67' title='bbox 794 1481 1044 1538; x_wconf 82' lang='lat' dir='ltr'><strong>castitate</strong></span> <span class='ocrx_word' id='word_1_68' title='bbox 1085 1477 1431 1549; x_wconf 66' lang='lat' dir='ltr'><strong>praecinctos,</strong></span> <span class='ocrx_word' id='word_1_69' title='bbox 1477 1480 1532 1528; x_wconf 88' lang='lat' dir='ltr'><strong>et</strong></span> <span class='ocrx_word' id='word_1_70' title='bbox 1573 1472 1824 1525; x_wconf 89' lang='lat' dir='ltr'><strong>lucernas</strong></span> <span class='ocrx_word' id='word_1_71' title='bbox 1856 1468 1910 1522; x_wconf 93' lang='lat' dir='ltr'><strong>in</strong></span> <span class='ocrx_word' id='word_1_72' title='bbox 1943 1464 2118 1520; x_wconf 91' lang='lat' dir='ltr'><strong>mani-</strong></span> 
     </span>
    </p>
   </div>
   <div class='ocr_carea' id='block_1_14' title="bbox 532 1559 2118 1646">
    <p class='ocr_par' dir='ltr' id='par_1_14' title="bbox 532 1559 2118 1646">
     <span class='ocr_line' id='line_1_14' title="bbox 532 1559 2118 1646; baseline -0.016 -10"><span class='ocrx_word' id='word_1_73' title='bbox 532 1578 636 1636; x_wconf 87' lang='lat' dir='ltr'><strong>bus</strong></span> <span class='ocrx_word' id='word_1_74' title='bbox 662 1574 908 1646; x_wconf 80' lang='lat' dir='ltr'><strong>gestabat</strong></span> <span class='ocrx_word' id='word_1_75' title='bbox 950 1571 1221 1635; x_wconf 88' lang='lat' dir='ltr'><strong>ardentes,</strong></span> <span class='ocrx_word' id='word_1_76' title='bbox 1262 1568 1429 1623; x_wconf 90' lang='lat' dir='ltr'><strong>verbo</strong></span> <span class='ocrx_word' id='word_1_77' title='bbox 1468 1564 1676 1621; x_wconf 90' lang='lat' dir='ltr'><strong>scilicet</strong></span> <span class='ocrx_word' id='word_1_78' title='bbox 1702 1559 2003 1616; x_wconf 83' lang='lat' dir='ltr'><strong>luculenter</strong></span> <span class='ocrx_word' id='word_1_79' title='bbox 2032 1571 2118 1611; x_wconf 91' lang='lat' dir='ltr'><strong>re-</strong></span> 
     </span>
    </p>
   </div>
   <div class='ocr_carea' id='block_1_15' title="bbox 532 1658 2117 1744">
    <p class='ocr_par' dir='ltr' id='par_1_15' title="bbox 532 1658 2117 1744">
     <span class='ocr_line' id='line_1_15' title="bbox 532 1658 2117 1744; baseline -0.016 -16"><span class='ocrx_word' id='word_1_80' title='bbox 532 1671 785 1744; x_wconf 79' lang='lat' dir='ltr'><strong>fulgens,</strong></span> <span class='ocrx_word' id='word_1_81' title='bbox 839 1675 895 1724; x_wconf 89' lang='lat' dir='ltr'><strong>et</strong></span> <span class='ocrx_word' id='word_1_82' title='bbox 949 1673 1072 1721; x_wconf 91' lang='lat' dir='ltr'><strong>actu</strong></span> <span class='ocrx_word' id='word_1_83' title='bbox 1131 1661 1394 1718; x_wconf 65' lang='lat' dir='ltr'><strong>doctrinm</strong></span> <span class='ocrx_word' id='word_1_84' title='bbox 1445 1658 1655 1730; x_wconf 88' lang='lat' dir='ltr'><strong>pariter</strong></span> <span class='ocrx_word' id='word_1_85' title='bbox 1714 1668 1942 1708; x_wconf 90' lang='lat' dir='ltr'><strong>munere</strong></span> <span class='ocrx_word' id='word_1_86' title='bbox 1993 1664 2117 1704; x_wconf 92' lang='lat' dir='ltr'><strong>cum</strong></span> 
     </span>
    </p>
   </div>
   <div class='ocr_carea' id='block_1_16' title="bbox 532 1742 2023 1831">
    <p class='ocr_par' dir='ltr' id='par_1_16' title="bbox 532 1742 2023 1831">
     <span class='ocr_line' id='line_1_16' title="bbox 532 1742 2023 1831; baseline -0.016 -13"><span class='ocrx_word' id='word_1_87' title='bbox 532 1742 822 1831; x_wconf 79' lang='lat' dir='ltr'><strong>magnifico</strong></span> <span class='ocrx_word' id='word_1_88' title='bbox 851 1755 1099 1825; x_wconf 88' lang='lat' dir='ltr'><strong>exemplo</strong></span> <span class='ocrx_word' id='word_1_89' title='bbox 1131 1751 1418 1807; x_wconf 90' lang='lat' dir='ltr'><strong>laudabilis</strong></span> <span class='ocrx_word' id='word_1_90' title='bbox 1444 1748 1649 1819; x_wconf 89' lang='lat' dir='ltr'><strong>judicio</strong></span> <span class='ocrx_word' id='word_1_91' title='bbox 1679 1742 2023 1800; x_wconf 89' lang='lat' dir='ltr'><strong>coruscabat.</strong></span> 
     </span>
    </p>
   </div>
   <div class='ocr_carea' id='block_1_17' title="bbox 1811 343 2511 409">
    <p class='ocr_par' dir='ltr' id='par_1_17' title="bbox 1811 343 2511 409">
     <span class='ocr_line' id='line_1_17' title="bbox 1811 343 2511 409; baseline -0.02 0"><span class='ocrx_word' id='word_1_92' title='bbox 1811 349 2086 409; x_wconf 83' lang='lat' dir='ltr'><strong>NOTlTlA</strong></span> <span class='ocrx_word' id='word_1_93' title='bbox 2125 343 2511 404; x_wconf 81' lang='lat' dir='ltr'><strong>HISTORICA.</strong></span> 
     </span>
    </p>
   </div>
   <div class='ocr_carea' id='block_1_18' title="bbox 1061 433 3814 537">
    <p class='ocr_par' dir='ltr' id='par_1_18' title="bbox 1061 433 3814 537">
     <span class='ocr_line' id='line_1_18' title="bbox 1061 433 3814 537; baseline -0.017 -5"><span class='ocrx_word' id='word_1_94' title='bbox 1061 474 1344 531; x_wconf 87' lang='lat' dir='ltr'><strong>sobrietati</strong></span> <span class='ocrx_word' id='word_1_95' title='bbox 1371 470 1604 535; x_wconf 89' lang='lat' dir='ltr'><strong>deditus,</strong></span> <span class='ocrx_word' id='word_1_96' title='bbox 1643 475 1697 523; x_wconf 88' lang='lat' dir='ltr'><strong>et</strong></span> <span class='ocrx_word' id='word_1_97' title='bbox 1727 464 1990 537; x_wconf 76' lang='lat' dir='ltr'><strong>praeclaro</strong></span> <span class='ocrx_word' id='word_1_98' title='bbox 2029 462 2112 516; x_wconf 89' lang='lat' dir='ltr'><strong>di-</strong></span> <span class='ocrx_word' id='word_1_99' title='bbox 2137 464 2190 522; x_wconf 84' lang='grc' dir='ltr'><strong>Α</strong></span> <span class='ocrx_word' id='word_1_100' title='bbox 2213 458 2426 528; x_wconf 86' lang='lat' dir='ltr'><strong>placata</strong></span> <span class='ocrx_word' id='word_1_101' title='bbox 2463 450 2720 519; x_wconf 87' lang='lat' dir='ltr'><strong>majestas</strong></span> <span class='ocrx_word' id='word_1_102' title='bbox 2754 446 2923 516; x_wconf 81' lang='lat' dir='ltr'><strong>quem</strong></span> <span class='ocrx_word' id='word_1_103' title='bbox 2961 457 3029 497; x_wconf 90' lang='lat' dir='ltr'><strong>ex</strong></span> <span class='ocrx_word' id='word_1_104' title='bbox 3071 437 3397 496; x_wconf 88' lang='lat' dir='ltr'><strong>sacerdotali</strong></span> <span class='ocrx_word' id='word_1_105' title='bbox 3436 436 3520 492; x_wconf 90' lang='lat' dir='ltr'><strong>eis</strong></span> <span class='ocrx_word' id='word_1_106' title='bbox 3547 433 3814 506; x_wconf 80' lang='lat' dir='ltr'><strong>catalogo</strong></span> 
     </span>
    </p>
   </div>
   <div class='ocr_carea' id='block_1_19' title="bbox 3707 319 3817 376">
    <p class='ocr_par' dir='ltr' id='par_1_19' title="bbox 3707 319 3817 376">
     <span class='ocr_line' id='line_1_19' title="bbox 3707 319 3817 376; baseline 0 0"><span class='ocrx_word' id='word_1_107' title='bbox 3707 319 3817 376; x_wconf 66' lang='grc'><strong>648</strong></span> 
     </span>
    </p>
   </div>
   <div class='ocr_carea' id='block_1_20' title="bbox 2215 529 3816 620">
    <p class='ocr_par' dir='ltr' id='par_1_20' title="bbox 2215 529 3816 620">
     <span class='ocr_line' id='line_1_20' title="bbox 2215 529 3816 620; baseline -0.014 -16"><span class='ocrx_word' id='word_1_108' title='bbox 2215 547 2516 620; x_wconf 88' lang='lat' dir='ltr'><strong>eligendum</strong></span> <span class='ocrx_word' id='word_1_109' title='bbox 2539 556 2735 598; x_wconf 90' lang='lat' dir='ltr'><strong>arcano</strong></span> <span class='ocrx_word' id='word_1_110' title='bbox 2757 555 2866 594; x_wconf 69' lang='lat' dir='ltr'><strong>sum</strong></span> <span class='ocrx_word' id='word_1_111' title='bbox 2890 535 3142 608; x_wconf 64' lang='lat' dir='ltr'><strong>potentia:</strong></span> <span class='ocrx_word' id='word_1_112' title='bbox 3172 541 3303 586; x_wconf 89' lang='lat' dir='ltr'><strong>nutu</strong></span> <span class='ocrx_word' id='word_1_113' title='bbox 3327 531 3674 590; x_wconf 82' lang='lat' dir='ltr'><strong>ostenderet,</strong></span> <span class='ocrx_word' id='word_1_114' title='bbox 3707 529 3816 582; x_wconf 88' lang='lat' dir='ltr'><strong>nisi</strong></span> 
     </span>
    </p>
   </div>
   <div class='ocr_carea' id='block_1_21' title="bbox 2214 622 3814 708">
    <p class='ocr_par' dir='ltr' id='par_1_21' title="bbox 2214 622 3814 708">
     <span class='ocr_line' id='line_1_21' title="bbox 2214 622 3814 708; baseline -0.014 -11"><span class='ocrx_word' id='word_1_115' title='bbox 2214 657 2356 704; x_wconf 90' lang='lat' dir='ltr'><strong>eum,</strong></span> <span class='ocrx_word' id='word_1_116' title='bbox 2391 653 2551 708; x_wconf 87' lang='lat' dir='ltr'><strong>quem</strong></span> <span class='ocrx_word' id='word_1_117' title='bbox 2589 638 2656 690; x_wconf 91' lang='lat' dir='ltr'><strong>ah</strong></span> <span class='ocrx_word' id='word_1_118' title='bbox 2684 633 2815 704; x_wconf 87' lang='lat' dir='ltr'><strong>ipsis</strong></span> <span class='ocrx_word' id='word_1_119' title='bbox 2842 630 3034 685; x_wconf 88' lang='lat' dir='ltr'><strong>matris</strong></span> <span class='ocrx_word' id='word_1_120' title='bbox 3055 627 3312 693; x_wconf 77' lang='lat' dir='ltr'><strong>uberibus</strong></span> <span class='ocrx_word' id='word_1_121' title='bbox 3337 633 3416 678; x_wconf 91' lang='lat' dir='ltr'><strong>tot</strong></span> <span class='ocrx_word' id='word_1_122' title='bbox 3445 639 3614 692; x_wconf 88' lang='lat' dir='ltr'><strong>supra</strong></span> <span class='ocrx_word' id='word_1_123' title='bbox 3647 622 3814 676; x_wconf 80' lang='lat' dir='ltr'><strong>dictis</strong></span> 
     </span>
    </p>
   </div>
   <div class='ocr_carea' id='block_1_22' title="bbox 2213 711 3815 798">
    <p class='ocr_par' dir='ltr' id='par_1_22' title="bbox 2213 711 3815 798">
     <span class='ocr_line' id='line_1_22' title="bbox 2213 711 3815 798; baseline -0.014 -10"><span class='ocrx_word' id='word_1_124' title='bbox 2213 734 2476 788; x_wconf 87' lang='lat' dir='ltr'><strong>virtutum</strong></span> <span class='ocrx_word' id='word_1_125' title='bbox 2516 727 2706 798; x_wconf 84' lang='lat' dir='ltr'><strong>cupiis,</strong></span> <span class='ocrx_word' id='word_1_126' title='bbox 2749 732 2804 778; x_wconf 92' lang='lat' dir='ltr'><strong>et</strong></span> <span class='ocrx_word' id='word_1_127' title='bbox 2832 719 3200 793; x_wconf 91' lang='lat' dir='ltr'><strong>pulcherrimo</strong></span> <span class='ocrx_word' id='word_1_128' title='bbox 3248 715 3627 770; x_wconf 87' lang='lat' dir='ltr'><strong>doctrinarum</strong></span> <span class='ocrx_word' id='word_1_129' title='bbox 3681 711 3815 765; x_wconf 81' lang='lat' dir='ltr'><strong>flore</strong></span> 
     </span>
    </p>
   </div>
   <div class='ocr_carea' id='block_1_23' title="bbox 2213 804 3807 888">
    <p class='ocr_par' dir='ltr' id='par_1_23' title="bbox 2213 804 3807 888">
     <span class='ocr_line' id='line_1_23' title="bbox 2213 804 3807 888; baseline -0.016 -7"><span class='ocrx_word' id='word_1_130' title='bbox 2213 830 2521 885; x_wconf 86' lang='lat' dir='ltr'><strong>ornaverat,</strong></span> <span class='ocrx_word' id='word_1_131' title='bbox 2572 827 2736 888; x_wconf 88' lang='lat' dir='ltr'><strong>atque</strong></span> <span class='ocrx_word' id='word_1_132' title='bbox 2770 819 3105 869; x_wconf 85' lang='lat' dir='ltr'><strong>constantem</strong></span> <span class='ocrx_word' id='word_1_133' title='bbox 3129 817 3184 862; x_wconf 88' lang='lat' dir='ltr'><strong>et</strong></span> <span class='ocrx_word' id='word_1_134' title='bbox 3213 806 3426 862; x_wconf 86' lang='lat' dir='ltr'><strong>ﬁdelem</strong></span> <span class='ocrx_word' id='word_1_135' title='bbox 3455 806 3510 859; x_wconf 92' lang='lat' dir='ltr'><strong>in</strong></span> <span class='ocrx_word' id='word_1_136' title='bbox 3538 804 3807 857; x_wconf 88' lang='lat' dir='ltr'><strong>omnibus</strong></span> 
     </span>
    </p>
   </div>
   <div class='ocr_carea' id='block_1_24' title="bbox 2215 899 3811 973">
    <p class='ocr_par' dir='ltr' id='par_1_24' title="bbox 2215 899 3811 973">
     <span class='ocr_line' id='line_1_24' title="bbox 2215 899 3811 973; baseline -0.015 0"><span class='ocrx_word' id='word_1_137' title='bbox 2215 918 2316 973; x_wconf 88' lang='lat' dir='ltr'><strong>sibi</strong></span> <span class='ocrx_word' id='word_1_138' title='bbox 2339 917 2615 970; x_wconf 89' lang='lat' dir='ltr'><strong>alumnum</strong></span> <span class='ocrx_word' id='word_1_139' title='bbox 2642 908 2925 972; x_wconf 88' lang='lat' dir='ltr'><strong>nutrierat,</strong></span> <span class='ocrx_word' id='word_1_140' title='bbox 2953 902 3332 962; x_wconf 74' lang='lat' dir='ltr'><strong>sacratissima:</strong></span> <span class='ocrx_word' id='word_1_141' title='bbox 3359 899 3508 955; x_wconf 83' lang='lat' dir='ltr'><strong>sedis</strong></span> <span class='ocrx_word' id='word_1_142' title='bbox 3532 904 3811 952; x_wconf 86' lang='lat' dir='ltr'><strong>rectorem</strong></span> 
     </span>
    </p>
   </div>
   <div class='ocr_carea' id='block_1_25' title="bbox 2216 1007 2516 1063">
    <p class='ocr_par' dir='ltr' id='par_1_25' title="bbox 2216 1007 2516 1063">
     <span class='ocr_line' id='line_1_25' title="bbox 2216 1007 2516 1063; baseline -0.02 0"><span class='ocrx_word' id='word_1_143' title='bbox 2216 1007 2516 1063; x_wconf 89' lang='lat' dir='ltr'><strong>tribueret?</strong></span> 
     </span>
    </p>
   </div>
   <div class='ocr_carea' id='block_1_26' title="bbox 2287 1080 3812 1165">
    <p class='ocr_par' dir='ltr' id='par_1_26' title="bbox 2287 1080 3812 1165">
     <span class='ocr_line' id='line_1_26' title="bbox 2287 1080 3812 1165; baseline -0.016 -10"><span class='ocrx_word' id='word_1_144' title='bbox 2287 1095 2744 1165; x_wconf 84' lang='lat' dir='ltr'><strong>Collectis&#39;igitur</strong></span> <span class='ocrx_word' id='word_1_145' title='bbox 2770 1093 2825 1147; x_wconf 93' lang='lat' dir='ltr'><strong>in</strong></span> <span class='ocrx_word' id='word_1_146' title='bbox 2855 1103 3021 1146; x_wconf 92' lang='lat' dir='ltr'><strong>unum</strong></span> <span class='ocrx_word' id='word_1_147' title='bbox 3063 1083 3467 1141; x_wconf 83' lang='lat' dir='ltr'><strong>venerabilibus</strong></span> <span class='ocrx_word' id='word_1_148' title='bbox 3505 1080 3812 1152; x_wconf 86' lang='lat' dir='ltr'><strong>episcopis,</strong></span> 
     </span>
    </p>
   </div>
   <div class='ocr_carea' id='block_1_27' title="bbox 2215 1170 3816 1261">
    <p class='ocr_par' dir='ltr' id='par_1_27' title="bbox 2215 1170 3816 1261">
     <span class='ocr_line' id='line_1_27' title="bbox 2215 1170 3816 1261; baseline -0.014 -15"><span class='ocrx_word' id='word_1_149' title='bbox 2215 1200 2272 1247; x_wconf 91' lang='lat' dir='ltr'><strong>et</strong></span> <span class='ocrx_word' id='word_1_150' title='bbox 2295 1189 2544 1261; x_wconf 83' lang='lat' dir='ltr'><strong>gloriosis</strong></span> <span class='ocrx_word' id='word_1_151' title='bbox 2572 1187 2939 1240; x_wconf 81' lang='lat' dir='ltr'><strong>Romanorum</strong></span> <span class='ocrx_word' id='word_1_152' title='bbox 2964 1176 3303 1249; x_wconf 85' lang='lat' dir='ltr'><strong>proceribus,</strong></span> <span class='ocrx_word' id='word_1_153' title='bbox 3327 1173 3597 1243; x_wconf 81' lang='lat' dir='ltr'><strong>omnique</strong></span> <span class='ocrx_word' id='word_1_154' title='bbox 3617 1170 3816 1239; x_wconf 67' lang='lat' dir='ltr'><strong>ampla:</strong></span> 
     </span>
    </p>
   </div>
   <div class='ocr_carea' id='block_1_28' title="bbox 2215 1264 3814 1352">
    <p class='ocr_par' dir='ltr' id='par_1_28' title="bbox 2215 1264 3814 1352">
     <span class='ocr_line' id='line_1_28' title="bbox 2215 1264 3814 1352; baseline -0.014 -12"><span class='ocrx_word' id='word_1_155' title='bbox 2215 1284 2367 1340; x_wconf 90' lang='lat' dir='ltr'><strong>urbis</strong></span> <span class='ocrx_word' id='word_1_156' title='bbox 2406 1279 2604 1352; x_wconf 93' lang='lat' dir='ltr'><strong>populo</strong></span> <span class='ocrx_word' id='word_1_157' title='bbox 2653 1277 2707 1330; x_wconf 92' lang='lat' dir='ltr'><strong>in</strong></span> <span class='ocrx_word' id='word_1_158' title='bbox 2753 1273 2958 1344; x_wconf 90' lang='lat' dir='ltr'><strong>palatio</strong></span> <span class='ocrx_word' id='word_1_159' title='bbox 3011 1268 3385 1333; x_wconf 90' lang='lat' dir='ltr'><strong>Lateranensi,</strong></span> <span class='ocrx_word' id='word_1_160' title='bbox 3421 1275 3483 1321; x_wconf 90' lang='lat' dir='ltr'><strong>ut</strong></span> <span class='ocrx_word' id='word_1_161' title='bbox 3519 1265 3672 1335; x_wconf 91' lang='lat' dir='ltr'><strong>quod</strong></span> <span class='ocrx_word' id='word_1_162' title='bbox 3701 1264 3814 1334; x_wconf 89' lang='lat' dir='ltr'><strong>jam</strong></span> 
     </span>
    </p>
   </div>
   <div class='ocr_carea' id='block_1_29' title="bbox 2218 1355 3813 1434">
    <p class='ocr_par' dir='ltr' id='par_1_29' title="bbox 2218 1355 3813 1434">
     <span class='ocr_line' id='line_1_29' title="bbox 2218 1355 3813 1434; baseline -0.016 -2"><span class='ocrx_word' id='word_1_163' title='bbox 2218 1375 2368 1433; x_wconf 89' lang='lat' dir='ltr'><strong>cordi</strong></span> <span class='ocrx_word' id='word_1_164' title='bbox 2405 1373 2619 1430; x_wconf 64' lang='lat' dir='ltr'><strong>caelitus</strong></span> <span class='ocrx_word' id='word_1_165' title='bbox 2644 1367 2940 1424; x_wconf 89' lang='lat' dir='ltr'><strong>revelatum</strong></span> <span class='ocrx_word' id='word_1_166' title='bbox 2969 1362 3196 1434; x_wconf 80' lang='lat' dir='ltr'><strong>aequiter</strong></span> <span class='ocrx_word' id='word_1_167' title='bbox 3222 1375 3413 1414; x_wconf 89' lang='lat' dir='ltr'><strong>omnes</strong></span> <span class='ocrx_word' id='word_1_168' title='bbox 3435 1358 3730 1419; x_wconf 87' lang='lat' dir='ltr'><strong>tenebant,</strong></span> <span class='ocrx_word' id='word_1_169' title='bbox 3760 1355 3813 1409; x_wconf 89' lang='lat' dir='ltr'><strong>in</strong></span> 
     </span>
    </p>
   </div>
   <div class='ocr_carea' id='block_1_30' title="bbox 2215 1448 3813 1526">
    <p class='ocr_par' dir='ltr' id='par_1_30' title="bbox 2215 1448 3813 1526">
     <span class='ocr_line' id='line_1_30' title="bbox 2215 1448 3813 1526; baseline -0.015 0"><span class='ocrx_word' id='word_1_170' title='bbox 2215 1486 2325 1526; x_wconf 89' lang='lat' dir='ltr'><strong>uno</strong></span> <span class='ocrx_word' id='word_1_171' title='bbox 2375 1467 2669 1523; x_wconf 91' lang='lat' dir='ltr'><strong>multorum</strong></span> <span class='ocrx_word' id='word_1_172' title='bbox 2717 1460 2893 1516; x_wconf 91' lang='lat' dir='ltr'><strong>sonitu</strong></span> <span class='ocrx_word' id='word_1_173' title='bbox 2941 1465 3247 1520; x_wconf 86' lang='lat' dir='ltr'><strong>resonaret,</strong></span> <span class='ocrx_word' id='word_1_174' title='bbox 3297 1453 3462 1508; x_wconf 90' lang='lat' dir='ltr'><strong>unius</strong></span> <span class='ocrx_word' id='word_1_175' title='bbox 3505 1448 3813 1504; x_wconf 70' lang='lat' dir='ltr'><strong>voluntatis</strong></span> 
     </span>
    </p>
   </div>
   <div class='ocr_carea' id='block_1_31' title="bbox 2218 1541 3816 1620">
    <p class='ocr_par' dir='ltr' id='par_1_31' title="bbox 2218 1541 3816 1620">
     <span class='ocr_line' id='line_1_31' title="bbox 2218 1541 3816 1620; baseline -0.018 0"><span class='ocrx_word' id='word_1_176' title='bbox 2218 1575 2486 1620; x_wconf 85' lang='lat' dir='ltr'><strong>consensu</strong></span> <span class='ocrx_word' id='word_1_177' title='bbox 2550 1555 2768 1611; x_wconf 85' lang='lat' dir='ltr'><strong>fortiter</strong></span> <span class='ocrx_word' id='word_1_178' title='bbox 2842 1544 3202 1606; x_wconf 85' lang='lat' dir='ltr'><strong>acclamatum</strong></span> <span class='ocrx_word' id='word_1_179' title='bbox 3262 1553 3404 1601; x_wconf 91' lang='lat' dir='ltr'><strong>est:</strong></span> <span class='ocrx_word' id='word_1_180' title='bbox 3458 1541 3816 1598; x_wconf 78' lang='lat' dir='ltr'><strong>Valentinum</strong></span> 
     </span>
    </p>
   </div>
   <div class='ocr_carea' id='block_1_32' title="bbox 2218 1631 3817 1711">
    <p class='ocr_par' dir='ltr' id='par_1_32' title="bbox 2218 1631 3817 1711">
     <span class='ocr_line' id='line_1_32' title="bbox 2218 1631 3817 1711; baseline -0.016 -1"><span class='ocrx_word' id='word_1_181' title='bbox 2218 1652 2624 1711; x_wconf 90' lang='lat' dir='ltr'><strong>sanctissimum</strong></span> <span class='ocrx_word' id='word_1_182' title='bbox 2669 1643 3117 1700; x_wconf 88' lang='lat' dir='ltr'><strong>archidiaconum</strong></span> <span class='ocrx_word' id='word_1_183' title='bbox 3170 1637 3314 1692; x_wconf 89' lang='lat' dir='ltr'><strong>sedis</strong></span> <span class='ocrx_word' id='word_1_184' title='bbox 3362 1634 3683 1705; x_wconf 71' lang='lat' dir='ltr'><strong>apostolicae</strong></span> <span class='ocrx_word' id='word_1_185' title='bbox 3737 1631 3817 1685; x_wconf 89' lang='lat' dir='ltr'><strong>di-</strong></span> 
     </span>
    </p>
   </div>
   <div class='ocr_carea' id='block_1_33' title="bbox 2218 1723 3818 1816">
    <p class='ocr_par' dir='ltr' id='par_1_33' title="bbox 2218 1723 3818 1816">
     <span class='ocr_line' id='line_1_33' title="bbox 2218 1723 3818 1816; baseline -0.014 -17"><span class='ocrx_word' id='word_1_186' title='bbox 2218 1759 2399 1816; x_wconf 88' lang='lat' dir='ltr'><strong>gnum,</strong></span> <span class='ocrx_word' id='word_1_187' title='bbox 2431 1737 2778 1794; x_wconf 81' lang='lat' dir='ltr'><strong>Valentinum</strong></span> <span class='ocrx_word' id='word_1_188' title='bbox 2818 1732 3016 1788; x_wconf 90' lang='lat' dir='ltr'><strong>summi</strong></span> <span class='ocrx_word' id='word_1_189' title='bbox 3051 1727 3399 1800; x_wconf 81' lang='lat' dir='ltr'><strong>pontificatus</strong></span> <span class='ocrx_word' id='word_1_190' title='bbox 3435 1725 3608 1781; x_wconf 82' lang='lat' dir='ltr'><strong>infula</strong></span> <span class='ocrx_word' id='word_1_191' title='bbox 3646 1723 3818 1778; x_wconf 85' lang='lat' dir='ltr'><strong>deco-</strong></span> 
     </span>
    </p>
   </div>
   <div class='ocr_carea' id='block_1_34' title="bbox 607 1829 2469 1922">
    <p class='ocr_par' dir='ltr' id='par_1_34' title="bbox 607 1829 2469 1922">
     <span class='ocr_line' id='line_1_34' title="bbox 607 1829 2469 1922; baseline -0.014 -13"><span class='ocrx_word' id='word_1_192' title='bbox 607 1829 856 1922; x_wconf 61' lang='lat' dir='ltr'><strong>Superna</strong></span> <span class='ocrx_word' id='word_1_193' title='bbox 893 1862 1107 1918; x_wconf 91' lang='lat' dir='ltr'><strong>quoque</strong></span> <span class='ocrx_word' id='word_1_194' title='bbox 1145 1845 1239 1901; x_wconf 91' lang='lat' dir='ltr'><strong>Dei</strong></span> <span class='ocrx_word' id='word_1_195' title='bbox 1279 1844 1575 1898; x_wconf 75' lang='lat' dir='ltr'><strong>auxiliante</strong></span> <span class='ocrx_word' id='word_1_196' title='bbox 1606 1840 1824 1903; x_wconf 87' lang='lat' dir='ltr'><strong>virtute,</strong></span> <span class='ocrx_word' id='word_1_197' title='bbox 1858 1851 1979 1890; x_wconf 90' lang='lat' dir='ltr'><strong>cum</strong></span> <span class='ocrx_word' id='word_1_198' title='bbox 2002 1833 2116 1904; x_wconf 91' lang='lat' dir='ltr'><strong>jam</strong></span> <span class='ocrx_word' id='word_1_199' title='bbox 2221 1837 2469 1893; x_wconf 77' lang='lat' dir='ltr'><strong>randum.</strong></span> 
     </span>
    </p>
   </div>
   <div class='ocr_carea' id='block_1_35' title="bbox 537 1928 2116 2018">
    <p class='ocr_par' dir='ltr' id='par_1_35' title="bbox 537 1928 2116 2018">
     <span class='ocr_line' id='line_1_35' title="bbox 537 1928 2116 2018; baseline -0.013 -18"><span class='ocrx_word' id='word_1_200' title='bbox 537 1945 778 2018; x_wconf 81' lang='lat' dir='ltr'><strong>perfecte</strong></span> <span class='ocrx_word' id='word_1_201' title='bbox 808 1943 1020 1998; x_wconf 90' lang='lat' dir='ltr'><strong>initium</strong></span> <span class='ocrx_word' id='word_1_202' title='bbox 1049 1938 1369 2007; x_wconf 85' lang='lat' dir='ltr'><strong>sumpsisset</strong></span> <span class='ocrx_word' id='word_1_203' title='bbox 1395 1934 1591 1998; x_wconf 83' lang='lat' dir='ltr'><strong>aetatis,</strong></span> <span class='ocrx_word' id='word_1_204' title='bbox 1622 1941 1676 1986; x_wconf 91' lang='lat' dir='ltr'><strong>et</strong></span> <span class='ocrx_word' id='word_1_205' title='bbox 1703 1931 1873 2001; x_wconf 90' lang='lat' dir='ltr'><strong>ipsius</strong></span> <span class='ocrx_word' id='word_1_206' title='bbox 1899 1928 2116 1982; x_wconf 79' lang='lat' dir='ltr'><strong>bonita—</strong></span> 
     </span>
    </p>
   </div>
   <div class='ocr_carea' id='block_1_36' title="bbox 535 2019 2116 2104">
    <p class='ocr_par' dir='ltr' id='par_1_36' title="bbox 535 2019 2116 2104">
     <span class='ocr_line' id='line_1_36' title="bbox 535 2019 2116 2104; baseline -0.013 -14"><span class='ocrx_word' id='word_1_207' title='bbox 535 2035 608 2092; x_wconf 87' lang='lat' dir='ltr'><strong>tis</strong></span> <span class='ocrx_word' id='word_1_208' title='bbox 627 2043 792 2104; x_wconf 91' lang='lat' dir='ltr'><strong>atque</strong></span> <span class='ocrx_word' id='word_1_209' title='bbox 819 2030 1130 2102; x_wconf 80' lang='lat' dir='ltr'><strong>sagacitatis</strong></span> <span class='ocrx_word' id='word_1_210' title='bbox 1163 2027 1316 2081; x_wconf 85' lang='lat' dir='ltr'><strong>favor</strong></span> <span class='ocrx_word' id='word_1_211' title='bbox 1345 2027 1504 2095; x_wconf 85' lang='lat' dir='ltr'><strong>longe</strong></span> <span class='ocrx_word' id='word_1_212' title='bbox 1535 2024 1747 2091; x_wconf 88' lang='lat' dir='ltr'><strong>lateque</strong></span> <span class='ocrx_word' id='word_1_213' title='bbox 1779 2020 1956 2074; x_wconf 86' lang='lat' dir='ltr'><strong>thuris</strong></span> <span class='ocrx_word' id='word_1_214' title='bbox 1983 2019 2116 2072; x_wconf 92' lang='lat' dir='ltr'><strong>odo-</strong></span> 
     </span>
    </p>
   </div>
   <div class='ocr_carea' id='block_1_37' title="bbox 536 2108 2119 2191">
    <p class='ocr_par' dir='ltr' id='par_1_37' title="bbox 536 2108 2119 2191">
     <span class='ocr_line' id='line_1_37' title="bbox 536 2108 2119 2191; baseline -0.011 -11"><span class='ocrx_word' id='word_1_215' title='bbox 536 2124 688 2180; x_wconf 88' lang='lat' dir='ltr'><strong>riferi</strong></span> <span class='ocrx_word' id='word_1_216' title='bbox 728 2126 901 2177; x_wconf 89' lang='lat' dir='ltr'><strong>instar</strong></span> <span class='ocrx_word' id='word_1_217' title='bbox 943 2120 1218 2191; x_wconf 82' lang='lat' dir='ltr'><strong>ﬂagraret,</strong></span> <span class='ocrx_word' id='word_1_218' title='bbox 1258 2125 1315 2170; x_wconf 90' lang='lat' dir='ltr'><strong>et</strong></span> <span class='ocrx_word' id='word_1_219' title='bbox 1345 2131 1504 2170; x_wconf 89' lang='lat' dir='ltr'><strong>aures</strong></span> <span class='ocrx_word' id='word_1_220' title='bbox 1536 2111 1837 2168; x_wconf 87' lang='lat' dir='ltr'><strong>beatissimi</strong></span> <span class='ocrx_word' id='word_1_221' title='bbox 1872 2108 2119 2180; x_wconf 60' lang='lat' dir='ltr'><strong>praesulis</strong></span> 
     </span>
    </p>
   </div>
   <div class='ocr_carea' id='block_1_38' title="bbox 534 2201 2120 2290">
    <p class='ocr_par' dir='ltr' id='par_1_38' title="bbox 534 2201 2120 2290">
     <span class='ocr_line' id='line_1_38' title="bbox 534 2201 2120 2290; baseline -0.012 -18"><span class='ocrx_word' id='word_1_222' title='bbox 534 2218 638 2290; x_wconf 66' lang='lat' dir='ltr'><strong>pia:</strong></span> <span class='ocrx_word' id='word_1_223' title='bbox 679 2214 955 2270; x_wconf 84' lang='lat' dir='ltr'><strong>memoriae</strong></span> <span class='ocrx_word' id='word_1_224' title='bbox 997 2213 1181 2269; x_wconf 91' lang='lat' dir='ltr'><strong>domni</strong></span> <span class='ocrx_word' id='word_1_225' title='bbox 1228 2207 1505 2264; x_wconf 88' lang='lat' dir='ltr'><strong>Paschalis</strong></span> <span class='ocrx_word' id='word_1_226' title='bbox 1549 2221 1619 2260; x_wconf 87' lang='lat' dir='ltr'><strong>ex</strong></span> <span class='ocrx_word' id='word_1_227' title='bbox 1659 2203 1898 2258; x_wconf 83' lang='lat' dir='ltr'><strong>fidelium</strong></span> <span class='ocrx_word' id='word_1_228' title='bbox 1946 2201 2120 2255; x_wconf 88' lang='lat' dir='ltr'><strong>relatu</strong></span> 
     </span>
    </p>
   </div>
   <div class='ocr_carea' id='block_1_39' title="bbox 534 2290 2119 2373">
    <p class='ocr_par' dir='ltr' id='par_1_39' title="bbox 534 2290 2119 2373">
     <span class='ocr_line' id='line_1_39' title="bbox 534 2290 2119 2373; baseline -0.013 -9"><span class='ocrx_word' id='word_1_229' title='bbox 534 2307 774 2364; x_wconf 91' lang='lat' dir='ltr'><strong>veridico</strong></span> <span class='ocrx_word' id='word_1_230' title='bbox 807 2305 1157 2361; x_wconf 89' lang='lat' dir='ltr'><strong>enucleanter</strong></span> <span class='ocrx_word' id='word_1_231' title='bbox 1185 2301 1474 2373; x_wconf 88' lang='lat' dir='ltr'><strong>pulsasset,</strong></span> <span class='ocrx_word' id='word_1_232' title='bbox 1506 2310 1739 2364; x_wconf 90' lang='lat' dir='ltr'><strong>eumque</strong></span> <span class='ocrx_word' id='word_1_233' title='bbox 1760 2335 1774 2359; x_wconf 95' lang='lat'><strong>,</strong></span> <span class='ocrx_word' id='word_1_234' title='bbox 1806 2300 1866 2346; x_wconf 91' lang='lat' dir='ltr'><strong>ut</strong></span> <span class='ocrx_word' id='word_1_235' title='bbox 1890 2290 2119 2362; x_wconf 85' lang='lat' dir='ltr'><strong>populus</strong></span> 
     </span>
    </p>
   </div>
   <div class='ocr_carea' id='block_1_40' title="bbox 537 2386 2118 2466">
    <p class='ocr_par' dir='ltr' id='par_1_40' title="bbox 537 2386 2118 2466">
     <span class='ocr_line' id='line_1_40' title="bbox 537 2386 2118 2466; baseline -0.013 -9"><span class='ocrx_word' id='word_1_236' title='bbox 537 2401 900 2466; x_wconf 89' lang='lat' dir='ltr'><strong>collaudabat,</strong></span> <span class='ocrx_word' id='word_1_237' title='bbox 946 2399 1064 2455; x_wconf 91' lang='lat' dir='ltr'><strong>fore</strong></span> <span class='ocrx_word' id='word_1_238' title='bbox 1099 2399 1156 2452; x_wconf 90' lang='lat' dir='ltr'><strong>in</strong></span> <span class='ocrx_word' id='word_1_239' title='bbox 1187 2395 1438 2451; x_wconf 90' lang='lat' dir='ltr'><strong>omnibus</strong></span> <span class='ocrx_word' id='word_1_240' title='bbox 1469 2391 1730 2446; x_wconf 89' lang='lat' dir='ltr'><strong>illustrem</strong></span> <span class='ocrx_word' id='word_1_241' title='bbox 1765 2397 1822 2442; x_wconf 90' lang='lat' dir='ltr'><strong>et</strong></span> <span class='ocrx_word' id='word_1_242' title='bbox 1855 2386 2118 2456; x_wconf 86' lang='lat' dir='ltr'><strong>inclytum</strong></span> 
     </span>
    </p>
   </div>
   <div class='ocr_carea' id='block_1_41' title="bbox 533 2481 2120 2557">
    <p class='ocr_par' dir='ltr' id='par_1_41' title="bbox 533 2481 2120 2557">
     <span class='ocr_line' id='line_1_41' title="bbox 533 2481 2120 2557; baseline -0.009 -7"><span class='ocrx_word' id='word_1_243' title='bbox 533 2494 804 2550; x_wconf 87' lang='lat' dir='ltr'><strong>veraciter</strong></span> <span class='ocrx_word' id='word_1_244' title='bbox 848 2494 1148 2557; x_wconf 89' lang='lat' dir='ltr'><strong>didicisset,</strong></span> <span class='ocrx_word' id='word_1_245' title='bbox 1196 2505 1324 2544; x_wconf 90' lang='lat' dir='ltr'><strong>mox</strong></span> <span class='ocrx_word' id='word_1_246' title='bbox 1374 2488 1523 2542; x_wconf 91' lang='lat' dir='ltr'><strong>illum</strong></span> <span class='ocrx_word' id='word_1_247' title='bbox 1571 2500 1668 2556; x_wconf 91' lang='lat' dir='ltr'><strong>per</strong></span> <span class='ocrx_word' id='word_1_248' title='bbox 1715 2481 2120 2538; x_wconf 90' lang='lat' dir='ltr'><strong>ecclesiasticos</strong></span> 
     </span>
    </p>
   </div>
   <div class='ocr_carea' id='block_1_42' title="bbox 534 2571 2122 2657">
    <p class='ocr_par' dir='ltr' id='par_1_42' title="bbox 534 2571 2122 2657">
     <span class='ocr_line' id='line_1_42' title="bbox 534 2571 2122 2657; baseline -0.011 -16"><span class='ocrx_word' id='word_1_249' title='bbox 534 2586 735 2657; x_wconf 89' lang='lat' dir='ltr'><strong>gradus</strong></span> <span class='ocrx_word' id='word_1_250' title='bbox 766 2584 835 2639; x_wconf 91' lang='lat' dir='ltr'><strong>ad</strong></span> <span class='ocrx_word' id='word_1_251' title='bbox 873 2585 1297 2639; x_wconf 90' lang='lat' dir='ltr'><strong>subdiaconatus</strong></span> <span class='ocrx_word' id='word_1_252' title='bbox 1339 2580 1598 2634; x_wconf 90' lang='lat' dir='ltr'><strong>honorem</strong></span> <span class='ocrx_word' id='word_1_253' title='bbox 1639 2573 1887 2644; x_wconf 80' lang='lat' dir='ltr'><strong>provexit</strong></span> <span class='ocrx_word' id='word_1_254' title='bbox 1921 2589 1990 2628; x_wconf 90' lang='lat' dir='ltr'><strong>ex</strong></span> <span class='ocrx_word' id='word_1_255' title='bbox 2019 2571 2122 2625; x_wconf 89' lang='lat' dir='ltr'><strong>La-</strong></span> 
     </span>
    </p>
   </div>
   <div class='ocr_carea' id='block_1_43' title="bbox 534 2663 2121 2746">
    <p class='ocr_par' dir='ltr' id='par_1_43' title="bbox 534 2663 2121 2746">
     <span class='ocr_line' id='line_1_43' title="bbox 534 2663 2121 2746; baseline -0.011 -13"><span class='ocrx_word' id='word_1_256' title='bbox 534 2676 812 2733; x_wconf 83' lang='lat' dir='ltr'><strong>teranensi</strong></span> <span class='ocrx_word' id='word_1_257' title='bbox 853 2675 1076 2746; x_wconf 89' lang='lat' dir='ltr'><strong>palatio,</strong></span> <span class='ocrx_word' id='word_1_258' title='bbox 1111 2683 1168 2729; x_wconf 91' lang='lat' dir='ltr'><strong>et</strong></span> <span class='ocrx_word' id='word_1_259' title='bbox 1203 2674 1304 2728; x_wconf 88' lang='lat' dir='ltr'><strong>sibi</strong></span> <span class='ocrx_word' id='word_1_260' title='bbox 1337 2669 1612 2726; x_wconf 78' lang='lat' dir='ltr'><strong>deservire</strong></span> <span class='ocrx_word' id='word_1_261' title='bbox 1649 2666 1924 2738; x_wconf 81' lang='lat' dir='ltr'><strong>praecepit.</strong></span> <span class='ocrx_word' id='word_1_262' title='bbox 1956 2663 2121 2734; x_wconf 88' lang='lat' dir='ltr'><strong>Cujus</strong></span> 
     </span>
    </p>
   </div>
   <div class='ocr_carea' id='block_1_44' title="bbox 537 2755 2122 2836">
    <p class='ocr_par' dir='ltr' id='par_1_44' title="bbox 537 2755 2122 2836">
     <span class='ocr_line' id='line_1_44' title="bbox 537 2755 2122 2836; baseline -0.01 -10"><span class='ocrx_word' id='word_1_263' title='bbox 537 2768 971 2826; x_wconf 88' lang='lat' dir='ltr'><strong>conversationis</strong></span> <span class='ocrx_word' id='word_1_264' title='bbox 1027 2775 1081 2822; x_wconf 91' lang='lat' dir='ltr'><strong>et</strong></span> <span class='ocrx_word' id='word_1_265' title='bbox 1134 2765 1410 2836; x_wconf 74' lang='lat' dir='ltr'><strong>patientia:</strong></span> <span class='ocrx_word' id='word_1_266' title='bbox 1451 2762 1619 2815; x_wconf 90' lang='lat' dir='ltr'><strong>vitam</strong></span> <span class='ocrx_word' id='word_1_267' title='bbox 1668 2775 1732 2813; x_wconf 91' lang='lat' dir='ltr'><strong>ac</strong></span> <span class='ocrx_word' id='word_1_268' title='bbox 1778 2771 1955 2812; x_wconf 89' lang='lat' dir='ltr'><strong>mores</strong></span> <span class='ocrx_word' id='word_1_269' title='bbox 2007 2755 2122 2824; x_wconf 84' lang='lat' dir='ltr'><strong>ipse</strong></span> 
     </span>
    </p>
   </div>
   <div class='ocr_carea' id='block_1_45' title="bbox 535 2844 2119 2931">
    <p class='ocr_par' dir='ltr' id='par_1_45' title="bbox 535 2844 2119 2931">
     <span class='ocr_line' id='line_1_45' title="bbox 535 2844 2119 2931; baseline -0.012 -15"><span class='ocrx_word' id='word_1_270' title='bbox 535 2875 861 2931; x_wconf 86' lang='lat' dir='ltr'><strong>agnoscens,</strong></span> <span class='ocrx_word' id='word_1_271' title='bbox 894 2858 1051 2913; x_wconf 86' lang='lat' dir='ltr'><strong>valde</strong></span> <span class='ocrx_word' id='word_1_272' title='bbox 1082 2857 1234 2910; x_wconf 92' lang='lat' dir='ltr'><strong>illum</strong></span> <span class='ocrx_word' id='word_1_273' title='bbox 1279 2869 1390 2924; x_wconf 85' lang='lat' dir='ltr'><strong>prae</strong></span> <span class='ocrx_word' id='word_1_274' title='bbox 1419 2851 1632 2907; x_wconf 84' lang='lat' dir='ltr'><strong>caeteris</strong></span> <span class='ocrx_word' id='word_1_275' title='bbox 1664 2848 1942 2918; x_wconf 84' lang='lat' dir='ltr'><strong>diligebat.</strong></span> <span class='ocrx_word' id='word_1_276' title='bbox 1972 2844 2119 2898; x_wconf 63' lang='lat' dir='ltr'><strong>Prae-</strong></span> 
     </span>
    </p>
   </div>
   <div class='ocr_carea' id='block_1_46' title="bbox 538 2937 2122 3019">
    <p class='ocr_par' dir='ltr' id='par_1_46' title="bbox 538 2937 2122 3019">
     <span class='ocr_line' id='line_1_46' title="bbox 538 2937 2122 3019; baseline -0.011 -10"><span class='ocrx_word' id='word_1_277' title='bbox 538 2954 715 3010; x_wconf 90' lang='lat' dir='ltr'><strong>dictus</strong></span> <span class='ocrx_word' id='word_1_278' title='bbox 744 2961 924 3006; x_wconf 90' lang='lat' dir='ltr'><strong>autem</strong></span> <span class='ocrx_word' id='word_1_279' title='bbox 954 2951 1060 3013; x_wconf 89' lang='lat' dir='ltr'><strong>vir,</strong></span> <span class='ocrx_word' id='word_1_280' title='bbox 1096 2949 1269 3019; x_wconf 89' lang='lat' dir='ltr'><strong>gratia</strong></span> <span class='ocrx_word' id='word_1_281' title='bbox 1299 2947 1529 3015; x_wconf 90' lang='lat' dir='ltr'><strong>desuper</strong></span> <span class='ocrx_word' id='word_1_282' title='bbox 1557 2943 1742 2998; x_wconf 91' lang='lat' dir='ltr'><strong>divina</strong></span> <span class='ocrx_word' id='word_1_283' title='bbox 1767 2942 2002 3003; x_wconf 77' lang='lat' dir='ltr'><strong>favente,</strong></span> <span class='ocrx_word' id='word_1_284' title='bbox 2035 2937 2122 2992; x_wconf 90' lang='lat' dir='ltr'><strong>cui</strong></span> 
     </span>
    </p>
   </div>
   <div class='ocr_carea' id='block_1_47' title="bbox 538 3031 2123 3108">
    <p class='ocr_par' dir='ltr' id='par_1_47' title="bbox 538 3031 2123 3108">
     <span class='ocr_line' id='line_1_47' title="bbox 538 3031 2123 3108; baseline -0.013 -6"><span class='ocrx_word' id='word_1_285' title='bbox 538 3061 597 3102; x_wconf 86' lang='lat' dir='ltr'><strong>se</strong></span> <span class='ocrx_word' id='word_1_286' title='bbox 623 3053 736 3100; x_wconf 86' lang='lat' dir='ltr'><strong>tota</strong></span> <span class='ocrx_word' id='word_1_287' title='bbox 765 3043 964 3097; x_wconf 89' lang='lat' dir='ltr'><strong>mentis</strong></span> <span class='ocrx_word' id='word_1_288' title='bbox 997 3041 1284 3096; x_wconf 88' lang='lat' dir='ltr'><strong>devotione</strong></span> <span class='ocrx_word' id='word_1_289' title='bbox 1319 3038 1634 3108; x_wconf 84' lang='lat' dir='ltr'><strong>integraque</strong></span> <span class='ocrx_word' id='word_1_290' title='bbox 1661 3035 1862 3088; x_wconf 90' lang='lat' dir='ltr'><strong>virtute</strong></span> <span class='ocrx_word' id='word_1_291' title='bbox 1893 3031 2123 3086; x_wconf 89' lang='lat' dir='ltr'><strong>devove-</strong></span> 
     </span>
    </p>
   </div>
   <div class='ocr_carea' id='block_1_48' title="bbox 536 3124 2121 3201">
    <p class='ocr_par' dir='ltr' id='par_1_48' title="bbox 536 3124 2121 3201">
     <span class='ocr_line' id='line_1_48' title="bbox 536 3124 2121 3201; baseline -0.011 -11"><span class='ocrx_word' id='word_1_292' title='bbox 536 3144 643 3201; x_wconf 77' lang='lat' dir='ltr'><strong>rat,</strong></span> <span class='ocrx_word' id='word_1_293' title='bbox 684 3125 955 3197; x_wconf 84' lang='lat' dir='ltr'><strong>veritatis,</strong></span> <span class='ocrx_word' id='word_1_294' title='bbox 1005 3139 1062 3186; x_wconf 93' lang='lat' dir='ltr'><strong>et</strong></span> <span class='ocrx_word' id='word_1_295' title='bbox 1104 3129 1383 3198; x_wconf 76' lang='lat' dir='ltr'><strong>sapientia:</strong></span> <span class='ocrx_word' id='word_1_296' title='bbox 1413 3128 1604 3197; x_wconf 84' lang='lat' dir='ltr'><strong>plenus</strong></span> <span class='ocrx_word' id='word_1_297' title='bbox 1633 3124 1837 3178; x_wconf 89' lang='lat' dir='ltr'><strong>lumine</strong></span> <span class='ocrx_word' id='word_1_298' title='bbox 1867 3134 2121 3175; x_wconf 85' lang='lat' dir='ltr'><strong>corusca-</strong></span> 
     </span>
    </p>
   </div>
   <div class='ocr_carea' id='block_1_49' title="bbox 537 3187 2193 3285">
    <p class='ocr_par' dir='ltr' id='par_1_49' title="bbox 537 3187 2193 3285">
     <span class='ocr_line' id='line_1_49' title="bbox 537 3187 2193 3285; baseline -0.011 -1"><span class='ocrx_word' id='word_1_299' title='bbox 537 3229 650 3285; x_wconf 88' lang='lat' dir='ltr'><strong>bat.</strong></span> <span class='ocrx_word' id='word_1_300' title='bbox 707 3227 839 3282; x_wconf 87' lang='lat' dir='ltr'><strong>Erat</strong></span> <span class='ocrx_word' id='word_1_301' title='bbox 885 3226 1031 3280; x_wconf 91' lang='lat' dir='ltr'><strong>enim</strong></span> <span class='ocrx_word' id='word_1_302' title='bbox 1080 3237 1331 3278; x_wconf 88' lang='lat' dir='ltr'><strong>sermone</strong></span> <span class='ocrx_word' id='word_1_303' title='bbox 1385 3219 1615 3274; x_wconf 73' lang='lat' dir='ltr'><strong>affabilis</strong></span> <span class='ocrx_word' id='word_1_304' title='bbox 1643 3260 1657 3282; x_wconf 93' lang='lat'><strong>,</strong></span> <span class='ocrx_word' id='word_1_305' title='bbox 1709 3216 1953 3272; x_wconf 86' lang='lat' dir='ltr'><strong>doctrina</strong></span> <span class='ocrx_word' id='word_1_306' title='bbox 2005 3213 2117 3268; x_wconf 89' lang='lat' dir='ltr'><strong>cla-</strong></span> <span class='ocrx_word' id='word_1_307' title='bbox 2149 3187 2193 3251; x_wconf 65' lang='grc' dir='ltr'>α</span> 
     </span>
    </p>
   </div>
   <div class='ocr_carea' id='block_1_50' title="bbox 537 3305 2119 3384">
    <p class='ocr_par' dir='ltr' id='par_1_50' title="bbox 537 3305 2119 3384">
     <span class='ocr_line' id='line_1_50' title="bbox 537 3305 2119 3384; baseline -0.009 -12"><span class='ocrx_word' id='word_1_308' title='bbox 537 3313 654 3383; x_wconf 86' lang='lat' dir='ltr'><strong>rus,</strong></span> <span class='ocrx_word' id='word_1_309' title='bbox 697 3316 846 3371; x_wconf 90' lang='lat' dir='ltr'><strong>vultu</strong></span> <span class='ocrx_word' id='word_1_310' title='bbox 877 3315 1219 3384; x_wconf 88' lang='lat' dir='ltr'><strong>conspicuus,</strong></span> <span class='ocrx_word' id='word_1_311' title='bbox 1254 3319 1309 3366; x_wconf 90' lang='lat' dir='ltr'><strong>et</strong></span> <span class='ocrx_word' id='word_1_312' title='bbox 1355 3311 1496 3364; x_wconf 90' lang='lat' dir='ltr'><strong>inter</strong></span> <span class='ocrx_word' id='word_1_313' title='bbox 1553 3307 1749 3363; x_wconf 89' lang='lat' dir='ltr'><strong>fratres</strong></span> <span class='ocrx_word' id='word_1_314' title='bbox 1799 3307 1887 3376; x_wconf 92' lang='lat' dir='ltr'><strong>pia</strong></span> <span class='ocrx_word' id='word_1_315' title='bbox 1953 3305 2119 3359; x_wconf 91' lang='lat' dir='ltr'><strong>devo-</strong></span> 
     </span>
    </p>
   </div>
   <div class='ocr_carea' id='block_1_51' title="bbox 538 3397 2122 3474">
    <p class='ocr_par' dir='ltr' id='par_1_51' title="bbox 538 3397 2122 3474">
     <span class='ocr_line' id='line_1_51' title="bbox 538 3397 2122 3474; baseline -0.009 -9"><span class='ocrx_word' id='word_1_316' title='bbox 538 3409 687 3465; x_wconf 88' lang='lat' dir='ltr'><strong>tione</strong></span> <span class='ocrx_word' id='word_1_317' title='bbox 741 3409 1054 3471; x_wconf 87' lang='lat' dir='ltr'><strong>modestus,</strong></span> <span class='ocrx_word' id='word_1_318' title='bbox 1105 3405 1475 3474; x_wconf 88' lang='lat' dir='ltr'><strong>proximisque</strong></span> <span class='ocrx_word' id='word_1_319' title='bbox 1521 3399 1714 3455; x_wconf 85' lang='lat' dir='ltr'><strong>ﬁdelis.</strong></span> <span class='ocrx_word' id='word_1_320' title='bbox 1778 3397 2122 3452; x_wconf 79' lang='lat' dir='ltr'><strong>Nullis&#39;vero</strong></span> 
     </span>
    </p>
   </div>
   <div class='ocr_carea' id='block_1_52' title="bbox 539 3488 2124 3572">
    <p class='ocr_par' dir='ltr' id='par_1_52' title="bbox 539 3488 2124 3572">
     <span class='ocr_line' id='line_1_52' title="bbox 539 3488 2124 3572; baseline -0.011 -12"><span class='ocrx_word' id='word_1_321' title='bbox 539 3519 620 3570; x_wconf 89' lang='lat' dir='ltr'><strong>se,</strong></span> <span class='ocrx_word' id='word_1_322' title='bbox 667 3502 862 3572; x_wconf 89' lang='lat' dir='ltr'><strong>quibus</strong></span> <span class='ocrx_word' id='word_1_323' title='bbox 891 3499 1086 3569; x_wconf 86' lang='lat' dir='ltr'><strong>aliquis</strong></span> <span class='ocrx_word' id='word_1_324' title='bbox 1119 3498 1201 3551; x_wconf 88' lang='lat' dir='ltr'><strong>vel</strong></span> <span class='ocrx_word' id='word_1_325' title='bbox 1243 3497 1431 3550; x_wconf 88' lang='lat' dir='ltr'><strong>leviter</strong></span> <span class='ocrx_word' id='word_1_326' title='bbox 1465 3493 1906 3556; x_wconf 87' lang='lat' dir='ltr'><strong>contristaretur,</strong></span> <span class='ocrx_word' id='word_1_327' title='bbox 1940 3488 2124 3560; x_wconf 87' lang='lat' dir='ltr'><strong>sagaci</strong></span> 
     </span>
    </p>
   </div>
   <div class='ocr_carea' id='block_1_53' title="bbox 537 3583 2123 3666">
    <p class='ocr_par' dir='ltr' id='par_1_53' title="bbox 537 3583 2123 3666">
     <span class='ocr_line' id='line_1_53' title="bbox 537 3583 2123 3666; baseline -0.01 -16"><span class='ocrx_word' id='word_1_328' title='bbox 537 3603 759 3666; x_wconf 87' lang='lat' dir='ltr'><strong>pectore</strong></span> <span class='ocrx_word' id='word_1_329' title='bbox 796 3592 986 3657; x_wconf 89' lang='lat' dir='ltr'><strong>fultus,</strong></span> <span class='ocrx_word' id='word_1_330' title='bbox 1028 3589 1260 3660; x_wconf 88' lang='lat' dir='ltr'><strong>negotiis</strong></span> <span class='ocrx_word' id='word_1_331' title='bbox 1309 3587 1639 3657; x_wconf 88' lang='lat' dir='ltr'><strong>implicahat.</strong></span> <span class='ocrx_word' id='word_1_332' title='bbox 1683 3583 1819 3638; x_wconf 90' lang='lat' dir='ltr'><strong>Cum</strong></span> <span class='ocrx_word' id='word_1_333' title='bbox 1861 3591 2123 3651; x_wconf 64' lang='lat' dir='ltr'><strong>praeterea</strong></span> 
     </span>
    </p>
   </div>
   <div class='ocr_carea' id='block_1_54' title="bbox 541 3674 2125 3751">
    <p class='ocr_par' dir='ltr' id='par_1_54' title="bbox 541 3674 2125 3751">
     <span class='ocr_line' id='line_1_54' title="bbox 541 3674 2125 3751; baseline -0.01 -9"><span class='ocrx_word' id='word_1_334' title='bbox 541 3702 662 3742; x_wconf 91' lang='lat' dir='ltr'><strong>cum</strong></span> <span class='ocrx_word' id='word_1_335' title='bbox 689 3694 768 3739; x_wconf 93' lang='lat' dir='ltr'><strong>tot</strong></span> <span class='ocrx_word' id='word_1_336' title='bbox 789 3685 969 3751; x_wconf 89' lang='lat' dir='ltr'><strong>bonis,</strong></span> <span class='ocrx_word' id='word_1_337' title='bbox 1000 3683 1276 3750; x_wconf 88' lang='lat' dir='ltr'><strong>tantisque</strong></span> <span class='ocrx_word' id='word_1_338' title='bbox 1298 3694 1524 3749; x_wconf 90' lang='lat' dir='ltr'><strong>operum</strong></span> <span class='ocrx_word' id='word_1_339' title='bbox 1555 3676 1786 3740; x_wconf 88' lang='lat' dir='ltr'><strong>meritis,</strong></span> <span class='ocrx_word' id='word_1_340' title='bbox 1815 3674 2125 3744; x_wconf 75' lang='lat' dir='ltr'><strong>praestantis</strong></span> 
     </span>
    </p>
   </div>
   <div class='ocr_carea' id='block_1_55' title="bbox 542 3763 2127 3846">
    <p class='ocr_par' dir='ltr' id='par_1_55' title="bbox 542 3763 2127 3846">
     <span class='ocr_line' id='line_1_55' title="bbox 542 3763 2127 3846; baseline -0.009 -14"><span class='ocrx_word' id='word_1_341' title='bbox 542 3776 788 3846; x_wconf 90' lang='lat' dir='ltr'><strong>corporis</strong></span> <span class='ocrx_word' id='word_1_342' title='bbox 841 3773 1069 3829; x_wconf 88' lang='lat' dir='ltr'><strong>formam</strong></span> <span class='ocrx_word' id='word_1_343' title='bbox 1121 3772 1423 3842; x_wconf 88' lang='lat' dir='ltr'><strong>elegantem</strong></span> <span class='ocrx_word' id='word_1_344' title='bbox 1483 3768 1597 3838; x_wconf 88' lang='lat' dir='ltr'><strong>jam</strong></span> <span class='ocrx_word' id='word_1_345' title='bbox 1653 3768 1830 3822; x_wconf 90' lang='lat' dir='ltr'><strong>dictus</strong></span> <span class='ocrx_word' id='word_1_346' title='bbox 1881 3763 2127 3836; x_wconf 78' lang='lat' dir='ltr'><strong>pontifex</strong></span> 
     </span>
    </p>
   </div>
   <div class='ocr_carea' id='block_1_56' title="bbox 541 3861 2134 3934">
    <p class='ocr_par' dir='ltr' id='par_1_56' title="bbox 541 3861 2134 3934">
     <span class='ocr_line' id='line_1_56' title="bbox 541 3861 2134 3934; baseline -0.005 -12"><span class='ocrx_word' id='word_1_347' title='bbox 541 3875 898 3934; x_wconf 88' lang='lat' dir='ltr'><strong>ornatumque</strong></span> <span class='ocrx_word' id='word_1_348' title='bbox 944 3866 1253 3934; x_wconf 87' lang='lat' dir='ltr'><strong>inspiceret,</strong></span> <span class='ocrx_word' id='word_1_349' title='bbox 1295 3863 1514 3917; x_wconf 89' lang='lat' dir='ltr'><strong>levitam</strong></span> <span class='ocrx_word' id='word_1_350' title='bbox 1564 3861 1707 3915; x_wconf 89' lang='lat' dir='ltr'><strong>sedis</strong></span> <span class='ocrx_word' id='word_1_351' title='bbox 1759 3875 1873 3914; x_wconf 84' lang='lat' dir='ltr'><strong>suae</strong></span> <span class='ocrx_word' id='word_1_352' title='bbox 1913 3868 2134 3928; x_wconf 54' lang='lat' dir='ltr'><strong>apostoas</strong></span> 
     </span>
    </p>
   </div>
   <div class='ocr_carea' id='block_1_57' title="bbox 542 3951 2128 4019">
    <p class='ocr_par' dir='ltr' id='par_1_57' title="bbox 542 3951 2128 4019">
     <span class='ocr_line' id='line_1_57' title="bbox 542 3951 2128 4019; baseline -0.005 -8"><span class='ocrx_word' id='word_1_353' title='bbox 542 3957 663 4011; x_wconf 74' lang='lat' dir='ltr'><strong>licae</strong></span> <span class='ocrx_word' id='word_1_354' title='bbox 709 3954 1067 4009; x_wconf 88' lang='lat' dir='ltr'><strong>consecravit.</strong></span> <span class='ocrx_word' id='word_1_355' title='bbox 1120 3954 1241 4017; x_wconf 87' lang='lat' dir='ltr'><strong>Cui,</strong></span> <span class='ocrx_word' id='word_1_356' title='bbox 1283 3953 1353 4007; x_wconf 91' lang='lat' dir='ltr'><strong>ob</strong></span> <span class='ocrx_word' id='word_1_357' title='bbox 1403 3966 1513 4004; x_wconf 64' lang='lat' dir='ltr'><strong>suae</strong></span> <span class='ocrx_word' id='word_1_358' title='bbox 1559 3951 1683 4003; x_wconf 83' lang='lat' dir='ltr'><strong>vitae</strong></span> <span class='ocrx_word' id='word_1_359' title='bbox 1728 3951 1980 4003; x_wconf 84' lang='lat' dir='ltr'><strong>meritum</strong></span> <span class='ocrx_word' id='word_1_360' title='bbox 2021 3964 2128 4019; x_wconf 89' lang='lat' dir='ltr'><strong>quo</strong></span> 
     </span>
    </p>
   </div>
   <div class='ocr_carea' id='block_1_58' title="bbox 544 4039 2126 4117">
    <p class='ocr_par' dir='ltr' id='par_1_58' title="bbox 544 4039 2126 4117">
     <span class='ocr_line' id='line_1_58' title="bbox 544 4039 2126 4117; baseline -0.004 -16"><span class='ocrx_word' id='word_1_361' title='bbox 544 4045 827 4117; x_wconf 88' lang='lat' dir='ltr'><strong>splendide</strong></span> <span class='ocrx_word' id='word_1_362' title='bbox 873 4043 1147 4107; x_wconf 86' lang='lat' dir='ltr'><strong>rutilabat,</strong></span> <span class='ocrx_word' id='word_1_363' title='bbox 1181 4051 1236 4097; x_wconf 92' lang='lat' dir='ltr'><strong>et</strong></span> <span class='ocrx_word' id='word_1_364' title='bbox 1274 4043 1341 4096; x_wconf 89' lang='lat' dir='ltr'><strong>ah</strong></span> <span class='ocrx_word' id='word_1_365' title='bbox 1365 4041 1512 4095; x_wconf 91' lang='lat' dir='ltr'><strong>omni</strong></span> <span class='ocrx_word' id='word_1_366' title='bbox 1545 4039 1788 4094; x_wconf 70' lang='lat' dir='ltr'><strong>ecclesia:</strong></span> <span class='ocrx_word' id='word_1_367' title='bbox 1826 4039 2000 4108; x_wconf 86' lang='lat' dir='ltr'><strong>plebe,</strong></span> <span class='ocrx_word' id='word_1_368' title='bbox 2042 4048 2126 4094; x_wconf 85' lang='lat' dir='ltr'><strong>at—</strong></span> 
     </span>
    </p>
   </div>
   <div class='ocr_carea' id='block_1_59' title="bbox 545 4130 2127 4207">
    <p class='ocr_par' dir='ltr' id='par_1_59' title="bbox 545 4130 2127 4207">
     <span class='ocr_line' id='line_1_59' title="bbox 545 4130 2127 4207; baseline -0.004 -17"><span class='ocrx_word' id='word_1_369' title='bbox 545 4153 651 4206; x_wconf 92' lang='lat' dir='ltr'><strong>que</strong></span> <span class='ocrx_word' id='word_1_370' title='bbox 693 4135 895 4207; x_wconf 88' lang='lat' dir='ltr'><strong>inclyto</strong></span> <span class='ocrx_word' id='word_1_371' title='bbox 927 4134 1295 4188; x_wconf 78' lang='lat' dir='ltr'><strong>Romanorum</strong></span> <span class='ocrx_word' id='word_1_372' title='bbox 1339 4130 1535 4202; x_wconf 91' lang='lat' dir='ltr'><strong>populo</strong></span> <span class='ocrx_word' id='word_1_373' title='bbox 1580 4139 1724 4185; x_wconf 66' lang='lat' dir='ltr'><strong>coetu</strong></span> <span class='ocrx_word' id='word_1_374' title='bbox 1762 4130 1966 4201; x_wconf 81' lang='lat' dir='ltr'><strong>ingenti</strong></span> <span class='ocrx_word' id='word_1_375' title='bbox 2007 4130 2127 4184; x_wconf 90' lang='lat' dir='ltr'><strong>dili-</strong></span> 
     </span>
    </p>
   </div>
   <div class='ocr_carea' id='block_1_60' title="bbox 545 4221 2130 4301">
    <p class='ocr_par' dir='ltr' id='par_1_60' title="bbox 545 4221 2130 4301">
     <span class='ocr_line' id='line_1_60' title="bbox 545 4221 2130 4301; baseline -0.004 -18"><span class='ocrx_word' id='word_1_376' title='bbox 545 4229 770 4301; x_wconf 85' lang='lat' dir='ltr'><strong>gebatur</strong></span> <span class='ocrx_word' id='word_1_377' title='bbox 812 4241 1021 4291; x_wconf 89' lang='lat' dir='ltr'><strong>amore,</strong></span> <span class='ocrx_word' id='word_1_378' title='bbox 1073 4226 1214 4279; x_wconf 88' lang='lat' dir='ltr'><strong>bona</strong></span> <span class='ocrx_word' id='word_1_379' title='bbox 1258 4234 1312 4279; x_wconf 89' lang='lat' dir='ltr'><strong>et</strong></span> <span class='ocrx_word' id='word_1_380' title='bbox 1354 4222 1615 4278; x_wconf 82' lang='lat' dir='ltr'><strong>beneficia</strong></span> <span class='ocrx_word' id='word_1_381' title='bbox 1668 4223 1837 4276; x_wconf 87' lang='lat' dir='ltr'><strong>multa</strong></span> <span class='ocrx_word' id='word_1_382' title='bbox 1891 4221 2130 4289; x_wconf 73' lang='lat' dir='ltr'><strong>largiflue</strong></span> 
     </span>
    </p>
   </div>
   <div class='ocr_carea' id='block_1_61' title="bbox 547 4315 2125 4390">
    <p class='ocr_par' dir='ltr' id='par_1_61' title="bbox 547 4315 2125 4390">
     <span class='ocr_line' id='line_1_61' title="bbox 547 4315 2125 4390; baseline -0.006 -12"><span class='ocrx_word' id='word_1_383' title='bbox 547 4321 792 4385; x_wconf 88' lang='lat' dir='ltr'><strong>contulit,</strong></span> <span class='ocrx_word' id='word_1_384' title='bbox 845 4334 1100 4390; x_wconf 79' lang='lat' dir='ltr'><strong>eumque&#39;</strong></span> <span class='ocrx_word' id='word_1_385' title='bbox 1125 4317 1469 4388; x_wconf 88' lang='lat' dir='ltr'><strong>postmodum</strong></span> <span class='ocrx_word' id='word_1_386' title='bbox 1502 4315 1944 4370; x_wconf 88' lang='lat' dir='ltr'><strong>archidiaconum</strong></span> <span class='ocrx_word' id='word_1_387' title='bbox 1982 4317 2125 4370; x_wconf 85' lang='lat' dir='ltr'><strong>fecit.</strong></span> 
     </span>
    </p>
   </div>
   <div class='ocr_carea' id='block_1_62' title="bbox 547 4405 2131 4481">
    <p class='ocr_par' dir='ltr' id='par_1_62' title="bbox 547 4405 2131 4481">
     <span class='ocr_line' id='line_1_62' title="bbox 547 4405 2131 4481; baseline -0.005 -14"><span class='ocrx_word' id='word_1_388' title='bbox 547 4412 665 4480; x_wconf 93' lang='lat' dir='ltr'><strong>Quo</strong></span> <span class='ocrx_word' id='word_1_389' title='bbox 717 4427 847 4467; x_wconf 89' lang='lat' dir='ltr'><strong>sane</strong></span> <span class='ocrx_word' id='word_1_390' title='bbox 891 4409 1122 4481; x_wconf 64' lang='lat' dir='ltr'><strong>praesule</strong></span> <span class='ocrx_word' id='word_1_391' title='bbox 1166 4407 1384 4464; x_wconf 89' lang='lat' dir='ltr'><strong>Christo</strong></span> <span class='ocrx_word' id='word_1_392' title='bbox 1415 4405 1640 4475; x_wconf 85' lang='lat' dir='ltr'><strong>jubente</strong></span> <span class='ocrx_word' id='word_1_393' title='bbox 1681 4407 1919 4461; x_wconf 88' lang='lat' dir='ltr'><strong>culmina</strong></span> <span class='ocrx_word' id='word_1_394' title='bbox 1967 4421 2131 4460; x_wconf 89' lang='lat' dir='ltr'><strong>scan-</strong></span> 
     </span>
    </p>
   </div>
   <div class='ocr_carea' id='block_1_63' title="bbox 547 4499 2130 4572">
    <p class='ocr_par' dir='ltr' id='par_1_63' title="bbox 547 4499 2130 4572">
     <span class='ocr_line' id='line_1_63' title="bbox 547 4499 2130 4572; baseline -0.003 -14"><span class='ocrx_word' id='word_1_395' title='bbox 547 4504 708 4558; x_wconf 89' lang='lat' dir='ltr'><strong>dente</strong></span> <span class='ocrx_word' id='word_1_396' title='bbox 757 4501 1040 4564; x_wconf 67' lang='lat' dir='ltr'><strong>caelestia,</strong></span> <span class='ocrx_word' id='word_1_397' title='bbox 1086 4501 1358 4572; x_wconf 85' lang='lat' dir='ltr'><strong>Eugenius</strong></span> <span class='ocrx_word' id='word_1_398' title='bbox 1410 4510 1538 4554; x_wconf 92' lang='lat' dir='ltr'><strong>tunc</strong></span> <span class='ocrx_word' id='word_1_399' title='bbox 1583 4499 1878 4571; x_wconf 80' lang='lat' dir='ltr'><strong>pontificali</strong></span> <span class='ocrx_word' id='word_1_400' title='bbox 1929 4508 2014 4554; x_wconf 92' lang='lat' dir='ltr'><strong>est</strong></span> <span class='ocrx_word' id='word_1_401' title='bbox 2061 4500 2130 4554; x_wconf 91' lang='lat' dir='ltr'><strong>ab</strong></span> 
     </span>
    </p>
   </div>
   <div class='ocr_carea' id='block_1_64' title="bbox 544 4590 2128 4660">
    <p class='ocr_par' dir='ltr' id='par_1_64' title="bbox 544 4590 2128 4660">
     <span class='ocr_line' id='line_1_64' title="bbox 544 4590 2128 4660; baseline -0.002 -13"><span class='ocrx_word' id='word_1_402' title='bbox 544 4591 797 4648; x_wconf 90' lang='lat' dir='ltr'><strong>omnibus</strong></span> <span class='ocrx_word' id='word_1_403' title='bbox 825 4591 1064 4646; x_wconf 90' lang='lat' dir='ltr'><strong>elevatus</strong></span> <span class='ocrx_word' id='word_1_404' title='bbox 1091 4592 1145 4644; x_wconf 90' lang='lat' dir='ltr'><strong>iu</strong></span> <span class='ocrx_word' id='word_1_405' title='bbox 1176 4592 1405 4657; x_wconf 87' lang='lat' dir='ltr'><strong>honore,</strong></span> <span class='ocrx_word' id='word_1_406' title='bbox 1433 4599 1488 4645; x_wconf 89' lang='lat' dir='ltr'><strong>et</strong></span> <span class='ocrx_word' id='word_1_407' title='bbox 1519 4591 1729 4660; x_wconf 88' lang='lat' dir='ltr'><strong>positus</strong></span> <span class='ocrx_word' id='word_1_408' title='bbox 1757 4591 1810 4644; x_wconf 91' lang='lat' dir='ltr'><strong>in</strong></span> <span class='ocrx_word' id='word_1_409' title='bbox 1841 4590 1968 4644; x_wconf 90' lang='lat' dir='ltr'><strong>sede</strong></span> <span class='ocrx_word' id='word_1_410' title='bbox 1999 4605 2128 4659; x_wconf 90' lang='lat' dir='ltr'><strong>apo-</strong></span> 
     </span>
    </p>
   </div>
   <div class='ocr_carea' id='block_1_65' title="bbox 545 4683 2126 4756">
    <p class='ocr_par' dir='ltr' id='par_1_65' title="bbox 545 4683 2126 4756">
     <span class='ocr_line' id='line_1_65' title="bbox 545 4683 2126 4756; baseline -0.003 -13"><span class='ocrx_word' id='word_1_411' title='bbox 545 4687 756 4743; x_wconf 84' lang='lat' dir='ltr'><strong>stolica.</strong></span> <span class='ocrx_word' id='word_1_412' title='bbox 789 4687 888 4753; x_wconf 92' lang='lat' dir='ltr'><strong>Qui</strong></span> <span class='ocrx_word' id='word_1_413' title='bbox 916 4702 1037 4741; x_wconf 92' lang='lat' dir='ltr'><strong>eum</strong></span> <span class='ocrx_word' id='word_1_414' title='bbox 1065 4687 1296 4751; x_wconf 89' lang='lat' dir='ltr'><strong>cunctis,</strong></span> <span class='ocrx_word' id='word_1_415' title='bbox 1328 4702 1449 4756; x_wconf 74' lang='lat' dir='ltr'><strong>qutc</strong></span> <span class='ocrx_word' id='word_1_416' title='bbox 1487 4685 1738 4747; x_wconf 90' lang='lat' dir='ltr'><strong>diximus,</strong></span> <span class='ocrx_word' id='word_1_417' title='bbox 1773 4683 1930 4738; x_wconf 88' lang='lat' dir='ltr'><strong>bonis</strong></span> <span class='ocrx_word' id='word_1_418' title='bbox 1964 4685 2126 4738; x_wconf 87' lang='lat' dir='ltr'><strong>deco-</strong></span> 
     </span>
    </p>
   </div>
   <div class='ocr_carea' id='block_1_66' title="bbox 546 4775 2129 4853">
    <p class='ocr_par' dir='ltr' id='par_1_66' title="bbox 546 4775 2129 4853">
     <span class='ocr_line' id='line_1_66' title="bbox 546 4775 2129 4853; baseline -0.001 -21"><span class='ocrx_word' id='word_1_419' title='bbox 546 4785 723 4832; x_wconf 91' lang='lat' dir='ltr'><strong>ratum</strong></span> <span class='ocrx_word' id='word_1_420' title='bbox 749 4776 1046 4853; x_wconf 84' lang='lat' dir='ltr'><strong>luculenter</strong></span> <span class='ocrx_word' id='word_1_421' title='bbox 1071 4793 1393 4848; x_wconf 81' lang='lat' dir='ltr'><strong>agnoscens,</strong></span> <span class='ocrx_word' id='word_1_422' title='bbox 1420 4775 1566 4828; x_wconf 92' lang='lat' dir='ltr'><strong>omni</strong></span> <span class='ocrx_word' id='word_1_423' title='bbox 1595 4775 1716 4828; x_wconf 82' lang='lat' dir='ltr'><strong>vitae</strong></span> <span class='ocrx_word' id='word_1_424' title='bbox 1746 4790 1856 4828; x_wconf 76' lang='lat' dir='ltr'><strong>sua:</strong></span> <span class='ocrx_word' id='word_1_425' title='bbox 1885 4782 2129 4843; x_wconf 91' lang='lat' dir='ltr'><strong>tempore</strong></span> 
     </span>
    </p>
   </div>
   <div class='ocr_carea' id='block_1_67' title="bbox 545 4865 2130 4934">
    <p class='ocr_par' dir='ltr' id='par_1_67' title="bbox 545 4865 2130 4934">
     <span class='ocr_line' id='line_1_67' title="bbox 545 4865 2130 4934; baseline -0.002 -12"><span class='ocrx_word' id='word_1_426' title='bbox 545 4867 992 4922; x_wconf 85' lang='lat' dir='ltr'><strong>charissimorum</strong></span> <span class='ocrx_word' id='word_1_427' title='bbox 1032 4868 1149 4922; x_wconf 90' lang='lat' dir='ltr'><strong>vice</strong></span> <span class='ocrx_word' id='word_1_428' title='bbox 1197 4866 1442 4930; x_wconf 88' lang='lat' dir='ltr'><strong>retinuit,</strong></span> <span class='ocrx_word' id='word_1_429' title='bbox 1472 4874 1528 4919; x_wconf 92' lang='lat' dir='ltr'><strong>et</strong></span> <span class='ocrx_word' id='word_1_430' title='bbox 1552 4865 1701 4919; x_wconf 88' lang='lat' dir='ltr'><strong>velut</strong></span> <span class='ocrx_word' id='word_1_431' title='bbox 1728 4873 1883 4934; x_wconf 88' lang='lat' dir='ltr'><strong>pater</strong></span> <span class='ocrx_word' id='word_1_432' title='bbox 1911 4866 2130 4934; x_wconf 91' lang='lat' dir='ltr'><strong>proprio</strong></span> 
     </span>
    </p>
   </div>
   <div class='ocr_carea' id='block_1_68' title="bbox 548 4949 2131 5026">
    <p class='ocr_par' dir='ltr' id='par_1_68' title="bbox 548 4949 2131 5026">
     <span class='ocr_line' id='line_1_68' title="bbox 548 4949 2131 5026; baseline -0.002 -13"><span class='ocrx_word' id='word_1_433' title='bbox 548 4959 658 5013; x_wconf 82' lang='lat' dir='ltr'><strong>lilio</strong></span> <span class='ocrx_word' id='word_1_434' title='bbox 700 4958 865 5012; x_wconf 89' lang='lat' dir='ltr'><strong>corde</strong></span> <span class='ocrx_word' id='word_1_435' title='bbox 902 4957 1279 5026; x_wconf 84' lang='lat' dir='ltr'><strong>congaudehat</strong></span> <span class='ocrx_word' id='word_1_436' title='bbox 1323 4949 1522 5020; x_wconf 75' lang='lat' dir='ltr'><strong>alacri,</strong></span> <span class='ocrx_word' id='word_1_437' title='bbox 1559 4957 1777 5024; x_wconf 90' lang='lat' dir='ltr'><strong>suisque</strong></span> <span class='ocrx_word' id='word_1_438' title='bbox 1821 4955 2131 5025; x_wconf 85' lang='lat' dir='ltr'><strong>aspectibus</strong></span> 
     </span>
    </p>
   </div>
   <div class='ocr_carea' id='block_1_69' title="bbox 548 5046 2131 5118">
    <p class='ocr_par' dir='ltr' id='par_1_69' title="bbox 548 5046 2131 5118">
     <span class='ocr_line' id='line_1_69' title="bbox 548 5046 2131 5118; baseline -0.004 -12"><span class='ocrx_word' id='word_1_439' title='bbox 548 5050 696 5107; x_wconf 89' lang='lat' dir='ltr'><strong>illum</strong></span> <span class='ocrx_word' id='word_1_440' title='bbox 743 5050 959 5105; x_wconf 90' lang='lat' dir='ltr'><strong>assidue</strong></span> <span class='ocrx_word' id='word_1_441' title='bbox 1001 5048 1302 5104; x_wconf 88' lang='lat' dir='ltr'><strong>consistere</strong></span> <span class='ocrx_word' id='word_1_442' title='bbox 1345 5047 1616 5118; x_wconf 85' lang='lat' dir='ltr'><strong>cupiebat.</strong></span> <span class='ocrx_word' id='word_1_443' title='bbox 1650 5046 1882 5100; x_wconf 89' lang='lat' dir='ltr'><strong>Peracto</strong></span> <span class='ocrx_word' id='word_1_444' title='bbox 1913 5059 2040 5099; x_wconf 85' lang='lat' dir='ltr'><strong>vero</strong></span> <span class='ocrx_word' id='word_1_445' title='bbox 2066 5060 2131 5100; x_wconf 89' lang='lat' dir='ltr'><strong>ac</strong></span> 
     </span>
    </p>
   </div>
   <div class='ocr_carea' id='block_1_70' title="bbox 547 5138 2134 5210">
    <p class='ocr_par' dir='ltr' id='par_1_70' title="bbox 547 5138 2134 5210">
     <span class='ocr_line' id='line_1_70' title="bbox 547 5138 2134 5210; baseline -0.003 -14"><span class='ocrx_word' id='word_1_446' title='bbox 547 5144 804 5197; x_wconf 85' lang='lat' dir='ltr'><strong>divinitus</strong></span> <span class='ocrx_word' id='word_1_447' title='bbox 842 5142 994 5196; x_wconf 83' lang='lat' dir='ltr'><strong>finito</strong></span> <span class='ocrx_word' id='word_1_448' title='bbox 1028 5140 1187 5210; x_wconf 87' lang='lat' dir='ltr'><strong>hujus</strong></span> <span class='ocrx_word' id='word_1_449' title='bbox 1223 5141 1470 5210; x_wconf 70' lang='lat' dir='ltr'><strong>prmsulis</strong></span> <span class='ocrx_word' id='word_1_450' title='bbox 1495 5140 1633 5194; x_wconf 91' lang='lat' dir='ltr'><strong>lueis</strong></span> <span class='ocrx_word' id='word_1_451' title='bbox 1666 5138 1996 5194; x_wconf 90' lang='lat' dir='ltr'><strong>transeuntis</strong></span> <span class='ocrx_word' id='word_1_452' title='bbox 2029 5146 2134 5192; x_wconf 89' lang='lat' dir='ltr'><strong>ter-</strong></span> 
     </span>
    </p>
   </div>
   <div class='ocr_carea' id='block_1_71' title="bbox 548 5215 2131 5298">
    <p class='ocr_par' dir='ltr' id='par_1_71' title="bbox 548 5215 2131 5298">
     <span class='ocr_line' id='line_1_71' title="bbox 548 5215 2131 5298; baseline -0.003 -12"><span class='ocrx_word' id='word_1_453' title='bbox 548 5233 716 5298; x_wconf 87' lang='lat' dir='ltr'><strong>mino,</strong></span> <span class='ocrx_word' id='word_1_454' title='bbox 761 5233 828 5287; x_wconf 91' lang='lat' dir='ltr'><strong>ad</strong></span> <span class='ocrx_word' id='word_1_455' title='bbox 861 5248 1031 5287; x_wconf 74' lang='lat' dir='ltr'><strong>sacrae</strong></span> <span class='ocrx_word' id='word_1_456' title='bbox 1070 5232 1218 5286; x_wconf 90' lang='lat' dir='ltr'><strong>sedis</strong></span> <span class='ocrx_word' id='word_1_457' title='bbox 1261 5231 1498 5286; x_wconf 91' lang='lat' dir='ltr'><strong>culmina</strong></span> <span class='ocrx_word' id='word_1_458' title='bbox 1542 5230 1720 5284; x_wconf 89' lang='lat' dir='ltr'><strong>omnis</strong></span> <span class='ocrx_word' id='word_1_459' title='bbox 1761 5215 2131 5284; x_wconf 84' lang='lat' dir='ltr'><strong>Romanorum</strong></span> 
     </span>
    </p>
   </div>
   <div class='ocr_carea' id='block_1_72' title="bbox 549 5317 2133 5392">
    <p class='ocr_par' dir='ltr' id='par_1_72' title="bbox 549 5317 2133 5392">
     <span class='ocr_line' id='line_1_72' title="bbox 549 5317 2133 5392; baseline -0.003 -17"><span class='ocrx_word' id='word_1_460' title='bbox 549 5332 745 5387; x_wconf 63' lang='lat' dir='ltr'><strong>enatus,</strong></span> <span class='ocrx_word' id='word_1_461' title='bbox 777 5323 983 5377; x_wconf 91' lang='lat' dir='ltr'><strong>crebris</strong></span> <span class='ocrx_word' id='word_1_462' title='bbox 1015 5322 1303 5376; x_wconf 89' lang='lat' dir='ltr'><strong>Dominum</strong></span> <span class='ocrx_word' id='word_1_463' title='bbox 1331 5321 1552 5392; x_wconf 85' lang='lat' dir='ltr'><strong>jejuniis</strong></span> <span class='ocrx_word' id='word_1_464' title='bbox 1584 5328 1638 5373; x_wconf 91' lang='lat' dir='ltr'><strong>et</strong></span> <span class='ocrx_word' id='word_1_465' title='bbox 1673 5317 2013 5373; x_wconf 88' lang='lat' dir='ltr'><strong>orationibus</strong></span> <span class='ocrx_word' id='word_1_466' title='bbox 2042 5319 2133 5372; x_wconf 89' lang='lat' dir='ltr'><strong>de-</strong></span> 
     </span>
    </p>
   </div>
   <div class='ocr_carea' id='block_1_73' title="bbox 548 5406 2134 5486">
    <p class='ocr_par' dir='ltr' id='par_1_73' title="bbox 548 5406 2134 5486">
     <span class='ocr_line' id='line_1_73' title="bbox 548 5406 2134 5486; baseline -0.003 -20"><span class='ocrx_word' id='word_1_467' title='bbox 548 5408 801 5484; x_wconf 84' lang='lat' dir='ltr'><strong>precans,</strong></span> <span class='ocrx_word' id='word_1_468' title='bbox 847 5425 908 5471; x_wconf 91' lang='lat' dir='ltr'><strong>ut</strong></span> <span class='ocrx_word' id='word_1_469' title='bbox 936 5416 1058 5486; x_wconf 91' lang='lat' dir='ltr'><strong>quis</strong></span> <span class='ocrx_word' id='word_1_470' title='bbox 1101 5423 1268 5471; x_wconf 59' lang='lat' dir='ltr'><strong>tanta:</strong></span> <span class='ocrx_word' id='word_1_471' title='bbox 1313 5413 1457 5470; x_wconf 88' lang='lat' dir='ltr'><strong>sedis</strong></span> <span class='ocrx_word' id='word_1_472' title='bbox 1504 5413 1710 5466; x_wconf 91' lang='lat' dir='ltr'><strong>honore</strong></span> <span class='ocrx_word' id='word_1_473' title='bbox 1756 5406 1949 5480; x_wconf 83' lang='lat' dir='ltr'><strong>dignus</strong></span> <span class='ocrx_word' id='word_1_474' title='bbox 1996 5407 2134 5462; x_wconf 88' lang='lat' dir='ltr'><strong>foret</strong></span> 
     </span>
    </p>
   </div>
   <div class='ocr_carea' id='block_1_74' title="bbox 551 5499 2134 5577">
    <p class='ocr_par' dir='ltr' id='par_1_74' title="bbox 551 5499 2134 5577">
     <span class='ocr_line' id='line_1_74' title="bbox 551 5499 2134 5577; baseline -0.005 -16"><span class='ocrx_word' id='word_1_475' title='bbox 551 5518 741 5562; x_wconf 87' lang='lat' dir='ltr'><strong>eorum</strong></span> <span class='ocrx_word' id='word_1_476' title='bbox 802 5509 1053 5566; x_wconf 85' lang='lat' dir='ltr'><strong>sensibus</strong></span> <span class='ocrx_word' id='word_1_477' title='bbox 1108 5505 1352 5563; x_wconf 88' lang='lat' dir='ltr'><strong>revelare</strong></span> <span class='ocrx_word' id='word_1_478' title='bbox 1411 5505 1744 5577; x_wconf 81' lang='lat' dir='ltr'><strong>dignaretur.</strong></span> <span class='ocrx_word' id='word_1_479' title='bbox 1792 5501 1900 5557; x_wconf 86' lang='lat' dir='ltr'><strong>Sed</strong></span> <span class='ocrx_word' id='word_1_480' title='bbox 1949 5499 2134 5554; x_wconf 90' lang='lat' dir='ltr'><strong>divina</strong></span> 
     </span>
    </p>
   </div>
   <div class='ocr_carea' id='block_1_75' title="bbox 2154 4549 2208 4608">
    <p class='ocr_par' dir='ltr' id='par_1_75' title="bbox 2154 4549 2208 4608">
     <span class='ocr_line' id='line_1_75' title="bbox 2154 4549 2208 4608; baseline 0 -2"><span class='ocrx_word' id='word_1_481' title='bbox 2154 4549 2208 4608; x_wconf 93' lang='lat' dir='ltr'><strong>D</strong></span> 
     </span>
    </p>
   </div>
   <div class='ocr_carea' id='block_1_76' title="bbox 2290 1914 3817 1993">
    <p class='ocr_par' dir='ltr' id='par_1_76' title="bbox 2290 1914 3817 1993">
     <span class='ocr_line' id='line_1_76' title="bbox 2290 1914 3817 1993; baseline -0.009 -12"><span class='ocrx_word' id='word_1_482' title='bbox 2290 1926 2386 1981; x_wconf 86' lang='lat' dir='ltr'><strong>His</strong></span> <span class='ocrx_word' id='word_1_483' title='bbox 2410 1926 2608 1993; x_wconf 78' lang='lat' dir='ltr'><strong>itaque</strong></span> <span class='ocrx_word' id='word_1_484' title='bbox 2643 1918 2897 1975; x_wconf 89' lang='lat' dir='ltr'><strong>mellillne</strong></span> <span class='ocrx_word' id='word_1_485' title='bbox 2935 1916 3112 1981; x_wconf 90' lang='lat' dir='ltr'><strong>dictis,</strong></span> <span class='ocrx_word' id='word_1_486' title='bbox 3147 1930 3254 1969; x_wconf 92' lang='lat' dir='ltr'><strong>una</strong></span> <span class='ocrx_word' id='word_1_487' title='bbox 3280 1927 3406 1967; x_wconf 91' lang='lat' dir='ltr'><strong>mox</strong></span> <span class='ocrx_word' id='word_1_488' title='bbox 3438 1927 3627 1967; x_wconf 90' lang='lat' dir='ltr'><strong>omnes</strong></span> <span class='ocrx_word' id='word_1_489' title='bbox 3659 1914 3817 1982; x_wconf 81' lang='lat' dir='ltr'><strong>pacis</strong></span> 
     </span>
    </p>
   </div>
   <div class='ocr_carea' id='block_1_77' title="bbox 2219 2007 3814 2090">
    <p class='ocr_par' dir='ltr' id='par_1_77' title="bbox 2219 2007 3814 2090">
     <span class='ocr_line' id='line_1_77' title="bbox 2219 2007 3814 2090; baseline -0.01 -14"><span class='ocrx_word' id='word_1_490' title='bbox 2219 2019 2598 2090; x_wconf 90' lang='lat' dir='ltr'><strong>conjunctione</strong></span> <span class='ocrx_word' id='word_1_491' title='bbox 2627 2022 2911 2071; x_wconf 90' lang='lat' dir='ltr'><strong>manentes</strong></span> <span class='ocrx_word' id='word_1_492' title='bbox 2947 2013 3015 2066; x_wconf 92' lang='lat' dir='ltr'><strong>ad</strong></span> <span class='ocrx_word' id='word_1_493' title='bbox 3040 2010 3326 2066; x_wconf 90' lang='lat' dir='ltr'><strong>ecclesiam</strong></span> <span class='ocrx_word' id='word_1_494' title='bbox 3352 2017 3554 2063; x_wconf 64' lang='lat' dir='ltr'><strong>sanctae</strong></span> <span class='ocrx_word' id='word_1_495' title='bbox 3588 2007 3692 2062; x_wconf 86' lang='lat' dir='ltr'><strong>Dei</strong></span> <span class='ocrx_word' id='word_1_496' title='bbox 3725 2023 3814 2079; x_wconf 84' lang='lat' dir='ltr'><strong>ge-</strong></span> 
     </span>
    </p>
   </div>
   <div class='ocr_carea' id='block_1_78' title="bbox 2219 2103 3816 2182">
    <p class='ocr_par' dir='ltr' id='par_1_78' title="bbox 2219 2103 3816 2182">
     <span class='ocr_line' id='line_1_78' title="bbox 2219 2103 3816 2182; baseline -0.009 -12"><span class='ocrx_word' id='word_1_497' title='bbox 2219 2115 2433 2170; x_wconf 90' lang='lat' dir='ltr'><strong>nitricis</strong></span> <span class='ocrx_word' id='word_1_498' title='bbox 2479 2125 2798 2182; x_wconf 87' lang='lat' dir='ltr'><strong>semperque</strong></span> <span class='ocrx_word' id='word_1_499' title='bbox 2827 2107 3055 2178; x_wconf 88' lang='lat' dir='ltr'><strong>virginis</strong></span> <span class='ocrx_word' id='word_1_500' title='bbox 3101 2104 3284 2159; x_wconf 82' lang='lat' dir='ltr'><strong>Mariae</strong></span> <span class='ocrx_word' id='word_1_501' title='bbox 3333 2103 3563 2157; x_wconf 71' lang='lat' dir='ltr'><strong>dominm</strong></span> <span class='ocrx_word' id='word_1_502' title='bbox 3603 2113 3816 2156; x_wconf 61' lang='lat' dir='ltr'><strong>nostra:</strong></span> 
     </span>
    </p>
   </div>
   <div class='ocr_carea' id='block_1_79' title="bbox 2220 2194 3819 2268">
    <p class='ocr_par' dir='ltr' id='par_1_79' title="bbox 2220 2194 3819 2268">
     <span class='ocr_line' id='line_1_79' title="bbox 2220 2194 3819 2268; baseline -0.009 -5"><span class='ocrx_word' id='word_1_503' title='bbox 2220 2223 2376 2264; x_wconf 88' lang='lat' dir='ltr'><strong>sacer</strong></span> <span class='ocrx_word' id='word_1_504' title='bbox 2415 2206 2757 2268; x_wconf 89' lang='lat' dir='ltr'><strong>clericorum,</strong></span> <span class='ocrx_word' id='word_1_505' title='bbox 2799 2211 2855 2256; x_wconf 91' lang='lat' dir='ltr'><strong>et</strong></span> <span class='ocrx_word' id='word_1_506' title='bbox 2881 2201 3253 2254; x_wconf 84' lang='lat' dir='ltr'><strong>Romanorum</strong></span> <span class='ocrx_word' id='word_1_507' title='bbox 3291 2211 3546 2266; x_wconf 87' lang='lat' dir='ltr'><strong>proceres</strong></span> <span class='ocrx_word' id='word_1_508' title='bbox 3597 2194 3819 2264; x_wconf 79' lang='lat' dir='ltr'><strong>pariter</strong></span> 
     </span>
    </p>
   </div>
   <div class='ocr_carea' id='block_1_80' title="bbox 2221 2286 3818 2370">
    <p class='ocr_par' dir='ltr' id='par_1_80' title="bbox 2221 2286 3818 2370">
     <span class='ocr_line' id='line_1_80' title="bbox 2221 2286 3818 2370; baseline -0.009 -15"><span class='ocrx_word' id='word_1_509' title='bbox 2221 2315 2345 2355; x_wconf 92' lang='lat' dir='ltr'><strong>cum</strong></span> <span class='ocrx_word' id='word_1_510' title='bbox 2394 2298 2591 2370; x_wconf 90' lang='lat' dir='ltr'><strong>populo</strong></span> <span class='ocrx_word' id='word_1_511' title='bbox 2632 2301 2991 2366; x_wconf 89' lang='lat' dir='ltr'><strong>properantes</strong></span> <span class='ocrx_word' id='word_1_512' title='bbox 3034 2289 3360 2360; x_wconf 89' lang='lat' dir='ltr'><strong>multiplices</strong></span> <span class='ocrx_word' id='word_1_513' title='bbox 3405 2303 3526 2341; x_wconf 88' lang='lat' dir='ltr'><strong>eum</strong></span> <span class='ocrx_word' id='word_1_514' title='bbox 3574 2286 3818 2340; x_wconf 87' lang='lat' dir='ltr'><strong>Domino</strong></span> 
     </span>
    </p>
   </div>
   <div class='ocr_carea' id='block_1_81' title="bbox 2221 2377 3814 2460">
    <p class='ocr_par' dir='ltr' id='par_1_81' title="bbox 2221 2377 3814 2460">
     <span class='ocr_line' id='line_1_81' title="bbox 2221 2377 3814 2460; baseline -0.011 -15"><span class='ocrx_word' id='word_1_515' title='bbox 2221 2399 2401 2460; x_wconf 88' lang='lat' dir='ltr'><strong>grates</strong></span> <span class='ocrx_word' id='word_1_516' title='bbox 2429 2403 2492 2442; x_wconf 89' lang='lat' dir='ltr'><strong>ac</strong></span> <span class='ocrx_word' id='word_1_517' title='bbox 2525 2387 2712 2441; x_wconf 88' lang='lat' dir='ltr'><strong>laudes</strong></span> <span class='ocrx_word' id='word_1_518' title='bbox 2749 2383 3060 2438; x_wconf 81' lang='lat' dir='ltr'><strong>reddentem</strong></span> <span class='ocrx_word' id='word_1_519' title='bbox 3091 2394 3241 2433; x_wconf 91' lang='lat' dir='ltr'><strong>more</strong></span> <span class='ocrx_word' id='word_1_520' title='bbox 3266 2377 3427 2432; x_wconf 89' lang='lat' dir='ltr'><strong>solito</strong></span> <span class='ocrx_word' id='word_1_521' title='bbox 3456 2377 3814 2430; x_wconf 78' lang='lat' dir='ltr'><strong>invenerunt.</strong></span> 
     </span>
    </p>
   </div>
   <div class='ocr_carea' id='block_1_82' title="bbox 2221 2466 3820 2547">
    <p class='ocr_par' dir='ltr' id='par_1_82' title="bbox 2221 2466 3820 2547">
     <span class='ocr_line' id='line_1_82' title="bbox 2221 2466 3820 2547; baseline -0.009 -14"><span class='ocrx_word' id='word_1_522' title='bbox 2221 2479 2392 2547; x_wconf 87' lang='lat' dir='ltr'><strong>Quem</strong></span> <span class='ocrx_word' id='word_1_523' title='bbox 2436 2477 2580 2531; x_wconf 89' lang='lat' dir='ltr'><strong>illico</strong></span> <span class='ocrx_word' id='word_1_524' title='bbox 2609 2473 2836 2529; x_wconf 91' lang='lat' dir='ltr'><strong>multum</strong></span> <span class='ocrx_word' id='word_1_525' title='bbox 2879 2486 2942 2525; x_wconf 94' lang='lat' dir='ltr'><strong>ac</strong></span> <span class='ocrx_word' id='word_1_526' title='bbox 2989 2468 3194 2524; x_wconf 89' lang='lat' dir='ltr'><strong>diutius</strong></span> <span class='ocrx_word' id='word_1_527' title='bbox 3240 2466 3585 2530; x_wconf 83' lang='lat' dir='ltr'><strong>renitentem,</strong></span> <span class='ocrx_word' id='word_1_528' title='bbox 3635 2478 3820 2534; x_wconf 81' lang='lat' dir='ltr'><strong>seque</strong></span> 
     </span>
    </p>
   </div>
   <div class='ocr_carea' id='block_1_83' title="bbox 2221 2555 3820 2641">
    <p class='ocr_par' dir='ltr' id='par_1_83' title="bbox 2221 2555 3820 2641">
     <span class='ocr_line' id='line_1_83' title="bbox 2221 2555 3820 2641; baseline -0.01 -15"><span class='ocrx_word' id='word_1_529' title='bbox 2221 2572 2358 2626; x_wconf 88' lang='lat' dir='ltr'><strong>tanti</strong></span> <span class='ocrx_word' id='word_1_530' title='bbox 2384 2568 2659 2641; x_wconf 89' lang='lat' dir='ltr'><strong>regiminis</strong></span> <span class='ocrx_word' id='word_1_531' title='bbox 2691 2565 2808 2621; x_wconf 88' lang='lat' dir='ltr'><strong>fore</strong></span> <span class='ocrx_word' id='word_1_532' title='bbox 2829 2565 3189 2632; x_wconf 88' lang='lat' dir='ltr'><strong>incongruum</strong></span> <span class='ocrx_word' id='word_1_533' title='bbox 3213 2573 3344 2613; x_wconf 92' lang='lat' dir='ltr'><strong>voce</strong></span> <span class='ocrx_word' id='word_1_534' title='bbox 3373 2566 3591 2612; x_wconf 87' lang='lat' dir='ltr'><strong>strenua</strong></span> <span class='ocrx_word' id='word_1_535' title='bbox 3618 2555 3820 2624; x_wconf 79' lang='lat' dir='ltr'><strong>profe-</strong></span> 
     </span>
    </p>
   </div>
   <div class='ocr_carea' id='block_1_84' title="bbox 2221 2645 3820 2725">
    <p class='ocr_par' dir='ltr' id='par_1_84' title="bbox 2221 2645 3820 2725">
     <span class='ocr_line' id='line_1_84' title="bbox 2221 2645 3820 2725; baseline -0.011 -9"><span class='ocrx_word' id='word_1_536' title='bbox 2221 2669 2454 2724; x_wconf 90' lang='lat' dir='ltr'><strong>rentem,</strong></span> <span class='ocrx_word' id='word_1_537' title='bbox 2499 2657 2652 2710; x_wconf 68' lang='lat' dir='ltr'><strong>alma:</strong></span> <span class='ocrx_word' id='word_1_538' title='bbox 2690 2654 2864 2725; x_wconf 89' lang='lat' dir='ltr'><strong>plebis</strong></span> <span class='ocrx_word' id='word_1_539' title='bbox 2897 2660 2952 2706; x_wconf 93' lang='lat' dir='ltr'><strong>et</strong></span> <span class='ocrx_word' id='word_1_540' title='bbox 2987 2651 3124 2705; x_wconf 70' lang='lat' dir='ltr'><strong>lanis</strong></span> <span class='ocrx_word' id='word_1_541' title='bbox 3155 2649 3437 2717; x_wconf 90' lang='lat' dir='ltr'><strong>utriusque</strong></span> <span class='ocrx_word' id='word_1_542' title='bbox 3460 2646 3669 2700; x_wconf 84' lang='lat' dir='ltr'><strong>militiae</strong></span> <span class='ocrx_word' id='word_1_543' title='bbox 3702 2645 3820 2700; x_wconf 69' lang='lat' dir='ltr'><strong>Ro-</strong></span> 
     </span>
    </p>
   </div>
   <div class='ocr_carea' id='block_1_85' title="bbox 2221 2737 3822 2810">
    <p class='ocr_par' dir='ltr' id='par_1_85' title="bbox 2221 2737 3822 2810">
     <span class='ocr_line' id='line_1_85' title="bbox 2221 2737 3822 2810; baseline -0.008 -4"><span class='ocrx_word' id='word_1_544' title='bbox 2221 2766 2506 2806; x_wconf 89' lang='lat' dir='ltr'><strong>manorum</strong></span> <span class='ocrx_word' id='word_1_545' title='bbox 2537 2748 2741 2803; x_wconf 88' lang='lat' dir='ltr'><strong>electus</strong></span> <span class='ocrx_word' id='word_1_546' title='bbox 2769 2754 2853 2801; x_wconf 88' lang='lat' dir='ltr'><strong>est</strong></span> <span class='ocrx_word' id='word_1_547' title='bbox 2875 2744 3100 2800; x_wconf 89' lang='lat' dir='ltr'><strong>vocibus</strong></span> <span class='ocrx_word' id='word_1_548' title='bbox 3130 2743 3183 2797; x_wconf 91' lang='lat' dir='ltr'><strong>in</strong></span> <span class='ocrx_word' id='word_1_549' title='bbox 3206 2743 3335 2796; x_wconf 90' lang='lat' dir='ltr'><strong>sede</strong></span> <span class='ocrx_word' id='word_1_550' title='bbox 3362 2737 3708 2810; x_wconf 77' lang='lat' dir='ltr'><strong>pontificum.</strong></span> <span class='ocrx_word' id='word_1_551' title='bbox 3744 2739 3822 2793; x_wconf 75' lang='lat' dir='ltr'><strong>Ac</strong></span> 
     </span>
    </p>
   </div>
   <div class='ocr_carea' id='block_1_86' title="bbox 2223 2833 3822 2912">
    <p class='ocr_par' dir='ltr' id='par_1_86' title="bbox 2223 2833 3822 2912">
     <span class='ocr_line' id='line_1_86' title="bbox 2223 2833 3822 2912; baseline -0.01 -12"><span class='ocrx_word' id='word_1_552' title='bbox 2223 2845 2418 2901; x_wconf 87' lang='lat' dir='ltr'><strong>deinde</strong></span> <span class='ocrx_word' id='word_1_553' title='bbox 2437 2842 2718 2912; x_wconf 83' lang='lat' dir='ltr'><strong>condignis</strong></span> <span class='ocrx_word' id='word_1_554' title='bbox 2746 2839 2930 2911; x_wconf 64' lang='lat' dir='ltr'><strong>gloriae</strong></span> <span class='ocrx_word' id='word_1_555' title='bbox 2956 2837 3225 2900; x_wconf 85' lang='lat' dir='ltr'><strong>laudibus,</strong></span> <span class='ocrx_word' id='word_1_556' title='bbox 3267 2844 3322 2888; x_wconf 93' lang='lat' dir='ltr'><strong>et</strong></span> <span class='ocrx_word' id='word_1_557' title='bbox 3362 2833 3584 2888; x_wconf 91' lang='lat' dir='ltr'><strong>honoris</strong></span> <span class='ocrx_word' id='word_1_558' title='bbox 3615 2833 3822 2902; x_wconf 84' lang='lat' dir='ltr'><strong>ampli-</strong></span> 
     </span>
    </p>
   </div>
   <div class='ocr_carea' id='block_1_87' title="bbox 2223 2926 3818 3000">
    <p class='ocr_par' dir='ltr' id='par_1_87' title="bbox 2223 2926 3818 3000">
     <span class='ocr_line' id='line_1_87' title="bbox 2223 2926 3818 3000; baseline -0.008 -8"><span class='ocrx_word' id='word_1_559' title='bbox 2223 2937 2407 2992; x_wconf 90' lang='lat' dir='ltr'><strong>tudine</strong></span> <span class='ocrx_word' id='word_1_560' title='bbox 2437 2935 2506 2990; x_wconf 92' lang='lat' dir='ltr'><strong>ad</strong></span> <span class='ocrx_word' id='word_1_561' title='bbox 2547 2935 2916 2988; x_wconf 87' lang='lat' dir='ltr'><strong>Lateranense</strong></span> <span class='ocrx_word' id='word_1_562' title='bbox 2950 2928 3344 3000; x_wconf 90' lang='lat' dir='ltr'><strong>patriarchium</strong></span> <span class='ocrx_word' id='word_1_563' title='bbox 3375 2927 3441 2980; x_wconf 89' lang='lat' dir='ltr'><strong>ab</strong></span> <span class='ocrx_word' id='word_1_564' title='bbox 3480 2926 3616 2994; x_wconf 92' lang='lat' dir='ltr'><strong>ipsis</strong></span> <span class='ocrx_word' id='word_1_565' title='bbox 3641 2928 3818 2980; x_wconf 81' lang='lat' dir='ltr'><strong>dedu-</strong></span> 
     </span>
    </p>
   </div>
   <div class='ocr_carea' id='block_1_88' title="bbox 2223 3016 3821 3097">
    <p class='ocr_par' dir='ltr' id='par_1_88' title="bbox 2223 3016 3821 3097">
     <span class='ocr_line' id='line_1_88' title="bbox 2223 3016 3821 3097; baseline -0.008 -11"><span class='ocrx_word' id='word_1_566' title='bbox 2223 3040 2362 3096; x_wconf 92' lang='lat' dir='ltr'><strong>ctus,</strong></span> <span class='ocrx_word' id='word_1_567' title='bbox 2388 3037 2444 3085; x_wconf 92' lang='lat' dir='ltr'><strong>et</strong></span> <span class='ocrx_word' id='word_1_568' title='bbox 2469 3029 2522 3082; x_wconf 95' lang='lat' dir='ltr'><strong>in</strong></span> <span class='ocrx_word' id='word_1_569' title='bbox 2545 3025 2843 3097; x_wconf 75' lang='lat' dir='ltr'><strong>pontificali</strong></span> <span class='ocrx_word' id='word_1_570' title='bbox 2869 3033 2952 3079; x_wconf 90' lang='lat' dir='ltr'><strong>est</strong></span> <span class='ocrx_word' id='word_1_571' title='bbox 2979 3023 3186 3092; x_wconf 92' lang='lat' dir='ltr'><strong>positus</strong></span> <span class='ocrx_word' id='word_1_572' title='bbox 3211 3021 3422 3075; x_wconf 91' lang='lat' dir='ltr'><strong>throno.</strong></span> <span class='ocrx_word' id='word_1_573' title='bbox 3448 3016 3618 3088; x_wconf 89' lang='lat' dir='ltr'><strong>Cujus</strong></span> <span class='ocrx_word' id='word_1_574' title='bbox 3643 3033 3821 3073; x_wconf 78' lang='lat' dir='ltr'><strong>ovan-</strong></span> 
     </span>
    </p>
   </div>
   <div class='ocr_carea' id='block_1_89' title="bbox 2223 3111 3820 3185">
    <p class='ocr_par' dir='ltr' id='par_1_89' title="bbox 2223 3111 3820 3185">
     <span class='ocr_line' id='line_1_89' title="bbox 2223 3111 3820 3185; baseline -0.008 -6"><span class='ocrx_word' id='word_1_575' title='bbox 2223 3134 2308 3180; x_wconf 91' lang='lat' dir='ltr'><strong>ter</strong></span> <span class='ocrx_word' id='word_1_576' title='bbox 2345 3124 2412 3178; x_wconf 92' lang='lat' dir='ltr'><strong>ab</strong></span> <span class='ocrx_word' id='word_1_577' title='bbox 2450 3122 2597 3178; x_wconf 91' lang='lat' dir='ltr'><strong>omni</strong></span> <span class='ocrx_word' id='word_1_578' title='bbox 2643 3120 3011 3174; x_wconf 82' lang='lat' dir='ltr'><strong>Romanorum</strong></span> <span class='ocrx_word' id='word_1_579' title='bbox 3043 3125 3232 3171; x_wconf 89' lang='lat' dir='ltr'><strong>senatu</strong></span> <span class='ocrx_word' id='word_1_580' title='bbox 3265 3114 3485 3185; x_wconf 88' lang='lat' dir='ltr'><strong>pedibus</strong></span> <span class='ocrx_word' id='word_1_581' title='bbox 3511 3111 3820 3180; x_wconf 87' lang='lat' dir='ltr'><strong>osculatis,</strong></span> 
     </span>
    </p>
   </div>
   <div class='ocr_carea' id='block_1_90' title="bbox 2225 3209 3824 3282">
    <p class='ocr_par' dir='ltr' id='par_1_90' title="bbox 2225 3209 3824 3282">
     <span class='ocr_line' id='line_1_90' title="bbox 2225 3209 3824 3282; baseline -0.006 -10"><span class='ocrx_word' id='word_1_582' title='bbox 2225 3224 2282 3272; x_wconf 87' lang='lat' dir='ltr'><strong>et</strong></span> <span class='ocrx_word' id='word_1_583' title='bbox 2309 3215 2562 3270; x_wconf 91' lang='lat' dir='ltr'><strong>omnibus</strong></span> <span class='ocrx_word' id='word_1_584' title='bbox 2597 3229 2718 3282; x_wconf 67' lang='lat' dir='ltr'><strong>quae</strong></span> <span class='ocrx_word' id='word_1_585' title='bbox 2759 3210 3025 3281; x_wconf 87' lang='lat' dir='ltr'><strong>explenda</strong></span> <span class='ocrx_word' id='word_1_586' title='bbox 3062 3217 3220 3263; x_wconf 91' lang='lat' dir='ltr'><strong>erant</strong></span> <span class='ocrx_word' id='word_1_587' title='bbox 3255 3209 3357 3262; x_wconf 87' lang='lat' dir='ltr'><strong>rite</strong></span> <span class='ocrx_word' id='word_1_588' title='bbox 3393 3221 3457 3260; x_wconf 87' lang='lat' dir='ltr'><strong>ac</strong></span> <span class='ocrx_word' id='word_1_589' title='bbox 3483 3217 3824 3263; x_wconf 72' lang='lat' dir='ltr'><strong>venerantet</strong></span> 
     </span>
    </p>
   </div>
   <div class='ocr_carea' id='block_1_91' title="bbox 2223 3300 3824 3383">
    <p class='ocr_par' dir='ltr' id='par_1_91' title="bbox 2223 3300 3824 3383">
     <span class='ocr_line' id='line_1_91' title="bbox 2223 3300 3824 3383; baseline -0.007 -17"><span class='ocrx_word' id='word_1_590' title='bbox 2223 3310 2485 3383; x_wconf 85' lang='lat' dir='ltr'><strong>peractis,</strong></span> <span class='ocrx_word' id='word_1_591' title='bbox 2509 3323 2701 3377; x_wconf 87' lang='lat' dir='ltr'><strong>magna</strong></span> <span class='ocrx_word' id='word_1_592' title='bbox 2740 3306 3025 3368; x_wconf 88' lang='lat' dir='ltr'><strong>sobrietas,</strong></span> <span class='ocrx_word' id='word_1_593' title='bbox 3064 3318 3256 3373; x_wconf 87' lang='lat' dir='ltr'><strong>magna</strong></span> <span class='ocrx_word' id='word_1_594' title='bbox 3289 3302 3340 3355; x_wconf 92' lang='lat' dir='ltr'><strong>in</strong></span> <span class='ocrx_word' id='word_1_595' title='bbox 3371 3300 3531 3354; x_wconf 89' lang='lat' dir='ltr'><strong>totius</strong></span> <span class='ocrx_word' id='word_1_596' title='bbox 3564 3315 3744 3355; x_wconf 87' lang='lat' dir='ltr'><strong>sexus</strong></span> <span class='ocrx_word' id='word_1_597' title='bbox 3769 3310 3824 3354; x_wconf 86' lang='lat' dir='ltr'><strong>et</strong></span> 
     </span>
    </p>
   </div>
   <div class='ocr_carea' id='block_1_92' title="bbox 2226 3394 3826 3471">
    <p class='ocr_par' dir='ltr' id='par_1_92' title="bbox 2226 3394 3826 3471">
     <span class='ocr_line' id='line_1_92' title="bbox 2226 3394 3826 3471; baseline -0.006 -11"><span class='ocrx_word' id='word_1_598' title='bbox 2226 3404 2404 3460; x_wconf 75' lang='lat' dir='ltr'><strong>aetatis</strong></span> <span class='ocrx_word' id='word_1_599' title='bbox 2434 3401 2631 3471; x_wconf 91' lang='lat' dir='ltr'><strong>populo</strong></span> <span class='ocrx_word' id='word_1_600' title='bbox 2659 3399 2842 3454; x_wconf 70' lang='lat' dir='ltr'><strong>laetitia</strong></span> <span class='ocrx_word' id='word_1_601' title='bbox 2873 3397 3091 3451; x_wconf 89' lang='lat' dir='ltr'><strong>mansit.</strong></span> <span class='ocrx_word' id='word_1_602' title='bbox 3121 3395 3357 3464; x_wconf 88' lang='lat' dir='ltr'><strong>Ejusque</strong></span> <span class='ocrx_word' id='word_1_603' title='bbox 3386 3394 3826 3450; x_wconf 83' lang='lat' dir='ltr'><strong>consecrationis</strong></span> 
     </span>
    </p>
   </div>
   <div class='ocr_carea' id='block_1_93' title="bbox 2227 3483 3821 3562">
    <p class='ocr_par' dir='ltr' id='par_1_93' title="bbox 2227 3483 3821 3562">
     <span class='ocr_line' id='line_1_93' title="bbox 2227 3483 3821 3562; baseline -0.007 -14"><span class='ocrx_word' id='word_1_604' title='bbox 2227 3493 2315 3548; x_wconf 91' lang='lat' dir='ltr'><strong>die</strong></span> <span class='ocrx_word' id='word_1_605' title='bbox 2337 3506 2531 3548; x_wconf 91' lang='lat' dir='ltr'><strong>sereno</strong></span> <span class='ocrx_word' id='word_1_606' title='bbox 2555 3491 2666 3562; x_wconf 90' lang='lat' dir='ltr'><strong>jam</strong></span> <span class='ocrx_word' id='word_1_607' title='bbox 2700 3489 3067 3552; x_wconf 89' lang='lat' dir='ltr'><strong>illucescente,</strong></span> <span class='ocrx_word' id='word_1_608' title='bbox 3097 3501 3216 3540; x_wconf 92' lang='lat' dir='ltr'><strong>cum</strong></span> <span class='ocrx_word' id='word_1_609' title='bbox 3249 3485 3449 3539; x_wconf 89' lang='lat' dir='ltr'><strong>lumine</strong></span> <span class='ocrx_word' id='word_1_610' title='bbox 3470 3484 3582 3553; x_wconf 88' lang='lat' dir='ltr'><strong>jam</strong></span> <span class='ocrx_word' id='word_1_611' title='bbox 3603 3483 3821 3538; x_wconf 80' lang='lat' dir='ltr'><strong>dictum</strong></span> 
     </span>
    </p>
   </div>
   <div class='ocr_carea' id='block_1_94' title="bbox 2227 3576 3825 3648">
    <p class='ocr_par' dir='ltr' id='par_1_94' title="bbox 2227 3576 3825 3648">
     <span class='ocr_line' id='line_1_94' title="bbox 2227 3576 3825 3648; baseline -0.006 -9"><span class='ocrx_word' id='word_1_612' title='bbox 2227 3585 2524 3640; x_wconf 89' lang='lat' dir='ltr'><strong>antistitem</strong></span> <span class='ocrx_word' id='word_1_613' title='bbox 2554 3583 2620 3636; x_wconf 92' lang='lat' dir='ltr'><strong>ad</strong></span> <span class='ocrx_word' id='word_1_614' title='bbox 2653 3581 2793 3636; x_wconf 90' lang='lat' dir='ltr'><strong>beati</strong></span> <span class='ocrx_word' id='word_1_615' title='bbox 2822 3579 2970 3634; x_wconf 86' lang='lat' dir='ltr'><strong>Petri</strong></span> <span class='ocrx_word' id='word_1_616' title='bbox 3011 3577 3374 3648; x_wconf 90' lang='lat' dir='ltr'><strong>apostolorum</strong></span> <span class='ocrx_word' id='word_1_617' title='bbox 3417 3576 3687 3645; x_wconf 89' lang='lat' dir='ltr'><strong>principis</strong></span> <span class='ocrx_word' id='word_1_618' title='bbox 3732 3591 3825 3630; x_wconf 84' lang='lat' dir='ltr'><strong>ec-</strong></span> 
     </span>
    </p>
   </div>
   <div class='ocr_carea' id='block_1_95' title="bbox 2228 3668 3819 3744">
    <p class='ocr_par' dir='ltr' id='par_1_95' title="bbox 2228 3668 3819 3744">
     <span class='ocr_line' id='line_1_95' title="bbox 2228 3668 3819 3744; baseline -0.007 -11"><span class='ocrx_word' id='word_1_619' title='bbox 2228 3677 2659 3733; x_wconf 81' lang='lat' dir='ltr'><strong>clesiam-omnes</strong></span> <span class='ocrx_word' id='word_1_620' title='bbox 2683 3673 2888 3744; x_wconf 92' lang='lat' dir='ltr'><strong>pariter</strong></span> <span class='ocrx_word' id='word_1_621' title='bbox 2913 3671 3142 3726; x_wconf 80' lang='lat' dir='ltr'><strong>Romani</strong></span> <span class='ocrx_word' id='word_1_622' title='bbox 3173 3686 3203 3723; x_wconf 90' lang='lat' dir='ltr'><strong>a</strong></span> <span class='ocrx_word' id='word_1_623' title='bbox 3231 3668 3433 3738; x_wconf 90' lang='lat' dir='ltr'><strong>palatio</strong></span> <span class='ocrx_word' id='word_1_624' title='bbox 3461 3668 3819 3733; x_wconf 69' lang='lat' dir='ltr'><strong>deducentes,</strong></span> 
     </span>
    </p>
   </div>
   <div class='ocr_carea' id='block_1_96' title="bbox 2227 3760 3823 3836">
    <p class='ocr_par' dir='ltr' id='par_1_96' title="bbox 2227 3760 3823 3836">
     <span class='ocr_line' id='line_1_96' title="bbox 2227 3760 3823 3836; baseline -0.006 -12"><span class='ocrx_word' id='word_1_625' title='bbox 2227 3785 2352 3824; x_wconf 90' lang='lat' dir='ltr'><strong>eum</strong></span> <span class='ocrx_word' id='word_1_626' title='bbox 2383 3767 2665 3836; x_wconf 88' lang='lat' dir='ltr'><strong>majestate</strong></span> <span class='ocrx_word' id='word_1_627' title='bbox 2694 3765 2874 3820; x_wconf 88' lang='lat' dir='ltr'><strong>divina</strong></span> <span class='ocrx_word' id='word_1_628' title='bbox 2909 3763 3207 3818; x_wconf 86' lang='lat' dir='ltr'><strong>auxiliante</strong></span> <span class='ocrx_word' id='word_1_629' title='bbox 3231 3761 3284 3816; x_wconf 91' lang='lat' dir='ltr'><strong>in</strong></span> <span class='ocrx_word' id='word_1_630' title='bbox 3314 3761 3422 3815; x_wconf 88' lang='lat' dir='ltr'><strong>alto</strong></span> <span class='ocrx_word' id='word_1_631' title='bbox 3447 3760 3644 3814; x_wconf 88' lang='lat' dir='ltr'><strong>throno</strong></span> <span class='ocrx_word' id='word_1_632' title='bbox 3668 3775 3823 3815; x_wconf 85' lang='lat' dir='ltr'><strong>sum—-</strong></span> 
     </span>
    </p>
   </div>
   <div class='ocr_carea' id='block_1_97' title="bbox 2229 3856 3154 3928">
    <p class='ocr_par' dir='ltr' id='par_1_97' title="bbox 2229 3856 3154 3928">
     <span class='ocr_line' id='line_1_97' title="bbox 2229 3856 3154 3928; baseline -0.008 -11"><span class='ocrx_word' id='word_1_633' title='bbox 2229 3878 2377 3917; x_wconf 92' lang='lat' dir='ltr'><strong>mum</strong></span> <span class='ocrx_word' id='word_1_634' title='bbox 2403 3874 2792 3916; x_wconf 90' lang='lat' dir='ltr'><strong>consecravere</strong></span> <span class='ocrx_word' id='word_1_635' title='bbox 2821 3856 3154 3928; x_wconf 83' lang='lat' dir='ltr'><strong>pontificem.</strong></span> 
     </span>
    </p>
   </div>
   <div class='ocr_carea' id='block_1_98' title="bbox 2299 3943 3823 4020">
    <p class='ocr_par' dir='ltr' id='par_1_98' title="bbox 2299 3943 3823 4020">
     <span class='ocr_line' id='line_1_98' title="bbox 2299 3943 3823 4020; baseline -0.007 -13"><span class='ocrx_word' id='word_1_636' title='bbox 2299 3953 2400 4020; x_wconf 85' lang='lat' dir='ltr'><strong>Qui</strong></span> <span class='ocrx_word' id='word_1_637' title='bbox 2444 3969 2570 4007; x_wconf 91' lang='lat' dir='ltr'><strong>mox</strong></span> <span class='ocrx_word' id='word_1_638' title='bbox 2606 3950 2853 4006; x_wconf 73' lang='lat' dir='ltr'><strong>almificae</strong></span> <span class='ocrx_word' id='word_1_639' title='bbox 2894 3949 3035 4003; x_wconf 85' lang='lat' dir='ltr'><strong>sedis</strong></span> <span class='ocrx_word' id='word_1_640' title='bbox 3074 3947 3310 4003; x_wconf 89' lang='lat' dir='ltr'><strong>culmina</strong></span> <span class='ocrx_word' id='word_1_641' title='bbox 3348 3943 3619 4000; x_wconf 85' lang='lat' dir='ltr'><strong>scandens</strong></span> <span class='ocrx_word' id='word_1_642' title='bbox 3669 3943 3823 3997; x_wconf 83' lang='lat' dir='ltr'><strong>beati</strong></span> 
     </span>
    </p>
   </div>
   <div class='ocr_carea' id='block_1_99' title="bbox 2229 4035 3824 4115">
    <p class='ocr_par' dir='ltr' id='par_1_99' title="bbox 2229 4035 3824 4115">
     <span class='ocr_line' id='line_1_99' title="bbox 2229 4035 3824 4115; baseline -0.007 -15"><span class='ocrx_word' id='word_1_643' title='bbox 2229 4045 2377 4100; x_wconf 63' lang='lat' dir='ltr'><strong>Pvtri</strong></span> <span class='ocrx_word' id='word_1_644' title='bbox 2405 4044 2630 4115; x_wconf 90' lang='lat' dir='ltr'><strong>apostoli</strong></span> <span class='ocrx_word' id='word_1_645' title='bbox 2658 4052 2713 4099; x_wconf 90' lang='lat' dir='ltr'><strong>et</strong></span> <span class='ocrx_word' id='word_1_646' title='bbox 2737 4043 2974 4097; x_wconf 73' lang='lat' dir='ltr'><strong>cmlestis</strong></span> <span class='ocrx_word' id='word_1_647' title='bbox 2998 4042 3145 4112; x_wconf 86' lang='lat' dir='ltr'><strong>regni</strong></span> <span class='ocrx_word' id='word_1_648' title='bbox 3172 4039 3444 4110; x_wconf 83' lang='lat' dir='ltr'><strong>clavigeri,</strong></span> <span class='ocrx_word' id='word_1_649' title='bbox 3478 4037 3682 4092; x_wconf 85' lang='lat' dir='ltr'><strong>divinis</strong></span> <span class='ocrx_word' id='word_1_650' title='bbox 3709 4035 3824 4090; x_wconf 82' lang='lat' dir='ltr'><strong>Deo</strong></span> 
     </span>
    </p>
   </div>
   <div class='ocr_carea' id='block_1_100' title="bbox 2232 4129 3821 4204">
    <p class='ocr_par' dir='ltr' id='par_1_100' title="bbox 2232 4129 3821 4204">
     <span class='ocr_line' id='line_1_100' title="bbox 2232 4129 3821 4204; baseline -0.006 -15"><span class='ocrx_word' id='word_1_651' title='bbox 2232 4135 2482 4189; x_wconf 90' lang='lat' dir='ltr'><strong>laudibus</strong></span> <span class='ocrx_word' id='word_1_652' title='bbox 2511 4143 2566 4188; x_wconf 90' lang='lat' dir='ltr'><strong>et</strong></span> <span class='ocrx_word' id='word_1_653' title='bbox 2592 4134 2878 4190; x_wconf 85' lang='lat' dir='ltr'><strong>sacrificiis</strong></span> <span class='ocrx_word' id='word_1_654' title='bbox 2919 4134 3005 4204; x_wconf 91' lang='lat' dir='ltr'><strong>pie</strong></span> <span class='ocrx_word' id='word_1_655' title='bbox 3046 4131 3262 4196; x_wconf 89' lang='lat' dir='ltr'><strong>oblatis,</strong></span> <span class='ocrx_word' id='word_1_656' title='bbox 3314 4129 3490 4197; x_wconf 83' lang='lat' dir='ltr'><strong>amplo</strong></span> <span class='ocrx_word' id='word_1_657' title='bbox 3516 4138 3572 4181; x_wconf 90' lang='lat' dir='ltr'><strong>et</strong></span> <span class='ocrx_word' id='word_1_658' title='bbox 3604 4129 3821 4198; x_wconf 83' lang='lat' dir='ltr'><strong>magni-</strong></span> 
     </span>
    </p>
   </div>
   <div class='ocr_carea' id='block_1_101' title="bbox 2234 4217 3823 4291">
    <p class='ocr_par' dir='ltr' id='par_1_101' title="bbox 2234 4217 3823 4291">
     <span class='ocr_line' id='line_1_101' title="bbox 2234 4217 3823 4291; baseline -0.007 -11"><span class='ocrx_word' id='word_1_659' title='bbox 2234 4227 2336 4281; x_wconf 86' lang='lat' dir='ltr'><strong>ﬁco</strong></span> <span class='ocrx_word' id='word_1_660' title='bbox 2401 4225 2769 4280; x_wconf 88' lang='lat' dir='ltr'><strong>Romanorum</strong></span> <span class='ocrx_word' id='word_1_661' title='bbox 2822 4231 2964 4278; x_wconf 72' lang='lat' dir='ltr'><strong>ccrtn</strong></span> <span class='ocrx_word' id='word_1_662' title='bbox 3013 4223 3080 4276; x_wconf 93' lang='lat' dir='ltr'><strong>ad</strong></span> <span class='ocrx_word' id='word_1_663' title='bbox 3133 4222 3394 4291; x_wconf 91' lang='lat' dir='ltr'><strong>palatium</strong></span> <span class='ocrx_word' id='word_1_664' title='bbox 3440 4233 3564 4273; x_wconf 89' lang='lat' dir='ltr'><strong>cum</strong></span> <span class='ocrx_word' id='word_1_665' title='bbox 3612 4217 3823 4287; x_wconf 77' lang='lat' dir='ltr'><strong>ingenti</strong></span> 
     </span>
    </p>
   </div>
   <div class='ocr_carea' id='block_1_102' title="bbox 2233 4303 3824 4390">
    <p class='ocr_par' dir='ltr' id='par_1_102' title="bbox 2233 4303 3824 4390">
     <span class='ocr_line' id='line_1_102' title="bbox 2233 4303 3824 4390; baseline -0.008 -19"><span class='ocrx_word' id='word_1_666' title='bbox 2233 4303 2430 4390; x_wconf 84' lang='lat' dir='ltr'><strong>gaudio</strong></span> <span class='ocrx_word' id='word_1_667' title='bbox 2457 4315 2758 4379; x_wconf 84' lang='lat' dir='ltr'><strong>remeavit;</strong></span> <span class='ocrx_word' id='word_1_668' title='bbox 2790 4322 2953 4382; x_wconf 91' lang='lat' dir='ltr'><strong>atque</strong></span> <span class='ocrx_word' id='word_1_669' title='bbox 2981 4311 3296 4366; x_wconf 86' lang='lat' dir='ltr'><strong>lautissimis</strong></span> <span class='ocrx_word' id='word_1_670' title='bbox 3332 4309 3558 4378; x_wconf 87' lang='lat' dir='ltr'><strong>dapibus</strong></span> <span class='ocrx_word' id='word_1_671' title='bbox 3591 4306 3824 4375; x_wconf 85' lang='lat' dir='ltr'><strong>sumptis</strong></span> 
     </span>
    </p>
   </div>
   <div class='ocr_carea' id='block_1_103' title="bbox 2237 4395 3826 4462">
    <p class='ocr_par' dir='ltr' id='par_1_103' title="bbox 2237 4395 3826 4462">
     <span class='ocr_line' id='line_1_103' title="bbox 2237 4395 3826 4462; baseline -0.009 0"><span class='ocrx_word' id='word_1_672' title='bbox 2237 4408 2735 4462; x_wconf 89' lang='lat' dir='ltr'><strong>amantissimornm</strong></span> <span class='ocrx_word' id='word_1_673' title='bbox 2782 4403 2970 4458; x_wconf 90' lang='lat' dir='ltr'><strong>multis</strong></span> <span class='ocrx_word' id='word_1_674' title='bbox 3000 4411 3055 4456; x_wconf 92' lang='lat' dir='ltr'><strong>et</strong></span> <span class='ocrx_word' id='word_1_675' title='bbox 3084 4401 3312 4457; x_wconf 88' lang='lat' dir='ltr'><strong>diversis</strong></span> <span class='ocrx_word' id='word_1_676' title='bbox 3347 4413 3634 4453; x_wconf 85' lang='lat' dir='ltr'><strong>munerum</strong></span> <span class='ocrx_word' id='word_1_677' title='bbox 3665 4395 3826 4450; x_wconf 82' lang='lat' dir='ltr'><strong>donis</strong></span> 
     </span>
    </p>
   </div>
   <div class='ocr_carea' id='block_1_104' title="bbox 2236 4489 3826 4567">
    <p class='ocr_par' dir='ltr' id='par_1_104' title="bbox 2236 4489 3826 4567">
     <span class='ocr_line' id='line_1_104' title="bbox 2236 4489 3826 4567; baseline -0.009 -13"><span class='ocrx_word' id='word_1_678' title='bbox 2236 4515 2446 4554; x_wconf 92' lang='lat' dir='ltr'><strong>sacram</strong></span> <span class='ocrx_word' id='word_1_679' title='bbox 2470 4498 2681 4567; x_wconf 85' lang='lat' dir='ltr'><strong>plebem</strong></span> <span class='ocrx_word' id='word_1_680' title='bbox 2721 4505 2776 4550; x_wconf 86' lang='lat' dir='ltr'><strong>ct</strong></span> <span class='ocrx_word' id='word_1_681' title='bbox 2822 4504 3067 4550; x_wconf 89' lang='lat' dir='ltr'><strong>senatum</strong></span> <span class='ocrx_word' id='word_1_682' title='bbox 3104 4494 3471 4563; x_wconf 89' lang='lat' dir='ltr'><strong>populumque</strong></span> <span class='ocrx_word' id='word_1_683' title='bbox 3515 4489 3826 4543; x_wconf 80' lang='lat' dir='ltr'><strong>Romanum</strong></span> 
     </span>
    </p>
   </div>
   <div class='ocr_carea' id='block_1_105' title="bbox 2235 4581 3829 4662">
    <p class='ocr_par' dir='ltr' id='par_1_105' title="bbox 2235 4581 3829 4662">
     <span class='ocr_line' id='line_1_105' title="bbox 2235 4581 3829 4662; baseline -0.01 -15"><span class='ocrx_word' id='word_1_684' title='bbox 2235 4592 2438 4662; x_wconf 90' lang='lat' dir='ltr'><strong>optime</strong></span> <span class='ocrx_word' id='word_1_685' title='bbox 2476 4588 2700 4662; x_wconf 61' lang='lat' dir='ltr'><strong>[opimcj</strong></span> <span class='ocrx_word' id='word_1_686' title='bbox 2748 4589 2958 4642; x_wconf 88' lang='lat' dir='ltr'><strong>ditavit.</strong></span> <span class='ocrx_word' id='word_1_687' title='bbox 3000 4587 3132 4641; x_wconf 89' lang='lat' dir='ltr'><strong>Erat</strong></span> <span class='ocrx_word' id='word_1_688' title='bbox 3173 4586 3371 4655; x_wconf 88' lang='lat' dir='ltr'><strong>quippe</strong></span> <span class='ocrx_word' id='word_1_689' title='bbox 3402 4582 3714 4652; x_wconf 81' lang='lat' dir='ltr'><strong>dapsilitate</strong></span> <span class='ocrx_word' id='word_1_690' title='bbox 3746 4581 3829 4632; x_wconf 83' lang='lat' dir='ltr'><strong>in—</strong></span> 
     </span>
    </p>
   </div>
   <div class='ocr_carea' id='block_1_106' title="bbox 2237 4676 3829 4757">
    <p class='ocr_par' dir='ltr' id='par_1_106' title="bbox 2237 4676 3829 4757">
     <span class='ocr_line' id='line_1_106' title="bbox 2237 4676 3829 4757; baseline -0.01 -17"><span class='ocrx_word' id='word_1_691' title='bbox 2237 4687 2428 4757; x_wconf 82' lang='lat' dir='ltr'><strong>clytus,</strong></span> <span class='ocrx_word' id='word_1_692' title='bbox 2462 4684 2672 4736; x_wconf 86' lang='lat' dir='ltr'><strong>actione</strong></span> <span class='ocrx_word' id='word_1_693' title='bbox 2699 4682 3027 4752; x_wconf 69' lang='lat' dir='ltr'><strong>prmcipnus,</strong></span> <span class='ocrx_word' id='word_1_694' title='bbox 3062 4693 3314 4733; x_wconf 85' lang='lat' dir='ltr'><strong>sermone</strong></span> <span class='ocrx_word' id='word_1_695' title='bbox 3345 4676 3677 4740; x_wconf 80' lang='lat' dir='ltr'><strong>luculentus,</strong></span> <span class='ocrx_word' id='word_1_696' title='bbox 3711 4688 3829 4725; x_wconf 86' lang='lat' dir='ltr'><strong>om-</strong></span> 
     </span>
    </p>
   </div>
   <div class='ocr_carea' id='block_1_107' title="bbox 2236 4765 3827 4842">
    <p class='ocr_par' dir='ltr' id='par_1_107' title="bbox 2236 4765 3827 4842">
     <span class='ocr_line' id='line_1_107' title="bbox 2236 4765 3827 4842; baseline -0.009 -10"><span class='ocrx_word' id='word_1_697' title='bbox 2236 4778 2397 4832; x_wconf 91' lang='lat' dir='ltr'><strong>nibus</strong></span> <span class='ocrx_word' id='word_1_698' title='bbox 2421 4774 2793 4842; x_wconf 88' lang='lat' dir='ltr'><strong>compassione</strong></span> <span class='ocrx_word' id='word_1_699' title='bbox 2818 4773 3118 4842; x_wconf 87' lang='lat' dir='ltr'><strong>proximus,</strong></span> <span class='ocrx_word' id='word_1_700' title='bbox 3146 4781 3200 4824; x_wconf 90' lang='lat' dir='ltr'><strong>et</strong></span> <span class='ocrx_word' id='word_1_701' title='bbox 3232 4769 3469 4839; x_wconf 79' lang='lat' dir='ltr'><strong>inepiam</strong></span> <span class='ocrx_word' id='word_1_702' title='bbox 3501 4765 3827 4820; x_wconf 88' lang='lat' dir='ltr'><strong>sustinenti-</strong></span> 
     </span>
    </p>
   </div>
   <div class='ocr_carea' id='block_1_108' title="bbox 2238 4851 3744 4938">
    <p class='ocr_par' dir='ltr' id='par_1_108' title="bbox 2238 4851 3744 4938">
     <span class='ocr_line' id='line_1_108' title="bbox 2238 4851 3744 4938; baseline -0.009 -15"><span class='ocrx_word' id='word_1_703' title='bbox 2238 4869 2337 4923; x_wconf 92' lang='lat' dir='ltr'><strong>bus</strong></span> <span class='ocrx_word' id='word_1_704' title='bbox 2367 4879 2725 4938; x_wconf 90' lang='lat' dir='ltr'><strong>opportunum</strong></span> <span class='ocrx_word' id='word_1_705' title='bbox 2755 4867 3018 4920; x_wconf 87' lang='lat' dir='ltr'><strong>instanter</strong></span> <span class='ocrx_word' id='word_1_706' title='bbox 3045 4863 3294 4918; x_wconf 89' lang='lat' dir='ltr'><strong>solatium</strong></span> <span class='ocrx_word' id='word_1_707' title='bbox 3325 4863 3592 4932; x_wconf 70' lang='lat' dir='ltr'><strong>praebens.</strong></span> <span class='ocrx_word' id='word_1_708' title='bbox 3631 4852 3636 4854; x_wconf 52' lang='grc'>⁷</span> <span class='ocrx_word' id='word_1_709' title='bbox 3679 4851 3690 4855; x_wconf 72' lang='grc'><em>’</em></span> <span class='ocrx_word' id='word_1_710' title='bbox 3741 4851 3744 4854; x_wconf 67' lang='grc'><strong>’</strong></span> 
     </span>
    </p>
   </div>
   <div class='ocr_carea' id='block_1_109' title="bbox 2304 4949 3830 5028">
    <p class='ocr_par' dir='ltr' id='par_1_109' title="bbox 2304 4949 3830 5028">
     <span class='ocr_line' id='line_1_109' title="bbox 2304 4949 3830 5028; baseline -0.008 -15"><span class='ocrx_word' id='word_1_711' title='bbox 2304 4961 2508 5028; x_wconf 89' lang='lat' dir='ltr'><strong>Quibus</strong></span> <span class='ocrx_word' id='word_1_712' title='bbox 2571 4958 2962 5028; x_wconf 89' lang='lat' dir='ltr'><strong>multiplicibus</strong></span> <span class='ocrx_word' id='word_1_713' title='bbox 3025 4955 3186 5009; x_wconf 83' lang='lat' dir='ltr'><strong>bonis</strong></span> <span class='ocrx_word' id='word_1_714' title='bbox 3243 4963 3492 5016; x_wconf 90' lang='lat' dir='ltr'><strong>ornatus,</strong></span> <span class='ocrx_word' id='word_1_715' title='bbox 3535 4951 3605 5004; x_wconf 89' lang='lat' dir='ltr'><strong>ad</strong></span> <span class='ocrx_word' id='word_1_716' title='bbox 3659 4949 3830 5004; x_wconf 63' lang='lat' dir='ltr'><strong>coale-</strong></span> 
     </span>
    </p>
   </div>
   <div class='ocr_carea' id='block_1_110' title="bbox 2235 5039 3832 5116">
    <p class='ocr_par' dir='ltr' id='par_1_110' title="bbox 2235 5039 3832 5116">
     <span class='ocr_line' id='line_1_110' title="bbox 2235 5039 3832 5116; baseline -0.009 -10"><span class='ocrx_word' id='word_1_717' title='bbox 2235 5052 2335 5107; x_wconf 90' lang='lat' dir='ltr'><strong>stia</strong></span> <span class='ocrx_word' id='word_1_718' title='bbox 2385 5049 2603 5104; x_wconf 91' lang='lat' dir='ltr'><strong>Christo</strong></span> <span class='ocrx_word' id='word_1_719' title='bbox 2655 5055 2902 5112; x_wconf 86' lang='lat' dir='ltr'><strong>vocante,</strong></span> <span class='ocrx_word' id='word_1_720' title='bbox 2956 5047 3201 5116; x_wconf 89' lang='lat' dir='ltr'><strong>corporis</strong></span> <span class='ocrx_word' id='word_1_721' title='bbox 3254 5057 3546 5113; x_wconf 51' lang='lat' dir='ltr'><strong>Oppressus</strong></span> <span class='ocrx_word' id='word_1_722' title='bbox 3583 5039 3832 5094; x_wconf 75' lang='lat' dir='ltr'><strong>molestia</strong></span> 
     </span>
    </p>
   </div>
   <div class='ocr_carea' id='block_1_111' title="bbox 2235 5130 3825 5210">
    <p class='ocr_par' dir='ltr' id='par_1_111' title="bbox 2235 5130 3825 5210">
     <span class='ocr_line' id='line_1_111' title="bbox 2235 5130 3825 5210; baseline -0.008 -13"><span class='ocrx_word' id='word_1_723' title='bbox 2235 5142 2384 5197; x_wconf 90' lang='lat' dir='ltr'><strong>exitu</strong></span> <span class='ocrx_word' id='word_1_724' title='bbox 2440 5142 2684 5210; x_wconf 88' lang='lat' dir='ltr'><strong>pretioso</strong></span> <span class='ocrx_word' id='word_1_725' title='bbox 2738 5138 3028 5203; x_wconf 90' lang='lat' dir='ltr'><strong>transivit,</strong></span> <span class='ocrx_word' id='word_1_726' title='bbox 3079 5146 3244 5207; x_wconf 88' lang='lat' dir='ltr'><strong>atque</strong></span> <span class='ocrx_word' id='word_1_727' title='bbox 3294 5150 3418 5188; x_wconf 92' lang='lat' dir='ltr'><strong>eum</strong></span> <span class='ocrx_word' id='word_1_728' title='bbox 3476 5130 3825 5187; x_wconf 79' lang='lat' dir='ltr'><strong>desiderabili</strong></span> 
     </span>
    </p>
   </div>
   <div class='ocr_carea' id='block_1_112' title="bbox 2233 5229 3835 5301">
    <p class='ocr_par' dir='ltr' id='par_1_112' title="bbox 2233 5229 3835 5301">
     <span class='ocr_line' id='line_1_112' title="bbox 2233 5229 3835 5301; baseline -0.009 -12"><span class='ocrx_word' id='word_1_729' title='bbox 2233 5233 2638 5300; x_wconf 84' lang='lat' dir='ltr'><strong>beatissimique</strong></span> <span class='ocrx_word' id='word_1_730' title='bbox 2661 5231 2842 5301; x_wconf 84' lang='lat' dir='ltr'><strong>Operis</strong></span> <span class='ocrx_word' id='word_1_731' title='bbox 2877 5229 3055 5284; x_wconf 91' lang='lat' dir='ltr'><strong>fructu</strong></span> <span class='ocrx_word' id='word_1_732' title='bbox 3099 5231 3165 5283; x_wconf 91' lang='lat' dir='ltr'><strong>ad</strong></span> <span class='ocrx_word' id='word_1_733' title='bbox 3208 5233 3560 5296; x_wconf 90' lang='lat' dir='ltr'><strong>conspectum</strong></span> <span class='ocrx_word' id='word_1_734' title='bbox 3605 5237 3835 5278; x_wconf 69' lang='lat' dir='ltr'><strong>summa</strong></span> 
     </span>
    </p>
   </div>
   <div class='ocr_carea' id='block_1_113' title="bbox 2239 5316 3836 5393">
    <p class='ocr_par' dir='ltr' id='par_1_113' title="bbox 2239 5316 3836 5393">
     <span class='ocr_line' id='line_1_113' title="bbox 2239 5316 3836 5393; baseline -0.007 -14"><span class='ocrx_word' id='word_1_735' title='bbox 2239 5324 2534 5393; x_wconf 89' lang='lat' dir='ltr'><strong>majestatis</strong></span> <span class='ocrx_word' id='word_1_736' title='bbox 2556 5325 2708 5379; x_wconf 77' lang='lat' dir='ltr'><strong>laetus</strong></span> <span class='ocrx_word' id='word_1_737' title='bbox 2737 5323 3000 5388; x_wconf 88' lang='lat' dir='ltr'><strong>ascendit,</strong></span> <span class='ocrx_word' id='word_1_738' title='bbox 3042 5336 3276 5392; x_wconf 90' lang='lat' dir='ltr'><strong>regnans</strong></span> <span class='ocrx_word' id='word_1_739' title='bbox 3307 5327 3362 5376; x_wconf 91' lang='lat' dir='ltr'><strong>et</strong></span> <span class='ocrx_word' id='word_1_740' title='bbox 3397 5316 3677 5374; x_wconf 81' lang='lat' dir='ltr'><strong>exsultans</strong></span> <span class='ocrx_word' id='word_1_741' title='bbox 3705 5327 3836 5369; x_wconf 85' lang='lat' dir='ltr'><strong>cum</strong></span> 
     </span>
    </p>
   </div>
   <div class='ocr_carea' id='block_1_114' title="bbox 2239 5413 2707 5485">
    <p class='ocr_par' dir='ltr' id='par_1_114' title="bbox 2239 5413 2707 5485">
     <span class='ocr_line' id='line_1_114' title="bbox 2239 5413 2707 5485; baseline 0 -17"><span class='ocrx_word' id='word_1_742' title='bbox 2239 5413 2467 5470; x_wconf 87' lang='lat' dir='ltr'><strong>Domino</strong></span> <span class='ocrx_word' id='word_1_743' title='bbox 2493 5427 2707 5485; x_wconf 86' lang='lat' dir='ltr'><strong>semper</strong></span> 
     </span>
    </p>
   </div>
   <div class='ocr_carea' id='block_1_115' title="bbox 1837 5706 2516 5745">
    <p class='ocr_par' dir='ltr' id='par_1_115' title="bbox 1837 5706 2516 5745">
     <span class='ocr_line' id='line_1_115' title="bbox 1837 5706 2516 5745; baseline 0 -4"><span class='ocrx_word' id='word_1_744' title='bbox 1837 5706 2516 5745; x_wconf 46' lang='grc' dir='ltr'><strong>,ι’-40...-</strong></span> 
     </span>
    </p>
   </div>
  </div>
