4022 6468
262 447 356 519 053

911 441 1001 504 DE
1039 432 1487 505 PlENl'i‘EN'i‘lA
1529 435 1717 500 ιιυιιι
1749 439 1817 500 ν.
1858 475 1928 487 --
1967 436 2368 500 HALITGARII.
2397 438 2789 500 PMF‘ATIO.

3375 439 3484 506 σω

256 573 388 629 inter
412 581 468 622 se
491 557 866 636 discrepantia,
900 572 955 620 et
979 561 1174 618 nullius
1208 561 1530 618 auctoritate
1567 559 1803 626 sumite,
1833 563 1886 624 Α
1909 559 2145 630 perfecta
2172 557 2456 614 charitatis
2479 557 2706 613 scientia
2749 563 2842 610 tua
2865 551 3204 627 resplendeat
3230 567 3482 628 pectora,

253 663 310 716 ut
335 659 419 714 vix
443 664 660 730 propter
682 655 1074 711 dissonantiam
1119 656 1328 724 possint
1376 653 1631 709 discerni.
1657 653 1812 709 Unde

255 755 313 810 lit
349 759 408 806 ut
459 758 842 805 concurrentes
889 749 959 804 ad
992 749 1288 804 remedium
1317 746 1669 816 poenitentiae,
1701 754 1812 802 tam

251 857 342 918 pro
369 843 626 898 librorum
660 841 996 908 confusione,
1042 857 1206 912 quam
1259 842 1422 896 etiam
1467 855 1565 910 pro
1614 839 1813 910 ingenii

255 935 518 999 tarditate,
579 931 882 987 nullatenus
929 933 1008 987 eis
1057 933 1269 987 valeant
1315 932 1620 986 subvenire.
1671 930 1816 998 Qua-

249 1035 477 1098 propter,
493 1024 815 1080 charissime
831 1023 1016 1089 frater,
1035 1024 1144 1078 noli
1163 1031 1216 1078 te
1230 1026 1404 1094 ipsum
1423 1023 1579 1078 nobis
1593 1033 1809 1091 negare,

251 1119 335 1188 qui
369 1131 585 1187 semper
615 1117 666 1171 in
699 1116 895 1170 divinis
931 1117 1140 1170 ardenti
1179 1114 1360 1169 animo
1392 1112 1709 1184 disciplinis,
1749 1126 1816 1167 ac

246 1208 422 1265 solerti
456 1221 586 1262 cura
611 1206 1018 1277 Scripturarum
1047 1205 1513 1270 meditationibus,
1534 1204 1817 1276 perlectis-

246 1302 377 1358 simo
408 1301 522 1355 otio
549 1300 796 1356 ﬂoruisti.
824 1300 1035 1370 Arripe,
1069 1315 1276 1370 quaeso,
1306 1301 1424 1355 sine
1450 1295 1820 1354 excusationis

244 1392 401 1447 verbo
427 1389 587 1460 hujus
606 1391 831 1446 sarcinae
861 1392 1092 1461 pondus,
1120 1406 1149 1444 a
1175 1405 1260 1446 me
1287 1392 1503 1461 quidem
1525 1389 1621 1445 tibi
1647 1389 1820 1457 impo-

243 1483 419 1548 situm,
449 1485 546 1538 sed
573 1500 606 1537 a
638 1483 882 1549 Domino,
914 1483 1066 1553 cujus
1095 1498 1227 1536 onus
1278 1481 1384 1536 leve
1429 1490 1524 1545 est,
1574 1480 1818 1548 levigan-

239 1573 382 1628 dum.
418 1574 538 1630 Noli
570 1575 786 1641 timere,
824 1589 998 1644 neque
1023 1573 1283 1646 formides
1311 1572 1472 1642 hujus
1492 1572 1674 1642 operis
1703 1585 1820 1626 ma-

239 1668 592 1736 gnitudinem,
641 1669 735 1723 sed
767 1667 997 1722 ﬁdenter
1038 1667 1270 1731 accede;
1323 1667 1450 1736 quia
1495 1665 1671 1720 aderit
1697 1663 1815 1729 tibi,

237 1759 326 1826 qui
356 1759 495 1814 dixit
515 1777 528 1812 :
552 1758 708 1828 Aperi
730 1775 788 1815 os
810 1767 980 1822 tuum,
1005 1765 1050 1812 et
1077 1773 1168 1828 ego
1195 1756 1486 1827 adimplebo
1511 1755 1664 1809 illud.
1701 1754 1820 1810 Scis

237 1848 383 1903 enim
412 1849 618 1918 Optime
642 1849 830 1919 parvis
854 1864 1020 1920 parva
1066 1847 1332 1912 suilloere,
1358 1863 1456 1903 nec
1479 1845 1545 1901 ad
1575 1859 1816 1902 mensam

1913 652 2236 708 charissime
2258 651 2443 706 frater.
2476 649 2626 708 Vale.

1984 743 2213 799 Domino
2234 752 2291 799 et
2305 742 2597 799 venerabili
2624 740 2776 797 Patri
2793 741 2848 796 in
2871 740 3087 796 Christo
3108 741 3271 797 Euom
3299 742 3483 800 archi-

1912 838 2185 909 episcopo,
2215 839 2580 894 llaurcanws
2617 836 2874 891 minimus
2901 834 3104 891 Christi
3134 833 3372 891 famulus
3393 849 3486 891 sa-

1913 930 2097 985 lutem.

1982 1021 2299 1091 Postquam,
2326 1021 2632 1077 venerande
2652 1019 2834 1086 Pater,
2878 1020 3110 1075 directas
3132 1019 3488 1077 beatitudinis

1914 1117 2109 1165 vestras
2148 1110 2332 1180 accepi
2377 1109 2607 1176 litteras,
2656 1111 2848 1179 quibus
2889 1124 2975 1163 me
3018 1109 3224 1164 hortari
3277 1110 3481 1181 dignati

1915 1201 2061 1264 estis,
2090 1215 2156 1256 ne
2181 1201 2380 1256 mentis
2408 1215 2635 1256 acumen
2662 1201 2823 1256 inerti
2846 1199 3186 1272 torpentique
3207 1203 3320 1258 otio
3356 1203 3484 1258 sub.

1916 1293 2204 1356 mitterem,
2231 1295 2327 1348 sed
2349 1295 2644 1366 cognitioni
2685 1309 2748 1349 ac
2767 1295 3102 1350 meditationi
3133 1296 3374 1366 quotidie
3395 1309 3488 1351 sae

1918 1399 2024 1440 crae
2049 1386 2343 1455 Scriptura:
2389 1399 2478 1440 me
2504 1385 2790 1456 vigilanter
2816 1387 3108 1453 traderem,
3139 1395 3196 1443 et
3237 1388 3480 1458 insuper,

1919 1491 1986 1532 ex
2006 1485 2316 1534 sanctorum
2342 1478 2584 1546 Patrum,
2620 1491 2993 1549 canonumque
3032 1481 3338 1547 sententiis,
3363 1480 3483 1537 Ρωρ

1921 1568 2254 1624 nitentiaiem
2299 1570 2353 1624 in
2401 1583 2510 1626 uno
2546 1571 2818 1626 volumine
2867 1581 3214 1642 aggregarem
3245 1589 3258 1626 :
3294 1571 3490 1627 durum

1919 1661 2118 1731 quippe
2147 1661 2279 1716 mihi
2314 1669 2371 1717 et
2411 1662 2566 1719 valde
2616 1661 2848 1729 dilﬂcile,
2895 1665 3340 1735 tremendumque
3388 1665 3494 1720 hoc

1921 1765 2132 1820 quoque
2157 1750 2260 1807 fuit
2280 1753 2586 1822 imperium,
2605 1761 2664 1807 ut
2685 1755 2826 1810 hanc
2845 1755 3174 1826 susciperem
3197 1756 3495 1823 sarcinam,

1920 1857 2082 1912 quam
2114 1859 2145 1898 a
2174 1845 2528 1914 prudentibus
2557 1859 2826 1916 cognosco
2854 1848 3118 1902 relictam.
3163 1846 3496 1919 Multumque

231 1949 637 2011 magnatorum,
655 1955 952 2011 pauperum
974 1941 1188 1995 turbam
1215 1954 1374 2009 posse
1396 1939 1671 1994 accedere.
1696 1937 1814 1993 Noli
1843 1941 1890 2000 B
1919 1936 2131 1990 renisus
2158 1952 2278 1991 sum
2301 1938 2564 1993 voluntati
2593 1948 2807 2005 vestrae,
2833 1953 2946 1994 non
2993 1939 3139 1994 velut
3185 1942 3496 2009 procaciter

231 2039 338 2084 tuae
361 2032 665 2086 devotionis
689 2032 840 2086 nobis
875 2031 1194 2086 subtrahere
1235 2030 1536 2085 scientiam.
1581 2028 1700 2083 Noli
1726 2043 1820 2084 ae-

233 2135 460 2176 censam
489 2123 544 2176 in
569 2132 626 2178 te
647 2125 747 2178 sub
772 2124 951 2178 modio
987 2137 1186 2193 ponere
1234 2123 1536 2188 lucernam,
1563 2122 1658 2178 sed
1677 2137 1843 2192 praes.

235 2212 382 2267 celso
399 2227 523 2267 eam
544 2229 911 2284 superponere
921 2214 1262 2278 candelabro,
1281 2223 1340 2269 ut
1353 2215 1529 2270 luceat
1545 2215 1814 2282 omnibus,

234 2305 324 2375 qui
352 2307 405 2359 in
442 2308 606 2361 domo
634 2306 728 2360 Dei
759 2316 885 2361 sunt
914 2306 1172 2362 fratribus
1203 2308 1332 2371 tuis,
1353 2315 1408 2362 et
1441 2298 1641 2377 profch
1662 2307 1820 2361 nobis

229 2396 394 2481 vgluti
421 2397 605 2451 scriba
631 2399 843 2462 ductus,
875 2398 1017 2468 quod
1040 2397 1291 2467 accepisti
1313 2413 1342 2451 a
1367 2397 1614 2452 Domino.
1628 2396 1818 2452 Aderit

232 2486 325 2541 tibi
375 2487 542 2558 hujus
597 2488 794 2543 laboris
826 2489 1018 2543 itinere
1046 2488 1190 2542 illius
1236 2489 1427 2559 gratia,
1472 2489 1563 2557 qui
1613 2487 1816 2540 duobus

228 2579 505 2652 discipulis
544 2579 807 2646 euntibus,
832 2581 1040 2635 tertium
1065 2595 1120 2635 se
1139 2582 1338 2634 socium
1376 2580 1582 2634 addidit
1619 2580 1674 2632 in
1706 2579 1810 2645 via,

227 2681 276 2726 et
297 2675 508 2743 aperuit
527 2672 637 2728 illis
658 2688 888 2738 sensum,
905 2680 960 2726 ut
980 2683 1190 2727 sanctas
1210 2671 1548 2744 intelligerent
1575 2671 1813 2741 Scriptu-

231 2780 337 2821 ras.
369 2765 614 2838 Spiritus
641 2767 955 2838 paraclitus,
997 2768 1144 2824 omni
1191 2766 1438 2823 veritatis
1457 2765 1724 2831 doctrina,
1755 2771 1810 2821 et

1919 2027 2104 2094 durus,
2135 2028 2231 2084 sed
2260 2030 2489 2099 propriae
2508 2029 2842 2085 inﬁrmitatis
2876 2030 3204 2086 admonitus.
3253 2030 3368 2087 liae
3411 2038 3497 2088 eti

1918 2120 2063 2175 enim
2088 2133 2219 2174 cura
2244 2119 2508 2176 sollicitus
2531 2121 2898 2176 necessarium
2927 2121 3075 2188 duxi,
3103 2128 3164 2177 ut
3185 2121 3495 2193 aliquandiu

1919 2225 2006 2268 me
2033 2227 2064 2266 a
2095 2212 2366 2268 scribendi
2419 2212 2724 2267 temeritate
2775 2213 3180 2282 suspenderem.
3234 2212 3342 2269 Sed
3365 2215 3500 2285 quia

1921 2305 2060 2360 sicut
2087 2303 2344 2374 perpendi
2377 2304 2604 2375 iniuncti
2646 2304 2827 2375 operis
2877 2301 3265 2371 difﬁcultatem,
3317 2307 3392 2361 ita
3441 2313 3503 2362 et-

1923 2395 2252 2467 injungentis
2311 2396 2721 2462 auctoritatem;
2779 2411 2880 2452 nec
2940 2397 3118 2463 volui,
3172 2413 3274 2453 nec
3335 2397 3498 2453 debui

1922 2485 2308 2557 usquequaque
2334 2487 2590 2542 resistere
2624 2505 2637 2540 :
2678 2494 2864 2543 certus
2904 2488 3030 2558 quia
3070 2487 3502 2544 imbecillitatem

1917 2592 2100 2633 meam
2123 2577 2292 2632 multo
2317 2577 2548 2648 amplius
2585 2586 2768 2635 vestra
2806 2577 3084 2648 adiuvaret
3131 2580 3502 2651 pmcipientis

1918 2670 2170 2742 dignitas,
2197 2684 2361 2739 quam
2390 2678 2715 2743 aggravaret
2758 2685 2893 2728 meae
2933 2672 3252 2745 ignorantiae
3271 2671 3496 2731 diﬂicul-

1916 2773 2018 2820 tas.
2041 2762 2245 2820 Valete.

2119 2905 3488 2935 Ἢ

1586 3017 2120 3098 ΡΒᾸΞΕΑΤΙΟ

1352 3197 1448 3260 DE
1479 3196 1812 3257 ΡίΕΝΙΤΕΝ

1917 3194 1956 3254 Ε
1995 3194 2388 3256 UTILITATE.
2804 3245 2832 3261 ,
3346 3237 3390 3257 ..ν

3419 3225 3490 3240 ρ’.

300 3423 574 3494 Quamvis
595 3422 898 3497 originalis,
926 3417 982 3481 in
999 3421 1338 3496 baptismatis
1365 3437 1610 3491 munere,
1643 3423 1821 3498 gratia
1844 3431 1889 3494 ρ
1918 3439 2050 3495 pore
2074 3435 2487 3494 consequamur.
2520 3415 2628 3476 Sed
2667 3417 2936 3490 quomodo
2977 3413 3075 3474 lilii
3100 3417 3218 3485 Dei,
3246 3417 3492 3491 quandiu

225 3513 555 3572 Mediatoris
583 3523 773 3571 cuncta
820 3516 1022 3572 aboleri
1048 3519 1340 3573 veraciter
1374 3518 1670 3574 credantur
1693 3531 1824 3588 pec-
1924 3515 2228 3572 mortaliter
2249 3514 2458 3581 vivunt,
2482 3525 2605 3569 cum
2627 3519 2801 3567 morte
2820 3508 3146 3582 conﬂigunt:
3176 3520 3231 3568 et
3259 3513 3357 3581 sic,
3386 3513 3484 3586 spid

221 3618 354 3664 cata
392 3628 406 3662 :
441 3609 571 3676 quia
610 3606 802 3663 sullicit
849 3608 939 3662 illa
980 3609 1091 3663 sola
1135 3608 1398 3678 spiritalis
1447 3608 1816 3680 regeneratio;

216 3706 486 3752 attamen
531 3712 653 3751 cum
695 3707 912 3753 ventum
955 3697 1116 3754 luerit
1159 3700 1228 3754 ad
1261 3707 1473 3755 aetatem
1520 3715 1640 3771 quae
1685 3713 1822 3770 pra:-

213 3798 459 3861 ceptum
512 3789 623 3860 jam
652 3791 812 3862 capit,
867 3800 922 3847 et
969 3791 1124 3847 subdi
1167 3801 1348 3863 potest
1393 3793 1526 3864 legis
1573 3794 1817 3866 imperio,

217 3880 650 3950 suscipiendum
694 3890 780 3936 est
818 3882 1014 3937 Lellum
1039 3893 1224 3939 contra
1264 3886 1416 3951 vitia,
1443 3895 1499 3942 et
1524 3889 1818 3958 gerendum

216 3970 458 4034 acriter,
492 3983 561 4024 ne
581 3970 773 4026 iterum
796 3973 1088 4028 reducatur
1115 3975 1181 4030 ad
1203 3975 1526 4032 damnabilia
1571 3985 1814 4049 peccata.

215 4060 560 4115 Paucissimi
586 4071 763 4116 autem
797 4071 923 4117 sunt
953 4071 1112 4120 tantis
1158 4065 1449 4131 felicitatis,
1483 4077 1542 4122 ut
1588 4069 1657 4124 ab
1701 4070 1817 4141 ipsa

220 4152 462 4207 ineunte
489 4152 878 4221 adolescentia,
905 4156 1048 4211 nulla
1075 4157 1396 4213 damnabilia
1420 4171 1637 4229 peccata
1663 4177 1813 4217 com—

219 4244 479 4309 mittant,
515 4243 599 4299 vel
635 4244 690 4298 in
741 4243 979 4316 ﬂagitiis,
1020 4247 1102 4301 vel
1142 4248 1196 4301 in
1242 4248 1586 4314 facinoribus,
1635 4251 1720 4305 vel
1762 4253 1816 4305 in

217 4334 568 4398 homicidiis,
596 4334 681 4388 vel
711 4335 766 4389 in
791 4335 1011 4391 nefaria:
1055 4335 1372 4407 cujusquam
1401 4340 1692 4410 impietatis
1729 4355 1818 4395 er-

217 4439 343 4479 rore
371 4444 384 4478 :
418 4424 526 4479 sed
553 4440 746 4495 magna
786 4426 1010 4497 spiritus
1038 4427 1290 4497 largitate
1334 4432 1700 4486 necessarium
1733 4441 1817 4487 est

215 4517 552 4585 opprimere
578 4516 840 4586 quidquid
865 4519 918 4572 in
944 4520 1023 4574 eis
1049 4529 1246 4590 potest,
1277 4530 1369 4577 aut
1393 4523 1815 4593 potuitcarnalis

215 4605 530 4661 delectatio
576 4607 862 4664 dominari.
897 4607 1047 4665 Tunc
1091 4612 1272 4682 itaque
1316 4614 1460 4669 victa
1493 4616 1620 4670 vitia
1650 4617 1815 4688 depu-

217 4698 390 4752 tanda
435 4705 593 4764 sunt,
636 4714 759 4754 cum
809 4701 906 4757 Dei
962 4713 1148 4760 amore
1178 4706 1487 4773 vincuntur,
1518 4723 1676 4778 quem
1708 4709 1811 4764 nisi

211 4785 361 4843 Deus
393 4791 528 4859 ipse
552 4805 657 4844 non
685 4791 866 4858 donat,
909 4809 1008 4849 nec
1052 4795 1226 4860 aliter,
1279 4799 1383 4852 nisi
1409 4813 1508 4868 per
1555 4799 1811 4856 Mediato-
1836 4791 1888 4850 D

210 4891 331 4933 rem
363 4879 470 4935 Dei
505 4889 564 4934 et
584 4882 862 4938 hominum
888 4883 1072 4940 Jesum
1090 4886 1384 4956 Christum,
1414 4892 1505 4961 qui
1527 4889 1704 4949 factus
1725 4901 1810 4950 est

209 4976 509 5045 particeps
535 4974 881 5031 mortalitatis
909 4985 1130 5044 nostrae,
1169 4988 1228 5032 ut
1276 4995 1374 5034 nos
1417 4983 1706 5052 participes
1729 4983 1810 5039 fa-

209 5073 365 5119 ceret
420 5065 735 5120 divinitatis
782 5079 910 5122 suae.
957 5067 1362 5136 Verumtamen,
1415 5071 1468 5125 in
1511 5074 1657 5143 gravi
1680 5073 1808 5145 jugo

205 5161 360 5228 quod
387 5164 641 5230 positum
668 5168 754 5217 est
777 5176 939 5233 super
978 5161 1117 5218 ﬁlios
1152 5164 1346 5230 Adam,
1370 5179 1399 5220 a
1428 5165 1516 5222 die
1538 5167 1717 5223 exitus
1740 5169 1807 5223 de

209 5259 415 5306 ventre
465 5253 664 5307 matris
713 5267 900 5308 eorum
947 5265 1118 5326 usque
1153 5257 1207 5310 in
1245 5257 1388 5313 diem
1436 5258 1723 5330 sepultura:
1752 5259 1808 5316 in

209 5351 458 5397 matrem
488 5345 754 5412 omnium,
786 5354 840 5402 et
870 5346 982 5418 jam
1025 5347 1130 5402 hoc
1181 5349 1378 5403 malum
1430 5350 1811 5406 miserabiliter

208 5436 525 5502 reperitur.
552 5435 786 5507 Ideoque
815 5439 980 5494 sobrii
1026 5440 1217 5506 simus,
1247 5449 1408 5512 atque
1454 5443 1812 5514 intelligamus

204 5523 355 5578 hanc
383 5525 565 5579 vitam
596 5527 662 5582 de
701 5537 925 5598 peccato
964 5528 1055 5584 illo
1102 5529 1268 5586 nimis
1299 5531 1507 5587 nefario
1561 5533 1707 5604 quod
1753 5533 1809 5589 in

202 5616 486 5682 paradiso
506 5627 876 5688 perpetratum
903 5627 1005 5687 est,
1037 5619 1235 5678 factam
1275 5622 1431 5678 nobis
1457 5637 1579 5680 esse
1622 5638 1812 5695 pruna-

203 5701 357 5772 lem;
389 5713 681 5779 totumque
707 5711 848 5781 quod
872 5713 1155 5768 nobiscum
1177 5715 1372 5785 agitur,
1400 5730 1508 5770 non
1533 5717 1810 5786 pertinere

202 5798 314 5851 nisi
366 5799 448 5853 ad
501 5801 626 5856 novi
671 5803 850 5858 seaculi
899 5804 1268 5860 hereditatem
1311 5822 1506 5861 novam
1548 5825 1561 5861 :
1608 5816 1670 5862 ut
1719 5807 1810 5862 hic

199 5891 459 5963 pignore
480 5903 723 5966 accepto,
744 5895 893 5965 illud,
910 5896 1064 5968 cujus
1085 5898 1186 5953 hoc
1210 5898 1403 5969 pignus
1425 5907 1528 5964 est,
1553 5914 1649 5955 suo
1675 5910 1808 5955 tem-

1925 3606 2035 3661 ritu
2063 3607 2156 3661 Dei
2181 3605 2506 3668 excitantur,
2530 3611 2585 3658 et
2605 3609 2859 3673 tanquam
2887 3601 2979 3656 lilii
3003 3602 3098 3657 Dei
3123 3603 3413 3674 proficiunt
3429 3602 3496 3660 ad

1923 3697 2212 3752 Dominum
2239 3712 2252 3750 :
2279 3705 2337 3751 ut
2366 3696 2528 3751 etiam
2549 3692 2752 3766 Spiritu
2785 3702 2992 3760 sancto,
3023 3704 3348 3766 aggravante
3376 3709 3487 3754 cor-

1921 3802 2055 3859 pore
2104 3785 2464 3857 corruptibili,
2509 3795 2765 3856 tanquam
2810 3785 2905 3840 ﬂlii
2948 3785 3245 3852 hominum,
3280 3787 3336 3842 in
3380 3786 3472 3860 qui

1922 3883 2148 3939 busdam
2197 3881 2446 3937 humanis
2497 3879 2732 3935 motibus
2769 3878 3023 3936 deﬁciant
3073 3880 3139 3935 ad
3188 3881 3417 3952 seipsos,
3442 3888 3494 3938 et

1919 3976 2040 4032 ideo
2062 3985 2304 4046 peccent.
2331 3974 2562 4029 interest
2587 3973 2805 4042 quidem
2831 3980 3112 4042 quantum,
3154 3985 3331 4042 neque
3352 3971 3496 4028 enim

1917 4085 2076 4126 omne
2096 4078 2376 4140 peccatum
2419 4069 2626 4123 crimen
2650 4077 2751 4132 est,
2777 4068 3054 4124 sedeamne
3074 4068 3276 4122 crimen
3300 4079 3497 4136 pecca-

1919 4172 2032 4219 tum
2054 4171 2156 4218 est.
2193 4162 2514 4217 Sanctorum
2551 4163 2730 4231 itaque
2776 4161 3054 4213 hominum
3076 4159 3267 4223 vitam,
3305 4171 3412 4228 qua
3442 4156 3498 4212 in

1920 4255 2020 4308 hac
2046 4263 2221 4306 morte
2242 4253 2460 4315 vivitur,
2488 4252 2603 4306 sine
2629 4251 2854 4304 crimine
2902 4248 3129 4302 inveniri
3161 4262 3342 4317 posse,
3375 4248 3497 4305 sine

1917 4355 2144 4418 peccato
2171 4354 2348 4398 autem
2379 4357 2671 4412 nunquam,
2704 4350 2762 4394 ut
2803 4342 2878 4394 ait
2911 4360 2922 4393 :
2949 4339 3009 4394 Si
3037 4340 3326 4394 dixerimus
3371 4339 3498 4410 quia

1914 4447 2181 4509 peccatum
2211 4453 2312 4489 non
2333 4435 2603 4498 habemus,
2627 4447 2720 4486 nos
2742 4432 2878 4502 ipsos
2899 4430 3214 4495 seducimus,
3231 4438 3277 4484 et
3304 4429 3495 4484 veritas

1915 4533 1970 4585 in
1995 4532 2143 4585 nobis
2178 4546 2280 4584 non
2314 4539 2409 4583 est.
2444 4527 2619 4583 Unum
2647 4535 2826 4580 tamen
2874 4539 2974 4594 pro
3021 4523 3191 4578 altero
3216 4523 3498 4578 consuevit

1913 4637 2115 4694 ponere
2144 4621 2442 4690 Scriptura.
2473 4619 2531 4674 ιη
2561 4619 2773 4673 actione
2809 4625 2986 4670 autem
3021 4614 3370 4684 poenitentia,
3399 4613 3495 4670 ubi

1914 4713 2017 4768 tale
2035 4713 2378 4769 commissum
2409 4720 2495 4766 est
2521 4709 2752 4772 crimen,
2775 4717 2834 4763 ut
2857 4707 2903 4762 is
2939 4721 2969 4760 a
3000 4705 3201 4762 Christi
3243 4717 3492 4776 corpore,

1914 4808 2009 4877 qui
2041 4807 2332 4871 commisit,
2358 4813 2661 4876 separetur,
2703 4815 2808 4856 non
2840 4809 2950 4856 tam
2990 4799 3385 4856 consideranda
3408 4803 3494 4852 est

1914 4915 2168 4956 mensura
2198 4899 2457 4970 temporis
2495 4911 2657 4967 quam
2703 4894 2922 4957 doloris,
2955 4893 3061 4948 Cor
3096 4901 3269 4947 autem
3300 4889 3494 4943 contri-

1915 4999 2024 5044 tum
2052 4998 2098 5044 et
2126 4987 2458 5042 humiliatum
2481 4984 2623 5038 Deus
2668 5000 2772 5038 non
2801 4984 3017 5054 spernit.
3063 4980 3207 5037 Sane
3229 4977 3352 5049 quia
3381 4974 3494 5044 ple-

1914 5091 2146 5150 rumque
2168 5078 2321 5133 dolor
2337 5075 2561 5130 alterius
2586 5074 2766 5131 cordis
2786 5074 3030 5132 occultus
3050 5081 3133 5129 est
3147 5069 3328 5134 alteri,
3343 5073 3493 5122 recte

1914 5173 2315 5230 constituuntur
2334 5161 2576 5240 tempora
2595 5171 2926 5240 paenitentia
2949 5168 3016 5223 ab
3033 5167 3118 5222 his
3136 5163 3226 5235 qui
3247 5168 3493 5234 praesunt

1912 5263 2188 5326 Ecclesiis,
2213 5271 2272 5317 ut
2294 5260 2524 5318 satisfiat
2567 5263 2728 5318 etiam
2780 5258 3052 5322 Ecclesia,
3086 5259 3140 5312 in
3164 5270 3270 5326 qua
3301 5253 3490 5310 remit-

1915 5365 2101 5412 tuntur
2128 5364 2370 5426 peccata.
2416 5355 2576 5427 Ergo,
2634 5369 2755 5409 cum
2785 5359 2932 5406 tanta
2963 5357 3047 5404 est
3073 5347 3227 5418 plaga
3255 5345 3485 5417 peccati,

1914 5458 1975 5505 ut
2006 5448 2397 5504 medicamenta
2422 5447 2666 5517 corporis
2706 5453 2761 5499 et
2804 5441 3082 5513 sanguinis
3119 5438 3331 5495 Domini
3377 5437 3490 5496 sint

1916 5537 2225 5602 diﬂ'erenda,
2263 5538 2586 5593 auctoritate
2612 5533 2871 5588 antistitis
2893 5532 3055 5587 debet
3081 5546 3141 5587 se
3161 5529 3391 5602 quisque
3416 5528 3488 5587 ab

1915 5610 2108 5685 altario
2122 5641 2404 5685 removere
2422 5627 2490 5680 ad
2512 5624 2772 5696 agendam
2793 5621 3189 5693 paenitentiam,
3214 5632 3268 5679 et
3291 5623 3485 5679 eadem

1914 5723 2234 5784 auctoritate
2258 5715 2625 5779 reconciliari;
2657 5715 2758 5769 hoc
2787 5724 2868 5770 est
2895 5715 3038 5769 enim
3063 5729 3261 5784 corpus
3280 5721 3335 5770 et
3357 5729 3486 5770 san-

1913 5812 2129 5882 guinem
2155 5808 2364 5864 Domini
2397 5806 2613 5877 indigne
2639 5805 2904 5874 accipere,
2952 5807 2994 5860 si
3024 5820 3087 5860 eo
3115 5814 3355 5876 tempore
3389 5817 3485 5858 aco

1912 5905 2077 5976 cipiat
2096 5919 2202 5974 quo
2219 5901 2598 5973 paenitentiam
2623 5898 2784 5956 debet
2807 5914 2986 5972 agere.
3009 5898 3145 5954 Nam
3167 5899 3280 5970 ipsa
3303 5895 3499 5985 prank;
