4022 6456
1433 413 1831 476 HALITGARII
1869 406 2178 466 EPISCOPI
2215 392 2746 462 CAMERACENSIS

3635 383 3748 441 656

475 544 667 611 tentia,
694 541 912 611 quando
937 537 1098 611 digna
1128 546 1213 595 est
1232 551 1396 593 causa
1436 543 1495 589 ut
1519 532 1816 590 secundum
1843 539 2052 584 morem
2079 525 2134 584 Î‘
2228 518 2452 576 Secreta
2479 524 2694 585 quoque
2743 505 3114 611 satisfactione
3143 501 3282 558 solvi
3618 500 3742 554 cri-

475 627 733 692 Ecclesim
753 641 965 704 agatur,
987 630 1307 702 plerumque
1333 626 1652 682 infirmitate
1691 637 1798 677 non
1825 620 2006 691 agitur
2034 636 2049 673 :

474 725 605 798 quia
632 733 687 780 et
731 722 907 794 pudor
930 721 1094 777 timor
1134 727 1221 775 est
1249 716 1587 789 displicendi,
1617 714 1744 769 dum
1769 711 1890 782 plus
1913 709 2056 764 dele-

473 815 872 875 ctathominem
885 811 1219 868 existimatio
1233 824 1395 879 quam
1409 806 1616 877 justitia
1634 820 1740 874 qua
1754 819 1814 859 se
1828 803 2056 872 quisque

473 906 725 965 humiliat
746 903 1077 975 paenitendo.
1109 898 1417 954 Meminerit
1462 896 1571 960 ille,
1601 895 1908 964 quicunque
1947 899 2052 955 est,

473 1000 604 1070 quia
623 997 769 1052 Deus
795 993 1026 1065 superbis
1053 990 1268 1054 resistit,
1294 986 1580 1042 humilibus
1605 994 1781 1039 autem
1806 983 1900 1036 dat
1935 997 2058 1052 gra-

470 1091 623 1147 tiam.
669 1086 810 1156 Quid
853 1084 996 1140 enim
1035 1090 1120 1136 est
1151 1079 1486 1152 perversius,
1526 1075 1723 1147 quidve
1766 1071 2054 1137 infelicius,

473 1195 641 1255 quam
662 1180 731 1235 de
759 1179 880 1248 ipso
903 1175 1145 1237 vulnere,
1173 1173 1318 1242 quod
1364 1171 1535 1226 latere
1569 1184 1675 1224 non
1708 1175 1903 1238 potest,
1948 1180 2057 1219 non

472 1273 820 1336 erubescere,
871 1277 926 1325 et
954 1269 1022 1324 de
1067 1267 1301 1338 ligatura
1342 1265 1464 1333 plus
1501 1259 1860 1318 erubescere?
1889 1257 2058 1312 Nemo

472 1363 767 1420 arbitretur
792 1368 1079 1431 propterea
1111 1371 1169 1412 se
1195 1354 1480 1410 consilium
1511 1352 1729 1408 salubre
1756 1347 1916 1416 hujus
1944 1360 2060 1417 pa:-

472 1455 717 1512 nitentiae
762 1453 960 1508 debere
1011 1456 1394 1511 contemnere;
1447 1444 1574 1514 quia
1631 1440 1866 1497 advertit
1919 1437 2060 1492 forte

473 1546 730 1615 novitque
762 1543 830 1597 ad
880 1541 1068 1596 altaris
1112 1543 1449 1595 sacramenta
1499 1533 1779 1597 accedere,
1827 1544 2060 1601 quorum

472 1655 581 1695 non
604 1639 818 1708 ignorat
849 1633 978 1689 talia
1008 1633 1238 1689 crimina
1269 1629 1413 1701 apud
1458 1643 1518 1684 se
1571 1626 1826 1680 retinere.
1875 1623 2060 1679 Corri-

473 1737 676 1802 guntur
697 1729 844 1783 enim
877 1726 1052 1793 multi,
1077 1733 1138 1780 ut
1164 1723 1361 1778 Petrus
1394 1739 1408 1776 :
1446 1719 1603 1776 multi
1651 1718 1972 1781 tolerantur,
2000 1723 2063 1770 ut

469 1822 658 1879 Judas.
686 1819 837 1874 Multi
879 1818 1220 1881 nesciuntur,
1247 1813 1419 1869 donec
1458 1812 1643 1866 veniat
1688 1808 1968 1871 Dominus,
2004 1814 2061 1860 et

2157 613 2306 670 mina
2341 625 2452 667 non
2479 621 2671 678 negem
2701 621 2715 660 :
2745 609 2952 658 mutato
2979 599 3134 670 prius
3160 595 3409 654 saeculari
3435 595 3657 662 habitu,
3683 604 3744 651 et

2157 704 2430 762 indefesso
2467 685 2740 770 religionis
2766 695 2968 760 studio,
3023 707 3122 762 per
3157 691 3284 746 vita:
3309 689 3742 752 correctionem,

2157 807 2212 854 et
2229 795 2368 867 jugi,
2399 795 2508 848 imo
2535 797 2796 861 perpetuo
2826 787 2994 851 luctu,
3019 785 3314 839 miserante
3337 781 3474 845 Deo,
3505 781 3585 836 ita
3605 780 3750 836 dun-

2159 897 2309 945 taxat
2334 895 2394 941 ut
2419 883 2693 940 centraria
2731 895 2829 950 pro
2852 880 2940 934 his
2968 892 3088 948 quae
3115 877 3344 946 paenitet
3379 883 3524 946 agat.
3551 872 3746 940 Quoti-

2157 983 2317 1039 diana
2340 994 2471 1035 vero
2497 977 2744 1045 leviaque
2773 979 3014 1044 peccata,
3058 971 3177 1025 sine
3212 968 3413 1038 quibus
3455 968 3576 1022 haec
3629 967 3746 1020 vita

2158 1093 2264 1132 non
2289 1075 2522 1138 ducitur,
2546 1069 2826 1126 Dominica
2853 1065 3100 1122 oratione
3125 1071 3448 1134 purgantur,
3502 1074 3742 1131 quorum

2158 1177 2243 1224 est
2277 1166 2459 1221 dicere
2500 1183 2513 1217 :
2547 1160 2711 1215 Pater
2735 1167 2931 1222 noster,
2957 1157 3049 1227 qui
3077 1172 3131 1209 es
3149 1155 3208 1207 in
3227 1151 3389 1217 caelis,
3417 1160 3478 1206 et
3505 1151 3742 1220 reliqua.

2159 1259 2262 1317 Ubi
2290 1257 2489 1314 dicitur
2518 1272 2533 1308 :
2566 1252 2778 1307 Dimitte
2817 1249 2962 1303 nobis
2987 1246 3162 1301 debita
3195 1253 3412 1309 nostra;
3467 1242 3600 1312 quia
3629 1242 3744 1310 ipsa

2159 1351 2503 1419 eleemosyna
2532 1352 2636 1409 est,
2684 1341 2900 1398 veniam
2931 1337 3135 1393 homini
3181 1335 3387 1406 petenti
3433 1333 3742 1404 ignoscere.

2160 1443 2314 1500 Unde
2362 1438 2624 1493 Dominus
2670 1434 2748 1488 ait
2785 1451 2799 1486 :
2846 1430 2982 1485 Date
3020 1428 3433 1497 eleemosynam,
3474 1433 3526 1477 et
3569 1422 3746 1476 omnia

2160 1533 2358 1591 munda
2393 1539 2513 1585 sunt
2553 1527 2714 1583 vobis.

2232 1624 2397 1680 Multa
2450 1622 2616 1693 igitur
2671 1631 2870 1689 genera
2929 1621 3056 1670 sunt
3094 1612 3586 1680 eleemosynarum,
3628 1621 3746 1675 qua

2161 1731 2286 1773 cum
2332 1714 2592 1778 facimus,
2640 1710 2990 1780 adiuvamur,
3039 1712 3102 1760 ut
3161 1701 3509 1757 dimittantur
3557 1704 3746 1753 nostra

2161 1815 2382 1879 peccata
2411 1845 2426 1871 ,
2483 1802 2580 1859 sed
2635 1817 2702 1859 ea
2747 1799 2882 1856 nihil
2942 1806 3029 1854 est
3070 1794 3247 1865 majus
3271 1835 3286 1861 ,
3341 1807 3509 1863 quam
3549 1794 3750 1864 (quan-

472 1913 742 1969 llluminet
762 1909 1080 1966 abscondita
1112 1907 1480 1970 tenebrarum,
1501 1910 1559 1958 et
1582 1899 1896 1957 manifestet
1916 1899 2062 1968 cogi-
2089 1891 2140 1952 B
2165 1899 2255 1971 do)
2283 1912 2352 1952 ex
2381 1895 2546 1952 corde
2580 1892 2908 1950 dimittimus
2960 1888 3106 1960 quod
3139 1889 3196 1944 in
3225 1900 3328 1962 nos
3354 1885 3593 1956 quisque
3621 1898 3752 1955 pec-

474 2008 712 2063 tatioues
735 2004 1008 2060 cordium.

543 2093 657 2151 Nos
678 2109 806 2150 vero
831 2106 1160 2162 quemquam
1184 2105 1215 2144 a
1243 2087 1625 2144 communione
1645 2083 1936 2157 prohibere
1952 2096 2061 2137 non

473 2201 784 2260 possumus,
817 2184 1068 2256 quamvis
1095 2182 1210 2237 haec
1236 2179 1533 2251 prohibitio
1561 2177 1801 2232 nondum
1823 2175 1897 2231 sit
1919 2187 2064 2229 mor-

473 2277 622 2344 talis,
645 2276 742 2333 sed
766 2272 1149 2330 medicinalis:
1178 2271 1284 2327 nisi
1305 2279 1398 2325 aut
1420 2276 1610 2340 sponte
1631 2266 1942 2323 confessus:
1967 2270 2064 2318 aut

473 2372 534 2428 in
558 2371 740 2440 aliquo
766 2369 882 2424 sive
909 2365 1176 2430 saeculari,
1201 2364 1318 2420 sive
1345 2361 1719 2418 ecclesiastico
1738 2357 1943 2430 judicio
1968 2370 2060 2411 ac-

472 2472 724 2520 cusatum
754 2472 921 2530 atque
944 2459 1272 2515 convictum.
1296 2454 1550 2524 Plerique
1576 2461 1756 2507 autem
1779 2449 2062 2504 attendunt

472 2554 675 2630 multos
717 2553 773 2608 in
821 2551 953 2622 ipsis
986 2549 1285 2605 honoribus
1310 2544 1717 2607 ecclesiasticis,
1744 2539 2063 2612 praeposito-

471 2660 596 2700 rum
645 2651 702 2698 et
724 2643 1096 2697 ministrorum
1138 2654 1246 2695 non
1287 2642 1654 2707 congruenter
1699 2633 1886 2687 vivere
1940 2645 2060 2685 ser-

472 2735 727 2808 monibus
775 2743 832 2789 et
883 2732 1262 2796 sacramentis,
1312 2745 1432 2799 quae
1475 2743 1572 2799 per
1601 2742 1694 2782 eos
1722 2723 1934 2797 populis
1962 2721 2062 2777 mi-

473 2831 799 2886 nistrantur.
853 2825 898 2882 ÎŸ
946 2827 1177 2881 miseros
1226 2825 1493 2888 homines,
1518 2820 1716 2891 quibus
1742 2830 1768 2859 ÎµÎ¹
1801 2817 2060 2871 intuendo

475 2922 754 2978 Christum
785 2919 1179 2975 obliviscuntur
1205 2935 1218 2970 :
1245 2917 1338 2986 qui
1367 2923 1423 2972 et
1454 2924 1604 2970 tanto
1631 2921 1757 2968 ante
1787 2909 2058 2980 prtedixit,

471 3022 537 3069 ut
563 3012 667 3083 legi
687 3010 784 3065 Dei
808 3010 989 3080 potius
1016 3008 1438 3078 obtemperetur,
1482 3019 1644 3076 quam
1689 3000 1939 3057 imitandi
1982 2999 2061 3054 vi-

473 3104 708 3159 deantur
737 3101 838 3166 illi,
867 3101 959 3171 qui
989 3115 1110 3170 quae
1139 3099 1328 3154 dicunt
1351 3113 1458 3153 non
1492 3095 1716 3160 faciunt,
1753 3102 1808 3148 et
1841 3091 2062 3147 tradito-

474 3211 590 3252 rem
617 3211 773 3250 suum
803 3193 1042 3249 tolerans
1063 3207 1233 3262 usque
1257 3193 1312 3245 iu
1338 3190 1520 3256 finem,
1548 3188 1712 3245 etiam
1740 3187 1807 3242 ad
1833 3202 2062 3258 evange-

2164 1996 2374 2136 mstiti
2397 2087 2578 2134 autem
2609 2074 2856 2146 quaedam
2881 2079 3107 2142 peccata
3143 2085 3265 2140 quae
3291 2076 3562 2140 putantur
3587 2065 3748 2121 levis-

2149 2155 2322 2236 .sima,
2375 2172 2483 2226 nisi
2509 2171 2565 2225 in
2604 2166 2906 2239 Scripturis
2934 2166 3452 2222 demonstrarentur
3489 2159 3750 2230 opinione

2163 2266 2436 2338 graviora.
2479 2263 2612 2331 Quis
2654 2260 2800 2315 enim
2843 2258 3114 2314 dicentem
3154 2253 3312 2309 fratri
3373 2267 3498 2316 suo,
3557 2249 3748 2314 Fatue,

2163 2373 2318 2414 reum
2359 2356 2623 2428 gehenna:
2674 2357 2910 2422 putaret,
2977 2347 3083 2403 nisi
3113 2346 3328 2402 Veritas
3355 2341 3618 2398 diceret?
3646 2339 3751 2394 Aut

2163 2451 2286 2522 quis
2311 2448 2611 2504 :estimaret
2633 2458 2798 2514 quam
2833 2454 3089 2511 magnum
3117 2451 3239 2493 esse
3266 2442 3583 2507 peccatum,
3638 2431 3753 2485 dies

2161 2524 2474 2605 observare,
2505 2550 2740 2601 menses,
2778 2541 2836 2589 et
2857 2546 3049 2596 annos,
3099 2538 3155 2586 et
3181 2537 3446 2598 tempora,
3495 2522 3752 2580 sicutab-

2162 2642 2382 2692 servant
2408 2631 2502 2702 qui
2523 2629 2688 2686 certis
2715 2627 2928 2692 diebus,
2959 2624 3073 2680 sive
3096 2621 3397 2691 mensibus,
3429 2618 3547 2674 sive
3570 2619 3752 2682 annis,

2160 2727 2349 2784 volunt
2375 2724 2460 2779 vel
2501 2722 2694 2778 nolunt
2729 2717 2933 2789 aliquid
2979 2715 3259 2778 inchoare,
3309 2710 3415 2766 nisi
3447 2707 3754 2780 Apostolus

2162 2819 2408 2876 diceret:
2441 2814 2618 2869 Timeo
2662 2827 2784 2877 vos,
2845 2825 2908 2864 ne
2941 2807 3055 2862 sine
3093 2821 3255 2859 causa
3302 2789 3653 2855 laboraverim
3699 2800 3753 2852 in

2159 2912 2324 2966 vobis.

2236 3005 2410 3072 Quam
2437 3002 2607 3058 multa
2661 3007 2789 3056 sunt
2823 2998 2932 3053 alia
2978 3004 3222 3068 peccata,
3284 2992 3399 3048 sive
3438 2991 3498 3046 in
3531 2990 3755 3061 loquen-

2161 3101 2231 3157 do
2279 3098 2349 3154 de
2400 3097 2564 3152 rebus
2622 3104 2678 3151 et
2723 3092 2957 3165 negotiis
2998 3089 3192 3145 alienis
3244 3102 3363 3156 quae
3422 3085 3495 3141 ad
3552 3093 3608 3140 te
3649 3099 3754 3139 non

2165 3189 2437 3262 pertinet:
2466 3187 2581 3242 sive
2630 3185 2686 3239 in
2733 3199 2874 3239 vano
2913 3182 3202 3244 cachinno,
3245 3179 3358 3234 sive
3399 3177 3455 3232 in
3497 3177 3632 3248 ipsis
3665 3191 3753 3231 es-

473 3288 748 3344 lizandum
780 3303 903 3343 cum
925 3287 1137 3342 caateris
1160 3283 1554 3354 misit.Aliquis
1574 3281 1714 3337 forte
1741 3281 2060 3351 desperatus
2085 3267 2138 3328 D
2165 3282 2263 3344 cis,
2311 3295 2432 3350 qua:
2480 3277 2548 3332 ad
2599 3275 2984 3331 necessitatem
3014 3272 3174 3343 hujus
3207 3269 3330 3324 vitae
3354 3278 3649 3340 parantur,
3699 3267 3754 3321 in

475 3382 623 3438 dicat
655 3399 668 3436 :
694 3381 808 3454 Ego
831 3380 944 3448 jam
972 3379 1282 3448 baptizatus
1317 3377 1372 3432 in
1420 3374 1659 3440 Christo,
1689 3390 1720 3427 a
1742 3387 1848 3443 quo
1877 3371 2060 3429 omnia

473 3477 697 3542 peccata
715 3469 987 3539 praeterita
1018 3467 1150 3522 mihi
1169 3467 1392 3522 dimissa
1419 3473 1563 3531 sunt,
1581 3465 1704 3520 vilis
1730 3461 1904 3519 factus
1918 3478 2057 3528 sum,

472 3561 637 3616 nimis
665 3561 869 3616 iterans
890 3561 1006 3616 vias
1030 3576 1199 3626 meas,
1225 3569 1280 3616 et
1298 3559 1450 3614 canis
1471 3558 1750 3613 horribilis
1773 3557 1944 3613 oculis
1968 3557 2061 3612 Dei

473 3667 776 3708 conversus
808 3653 875 3707 ad
904 3654 1167 3708 vomitum
1199 3668 1376 3708 suum.
1425 3650 1542 3718 Quo
1593 3649 1744 3704 abibo
1796 3667 1828 3703 a
1872 3649 2061 3720 spiritu

473 3745 612 3814 ejus,
645 3753 692 3798 et
715 3762 746 3797 a
774 3744 912 3813 facie
937 3745 1052 3814 ejus
1073 3759 1174 3814 quo
1202 3743 1446 3815 fugiam?
1471 3742 1588 3808 Quo
1631 3740 1835 3795 frater?
1864 3740 1967 3795 nisi
1993 3739 2062 3794 ad

476 3837 595 3904 ejus
643 3837 1077 3892 misericordiam
1129 3837 1482 3907 paenitendo,
1539 3835 1692 3904 cujus
1737 3841 2060 3902 potestatem

475 3926 752 3998 peccando
779 3934 1204 3994 contempseras.
1221 3925 1494 3994 Quidquid
1515 3924 1661 3979 enim
1687 3923 1901 3988 feceris,
1919 3938 2064 3992 quaa-

477 4031 692 4086 cunque
714 4015 1044 4085 peccaveris,
1069 4015 1246 4069 adhuc
1268 4015 1324 4068 in
1352 4015 1461 4068 vita
1487 4030 1580 4080 es;
1611 4013 1750 4071 unde
1771 4022 1822 4068 te
1842 4013 2062 4069 omnino

478 4107 741 4173 auferret,
776 4108 821 4162 si
849 4122 1041 4162 sanare
1067 4106 1252 4162 nollet.

549 4199 779 4270 Oportet
808 4199 975 4269 igitur
998 4199 1064 4254 ad
1084 4199 1460 4270 paenitentiam
1486 4198 1745 4256 accedere
1771 4214 1894 4255 cum
1915 4199 2062 4255 omni

476 4293 700 4358 ï¬ducia,
724 4302 780 4348 et
816 4307 883 4348 ex
929 4292 1031 4348 fide
1071 4293 1296 4348 credere
1347 4291 1714 4347 indubitanter
1743 4292 2064 4362 paenitentia

478 4385 682 4441 aboleri
708 4401 870 4454 posse
894 4393 1136 4454 peccata,
1168 4385 1380 4439 etiamsi
1410 4385 1464 4439 in
1493 4385 1688 4440 ultimo
1715 4386 1841 4439 vitae
1867 4385 2062 4453 spiritu

477 4476 766 4530 commissa
787 4475 1068 4544 pmuiteat,
1095 4485 1151 4528 et
1176 4475 1387 4545 publica
1433 4475 1818 4531 lamentatione
1841 4487 2062 4546 peccata

477 4563 777 4636 produntur
810 4567 974 4634 :quia
1005 4568 1341 4636 propositum
1381 4568 1495 4631 Dei,
1550 4583 1658 4636 quo
1685 4568 1930 4622 decrevit
1955 4567 2062 4622 salâ€”

478 4669 608 4710 Vare
633 4657 775 4724 quod
805 4657 1061 4724 perierat,
1087 4664 1195 4710 stat
1223 4657 1516 4722 immobile,
1561 4667 1615 4712 et
1648 4658 1790 4721 ideo,
1817 4659 1943 4727 quia
1971 4674 2065 4713 vo-

476 4746 664 4803 luntas
684 4745 802 4814 ejus
828 4762 934 4801 non
963 4755 1225 4812 mutatur,
1270 4749 1383 4804 sive
1437 4750 1815 4804 emendatione
1851 4749 1990 4813 vitae,
2018 4749 2064 4804 si

479 4848 696 4911 tempus
755 4841 1091 4905 conceditur,
1153 4841 1266 4895 sive
1316 4840 1544 4910 supplici
1604 4839 1966 4907 confessione,
2017 4843 2064 4897 si

477 4935 737 4989 continuo
772 4932 876 4986 vita
905 4933 1216 4996 excuditur,
1249 4933 1403 4987 venia
1436 4941 1788 5002 peccatorum
1836 4932 2066 4988 fideliter

478 5034 839 5096 prmsumatur
860 5025 929 5078 ab
953 5024 1068 5089 illo,
1097 5024 1185 5094 qui
1222 5040 1324 5076 non
1346 5023 1454 5078 vult
1492 5035 1713 5078 mortem
1753 5025 2062 5094 peccatoris,

478 5115 568 5170 sed
590 5124 648 5168 ut
671 5125 1006 5170 convertatur
1034 5133 1065 5169 a
1092 5116 1380 5185 perditione
1419 5117 1733 5186 paenitendo,
1762 5126 1810 5171 et
1829 5117 2060 5172 salvatus

479 5208 812 5262 miseratione
854 5207 950 5262 Dei
977 5208 1130 5262 vivat.
1154 5208 1486 5263 Certissima:
1511 5219 1637 5263 sunt
1659 5217 1712 5264 et
1736 5208 2066 5266 fidelissimae

481 5299 663 5355 claves
689 5299 965 5365 Ecclesite,
994 5300 1181 5369 quibus
1198 5301 1541 5372 quodcunque
1577 5301 1629 5355 in
1661 5311 1802 5357 terra
1823 5302 2061 5369 solvitur,

481 5392 640 5445 etiam
666 5393 720 5446 in
746 5391 872 5446 caelo
902 5391 1134 5446 solutum
1153 5393 1500 5463 promittitur.

553 5480 680 5537 Haec
738 5485 881 5539 dicta
939 5493 1066 5539 sunt
1120 5484 1186 5540 de
1234 5485 1449 5555 publica
1506 5485 1912 5554 satisfactione,
1958 5502 2063 5556 qua

483 5573 716 5643 quisque
744 5576 1082 5632 humiliando
1103 5590 1182 5644 se,
1222 5591 1330 5632 non
1371 5578 1545 5635 solum
1575 5595 1761 5637 coram
1801 5579 2064 5647 Ecclesia,

484 5681 607 5738 qua:
636 5665 800 5721 habet
823 5667 1029 5725 clavem
1057 5669 1211 5742 regni
1237 5669 1524 5740 caelorum,
1556 5672 1615 5730 in
1657 5687 1762 5746 qua
1791 5672 1854 5730 ï¬t
1882 5672 2072 5729 remis-

482 5761 566 5820 sio
583 5770 954 5834 peccatorum.

555 5888 583 5920 â¸
611 5876 777 5936 Forte
797 5877 888 5952 qui
907 5877 1022 5951 hos,
1057 5881 1140 5940 vel
1164 5884 1255 5957 qui
1281 5843 1443 5940 alios.

2162 3370 2359 3445 quibus
2392 3379 2477 3425 est
2535 3369 2746 3423 avidior
2796 3367 3102 3438 appetitus;
3166 3363 3282 3418 sive
3337 3363 3395 3417 in
3453 3360 3756 3417 vendendis

2162 3477 2218 3522 et
2262 3465 2509 3522 emendis
2545 3464 2708 3520 rebus
2739 3480 2753 3517 :
2785 3460 3070 3518 charitatis
3094 3467 3150 3514 et
3172 3455 3422 3513 utilitatis
3451 3465 3578 3511 vota
3626 3468 3755 3526 per-

2163 3575 2319 3616 versa
2327 3599 2342 3613 .

2236 3653 2378 3709 Sunt
2405 3661 2461 3708 et
2486 3653 2592 3708 alia
2629 3650 3004 3722 hujuscemodi
3029 3656 3276 3720 peccata,
3315 3661 3438 3716 quae
3467 3644 3610 3699 fiunt
3631 3657 3756 3698 ver-

2161 3747 2356 3803 borum
2394 3743 2802 3810 ollâ€˜ensinnibus,
2861 3751 2917 3798 et
2962 3742 3377 3813 cogitationum,
3426 3736 3639 3793 Iacobo
3670 3736 3750 3789 di-

2165 3849 2323 3895 cente
2355 3837 2601 3908 apostolo
2645 3855 2658 3891 :
2691 3835 2756 3891 In
2797 3834 2976 3890 multis
3020 3835 3160 3888 enim
3197 3831 3516 3902 offendimus
3558 3843 3754 3883 omnes.

2165 3929 2392 4000 Oportet
2442 3928 2685 3997 quotidie
2748 3926 3045 3995 crebroque
3105 3937 3394 3978 exoremus
3448 3920 3516 3974 ad
3579 3917 3756 3974 Domi-

2164 4037 2315 4086 num,
2361 4028 2523 4089 atque
2572 4019 2816 4074 dicamus
2849 4035 2863 4071 :
2903 4015 3119 4070 Dimitte
3148 4013 3298 4068 nobis
3321 4011 3499 4065 debita
3525 4019 3710 4063 nostra
3731 4047 3750 4072 ,

2164 4129 2267 4169 nec
2297 4113 2355 4167 in
2406 4127 2472 4168 eo
2519 4109 2664 4181 quod
2722 4109 2970 4180 sequitur
3006 4107 3380 4163 mentiamur:
3410 4103 3548 4156 sicut
3591 4110 3637 4155 et
3663 4114 3758 4154 nos

2165 4205 2480 4260 dimittimus
2524 4202 2849 4257 debitoribus
2872 4201 3067 4254 nostris
3099 4212 3116 4250 :
3135 4213 3236 4268 pro
3259 4195 3459 4266 quibus
3481 4194 3651 4250 etiam
3670 4206 3762 4246 sa-

2167 4296 2372 4355 crificia
2421 4295 2889 4366 eleemosynarum
2943 4300 2998 4348 et
3047 4289 3382 4363 jejuniorum
3419 4303 3525 4358 pro
3548 4286 3760 4340 viribus

2167 4391 2363 4447 offerre
2390 4405 2500 4445 non
2528 4398 2723 4444 cesset.

2237 4483 2344 4538 Pro
2398 4482 2505 4536 illis
2530 4497 2660 4553 ergo
2687 4479 2926 4550 peccatis
2947 4494 3068 4549 qum
3104 4477 3240 4549 legis
3259 4475 3554 4546 decalogus
3578 4472 3748 4528 conti-

2169 4584 2284 4640 net,
2331 4582 2386 4628 et
2413 4574 2478 4628 de
2504 4574 2700 4642 quibus
2735 4570 3030 4639 Apostolus
3057 4571 3156 4635 ait,
3195 4569 3336 4640 quod
3383 4583 3548 4639 neque
3581 4565 3754 4627 avari,

2171 4683 2335 4738 neque
2357 4681 2592 4737 rapaces,
2618 4681 2781 4735 neque
2803 4663 3054 4729 adulteri,
3077 4679 3240 4733 neque
3260 4659 3621 4715 masculorum
3633 4673 3760 4710 con-

2167 4759 2444 4818 cubitores,
2471 4767 2605 4824 etc.,
2632 4755 2883 4827 quoniam
2905 4756 2993 4826 qui
3015 4753 3145 4808 talia
3195 4764 3377 4825 agunt,
3419 4767 3639 4822 regnum
3662 4748 3760 4802 Dei

2171 4866 2275 4904 non
2302 4847 2658 4920 possidebunt.
2687 4846 2781 4900 llla
2806 4846 2952 4901 actio
2976 4844 3311 4915 poenitentiae
3346 4841 3633 4897 subeunda
3653 4848 3759 4903 est,

2169 4943 2226 4998 in
2260 4958 2367 5012 qua
2416 4938 2676 5010 majorem
2705 4941 2758 4994 in
2808 4955 2866 4995 se
2915 4939 3146 5008 quisque
3174 4936 3531 4992 severitatem
3560 4934 3761 4988 debeat

2168 5051 2446 5102 exercere,
2480 5046 2537 5090 ut
2561 5054 2593 5090 a
2612 5036 2780 5106 seipse
2799 5033 3098 5103 judicatus,
3122 5029 3505 5101 nonjudicetur
3525 5045 3559 5081 a
3584 5026 3765 5082 Domi-

2169 5143 2236 5181 no
2270 5141 2288 5178 :
2329 5142 2450 5196 quae
2489 5127 2632 5182 actio
2657 5123 2993 5195 paenitentia:
3027 5133 3155 5178 tunc
3179 5122 3287 5176 erit
3315 5119 3556 5193 perfecta
3589 5129 3647 5174 et
3666 5134 3763 5172 ac-

2172 5215 2476 5286 ceptabilis,
2519 5217 2566 5270 si
2619 5215 2929 5270 ascenderit
2961 5215 3126 5269 homo
3152 5213 3443 5268 adversum
3501 5225 3560 5265 se
3589 5209 3763 5264 tribuâ€”

2172 5308 2262 5364 nal
2320 5309 2522 5364 mentis
2573 5324 2706 5373 suas,
2761 5315 2819 5362 et
2881 5306 3229 5361 constituerit
3282 5320 3340 5360 se
3401 5312 3527 5358 ante
3564 5301 3762 5357 faciem

2175 5422 2354 5474 suam,
2379 5422 2445 5462 ne
2474 5406 2578 5461 hoc
2609 5405 2659 5460 ei
2702 5415 2888 5476 postea
2913 5403 3028 5470 fiat,
3063 5404 3203 5459 sicut
3227 5401 3597 5457 comminatur
3623 5399 3770 5454 Deus

2175 5500 2471 5572 peccatori,
2510 5505 2675 5568 atque
2699 5497 2774 5551 ita
2813 5489 3109 5552 constituto
3141 5494 3194 5549 in
3224 5493 3388 5549 corde
3411 5491 3641 5560 judicio,
3665 5488 3770 5542 ad-

2176 5592 2248 5646 sit
2296 5575 2602 5646 accusatrix
2640 5588 2918 5659 cogitatio,
2949 5587 3104 5642 testis
3125 5583 3488 5648 conscientia,
3512 5579 3767 5638 carnifex

2175 5685 2378 5744 timor:
2410 5685 2605 5740 deinde
2640 5682 2865 5754 sanguis
2883 5682 3082 5737 animae
3111 5678 3426 5736 conï¬tentis
3444 5693 3545 5749 per
3577 5677 3771 5754 laci-y-

2176 5793 2295 5837 mas
2340 5774 2593 5852 proï¬‚uat.
2644 5750 2929 5832 Postremo
2953 5773 3008 5829 in
3033 5771 3364 5829 conscientia
3389 5784 3488 5826 sua
3523 5781 3585 5826 se
3619 5750 3774 5824 á¼°Î´â€™á½±á½¶-
