4022 6444
252 423 349 486 657

1223 412 1313 469 DE
1349 409 1800 471 PtENITENTlA
1834 409 2017 468 LIBRI
2059 409 2126 466 ν.
2161 439 2235 452 —-
2268 411 2397 466 LIB.
2437 410 2478 467 1.
2509 435 2512 438 ~

3381 413 3492 480 651

253 551 403 613 gnum
417 531 619 605 judicet
640 527 1049 604 participatione
1069 509 1315 595 corporis
1339 533 1396 581 et
1413 527 1692 598 sanguinis
1713 527 1818 582 Do-
1842 531 1897 592 Α
1923 524 2030 584 Sed
2057 528 2193 583 sciat
2214 543 2245 582 a
2275 525 2569 596 majoribus
2614 527 2816 584 nostris
2843 543 2912 585 ex
2936 537 3247 587 sanctorum
3275 540 3498 604 senten-

253 627 394 684 mini.
421 622 677 679 Versetur
700 630 827 678 ante
860 620 1046 676 oculos
1083 619 1261 688 imago
1293 615 1458 672 futuri
1490 617 1702 688 judicii,
1732 625 1814 685 ut,

251 736 367 780 cum
393 718 478 772 alii
504 717 769 772 accedunt
805 716 873 770 ad
905 713 1074 769 altare
1097 711 1210 775 Dei,
1238 726 1347 780 quo
1372 711 1486 780 ipse
1513 725 1624 766 non
1662 725 1817 766 acce-

251 813 341 876 dit,
367 808 563 880 cogitet
583 823 744 878 quam
767 807 838 862 sit
857 802 1323 861 contremiscenda
1351 815 1514 874 poma
1539 816 1668 871 qua,
1695 816 1818 872 per—

247 901 558 976 cipientibns
577 900 697 955 aliis
718 900 884 954 vitam
903 906 1182 963 aeternam,
1220 895 1314 950 alii
1344 895 1400 950 in
1421 902 1654 950 mortem
1682 909 1819 964 pra:-

247 995 530 1067 cipitantur
549 1001 829 1048 aeternam.

311 1087 609 1143 Mensuram
635 1094 818 1140 autem
871 1081 1130 1154 temporis
1156 1081 1212 1136 in
1249 1079 1457 1152 agenda
1491 1077 1816 1149 pmnitentia

247 1178 438 1235 idcirco
460 1192 566 1232 non
595 1176 728 1232 satis
753 1182 956 1229 attente
979 1172 1263 1243 prmlignnt
1293 1184 1530 1226 canones
1557 1184 1656 1240 pro
1682 1184 1820 1224 uno-

245 1284 450 1340 quoque
508 1268 758 1332 crimine,
806 1265 902 1321 sed
945 1265 1120 1336 magis
1168 1264 1224 1318 in
1273 1261 1502 1317 arbitrio
1557 1261 1819 1317 antistitis

247 1356 646 1426 relinquendum
707 1364 969 1417 statuunt,
1016 1354 1144 1425 quia
1172 1353 1315 1425 apud
1345 1351 1518 1406 Deum
1567 1367 1671 1406 non
1707 1360 1820 1406 tam

242 1448 377 1503 valet
419 1464 673 1504 mensura
713 1449 974 1519 temporis
1005 1462 1169 1517 quam
1222 1445 1445 1501 doloris.
1494 1443 1605 1500 Nec
1651 1445 1820 1501 absti-

243 1537 415 1592 nentia
464 1545 677 1592 tantum
715 1539 977 1602 ciborum,
1011 1537 1106 1592 sed
1131 1534 1479 1590 mortiﬁcatio
1531 1535 1712 1606 potius
1737 1535 1818 1590 νίν

243 1627 455 1683 tiorum.

304 1715 534 1789 Propter
567 1719 714 1789 quod
738 1727 980 1790 tempora
1001 1717 1356 1789 poenitentiae,
1387 1717 1492 1773 ﬁde
1513 1725 1569 1771 et
1599 1732 1823 1772 conver-

238 1811 449 1868 satione
473 1813 856 1884 pmnitentium
887 1811 1250 1867 abbrevianda
1278 1810 1619 1882 praecipiunt,
1649 1818 1704 1865 et
1728 1824 1822 1866 ne-

1919 621 2011 675 tiis
2029 635 2146 676 esse
2176 618 2457 674 collectam
2489 637 2503 673 :
2539 634 2570 673 a
2593 635 2680 675 me
2700 620 2920 690 quidem
2944 631 3279 691 excerptam,
3308 639 3378 679 ne
3414 625 3501 680 ni-

1919 713 2027 768 mia
2065 713 2376 783 prolixitate
2424 713 2820 785 negligentibus
2880 713 3172 770 lectoribus
3218 715 3501 780 fastidium

1919 813 2222 875 generaret.

1989 896 2256 951 Libellum
2297 897 2364 952 de
2405 895 2554 952 vitiis
2599 904 2724 952 octo
2747 895 3162 969 principalibus,
3201 911 3504 970 eorumque

1919 990 2176 1045 remediis
2227 1006 2242 1044 :
2289 1004 2450 1059 quem
2509 991 2564 1046 in
2625 989 2777 1046 libris
2838 988 3127 1062 Gregorii,
3190 989 3502 1064 Augustini,

1918 1098 2022 1138 nec
2086 1098 2194 1138 non
2249 1081 2502 1153 Prosperi
2551 1083 2921 1154 excerpsimus
2943 1123 2959 1148 ,
3001 1083 3054 1138 in
3119 1083 3303 1154 capite
3357 1097 3503 1154 pra-

1920 1173 2194 1245 ponimus,
2233 1180 2356 1244 post
2406 1171 2778 1243 praefationem
2807 1173 2968 1240 hanc,
3014 1188 3177 1243 quam
3221 1173 3504 1244 excerpsi-

1922 1279 2064 1319 mus.

1996 1354 2277 1410 Secundus
2309 1355 2530 1426 quidem
2553 1355 2767 1412 libellus
2813 1355 3056 1412 continet
3082 1357 3148 1411 de
3177 1355 3292 1410 vita
3322 1355 3504 1411 activa

1924 1455 1979 1502 et
2005 1447 2417 1519 contemplativa
2456 1463 2627 1520 pauca
2672 1447 2928 1518 capitula,
2973 1462 3078 1502 nec
3111 1461 3221 1502 non
3260 1453 3315 1502 et
3351 1447 3506 1516 prin-

1925 1537 2177 1609 cipalium
2219 1539 2480 1594 virtutum
2539 1540 2778 1594 nomina.
2830 1536 2951 1609 ipsa
2999 1538 3221 1608 quidem
3272 1553 3340 1592 ex
3383 1551 3510 1592 san-

1925 1639 2134 1686 ctorum
2191 1630 2412 1687 Patrum
2463 1631 2622 1688 dictis
2677 1631 2925 1688 collecta.
2986 1631 3227 1699 Quorum
3281 1629 3506 1684 nomina

1923 1719 2079 1790 cujus
2122 1730 2250 1777 sunt
2302 1723 2606 1789 sententiae,
2645 1735 2670 1763 ι
2715 1724 2770 1778 in
2815 1722 3154 1794 marginibus
3201 1721 3506 1792 posuimus,

1922 1820 2145 1884 propter
2176 1813 2546 1884 prolixitatem
2569 1814 2847 1869 vitandam
2879 1813 3298 1884 repetendorum
3324 1810 3506 1866 nomi-

233 1902 509 1975 gligentia:
541 1904 875 1974 protelanda.
907 1902 1137 1958 Exstant
1158 1909 1339 1956 tamen
1367 1916 1467 1971 pro
1495 1901 1816 1971 quibusdam
1843 1899 1892 1960 B
1919 1919 2051 1960 num
2076 1920 2089 1956 :
2116 1912 2172 1958 et
2192 1919 2260 1960 ne
2281 1903 2482 1974 aliquis
2498 1904 2714 1959 invidus
2743 1903 2902 1958 nobis
2945 1903 3212 1959 vocitaret
3246 1898 3512 1971 compilao

231 1994 410 2065 culpis
439 1995 584 2050 modi
611 1995 1016 2066 pcenitentiaein
1046 1993 1343 2050 canonibus
1368 1993 1628 2064 impositi,
1655 1991 1818 2062 juxta

233 2087 376 2157 quod
404 2097 616 2143 caetera:
664 2086 1062 2158 perpendenda:
1091 2093 1217 2141 sunt
1243 2085 1451 2155 culpae:
1483 2101 1608 2141 cum
1643 2086 1716 2142 sit
1735 2085 1816 2140 fa-

235 2176 335 2233 cile
370 2192 470 2247 per
492 2177 714 2232 eosdem
739 2177 927 2233 modos
952 2177 1244 2232 vindictam
1259 2185 1316 2231 et
1341 2190 1630 2232 censuram
1655 2191 1818 2232 cano-

235 2283 356 2322 num
381 2267 677 2322 aestimare.

300 2359 451 2414 Hanc
506 2367 690 2414 autem
749 2359 1033 2430 epistolam
1071 2372 1232 2414 nemo
1275 2358 1494 2430 quidem
1539 2357 1818 2414 existimet

234 2465 408 2505 meam
442 2469 454 2504 :
492 2465 565 2505 ne
594 2450 670 2506 illi
696 2465 796 2521 pro
827 2450 1097 2522 parvitate
1140 2449 1376 2506 nominis
1431 2449 1538 2505 mei
1569 2449 1815 2505 vilescat.

1924 2003 2118 2051 torem.
3495 2049 3498 2054 _

1996 2085 2218 2142 Tertius
2239 2085 2309 2142 de
2333 2087 2524 2144 ordine
2553 2087 2960 2158 paenitentiam,
3017 2100 3139 2141 cum
3168 2083 3504 2155 nominibus,

1921 2178 2066 2233 unde
2087 2185 2333 2248 sumptus
2361 2185 2465 2242 est,
2489 2178 2864 2234 conciliorum.
2917 2183 2934 2191 ‘

1995 2266 2233 2334 Quartus
2247 2280 2376 2321 vero
2401 2267 2468 2321 de
2483 2265 2705 2334 judiciis
2727 2266 3012 2322 laicorum.
3495 2332 3498 2335 _

1995 2354 2230 2422 Quintus
2253 2356 2321 2410 de
2349 2356 2633 2411 ordinibus
2673 2354 3018 2421 clericorum,
3046 2361 3104 2410 et
3128 2354 3194 2410 de
3209 2350 3436 2423 regulis,
3462 2349 3514 2407 si

1926 2447 2283 2513 deviaverint,
2320 2448 2582 2518 ipsorum.

302 2599 329 2628 ι
360 2585 419 2642 In
444 2601 554 2641 ms.
587 2591 715 2640 sunt
742 2583 961 2639 nomina
987 2591 1274 2640 auctorum
1313 2581 1510 2654 posita,
1560 2580 1656 2636 sed
1707 2594 1816 2638 non
1853 2579 2140 2637 citationes
2189 2579 2456 2638 librorum
2504 2579 2591 2636 vel
2643 2578 2902 2652 capitum,
2950 2594 3088 2652 quas
3155 2577 3356 2638 alicubi
3417 2581 3516 2639 ad-

229 2655 533 2730 iunximus.
573 2654 757 2712 Caus.

1493 2937 1799 3016 LIBER
1868 2931 2288 3014 PRIMUS.

764 3181 994 3242 CAPUT
1028 3181 1323 3240 PRIMUM.

341 3276 422 3331 De
459 3253 972 3346 octo-principalibus
1001 3276 1162 3342 vitiis,
1199 3285 1246 3330 et
1273 3275 1410 3330 unde
1444 3275 1708 3330 oriuntur.

302 3367 552 3423 Paradisi
595 3367 804 3438 gaudiis
864 3375 1151 3440 postquam
1196 3367 1480 3436 expulsum
1528 3375 1612 3422 est
1654 3379 1826 3438 genus

233 3459 562 3523 humanum,
592 3469 616 3496 α
649 3467 776 3513 octo
816 3457 1119 3512 criminalia
1159 3459 1214 3512 in
1257 3457 1399 3514 ﬁlios
1429 3457 1558 3512 Ada:
1587 3458 1828 3527 origina-

231 3548 360 3604 liter
390 3549 742 3604 dominantur
768 3547 920 3602 vitia.
968 3547 1099 3614 Qum
1134 3549 1237 3602 nisi
1266 3563 1363 3618 per
1387 3548 1620 3620 gratiam
1647 3546 1828 3601 Salva-

236 3640 376 3693 toris
405 3652 472 3691 ac
494 3637 746 3707 baptismi
775 3637 1147 3692 renovationis
1174 3639 1396 3694 minime
1423 3637 1689 3694 abolenda
1715 3653 1832 3694 cre-

227 3731 451 3786 damus.
488 3729 642 3785 Unde
688 3731 877 3785 beatus
908 3729 936 3769 δ
965 3729 1262 3802 Gregorius
1284 3731 1337 3784 in
1362 3731 1700 3800 expositione
1727 3727 1828 3786 Job

1846 3183 1891 3246 ρ
1923 3178 2154 3236 rationis
2176 3177 2443 3250 praelium,
2498 3175 2708 3250 Spiritu
2734 3176 3070 3249 septiformis
3097 3179 3286 3251 gratia:
3319 3179 3516 3253 plenus

1927 3271 2094 3326 venit.
2153 3268 2259 3326 Sed
2286 3269 2492 3325 habent
2529 3276 2721 3325 contra
2768 3285 2869 3326 nos
2895 3269 3012 3326 haec
3040 3270 3255 3342 singula
3296 3273 3514 3330 exerci-

1929 3371 2043 3417 tum
2080 3377 2256 3418 suum.

2002 3453 2138 3508 Nam
2169 3455 2236 3510 de
2262 3454 2409 3509 inani
2439 3452 2611 3525 gloria
2636 3453 2754 3508 haec
2801 3453 3052 3508 oriuntur
3084 3471 3098 3508 :
3127 3453 3520 3527 inobedientia,

1927 3542 2260 3614 jactanctia,
2315 3544 2654 3614 hypocrisis,
2724 3545 3133 3611 contentiones,
3185 3547 3520 3618 pertinacia,

1933 3634 2240 3700 discordiae,
2273 3644 2327 3690 et
2347 3635 2647 3691 novitatum
2672 3637 3142 3707 prazsumptiones.

2003 3728 2080 3784 De
2109 3729 2306 3784 invidia
2326 3730 2570 3785 nascitur
2591 3731 2797 3796 odium,
2821 3730 3146 3797 snsurratio,
3169 3730 3514 3800 detractatio,

228 3819 501 3891 loquitur.
529 3819 671 3876 Vitia
701 3823 898 3892 quippe
929 3823 1219 3886 tentantia,
1269 3837 1388 3892 qua:
1414 3822 1671 3878 invisibili
1702 3838 1830 3878 con-
1932 3822 2224 3878 exsultatio
2247 3823 2303 3878 in
2325 3823 2576 3878 adversis
2603 3823 2863 3893 proximi,
2888 3821 3299 3879 aﬂlictioautem
3317 3824 3369 3880 in
3391 3840 3517 3896 pro-

231 3918 318 3966 tra
346 3926 452 3966 nos
482 3911 669 3981 przelio
707 3923 728 3951 ο
761 3911 1084 3982 repugnanti
1119 3927 1281 3981 super
1311 3927 1368 3967 se
1396 3911 1664 3982 superbiae
1686 3912 1829 3967 mili-

231 4007 350 4057 tant
380 4018 395 4055 :
433 4000 538 4055 alia
574 3989 725 4056 more
755 4000 954 4056 ducum
980 4009 1242 4072 praeeunt,
1296 4002 1404 4059 alia
1434 4018 1588 4058 more
1614 4004 1827 4059 exerci-

237 4101 324 4147 tus
349 4093 777 4162 subsequuntur.

303 4184 427 4254 Ipsa
458 4199 695 4253 namque
721 4185 977 4239 vitiorum
1017 4185 1207 4256 regina
1252 4187 1526 4256 superbia,
1581 4202 1704 4242 cum
1734 4188 1827 4242 de-

236 4275 440 4330 victum
487 4276 650 4345 plene
695 4291 791 4330 cor
828 4277 1056 4346 ceperit,
1096 4291 1221 4330 mox
1244 4277 1374 4331 illud
1399 4285 1607 4346 septem
1630 4278 1828 4346 princi-

234 4369 444 4436 palibus
489 4370 658 4432 vitiis,
701 4369 854 4439 quasi
885 4370 1208 4438 quibusdam
1259 4371 1373 4424 suis
1402 4370 1632 4425 ducibus
1663 4371 1826 4424 deva-

235 4461 486 4514 standum
545 4460 712 4514 tradit
741 4478 754 4512 :
779 4475 916 4530 quos
961 4460 1211 4516 videlicet
1231 4462 1396 4516 duces
1435 4463 1711 4517 exercitus
1739 4479 1824 4518 se-

1931 3927 2124 3982 speras.

2001 4005 2078 4060 De
2099 4005 2178 4060 ira
2209 4004 2562 4075 proferuntur
2588 4007 2738 4073 rixae,
2776 4016 2956 4063 tumor
2983 4008 3204 4073 mentis,
3235 4014 3520 4074 contume-

1928 4097 2038 4162 liae,
2071 4097 2300 4162 clamor,
2333 4097 2650 4170 indignatio,
2682 4099 3054 4168 blasphemiae.

2000 4185 2077 4244 De
2103 4189 2324 4243 tristitia
2354 4190 2602 4245 nascitur
2628 4188 2860 4254 malitia,
2896 4203 3115 4252 rancor,
3157 4187 3520 4258 pusillanimi-

1930 4288 2032 4344 tas,
2063 4280 2393 4349 desperatio,
2423 4288 2609 4350 torpor
2634 4280 2780 4334 circa
2802 4287 3094 4349 praecepta,
3125 4278 3340 4350 vagatio
3368 4292 3521 4334 men-

1930 4371 2002 4424 tis
2037 4385 2164 4440 erga
2195 4368 2402 4423 illicita.

2001 4459 2079 4514 De
2107 4459 2331 4514 avaritia
2355 4459 2871 4530 oriunturproditio,
2898 4459 3066 4525 fraus,
3085 4459 3520 4530 fallacia,perju-

234 4555 436 4622 quitur,
463 4553 596 4624 quia
627 4568 694 4607 ex
716 4554 795 4608 eis
816 4554 1006 4622 procul
1038 4553 1200 4608 dubio
1219 4555 1540 4624 importunae
1569 4553 1823 4609 vitiorum
1852 4539 1904 4600 ἶ)
1929 4551 2030 4618 ria,
2057 4552 2394 4622 inquietudo.
2426 4551 2496 4606 Et
2520 4562 2710 4608 contra
2737 4552 3170 4608 misericordiam
3203 4551 3518 4609 obduratio-

234 4642 614 4698 multitudines
643 4644 912 4698 oriuntur.
952 4642 1104 4711 Quod
1147 4643 1339 4699 melius
1368 4644 1731 4709 ostendimus,
1777 4645 1823 4700 si

232 4733 371 4805 ipsos
403 4739 580 4794 duces
615 4747 776 4807 atque
812 4738 1106 4804 exercitus,
1150 4746 1210 4792 ut
1243 4753 1550 4808 possumus,
1598 4754 1821 4794 enutne-

233 4829 398 4884 rando
425 4829 794 4899 proferamus.

296 4917 476 4975 Radix
508 4921 711 4990 quippe
748 4921 929 4976 cuncti
960 4921 1086 4975 mali
1118 4921 1370 4990 superbia
1417 4929 1502 4976 est
1536 4938 1549 4974 :
1583 4922 1650 4976 de
1689 4938 1821 4992 qua,

231 5004 514 5081 Scriptura
556 5022 869 5078 attestantc,
901 5013 1102 5068 dicitur
1130 5031 1142 5066 :
1174 5013 1397 5067 Initium
1430 5015 1600 5068 omnis
1622 5017 1825 5084 peccati

229 5105 491 5172 superbia.
525 5106 605 5161 De
632 5107 733 5161 hac
759 5121 974 5176 quoque
1024 5106 1293 5161 virulenta
1329 5107 1536 5171 radice,
1601 5115 1822 5178 septem

230 5196 553 5269 principalia
585 5200 714 5254 vitia
738 5199 1120 5270 proferuntur:
1152 5200 1384 5266 scilicet,
1412 5202 1588 5255 inanis
1619 5201 1818 5271 gloria,

231 5285 454 5356 invidia,
506 5292 752 5357 tristitia,
795 5292 1046 5358 avaritia,
1105 5293 1310 5347 ventris
1335 5293 1621 5364 ingluvies,
1667 5293 1826 5347 luxu-

232 5377 329 5431 tia.
364 5379 503 5435 Nam
543 5383 671 5452 quia
703 5385 788 5438 his
817 5393 1022 5454 septem
1049 5385 1315 5454 superbia:
1338 5384 1483 5439 vitiis
1511 5400 1610 5439 nos
1635 5392 1823 5454 captos

231 5467 420 5538 doluit,
453 5474 663 5529 idcirco
690 5474 1019 5546 Redemptor
1047 5483 1234 5530 noster
1261 5475 1329 5529 ad
1361 5476 1660 5546 spiritualis
1688 5475 1825 5531 libe-

298 5631 324 5700 ξ
367 5620 509 5677 Octo
553 5627 871 5700 principalia
916 5629 1048 5700 vitia
1097 5639 1388 5684 numerant
1430 5629 1816 5700 Thcodulphus

229 5698 982 5770 episcopusAAurelianensis
1030 5701 1188 5770 epist.
1245 5701 1314 5756 ad
1377 5701 1614 5767 clerum;
1673 5698 1815 5758 Eva-

230 5765 503 5856 ἕωξὲξῖ
537 5765 1011 5856 ὲηθέἱάυων..ἓίιλ
1037 5765 1128 5856 ,δε
1173 5765 1817 5856 ροιοηγίιίρείεηδρβίιξ-

232 5833 506 5902 tionibus;
556 5836 612 5893 S.
652 5839 825 5918 Nilus,
851 5833 968 5919 :lib.
1019 5841 1086 5898 de
1113 5851 1238 5900 octo
1274 5843 1485 5900 vitiosis
1513 5833 1815 5901 adecti'oni-

1928 4663 2025 4703 nes
2053 4647 2252 4704 cordis.

1997 4739 2073 4795 De
2129 4741 2336 4796 ventris
2403 4741 2639 4813 ingluvie
2677 4751 3016 4814 propagatur
3067 4737 3253 4813 inepta
3310 4743 3518 4812 laetitia,

1926 4835 2258 4899 scurrilitas,
2309 4835 2694 4900 immun'litia,
2745 4819 3177 4906 multiloquium,
3247 4836 3520 4892 hebetudo

1927 4941 2120 4982 sensus
2140 4927 2285 4981 circa
2317 4925 2750 4994 intelligentiam.

1997 5015 2075 5070 De
2100 5015 2316 5068 luxnria
2339 5023 2634 5083 generatur
2656 5015 2872 5071 ascitas
2898 5017 3120 5082 mentis,
3149 5015 3520 5072 inconsidera-

1927 5108 2024 5172 tio,
2053 5109 2438 5170 inconstantia,
2471 5109 2848 5179 pnncipitatio,
2874 5126 3028 5165 amor
3057 5111 3159 5174 sui,
3188 5109 3372 5163 odium
3394 5107 3513 5176 Dei,

1927 5199 2152 5255 ali‘ectus
2178 5201 2461 5270 praasentis
2488 5201 2695 5267 saeculi,
2721 5187 2918 5256 horror
2947 5208 3130 5256 autem
3153 5197 3239 5253 vel
3260 5198 3514 5270 despera-

1927 5289 2001 5344 tio
2036 5289 2225 5344 futuri.

1997 5379 2134 5447 Quia
2161 5396 2290 5452 ergo
2317 5390 2526 5454 septem
2577 5379 2897 5450 principalia
2928 5378 3060 5432 vitia
3105 5385 3310 5433 tantam
3357 5377 3424 5435 de
3449 5395 3514 5438 se

1924 5474 2181 5528 vitiorum
2213 5475 2610 5530 multitudinem
2659 5472 2943 5544 proferunt
2979 5491 2992 5525 :
3025 5488 3147 5528 cum
3177 5473 3245 5528 ad
3281 5489 3379 5530 cor
3412 5488 3514 5531 ve-

1925 5632 2424 5777 },u1§,8:'ezlglflhiagn.
2453 5701 2505 5755 in
2529 5715 2645 5772 cap.
2671 5716 2838 5756 χχιιι
2855 5700 2978 5768 Job,
3007 5703 3100 5760 lib.
3117 5719 3248 5762 xxxi
3279 5703 3506 5777 Μοτύη

1924 5775 2386 5916 calt"LSt-Iiiregor.
2420 5843 2598 5901 Editio
2627 5845 2812 5914 Rom.,
2848 5849 3110 5919 regnanti.
