4022 6442
477 414 586 480 €59

1439 421 1835 482 HALITGARll
1873 419 2180 479 EPlSCOPl
2215 421 2742 481 CAMERACENSIS

3627 425 3735 483 660

473 543 827 614 ﬁunt,quasi
843 543 1219 614 subsequentis
1241 545 1513 600 exercitus
1531 555 1778 601 catervas
1805 543 2047 599 trahunt.
2078 542 2130 602 Α
2154 537 2406 592 mundum
2426 578 2440 602 ,
2473 547 2519 591 et
2548 555 2639 608 per
2663 545 2935 610 peccatum
2963 555 3137 605 mors,
3168 548 3216 593 et
3244 539 3319 594 ita
3347 541 3404 594 in
3433 557 3611 596 omnes
3645 543 3740 597 ho.

475 627 562 696 Βι
582 638 780 706 quibus
803 636 1052 692 videlicet
1067 646 1272 708 septem
1289 639 1525 709 quinque
1555 640 1880 710 spiritualia,
1920 644 2056 698 duo-

477 748 590 808 que
631 735 869 791 carnalia
901 743 1049 789 sunt.
1097 735 1203 790 Sed
1231 737 1651 807 unumquodque
1689 754 1877 794 eorum
1905 749 2055 796 tanta

480 826 583 884 sibi
614 827 934 899 cognatione
952 825 1197 898 jungitur
1241 835 1300 882 ut
1325 844 1432 884 non
1456 830 1562 883 nisi
1601 845 1766 884 unum
1791 830 1856 885 de
1883 831 2057 886 altero

477 917 808 996 proferatur.
859 915 1041 974 Prima
1073 934 1304 988 namque
1349 923 1614 992 superbiae
1647 923 1860 979 soboles
1883 924 2057 980 inanis

479 1019 566 1069 est
593 1011 765 1082 gloria
797 1031 809 1065 :
841 1028 961 1080 quas
991 1013 1116 1067 dum
1139 1027 1452 1084 Oppressam
1479 1024 1716 1072 mentem
1730 1018 2054 1086 corruperit,

479 1115 608 1158 mox
629 1101 885 1158 invidiam
915 1103 1106 1175 gignit.
1131 1101 1267 1172 Quia
1295 1103 1550 1161 nimirum
1585 1107 1710 1162 dum
1737 1110 1859 1163 vani
1886 1109 2058 1166 nomi-

477 1191 570 1250 nis
587 1195 882 1264 potentiam
905 1195 1129 1266 appetit,
1166 1210 1236 1251 ne
1259 1196 1382 1267 quis
1395 1196 1538 1255 hanc
1559 1198 1696 1255 alius
1717 1200 1941 1272 adipisci
1964 1218 2058 1257 va-

480 1284 610 1352 leat,
641 1287 892 1343 tabescit.

548 1379 755 1436 Invidia
787 1396 1002 1454 quoque
1031 1380 1169 1438 iram
1191 1392 1438 1456 generat.
1497 1381 1633 1460 Quia
1668 1396 1871 1458 quanto
1893 1389 2059 1448 inter-

478 1487 552 1530 no
589 1471 779 1530 livoris
830 1472 1052 1528 vulnere
1090 1474 1304 1532 animus
1347 1477 1643 1545 sauciatur,
1697 1487 1848 1536 tanto
1891 1483 2056 1539 etiam

478 1566 834 1623 mansuetudo
879 1567 1285 1638 tranquillitatis
1320 1569 1606 1628 amittitur.
1661 1571 1729 1628 Et
1751 1575 1876 1645 quia
1903 1576 2059 1648 quasi

477 1647 669 1714 dolens
687 1661 994 1715 membrum
1020 1662 1278 1735 tangitur,
1320 1662 1522 1720 idcirco
1541 1666 1800 1737 oppositae
1831 1647 2060 1734 actionis

475 1761 674 1805 manus
695 1748 844 1806 velut
878 1751 1097 1822 gravius
1138 1767 1327 1824 pressa
1379 1756 1633 1811 sentitur.

551 1836 629 1904 Ex
663 1839 745 1895 ira
760 1853 974 1912 quoque
987 1843 1206 1898 tristitia
1228 1846 1404 1902 oritur
1438 1865 1448 1877 ο
1472 1846 1614 1915 .Quia
1637 1845 1850 1906 turbata
1880 1865 2056 1918 mens,

2154 632 2317 687 mines
2340 633 2689 704 pertransivit.
2712 653 2730 686 ι
2772 630 3016 704 Superba
3040 632 3290 689 voluntas
3316 632 3446 689 facit
3473 635 3572 690 Dei
3598 651 3742 707 pra-

2156 731 2308 794 cepta
2339 724 2639 790 contemni,
2671 731 2727 782 et
2754 739 2820 779 ex
2850 723 3057 794 angelis
3081 725 3352 781 daemones
3381 724 3531 782 iecit.

2227 815 2566 887 Quapropter
2620 815 2839 872 audiant
2890 815 3143 886 superbi:
3200 817 3328 888 quia
3381 826 3507 871 sunt
3555 819 3738 874 omnia

2156 905 2470 961 transitoria
2518 921 2640 976 qua:
2683 905 3014 972 ambiuntur,
3062 914 3119 962 et
3160 915 3361 962 mterna
3421 923 3544 978 qua:
3612 924 3738 978 per-

2158 997 2376 1052 duntur.
2418 997 2485 1052 Et
2516 996 2646 1051 illud
2677 1015 2690 1051 :
2727 996 2910 1052 Omnis
2948 997 3038 1068 qui
3073 1013 3129 1051 se
3165 995 3396 1062 exultat,
3432 997 3742 1050 humiliabi-

2157 1098 2265 1144 tur.
2295 1089 2364 1144 Et
2391 1088 2584 1144 iterum
2615 1107 2629 1142 :
2663 1085 2805 1153 Quid
2829 1087 3061 1158 superbit
3092 1099 3261 1152 terra,
3301 1097 3350 1142 et
3380 1088 3553 1143 cinis?
3581 1087 3650 1142 Et
3681 1088 3743 1140 il-

2155 1181 2292 1238 lud:
2338 1184 2468 1237 Ante
2512 1183 2721 1237 ruinam
2769 1180 3091 1236 exaltabitur
3135 1181 3374 1253 spiritus.
3424 1181 3491 1236 Et
3534 1201 3546 1235 :
3599 1181 3741 1234 Dem

2159 1277 2268 1332 alta
2317 1295 2349 1331 a
2398 1275 2550 1350 longe
2597 1276 2878 1348 cognoscit.
2932 1275 3010 1330 De
3056 1281 3246 1330 eorum
3294 1288 3512 1345 quoque
3562 1275 3744 1346 capite

2161 1366 2374 1422 diabolo
2394 1365 2653 1437 scriptum
2682 1371 2768 1424 est
2793 1383 2807 1418 :
2836 1363 2956 1437 Ipse
2982 1373 3058 1419 est
3083 1380 3174 1418 rex
3207 1380 3364 1434 super
3393 1381 3576 1418 omnes
3605 1363 3742 1432 [dios

2161 1460 2435 1532 superbiae.

2229 1552 2256 1591 ἀ
2299 1570 2317 1602 ι
2347 1550 2466 1605 iam
2495 1566 2637 1606 nunc
2665 1549 2943 1605 videamus
2973 1550 3169 1620 quibus
3200 1549 3417 1604 indiciis
3444 1551 3618 1617 possit
3649 1568 3742 1606 su-

2161 1643 2347 1716 perbia
2374 1641 2725 1714 deprehendi.
2748 1660 2767 1693 ι
2788 1641 2940 1700 Unde
2959 1643 3121 1714 paulo
3141 1650 3264 1714 post
3288 1643 3573 1714 sequitur:
3598 1662 3615 1692 ι
3645 1643 3746 1698 lla-

2161 1733 2308 1789 bitus
2327 1747 2540 1805 quoque
2560 1741 2615 1787 et
2638 1733 2879 1787 incessus
2902 1732 3099 1803 pedum
3124 1732 3387 1804 superbos
3410 1732 3741 1787 ostendunt:

2163 1837 2395 1893 quorum
2433 1832 2610 1879 erecta
2653 1823 2867 1890 cervix,
2908 1821 3076 1882 facies
3116 1832 3300 1890 torva,
3348 1834 3534 1879 truces
3574 1825 3743 1891 oculi,

477 1945 589 2002 quo
635 1932 693 1986 in
724 1934 914 1990 ordine
963 1949 1022 1990 se
1058 1939 1322 2004 concutit,
1357 1953 1423 1993 eo
1475 1941 1774 1996 addicendo
1829 1943 2056 1998 confun-

2168 1921 2216 1970 et
2243 1928 2426 1969 sermo
2457 1911 2736 1977 terribilis,
2770 1912 2968 1966 nudam
2997 1914 3307 1984 superbiam
3338 1913 3617 1977 clamant;
3652 1915 3748 1968 hu-

477 2021 577 2077 dit.
627 2022 697 2078 Et
737 2039 861 2080 cum
913 2026 1252 2084 dulcedinem
1313 2032 1724 2103 tranquillitatis
1791 2034 2052 2100 amiserit,

479 2112 616 2168 nihil
641 2114 784 2171 hanc
811 2117 916 2171 nisi
947 2131 1012 2173 ex
1036 2121 1450 2190 perturbatione
1483 2125 1819 2197 subsequens
1855 2141 2059 2185 mmror

479 2207 676 2276 pascit.

553 2303 796 2360 Tristitia
847 2321 1062 2378 quoque
1125 2309 1194 2366 ad
1256 2313 1542 2367 avaritiam
1597 2313 1867 2386 dirigitur.
1922 2313 2059 2383 Quia

481 2397 608 2451 dum
662 2398 949 2453 confusum
1001 2416 1096 2456 cor
1151 2403 1348 2457 bonum
1407 2403 1605 2460 lzetitiae
1659 2404 1804 2462 intus
1864 2407 2062 2463 amise-

478 2487 570 2555 rit,
602 2489 745 2544 unde
786 2491 1056 2547 consolari
1109 2493 1321 2559 debeat,
1359 2493 1490 2550 foris
1527 2497 1740 2564 quaerit.
1795 2497 1865 2553 Et
1909 2508 2062 2555 tanto

473 2581 651 2650 magis
697 2584 972 2637 exteriora
1037 2584 1179 2640 bona
1243 2585 1465 2656 adipisci
1507 2587 1804 2652 desiderat,
1856 2597 2060 2660 quanto

480 2673 736 2744 gaudium
802 2691 909 2731 non
966 2677 1172 2744 habet,
1235 2679 1302 2732 ad
1370 2681 1514 2750 quod
1575 2681 1905 2738 intrinsecus
1969 2697 2060 2740 re-

479 2776 688 2822 currat.

550 2857 799 2916 Posthac
825 2875 956 2916 vero
978 2862 1086 2917 duo
1114 2863 1352 2918 carnalia
1379 2863 1529 2925 vitia,
1563 2864 1614 2918 id
1643 2872 1727 2919 est
1745 2865 1952 2922 ventris
1981 2866 2062 2922 in—

482 2947 689 3019 gluvies
731 2957 787 3005 et
830 2951 1066 3019 luxuria,
1124 2963 1433 3022 supersunt.
1489 2954 1595 3008 Sed
1650 2957 1857 3012 cunctis
1894 2956 2064 3028 liquet

481 3043 626 3111 quod
673 3043 741 3098 de
785 3045 991 3099 ventris
1018 3045 1252 3114 ingluvie
1278 3046 1492 3100 luxuria
1520 3047 1784 3110 nascitur,
1843 3049 1970 3103 dum
2007 3051 2063 3104 in

483 3132 599 3204 ipsa
619 3133 1000 3192 distributione
1026 3137 1394 3202 membrorum
1425 3140 1602 3194 ventri
1624 3139 1878 3212 genitalia
1896 3153 1920 3182 α
1935 3140 2065 3198 sub-

483 3224 611 3278 nixa
669 3225 973 3282 videantur.
1034 3225 1188 3285 Unde
1231 3230 1355 3284 dum
1401 3245 1567 3286 unum
1627 3231 1931 3288 inordinate
1976 3247 2063 3289 re-

483 3317 697 3385 ﬁcitur,
759 3321 903 3375 aliud
956 3321 1147 3392 procul
1212 3324 1374 3381 dubio
1430 3325 1500 3381 ad
1555 3326 1913 3384 contumelias
1963 3343 2064 3386 ex-

483 3411 702 3466 citatur.

552 3502 699 3560 Bene
728 3514 909 3560 autem
937 3505 1104 3576 duces
1131 3507 1411 3563 exhortari
1441 3508 1571 3564 dicti
1602 3520 1757 3578 sunt,
1789 3511 2065 3569 exercitus

481 3593 712 3661 ululare,
751 3612 859 3666 qua
891 3598 1066 3669 prima
1107 3600 1236 3653 vitia
1276 3600 1512 3672 deceptae
1551 3604 1719 3658 menti
1763 3603 1916 3675 quasi
1964 3605 2064 3660 sub

482 3691 715 3760 quadam
752 3691 962 3748 ratione
997 3709 1055 3748 se
1104 3693 1390 3761 inserunt;
1443 3695 1538 3750 sed
1585 3696 1898 3762 innumera,
1947 3712 2066 3767 quae

484 3796 804 3856 sequuntur,
843 3789 970 3843 dum
1005 3789 1145 3844 hanc
1189 3799 1245 3846 et
1281 3805 1496 3846 omnem
1539 3791 1808 3846 insaniam
1855 3778 2066 3861 pertra-

485 3879 651 3947 bunt,
683 3882 840 3950 quasi
873 3881 1085 3937 bestiali
1113 3882 1352 3938 clamore
1381 3881 1736 3937 confundunt.

1109 3973 1336 4030 CAPUT
1379 3972 1445 4028 ll.

997 4063 1074 4118 De
1109 4065 1233 4117 vitio
1268 4063 1545 4134 superbiae.

558 4153 976 4212 Consideremus
1016 4169 1144 4226 ergo
1181 4169 1300 4224 quae
1335 4168 1512 4210 causa:
1549 4152 1888 4222 praecedant,
1929 4167 2065 4224 quas

483 4246 614 4320 vitia
647 4247 1063 4317 subsequantur.
1097 4245 1188 4300 Ait
1216 4246 1361 4302 enim
1388 4245 1622 4315 Prosper
1649 4245 1677 4284 ι)
1703 4263 1716 4298 :
1747 4263 1766 4296 ι
1794 4244 1975 4312 Quod,
2006 4252 2068 4300 ut

485 4339 798 4394 credibilius
833 4339 1101 4403 videatur,
1143 4337 1427 4407 Scriptura
1473 4337 1655 4390 divina
1687 4336 1933 4392 consulta
1974 4352 2066 4394 re-

485 4430 771 4500 spondeat.
805 4450 824 4484 ι
859 4429 1012 4487 Unde
1041 4433 1267 4499 quaesita
1295 4429 1550 4497 protulit,
1581 4429 1770 4484 dicens
1798 4445 1814 4486 :
1848 4428 2066 4484 Initium

485 4519 651 4592 omnis
701 4521 897 4590 peccati
945 4519 1210 4589 superbia.
1263 4517 1382 4574 Non
1429 4517 1692 4590 alicujus,
1744 4519 1838 4574 sed
1887 4517 2067 4574 omnis

2160 2019 2316 2060 mana
2342 2003 2496 2072 jura,
2525 2003 2812 2073 divinaque
2839 2002 3173 2058 confundunt
3202 2022 3215 2058 :
3256 2005 3563 2059 honoribus
3594 2005 3746 2058 intu-

2159 2105 2438 2163 mescunt,
2467 2096 2638 2152 aliena
2666 2097 2917 2167 rapiunt,
2948 2105 3004 2151 et
3034 2097 3242 2168 seipsos
3266 2097 3536 2167 superbiae
3561 2114 3748 2154 corru-

2157 2191 2236 2260 pti
2273 2191 2460 2244 morbo
2497 2205 2602 2244 non
2640 2191 2882 2258 capiunt.
2920 2189 3015 2244 Est
3046 2191 3188 2244 enim
3221 2199 3274 2242 et
3302 2190 3518 2244 occulta
3556 2206 3747 2258 super.

2159 2280 2269 2343 hia,
2298 2295 2418 2350 quae
2440 2280 2784 2350 proficientes
2812 2279 3201 2349 aliquantulum
3233 2280 3448 2335 occulte
3478 2281 3746 2350 captis-at:

2161 2385 2298 2442 quos
2334 2372 2388 2426 in
2423 2370 2749 2441 profundum
2798 2371 3062 2426 malorum
3110 2370 3455 2426 fraudulenta
3505 2372 3750 2425 domina-

2162 2463 2312 2518 tione
2339 2463 2643 2534 praecipitat
2671 2481 2683 2516 :
2725 2471 2780 2517 et
2816 2477 2882 2517 ne
2917 2478 3155 2533 unquam
3187 2463 3398 2532 possint
3428 2478 3746 2534 exsurgere,

2157 2553 2358 2626 iugiter
2381 2554 2574 2611 calcat.
2607 2553 2735 2610 lnde
2761 2563 2847 2611 est
2864 2592 2881 2619 ,
2913 2553 3044 2623 quid
3069 2553 3128 2608 hi
3155 2567 3296 2623 quos
3323 2553 3579 2623 superbae
3607 2568 3753 2608 men-

2163 2647 2234 2701 tis
2281 2647 2434 2701 tabes
2479 2646 2766 2717 purulenta
2815 2646 3146 2716 corruperit,
3199 2646 3475 2701 seniomm
3528 2661 3752 2701 suoru

2163 2752 2269 2798 non
2302 2739 2590 2797 observant
2620 2738 2904 2808 imperata,
2931 2738 3030 2794 sed
3333 2738 3411 2793 De
3435 2739 3560 2794 suis
3585 2740 3754 2810 ωειλ,

2165 2829 2360 2900 gentiis
2394 2829 2692 2900 objurgati,
2733 2838 2828 2885 aut
2879 2829 3170 2895 rebellant,
3214 2838 3308 2884 aut
3355 2840 3746 2884 murmurant:

2165 2922 2231 2978 de
2269 2921 2386 2980 loco
2415 2923 2683 2994 superiori
2711 2924 3030 2992 deceptant,
3063 2921 3308 2992 praeferri
3341 2937 3402 2977 se
3430 2921 3751 2975 melioribus

2167 3014 2450 3078 affectant,
2495 3028 2622 3069 suas
2661 3015 2962 3069 sententias
3007 3013 3311 3084 procaciter
3350 3011 3601 3080 jactant,
3649 3027 3750 3065 non

2167 3116 2388 3163 servant
2431 3108 2485 3162 in
2524 3108 2786 3176 obsequio
2819 3109 3202 3172 reverentiam.
3245 3105 3372 3160 Haec
3401 3115 3530 3161 sunt
3561 3120 3750 3175 super-

2166 3199 2270 3255 biae
2306 3200 2536 3256 tumoris
2567 3201 2796 3264 indicia,
2833 3200 3030 3270 quibus
3060 3199 3204 3255 Deus
3233 3197 3552 3267 oii'enditur,
3585 3207 3641 3256 et
3671 3198 3755 3254 his

2089 3271 2134 3335 Ο
2165 3291 2323 3348 malis
2353 3292 2599 3349 diabolus
2627 3300 2814 3364 pastus
2843 3291 3096 3347 exsultat.
3130 3311 3148 3344 ι

2772 3400 2999 3459 CAPUT
3031 3401 3119 3457 ΠΙ.

2624 3495 2701 3552 De
2738 3496 2965 3551 remedio
2998 3495 3276 3566 superbire.

2237 3585 2545 3655 Humilitas,
2581 3588 2843 3642 virtutum
2878 3589 3118 3644 omnium
3161 3597 3356 3655 mater,
3379 3587 3600 3660 penitus
3627 3602 3756 3643 con-

2166 3680 2294 3735 terit
2345 3679 2690 3748 superbiam,
2743 3679 3197 3750 quemadmodum
3250 3679 3535 3751 Scriptura
3589 3688 3753 3734 testa-

2166 3780 2292 3826 tur:
2327 3770 2511 3826 Omnis
2550 3773 2639 3844 qui
2679 3790 2732 3827 se
2773 3773 3012 3828 humiliat
3040 3814 3054 3836 ,
3095 3773 3431 3827 excitabitur.
3483 3773 3593 3828 Et:
3627 3771 3754 3828 Clo-

2167 3865 2303 3919 riam
2329 3866 2574 3935 praecedit
2605 3866 2893 3920 humilitas.
2925 3866 2994 3921 Et
3021 3868 3220 3922 iterum
3250 3884 3264 3920 :
3296 3867 3378 3919 Ad
3406 3883 3560 3937 quem
3589 3866 3755 3935 respi-

2165 3961 2336 4026 ciam,
2387 3962 2488 4016 nisi
2535 3962 2604 4016 ad
2643 3961 2924 4028 humilem,
2965 3971 3014 4022 et
3052 3963 3319 4032 quietum,
3351 3971 3400 4016 et
3441 3971 3755 4016 trementem

2167 4067 2432 4106 sermones
2468 4053 2658 4106 meos?
2692 4052 2760 4106 Et
2788 4071 2800 4103 :
2839 4052 2980 4106 Deus
3015 4051 3235 4106 humilia
3276 4053 3505 4122 respicit.
3544 4064 3570 4091 ο
3602 4051 3757 4109 Unde

2167 4144 2464 4217 Gregorius
2514 4147 2729 4218 inquit:
2788 4148 3012 4206 Dicatur
3053 4162 3188 4217 ergo
3234 4148 3534 4206 humilibus
3561 4189 3576 4213 ,
3625 4147 3754 4219 quia

2166 4238 2293 4295 dum
2334 4255 2392 4296 se
2430 4239 2719 4312 dejiciunt,
2747 4241 2818 4295 ad
2857 4241 2950 4296 Dei
2991 4240 3399 4298 similitudinem
3428 4239 3753 4296 ascendunt.

2167 4330 2232 4387 Et
2261 4350 2274 4386 :
2307 4332 2446 4400 Quid
2475 4333 2781 4390 humilitate
2809 4333 3136 4390 sublimius?
3161 4348 3283 4403 quas
3313 4333 3439 4388 dum
3467 4345 3532 4387 se
3560 4331 3618 4386 in
3643 4330 3758 4388 im

2168 4426 2454 4497 deprimit,
2497 4428 2710 4484 auctori
2747 4443 2845 4482 suo
2887 4426 3129 4484 manenti
3169 4439 3333 4494 super
3371 4439 3586 4481 summa
3625 4437 3760 4480 oon-

2159 4514 2427 4588 jungitur.
2458 4519 2557 4574 Est
2586 4527 2765 4575 tamen
2797 4519 2944 4574 aliud
2984 4518 3128 4589 quod
3163 4518 3219 4572 in
3255 4517 3338 4574 eis
3369 4515 3570 4578 debeat
3595 4524 3758 4572 came

483 4609 695 4681 peccati
724 4628 735 4662 :
782 4610 1052 4678 quomodo
1093 4624 1199 4664 non
1241 4609 1412 4664 solum
1455 4618 1737 4680 peccatum
1777 4616 1862 4664 est
1901 4608 2058 4678 ipsa;
2089 4644 2142 4704 D
2167 4613 2414 4682 pensari,
2449 4613 2576 4682 quia
2605 4627 2751 4682 saepe
2789 4609 3008 4682 quidem
3044 4611 3371 4670 humilitatis
3405 4610 3756 4679 decipiuntur

483 4703 580 4772 sed
619 4703 782 4759 etiam
817 4713 839 4741 ο
873 4702 1078 4758 nullum
1109 4712 1397 4774 peccatum
1436 4704 1551 4760 fieri
1585 4711 1796 4775 potest,
1838 4712 1930 4758 aut
1963 4719 2062 4774 po-

483 4795 608 4862 tuit,
637 4793 718 4849 vel
745 4795 944 4866 poterit
968 4796 1083 4852 sine
1108 4797 1241 4867 ipsa.
1273 4795 1551 4867 Siquidem
1580 4795 1714 4852 nihil
1740 4793 1886 4851 aliud
1906 4811 2068 4852 omne

482 4898 767 4960 peccatum
797 4889 902 4945 nisi
933 4890 1027 4944 Dei
1057 4897 1399 4962 contemptus
1423 4899 1507 4945 est
1531 4929 1545 4956 ,
1573 4903 1680 4960 quo
1709 4887 1825 4960 ejus
1854 4904 2064 4962 przece-

482 4992 578 5058 pta
617 4982 916 5039 calcantur.
952 4983 1192 5054 Denique
1226 4967 1342 5053 ipse
1392 4980 1637 5040 diabolus
1685 4982 1931 5038 inventor
1973 4997 2067 5038 su-

483 5074 719 5146 perbiae,
767 5090 862 5145 per
912 5074 1082 5144 ipsam
1127 5074 1193 5128 de
1245 5073 1557 5128 coelestibus
1604 5074 1847 5140 corruit,
1902 5089 2064 5146 quem

482 5161 627 5225 Deus
654 5169 858 5225 fecerat
885 5169 1002 5224 sine
1033 5167 1138 5222 ullo
1171 5175 1414 5238 peccato.
1452 5167 1521 5223 Et
1553 5167 1669 5222 haec
1699 5177 1784 5223 est
1818 5167 2063 5223 omnium

483 5263 752 5318 malorum
784 5277 970 5317 causa.
1010 5261 1146 5316 Hinc
1175 5269 1259 5315 est
1287 5260 1431 5330 quod
1461 5259 1603 5314 idem
1631 5260 1840 5331 primus
1869 5261 2060 5327 homo,

485 5356 704 5432 superbi
732 5355 956 5425 spiritus
983 5353 1217 5410 elatione
1245 5361 1560 5424 corruptus,
1591 5369 1808 5409 omnem
1835 5352 2065 5423 posteri-

484 5458 652 5518 tatem
682 5467 864 5517 suam,
894 5467 1013 5523 qua:
1045 5451 1098 5506 in
1127 5449 1220 5506 illo
1248 5449 1558 5507 radicaliter
1583 5447 1718 5515 fuit,
1751 5447 2063 5504 necessitati

484 5541 850 5608 corruptionis
889 5556 951 5595 ac
994 5541 1340 5597 mortalitatis
1381 5540 1607 5595 addixit.
1663 5540 1737 5594 De
1779 5553 1886 5608 quo
1924 5539 2063 5593 dixit

483 5627 774 5700 Apostolus
802 5649 813 5683 :
849 5629 954 5686 Per
978 5649 1142 5686 unum
1171 5632 1434 5687 hominem
1461 5640 1732 5703 peccatum
1762 5630 1975 5684 intravit
2005 5631 2062 5684 in

559 5774 584 5834 ἑ
621 5763 679 5818 S.
707 5763 957 5834 Gregor.,
989 5767 1239 5821 subnexa.

556 5833 584 5872 δ
613 5833 848 5909 frosper
874 5837 966 5896 lib.
1009 5853 1069 5892 ut
1093 5838 1165 5894 de
1190 5839 1310 5894 Vita
1337 5837 1754 5909 contemplativa
1772 5877 1788 5902 ,
1813 5853 1941 5909 cap.
1971 5837 2026 5893 2.

557 5918 575 5941 τ
613 5905 841 5977 Prosper
869 5925 881 5960 :
909 5909 1156 5977 quoniam
1183 5924 1233 5962 η.
1267 5924 1307 5961 s.
1333 5925 1384 5978 ρ.
1413 5917 1487 5961 cst
1513 5905 1625 5982 ipsa
1643 5949 1657 5974 ,
1683 5909 1772 5963 sed
1797 5926 1843 5964 e.

2171 4705 2370 4776 specie.
2397 4702 2625 4771 Quidam
2653 4718 2784 4760 vero
2805 4703 3057 4760 elationis
3087 4719 3198 4760 suae
3229 4703 3532 4774 ignorantia
3559 4701 3759 4758 fallun-

2172 4808 2260 4854 tur
2288 4818 2300 4852 :
2337 4790 2538 4854 idcirco
2575 4805 2788 4868 oportet
2820 4813 3009 4853 omnes
3044 4795 3306 4858 sollicitos
3341 4809 3465 4854 esse
3489 4837 3504 4858 ,
3541 4804 3604 4850 ut
3638 4811 3760 4852 mo-

2169 4892 2302 4950 culae
2338 4892 2602 4962 superbiae
2640 4890 2902 4948 umoribus
2940 4889 3308 4960 lacrymarum
3341 4887 3662 4952 deleantur,
3691 4897 3759 4942 et

2169 4985 2426 5044 contritio
2454 4984 2661 5048 cordis,
2694 4991 2753 5039 et
2786 4982 3006 5039 humilis
3049 4982 3305 5052 spiritus,
3345 4996 3569 5038 omnem
3593 4979 3758 5036 fomi-

2170 5087 2279 5134 tem
2315 5079 2571 5134 vitiorum
2622 5077 2875 5132 excludat
2905 5094 2919 5130 :
2969 5083 3025 5130 et
3054 5076 3146 5145 qui
3179 5075 3444 5146 proximis
3473 5073 3755 5132 insinuem

2169 5174 2388 5240 intulit,
2447 5174 2616 5230 venire
2672 5171 3045 5228 satisfactione
3095 5169 3451 5235 reconciliet,
3507 5169 3753 5241 rapinam

2167 5281 2465 5338 pauperum
2492 5264 2865 5323 misericordia
2891 5263 3162 5334 largitatis
3184 5263 3351 5320 diluat
3376 5281 3389 5317 :
3417 5261 3609 5332 eisque
3633 5263 3755 5332 qui-

2167 5358 2268 5414 bus
2301 5357 2496 5427 injuste
2529 5356 2787 5422 abstulit,
2827 5355 2872 5410 si
2910 5355 3040 5425 quid
3080 5362 3288 5424 potest,
3324 5352 3750 5408 misericorditer

2167 5451 2356 5508 reddat
2387 5469 2398 5506 :
2437 5459 2494 5506 et
2527 5450 2748 5520 insuper
2783 5448 3248 5518 eleemosynarum
3280 5443 3492 5501 fructus
3523 5443 3750 5500 minime

2171 5543 2406 5615 negligat
2435 5561 2447 5596 :
2479 5542 2706 5611 aliisque
2733 5539 2892 5595 bonis
2917 5539 3174 5610 operibus
3200 5537 3367 5592 vitam
3397 5551 3553 5592 suam
3577 5533 3753 5591 corri-

2171 5635 2344 5708 gendo
2379 5634 2521 5704 apud
2554 5632 2768 5689 Domini
2798 5630 3229 5687 misericordiam
3260 5628 3503 5686 studiose
3529 5625 3755 5701 perqui-

2301 5765 2594 5835 Sequentia
2633 5779 2703 5819 ex
2739 5763 3013 5833 Mspero
3057 5760 3184 5828 libr.
3227 5776 3287 5816 tn
3327 5757 3469 5818 ηξιω
3504 5767 3751 5814 cantem-

2169 5766 2281 5910 ι)ιέ
2301 5766 2594 5918 sagae?“
2633 5779 2703 5819 ex
2739 5766 2956 5833 Maps!

2247 5920 2269 5945 ο
2303 5896 2490 5962 Simile
2510 5907 2636 5975 quid
2659 5905 2716 5961 S.
2737 5905 2898 5974 Greg.
2924 5905 3016 5960 lib.
3042 5919 3193 5960 χχιιι
3220 5900 3408 5958 Moral.
3431 5897 3551 5966 Job,
3575 5913 3628 5954 c.
3650 5896 3747 5957 27.
