4022 6472
1242 447 1337 511 DE
1371 446 1826 510 PCENI’I‘EN'I‘IA
1860 449 2043 507 LIBRI
2079 448 2244 505 ν.--
2275 447 2408 506 ω.
2442 446 2488 506 1.

3407 438 3516 504 061

261 575 372 636 rat,
404 567 545 624 sicut
577 567 842 640 scriptum
879 575 964 624 est
1007 582 1022 622 :
1056 565 1312 623 Miserere
1346 567 1539 620 animae
1569 571 1675 618 tuae
1711 563 1825 634 pla-
1852 561 2292 628 Lua-sidereae
2315 558 2548 632 proprias
2573 554 2911 622 inﬁrmitatis
2946 555 3249 627 deprimat,
3283 565 3354 611 ne
3394 554 3515 616 haec

260 678 386 720 oens
436 662 566 718 Deo.
625 661 834 718 Idcirco
871 662 1476 732 temporis-mensuram
1523 658 1577 712 in
1626 655 1835 728 agenda

259 752 578 826 penitentia
619 767 717 822 pro
754 767 1081 823 unoquoque
1122 750 1352 808 crimine
1390 765 1502 806 non
1538 747 1835 820 pmﬁgunt

259 858 492 901 canones
509 883 526 910 ,
555 843 653 898 sed
681 844 854 914 magis
882 843 937 898 in
975 843 1204 900 arbitrio
1229 840 1490 904 antistitis
1518 838 1835 909 relinquen-

259 939 381 994 dum
415 941 682 992 statuunt.
723 937 861 1006 Quia
899 939 1043 1010 apud
1081 937 1369 996 Dominum
1407 951 1518 1002 non
1552 943 1668 992 tam
1693 933 1837 992 valet

257 1043 508 1085 mensura
559 1030 821 1100 temporis
865 1043 1030 1100 quam
1075 1029 1316 1095 doloris,
1367 1043 1469 1085 nec
1511 1025 1838 1084 abstinentia

257 1127 463 1180 tantum
489 1123 740 1179 ciborum
767 1138 929 1194 quam
969 1122 1317 1182 mortiﬁcatio
1349 1122 1620 1178 vitiorum.

865 1213 1104 1270 CAPUT
1125 1213 1216 1270 IV.

697 1303 777 1358 De
809 1303 936 1358 vitio
973 1304 1149 1358 inania
1188 1303 1391 1375 glorise.

322 1404 348 1436 ι
387 1390 575 1450 Inanis
621 1410 858 1466 namque
904 1395 1075 1466 gloria
1125 1396 1394 1452 devictum
1443 1411 1539 1452 cor
1579 1394 1734 1466 quasi
1773 1408 1842 1449 ex

251 1485 467 1541 ratione
511 1486 649 1542 solet
688 1487 1002 1553 exhortari,
1042 1503 1168 1544 cum
1209 1488 1384 1543 dicit:
1419 1487 1594 1543 Debes
1634 1487 1843 1558 majora

251 1583 552 1648 appetere:
607 1585 668 1632 ut
704 1593 811 1647 qua
849 1587 1120 1648 potestate
1157 1579 1395 1634 volueris
1433 1577 1636 1634 multos
1686 1593 1845 1634 exce-

249 1666 413 1733 dere,
464 1682 532 1724 eo
569 1666 747 1724 etiam
790 1669 975 1725 valeas
1023 1677 1078 1725 et
1123 1669 1369 1740 pluribus
1411 1671 1688 1740 prodesse.
1736 1669 1842 1726 Sed

248 1759 538 1833 Scriptura
565 1779 595 1818 e
620 1774 814 1820 contra
839 1765 1052 1836 signum
1081 1766 1339 1822 vanitatis
1363 1767 1603 1822 ostendit
1629 1766 1838 1824 dicens:

316 1855 347 1894 b
388 1855 492 1911 Est
517 1857 665 1911 enim
696 1858 908 1914 vanitas
936 1857 1119 1914 inﬂata
1154 1859 1399 1930 quadam
1427 1860 1570 1914 circa
1602 1859 1839 1915 delecta—

1937 663 2067 710 ante
2097 653 2300 712 occulti
2335 652 2528 720 arbitri
2567 650 2755 710 octies
2793 657 2975 710 umor
3015 663 3170 710 venas
3208 645 3384 710 laudis
3419 661 3520 708 ox-

1936 753 2196 818 ψ’
2373 800 2376 803 ’
2554 811 2783 876 CAPUT
2818 798 2905 868 vi.

2478 894 2559 976 De
2593 906 2716 968 vitio
2744 903 2981 964 invidiae.

2007 1021 2214 1078 Invidia
2237 1033 2460 1094 quoque
2482 1020 2755 1080 deuictum
2778 1033 2880 1076 cor
2905 1004 3062 1089 quasi
3089 1031 3162 1080 ex
3191 1016 3406 1078 ratione
3431 1031 3524 1085 ων

1937 1115 2016 1172 let
2048 1115 2346 1181 exhortari,
2375 1122 2502 1174 cum
2531 1113 2701 1171 dicit:
2731 1112 2790 1169 In
2813 1128 2925 1183 quo
2950 1111 3075 1177 illo,
3105 1111 3190 1168 vel
3221 1110 3316 1170 illo
3343 1110 3525 1176 mittor

1937 1209 2040 1265 es?
2067 1223 2166 1264 cur
2189 1222 2321 1280 ergo
2351 1207 2430 1264 eis
2457 1206 2544 1262 vel
2573 1205 2830 1278 aqualis,
2861 1205 2950 1262 vel
2983 1204 3237 1276 superior
3272 1219 3381 1265 non
3421 1204 3525 1262 es!

1939 1309 2144 1372 quanta
2163 1301 2313 1356 vales
2333 1316 2452 1371 qua:
2475 1299 2552 1355 illi
2576 1315 2684 1356 non
2706 1299 2931 1356 valent?
2957 1299 3076 1357 Non
3103 1312 3236 1373 ergo
3267 1298 3398 1365 tibi,
3431 1307 3530 1365 aut

1935 1394 2250 1464 superiores
2275 1407 2430 1459 esse,
2461 1400 2558 1448 aut
2591 1393 2757 1448 etiam
2793 1392 3033 1464 aquilas
3073 1394 3290 1449 debent.
3329 1393 3349 1432 ί
3382 1391 3529 1464 Apo-

1940 1487 2134 1544 stolica
2163 1488 2421 1543 adversus
2458 1487 2564 1542 hoc
2603 1486 2804 1543 clamat
2843 1487 3116 1544 sententia
3147 1506 3160 1540 :
3203 1486 3416 1542 Invidia
3449 1486 3529 1543 si—

1943 1579 2151 1650 quidem
2182 1577 2380 1634 diaboli
2410 1595 2550 1634 more
2577 1579 2794 1634 intrarit
2821 1580 2880 1633 in
2907 1579 3085 1634 orbem
3116 1589 3398 1634 terrarum.

1980 1690 1982 1692 '
2019 1674 2046 1714 ⁸
2077 1672 2296 1727 Invidus
2323 1681 2504 1738 certe,
2537 1672 2628 1742 qui
2657 1671 2894 1728 alienum
2937 1674 3172 1739 bonum,
3207 1688 3366 1728 suum
3393 1671 3530 1730 facit

1943 1763 2236 1818 invidendo
2255 1764 2578 1833 supplicium
2602 1779 2616 1818 :
2641 1764 2786 1819 nulla
2809 1765 3026 1820 videtur
3047 1765 3115 1820 ad
3137 1765 3381 1820 invidum
3407 1779 3533 1821 con-

1947 1858 2280 1929 cupiscentia
2306 1860 2597 1929 provocari
2628 1900 2644 1923 ,
2678 1860 2774 1915 sed
2805 1867 3011 1914 tantum
3040 1858 3304 1927 superbia:
3339 1859 3532 1914 morbo

240 1943 428 2000 tiones
458 1947 641 2002 varias
671 1949 837 2005 animi
865 1950 1170 2022 languentis
1199 1951 1414 2008 affectio
1432 1992 1447 2016 ,
1475 1953 1717 2021 potiendi
1747 1953 1845 2008 ho-
1872 1943 1920 2004 B
1948 1949 2135 2006 vexari
2164 1967 2178 2003 :
2211 1965 2320 2020 quo
2360 1950 2466 2005 sibi
2498 1950 2702 2022 jng'iter'
2744 1951 3054 2021 ingemiscit
3094 1951 3370 2006 meliorem
3389 1991 3405 2015 ,
3442 1950 3534 2007 cui

241 2036 398 2090 noris
427 2037 586 2092 avida
619 2039 779 2093 simul
810 2049 865 2095 et
893 2042 1106 2107 nescia,
1137 2042 1328 2098 morbo
1356 2042 1691 2098 excellentiae
1719 2043 1839 2097 ina-
1943 2044 2184 2110 invidet,
2213 2042 2496 2098 anteferri.
2521 2043 2602 2097 Ac
2627 2057 2725 2112 per
2747 2043 2854 2098 hoc
2874 2043 3120 2112 sequitur
3144 2042 3387 2097 divinum
3413 2057 3534 2097 mu-

247 2125 334 2181 nis
369 2125 553 2182 aﬂlata
572 2169 587 2192 ,
623 2145 785 2196 cava,
825 2134 1070 2188 morbida
1089 2174 1105 2199 ,
1147 2134 1458 2188 turbulenta
1477 2174 1492 2198 ,
1532 2134 1840 2191 animorum
1942 2155 2048 2196 nus
2077 2141 2133 2194 in
2163 2140 2384 2194 homine
2405 2181 2420 2206 ,
2454 2155 2581 2194 cum
2606 2137 2788 2208 potius
2817 2139 2990 2192 amari
3021 2139 3182 2192 homo
3211 2137 3404 2192 debeat
3432 2151 3534 2206 pro

243 2217 445 2275 levium
476 2222 721 2286 domina,
751 2225 896 2280 male
919 2225 1157 2282 fundatis
1195 2226 1445 2284 omnibus
1485 2227 1715 2294 blanda,
1757 2244 1843 2284 re-
1945 2233 2032 2288 sui
2083 2233 2263 2287 meriti
2315 2233 2621 2287 sanctitate.
2673 2226 2878 2287 Tantos
2918 2231 3064 2287 enim
3113 2231 3327 2285 invidus
3371 2228 3537 2285 habet

246 2311 617 2382 ρυεηθηιίὺιιε
667 2313 885 2380 fumea.
943 2316 1221 2386 capiendis
1273 2317 1614 2384 εθάυοιοτίει,
1667 2319 1842 2389 captis
1937 2325 2084 2397 justa
2129 2340 2292 2398 poma
2339 2334 2610 2391 tortores,
2646 2333 2892 2395 quantos
2935 2323 3233 2379 invidiosus
3282 2321 3536 2376 habuerit

248 2400 448 2458 invicta
479 2422 493 2456 ε
527 2404 808 2462 simulatio
836 2408 1083 2478 quaedam
1111 2408 1372 2464 virtutum
1403 2420 1451 2475 ο,
1476 2409 1736 2479 appetitio
1761 2409 1843 2468 di-

248 2493 514 2567 gnitatum
536 2537 554 2561 ,
583 2498 755 2555 dulcis
781 2500 1019 2564 miseris,
1049 2517 1237 2556 amara
1267 2500 1527 2569 perfectis
1561 2518 1572 2556 :
1603 2503 1691 2556 cui
1723 2517 1841 2558 ser-

248 2587 398 2643 viunt
423 2589 661 2657 tumidi,
691 2592 797 2646 sub
826 2607 932 2661 qua
956 2592 1144 2663 iacent
1169 2592 1326 2657 elati,
1359 2594 1450 2663 qui
1481 2609 1540 2648 se
1567 2594 1634 2649 de
1660 2595 1841 2664 operi-

251 2677 350 2736 bus
385 2695 622 2752 quorum
657 2683 763 2738 sibi
799 2684 1004 2740 conscii
1039 2699 1148 2740 non
1185 2692 1314 2738 sunt
1346 2685 1577 2753 turpiter
1596 2683 1840 2754 jactant,

251 2773 347 2843 qui
390 2787 450 2829 se
496 2775 570 2828 ab
613 2773 868 2831 omnibus
911 2775 1199 2845 praedicari
1244 2790 1342 2844 per
1381 2773 1534 2830 nefas
1567 2774 1839 2830 affectant.

251 2861 352 2930 Qui
408 2870 637 2920 sanctos
690 2865 840 2921 viros
891 2865 973 2920 sui
1031 2865 1410 2935 deprecatione
1445 2863 1472 2904 ἀ
1508 2864 1840 2934 depreciant.

250 2950 375 3020 llis,
413 2962 470 3010 et
506 2954 779 3012 similibus
813 2954 1067 3012 delinitos
1103 2955 1318 3010 vanitas
1355 2955 1586 3025 premit,
1621 2970 1722 3009 nec
1750 2969 1843 3010 eos

251 3048 508 3104 morbum
537 3063 696 3104 suum
728 3049 962 3115 sentire,
993 3057 1085 3104 aut
1113 3049 1181 3104 ad
1210 3048 1480 3104 medicum
1511 3047 1696 3102 venire
1721 3062 1844 3117 per-

251 3141 440 3197 mittit.
480 3141 553 3196 Et
586 3142 716 3212 quid
755 3150 870 3208 est,
902 3142 972 3196 ad
1007 3141 1278 3198 medicum
1313 3141 1530 3206 venire,
1561 3140 1663 3194 nisi
1696 3139 1845 3193 inﬁr-

251 3245 400 3287 mum
446 3247 575 3288 suas
617 3233 963 3288 infirmitates
999 3234 1373 3303 cognoscere?
1403 3241 1720 3301 tantumque
1748 3245 1842 3286 eos

252 3324 417 3379 ardor
452 3325 706 3379 humana:
743 3325 917 3380 laudis
953 3324 1279 3390 inflammat,
1311 3333 1372 3380 ut
1404 3324 1674 3379 laboriosa
1708 3337 1840 3394 ope-
1867 3314 1912 3376 C

251 3429 350 3483 ra,
383 3434 508 3488 quae
545 3418 776 3489 populus
819 3420 1136 3484 admiretur,
1169 3428 1225 3475 et
1252 3421 1451 3490 quibus
1479 3418 1622 3474 fama
1649 3416 1847 3472 diffun-

251 3507 425 3575 ditur,
457 3511 576 3564 sine
605 3509 792 3564 labore
825 3512 1158 3581 suscipiant,
1189 3520 1246 3566 et
1272 3511 1504 3566 libenter
1530 3517 1842 3566 exerceant.

250 3594 496 3654 Inde-est
527 3600 670 3669 quod
704 3599 983 3670 jejunare,
1024 3601 1331 3666 abstinere,
1365 3599 1625 3670 vigilare,
1665 3599 1842 3654 eccle—

249 3686 398 3742 siam
427 3687 797 3757 frequentare,
827 3691 912 3744 vel
938 3691 1189 3760 psallere,
1220 3707 1342 3746 cum
1374 3691 1488 3746 hazc
1517 3690 1700 3748 omnia
1729 3690 1846 3744 sine

248 3780 442 3837 labore
473 3797 582 3837 non
612 3783 846 3850 faciant,
875 3785 1040 3839 etiam
1069 3801 1194 3840 cum
1223 3784 1580 3840 delectatione
1605 3783 1838 3849 faciunt,

253 3881 278 3914 ι
308 3881 370 3928 ut
401 3875 471 3930 ab
503 3875 844 3941 hominibus,
877 3878 1072 3947 quibus
1101 3877 1349 3948 placere,
1382 3892 1489 3932 non
1523 3877 1665 3941 Deo,
1695 3875 1840 3930 desi-

249 3964 481 4033 derant,
531 3968 840 4023 videantur.
891 3969 1043 4026 Unde
1074 3970 1291 4034 Veritas
1333 3970 1459 4026 ait:
1506 3970 1674 4026 Amen
1723 3969 1841 4024 dico

247 4057 388 4116 vobis
407 4098 423 4126 ,
454 4071 760 4131 receperunt
787 4061 1075 4116 mercedem
1105 4078 1282 4117 suam.

878 4151 1105 4208 CAPUT
1144 4151 1210 4208 γ.
1305 4173 1314 4181 ·

649 4242 730 4298 De
766 4245 995 4300 remedio
1031 4245 1205 4300 inanis
1243 4245 1444 4315 glortw.

313 4337 647 4409 Apostolica'
673 4340 946 4396 sententia
1004 4339 1058 4396 in
1108 4339 1287 4396 medio
1348 4348 1431 4394 est
1474 4336 1837 4410 proferenda,

249 4443 350 4500 qua
377 4431 583 4487 dicitur
614 4451 625 4486 :
660 4431 803 4500 Quid
843 4434 980 4486 enim
1023 4432 1182 4490 habes
1201 4473 1218 4504 ,
1248 4433 1388 4504 quod
1420 4449 1524 4486 non
1555 4431 1841 4503 accepisti:

250 4533 293 4578 et
311 4526 355 4579 si
378 4527 666 4597 accepisti,
694 4535 751 4582 ut
775 4527 899 4599 quid
929 4524 1200 4598 gloriaris,
1228 4525 1381 4599 quasi
1408 4542 1513 4580 non
1542 4525 1844 4596 acceperis?

251 4614 413 4688 Hujus
450 4618 602 4676 enim
636 4617 808 4688 morbi
847 4629 932 4675 est
967 4617 1234 4674 medicina
1280 4618 1501 4683 salutis,
1536 4616 1842 4672 recordatio

1943 2419 2276 2475 laudatores.
2308 2419 2454 2474 Nihil
2486 2419 2756 2475 infelicius
2795 2426 2974 2490 potest
2997 2432 3119 2472 esse
3148 2415 3382 2479 invidia,
3413 2427 3536 2484 quas

1945 2501 2136 2570 alienis
2167 2523 2453 2584 torquetur
2482 2513 2658 2569 bonis.
2691 2511 2848 2568 Unde
2875 2511 3041 2579 igitur
3065 2511 3241 2565 bonus
3272 2505 3491 2576 prolicit
3515 2545 3533 2572 ,

1945 2607 2074 2663 inde
2113 2606 2327 2662 invidus
2368 2605 2728 2662 contabescit.
2775 2604 2979 2658 Invidia
3022 2617 3240 2657 sensum
3289 2599 3533 2664 mordet,

1944 2710 2134 2774 pectus
2180 2702 2321 2766 urit,
2373 2708 2609 2755 mentem
2662 2697 2864 2767 allligit.
2917 2695 3018 2763 Qui
3069 2701 3247 2747 autem
3297 2691 3532 2755 invidet,

1947 2777 2158 2850 diabolo
2199 2791 2392 2848 similis
2431 2800 2550 2858 est,
2593 2790 2684 2860 qui
2724 2802 2824 2858 per
2867 2786 3127 2846 invidiam
3160 2783 3437 2839 hominem
3469 2781 3538 2838 de

1944 2886 2184 2958 paradisi
2216 2884 2476 2940 felicitate
2507 2882 2724 2953 dejecit.

2017 2976 2314 3051 (Ρνοερεν.)
2345 2974 2618 3042 Quantum
2649 2973 2728 3028 eis
2757 2971 2960 3025 bonum
2989 2977 3301 3038 corrumpat
3331 2966 3536 3021 invidia

1945 3069 2334 3127 miserabiliter
2378 3075 2464 3124 est
2507 3065 2828 3121 intuendum
2867 3083 2879 3116 :
2932 3078 3054 3118 cum
3100 3061 3361 3132 quidquid
3406 3061 3536 3116 boni

1946 3165 2068 3221 fieri
2109 3165 2196 3220 vel
2235 3164 2343 3220 dici
2381 3179 2410 3218 a
2455 3161 2660 3218 sanctis
2699 3157 3002 3220 audierint,
3043 3156 3127 3209 vel
3167 3155 3388 3210 omnino
3429 3169 3538 3209 non

1947 3255 2195 3320 credunt,
2232 3261 2325 3308 aut
2360 3267 2449 3308 res
2485 3252 2623 3306 bene
2665 3257 2848 3320 gestas
2879 3247 2931 3301 in
2963 3246 3163 3300 malum
3195 3244 3331 3299 male
3364 3245 3536 3298 inter-

1950 3347 2214 3417 pretando
2263 3350 2608 3400 convertunt.
2657 3339 2831 3396 Omne
2879 3339 3077 3393 malum
3126 3338 3267 3407 quod
3317 3337 3382 3391 de
3432 3335 3540 3392 illis

1950 3439 2184 3493 mendax
2214 3437 2357 3491 fama
2381 3435 2700 3505 iactaverit,
2731 3433 2916 3489 statim
2946 3441 3200 3500 tanquam
3236 3430 3281 3484 si
3323 3431 3426 3499 ipsi
3457 3430 3540 3483 vi-

1952 3529 2158 3593 derint,
2193 3529 2444 3582 credunt.

2025 3618 2416 3694 (Gregorius.)
2455 3617 2523 3674 Et
2553 3615 2681 3672 dum
2709 3615 2936 3670 livorem
2967 3630 2994 3667 a
3023 3615 3184 3669 corde
3222 3628 3329 3668 non
3371 3612 3537 3683 proji-

1949 3714 2134 3779 ciunt,
2185 3713 2255 3767 ad
2299 3720 2517 3782 apertas
2558 3724 2781 3780 operum
2827 3707 3095 3776 nequitias
3137 3705 3531 3760 devolvuntur:

1948 3807 2075 3877 quia
2117 3821 2147 3860 a
2188 3820 2248 3860 se
2290 3803 2481 3875 incipit
2522 3802 2700 3858 omnis
2743 3807 3008 3856 tractatus
3037 3799 3245 3864 malus,
3277 3806 3331 3854 et
3360 3797 3538 3869 prius—

1947 3914 2110 3972 quam
2155 3906 2349 3953 noceat
2388 3896 2578 3961 alteri,
2622 3897 2738 3967 ipse
2779 3895 2879 3950 sibi
2909 3903 3066 3968 parat
3096 3893 3339 3949 exitium.
3371 3890 3536 3946 Nam-

1947 4006 2052 4066 que
2077 4005 2143 4045 ex
2166 3989 2270 4045 hoc
2293 3989 2426 4044 vitio
2452 3989 2705 4042 oriuntur
2729 3986 3044 4042 homicidia.
3079 3983 3194 4039 Nisi
3225 3983 3370 4038 enim
3399 3981 3537 4040 Cain

1944 4085 2232 4142 invidisset
2262 4092 2540 4154 acceptam
2575 4080 2761 4137 fratris
2793 4081 3058 4148 hostiam,
3090 4079 3315 4136 minime
3338 4093 3536 4152 perve-

1943 4177 2119 4237 nisset
2144 4178 2212 4233 ad
2239 4176 2688 4247 exstinguendam
2717 4175 2905 4241 vitam.

2544 4296 2776 4354 CAPUT
2815 4296 2930 4353 VII.

2423 4391 2502 4460 De
2541 4388 2769 4446 remedio
2805 4388 3038 4446 invidia.

2015 4503 2304 4578 Apostolus
2351 4500 2669 4558 terribiliter
2709 4499 3095 4564 comminatur,
3144 4511 3376 4556 mcens:
3423 4496 3532 4567 Qui

1946 4599 2056 4654 odit
2085 4598 2303 4669 fratrem
2331 4610 2486 4651 suum
2505 4631 2520 4659 ,
2541 4592 2809 4647 hom‘u’da
2833 4601 2908 4648 ut
2923 4611 2943 4657 ;
2971 4601 3048 4657 et,
3077 4592 3167 4664 qui
3195 4591 3390 4648 invidet
3422 4591 3535 4662 fra-

251 4676 437 4764 div'inaz
484 4685 775 4774 bonitatis,
819 4724 919 4780 per
946 4723 1108 4778 quam
1150 4707 1334 4762 omnia
1373 4706 1513 4762 bona
1543 4707 1698 4761 nobis
1726 4705 1839 4761 col-

1958 4694 2016 4747 lri
2043 4707 2168 4755 suo,
2203 4691 2259 4745 in
2287 4687 2512 4743 imbris
2537 4695 2647 4752 at,
2679 4695 2729 4740 et
2757 4686 2813 4740 in
2845 4683 3069 4776 tenebris
3094 4683 3350 4742 ambulet.
3383 4683 3536 4745 Unde

251 4793 352 4854 lata
380 4806 546 4865 sunt,
581 4814 701 4871 qua:
728 4799 929 4855 habere
958 4799 1225 4852 videmur.
1261 4795 1441 4852 Etiam
1484 4804 1538 4852 et
1577 4803 1838 4868 perpetua

253 4886 413 4960 ipsius
455 4889 558 4947 Dei
590 4889 830 4963 charitas
862 4909 873 4943 :
907 4887 961 4944 in
993 4887 1148 4960 cujus
1191 4889 1408 4942 laudem
1451 4888 1633 4942 omnia
1673 4902 1836 4959 agere

253 4983 540 5053 debemus,
577 4983 838 5058 quidquid
876 4984 999 5042 boni
1039 4983 1090 5038 in
1132 4981 1236 5038 hoc
1267 4981 1464 5037 saeculo
1495 4993 1783 5052 cperemur
1816 4998 1828 5034 :

255 5089 307 5140 et
332 5083 508 5155 magis
553 5081 863 5144 desiderare
912 5095 942 5133 a
988 5076 1100 5132 Deo
1135 5074 1345 5134 laudari
1375 5074 1428 5128 in
1472 5073 1558 5129 die
1597 5073 1836 5130 retribu-

258 5172 411 5230 tionis
452 5182 700 5241 πίει-ηε,
741 5187 904 5244 quam
948 5171 1016 5226 ab
1053 5169 1271 5227 homine
1309 5167 1525 5224 mortali
1566 5167 1836 5237 quolibet,

259 5262 310 5319 in
332 5264 494 5339 hujus
519 5265 852 5322 transitoriae
880 5264 1023 5318 vitm.
1055 5260 1170 5316 Hoc
1199 5275 1413 5336 quoque
1444 5260 1621 5314 inanis
1651 5258 1839 5331 gloria:

262 5355 475 5424 vilium,
509 5365 570 5412 ut
601 5355 716 5427 jam
773 5356 1036 5422 diximus,
1078 5352 1444 5424 lacrymarum
1487 5350 1703 5406 fletibus
1756 5357 1840 5405 est

264 5446 582 5506 abolendum
601 5491 616 5515 ,
647 5464 770 5504 cum
800 5456 1124 5504 caeterorum
1167 5443 1378 5500 actibus
1416 5442 1683 5498 bonorum
1712 5457 1840 5513 ope-

265 5553 398 5598 rum.
443 5539 582 5612 Quia
623 5541 680 5598 in
720 5539 930 5610 cunctis
973 5553 1092 5609 quae
1137 5536 1345 5610 agimus
1390 5547 1614 5594 necesse
1655 5542 1840 5614 estut

331 5665 360 5726 ξ
387 5653 701 5726 gregarius.

335 5722 362 5810 ξ
391 5717 528 5810 ῃωε
545 5742 612 5784 ex
637 5727 826 5810 Prosp.
853 5723 951 5810 lib.
981 5739 1041 5780 ιιι
1067 5722 1206 5810 νῆες
1243 5717 1835 5810 conttmiplhacap3

302 5869 318 5884 Δ
338 5803 360 5832 ο
379 5787 584 5877 Ρωερ.
609 5839 633 5884 ,1
654 5787 832 5884 quinia
862 5795 1104 5851 vitiorum
1124 5837 1138 5859 ,
1171 5787 1836 5884 fonteslcaritaliumdele-

270 5864 582 5935 stationum,
616 5867 756 5923 labes
785 5881 988 5922 morum
1008 5907 1023 5933 ,
1057 5865 1305 5938 appetitio
1332 5864 1389 5919 ti.

340 5932 369 5976 ιι
400 5934 613 6012 Prosp.,
644 5938 1051 6012 comparatione.

1947 4785 1995 4842 sl
2025 4786 2152 4841 huic
2177 4783 2310 4840 vitio
2345 4781 2589 4836 valenter
2618 4779 2876 4835 resistere
2902 4765 3184 4848 cupimus,
3211 4776 3536 4834 charitatom

1947 4879 2058 4934 Deo
2103 4877 2456 4932 exhibeamus
2505 4879 2561 4927 et
2605 4870 2886 4940 proximo,
2935 4867 3003 4922 de
3047 4867 3210 4926 corde
3257 4880 3432 4936 puro,
3477 4872 3540 4922 et

1945 4967 2282 5026 conscientia
2323 4966 2500 5027 bona,
2535 4970 2594 5016 et
2635 4959 2740 5017 ﬁde
2779 4971 2887 5016 non
2929 4957 3094 5022 ﬂeta;
3127 4963 3182 5012 et
3222 4953 3380 5021 εωιιο
3409 4969 3538 5024 pec-

1946 5072 2070 5120 cato
2097 5059 2405 5118 resistimus
2430 5097 2446 5123 ,
2477 5055 2527 5111 si
2552 5053 2711 5110 bonis
2739 5051 2995 5109 omnibus
3024 5048 3405 5111 abundamns;
3435 5061 3536 5103 saa-

1946 5155 2051 5212 culi
2092 5151 2466 5209 blandimenta
2495 5147 2897 5203 contemnimus
2914 5184 2929 5210 ,
2959 5151 3015 5198 et
3041 5139 3224 5196 omnia
3251 5150 3372 5206 qua;
3397 5135 3537 5198 ditii-

1945 5249 2070 5307 cilia
2100 5255 2229 5304 sunt
2257 5246 2509 5300 humana;
2535 5240 2820 5314 fragilitati
2848 5237 2932 5292 vel
2961 5247 3151 5305 aspera
3170 5272 3186 5298 ,
3213 5231 3380 5288 etiam
3409 5245 3534 5288 cum

1944 5343 2232 5400 dilectione
2275 5338 2619 5410 perﬁcimus,
2665 5335 2711 5390 si
2753 5333 2872 5388 haec
2912 5331 3186 5399 praecepta
3227 5321 3534 5384 dilectionis

1943 5435 2302 5494 custodimus.

2016 5528 2265 5607 (Μεηι.)
2302 5526 2559 5584 Attamen
2585 5519 2834 5578 ordinem
2859 5509 3170 5572 dilectionis
3195 5509 3276 5567 illi
3301 5522 3531 5582 perver-

2020 5660 2043 5758 ῗ
2079 5646 2706 5781 Eiéiii“§.%ms
2733 5719 2770 5758 ν
2811 5698 3002 5760 Morel.
3028 5695 3134 5757 Job
3151 5739 3169 5767 ,
3188 5712 3316 5771 cap.
3342 5695 3436 5764 si,
3459 5663 3533 5752 a.’

1939 5789 2146 5849 invidia
2170 5779 2862 5857 pulcherrimo-disserens.

2020 5835 2532 5924 E'iiae'c'éi'ﬁ'rb’sif
2551 5835 2643 5908 lib.
2671 5835 2733 5906 ιιι
2753 5846 2893 5932 Yitte
2918 5843 3268 5928 contemplat.
3277 5884 3294 5914 ,
3321 5853 3445 5916 cap.
3468 5835 3532 5898 5o
