4022 6480
458 447 566 508 663'

458 654 751 721 mundum,
782 652 876 725 qui
901 652 1330 708 contemnendus
1357 659 1474 718 est,
1505 650 1772 722 diligunt;
1800 655 1897 703 aut
1923 661 2049 704 cor-

460 762 596 819 pora
638 763 735 804 sua
776 747 958 802 minus
999 745 1307 818 diligenda,
1343 745 1572 817 diligunt
1600 763 1614 800 :
1647 753 1740 799 aut
1765 742 2045 816 proximos

462 857 574 896 non
616 840 759 896 sicut
799 855 858 896 se
900 840 1080 910 ipsos,
1123 848 1216 893 aut
1254 838 1424 892 Deum
1460 837 1582 909 plus
1621 852 1784 908 quam
1813 851 1873 892 se
1899 836 2045 906 ipsos

463 929 607 987 forte
636 945 742 986 non
789 929 1039 1002 diligunt.
1079 929 1366 985 Proximos
1403 936 1585 984 autem
1614 936 1744 984 tunc
1771 928 2045 998 diligimus

464 1025 612 1080 sicut
639 1038 738 1078 nos
761 1064 775 1087 ,
807 1023 854 1078 si
882 1037 989 1077 non
1015 1029 1238 1093 propter
1268 1021 1477 1092 aliquas
1502 1021 1766 1076 utilitates
1792 1029 2009 1076 nostras
2027 1061 2042 1087 ,

463 1131 576 1170 non
624 1122 847 1185 propter
896 1123 1111 1184 sperata
1160 1111 1423 1168 beneﬁcia
1466 1111 1552 1167 vel
1595 1119 1864 1182 praecepta
1887 1151 1902 1175 ,
1951 1110 2047 1166 sed

463 1215 693 1280 propter
720 1207 823 1261 hoc
853 1213 1062 1261 tantum
1092 1205 1236 1274 quod
1265 1213 1393 1260 sunt
1417 1213 1627 1259 natura:
1654 1211 1853 1258 nostra:
1879 1202 2049 1272 parti-

462 1301 649 1371 cipes,
680 1299 986 1370 diligamus.
1020 1297 1360 1369 Quapropter
1387 1297 1504 1352 haec
1541 1305 1625 1351 est
1662 1294 1892 1366 proximi
1934 1302 2048 1348 tota

465 1391 720 1456 dilectio,
763 1397 824 1444 ut
870 1391 1072 1445 bonum
1111 1389 1252 1460 quod
1298 1389 1395 1444 tibi
1427 1387 1664 1444 conferri
1694 1387 1805 1451 vis,
1834 1385 1969 1442 velis
1993 1391 2051 1440 et

454 1485 738 1555 proximo.
779 1483 967 1538 Potest
995 1482 1178 1552 itaque
1207 1483 1370 1537 homo
1398 1481 1624 1535 alterius
1651 1480 1852 1534 bonum
1892 1493 2049 1533 suum

469 1573 651 1630 facere
671 1614 686 1639 ,
719 1575 846 1629 dum
877 1581 1028 1628 amat
1052 1573 1108 1627 in
1139 1573 1246 1627 alio
1271 1572 1414 1642 quod
1446 1571 1562 1642 ipse
1590 1586 1696 1626 non
1721 1569 1870 1624 facit.

464 1669 492 1712 Γ
543 1665 765 1738 (Mem)
806 1666 946 1721 Hinc
971 1680 1100 1737 ergo
1129 1673 1359 1736 pensent
1383 1664 1588 1729 invidi,
1617 1664 1859 1719 ebaritas
1884 1678 2054 1732 quan-

467 1770 539 1818 ta:
562 1760 782 1817 virtutis
805 1769 891 1816 est
909 1799 924 1826 ,
947 1776 1068 1830 qua:
1093 1759 1254 1814 alieni
1278 1759 1482 1815 laboris
1502 1773 1667 1829 opera
1687 1799 1700 1823 ,
1724 1766 1909 1813 nostra
1934 1759 2052 1813 sine

469 1855 656 1910 labore
685 1853 836 1908 facit.
865 1853 1165 1908 Dicendum
1195 1853 1379 1922 itaque
1407 1859 1492 1907 est
1517 1851 1714 1906 invidis
1737 1851 1898 1920 quia,
1923 1849 2051 1904 dum

469 1961 532 2002 se
560 1962 591 2000 a
621 1945 794 2000 livore
832 1945 1056 1998 minime
1083 1919 1428 2010 custodi—unt,
1459 1944 1513 2000 in
1541 1919 1818 2014 antiquam
1845 1945 2051 2000 versuti
2079 1919 2128 1978 Β

470 2034 646 2090 hostis
691 2034 989 2102 nequitiam
1035 2035 1440 2105 demerguntur.
1495 2034 1665 2106 Igitur
1711 2049 2054 2105 summopere

473 2134 559 2181 est
599 2126 933 2197 vigilandum
974 2135 1036 2180 ut
1075 2127 1179 2181 hoc
1221 2127 1413 2181 vitium
1444 2125 1707 2182 radicitus
1738 2142 1768 2180 a
1801 2128 2056 2184 cordibus

475 2215 643 2270 citius
670 2216 964 2283 evellatur,
1003 2231 1067 2271 ac
1091 2216 1250 2272 bonis
1275 2216 1530 2286 operibus
1547 2257 1561 2282 ,
1590 2224 1652 2271 ut
1678 2219 2057 2288 praescriptum

472 2315 588 2373 est,
629 2323 754 2362 cum
793 2307 1021 2363 consilio
1063 2315 1243 2362 tamen
1283 2307 1586 2363 sacerdotis
1627 2310 1973 2376 emundetur,
2005 2319 2061 2366 et

473 2400 715 2469 quotidie
750 2414 851 2469 pro
889 2399 982 2455 illo
1021 2407 1214 2455 exoret
1253 2414 1415 2470 quem
1443 2400 1664 2466 oderat,
1696 2401 1854 2471 eique
1883 2401 2059 2458 oﬁicia

474 2489 758 2545 charitatis
799 2490 1087 2557 exhibeat,
1120 2505 1184 2547 ac
1225 2491 1678 2558 necessitatibus,
1708 2493 1753 2548 si
1785 2493 2021 2550 valuerit
2041 2536 2056 2561 ,

474 2578 792 2651 frequenter
821 2581 1141 2650 subveniat,
1171 2583 1259 2640 cui
1278 2624 1294 2651 ,
1326 2599 1450 2641 cum
1476 2600 1586 2642 non
1615 2587 1848 2653 amavit,
1880 2588 2062 2644 minus

477 2672 750 2744 diligendo
777 2675 1042 2732 exhibuit.

1073 2807 1302 2866 CAPUT
1336 2807 1469 2864 Vill.

1065 2916 1143 2970 De
1182 2917 1310 2972 vitio
1349 2917 1465 2970 iras.

588 3033 799 3106 Idem.)
841 3035 927 3090 lra
954 3035 1118 3091 etiam
1147 3034 1419 3090 devictum
1451 3049 1546 3091 cor
1575 3035 1730 3106 quasi
1762 3050 1827 3091 ex
1858 3036 2068 3092 ratione

490 3125 631 3182 solet
659 3125 968 3191 exhortari,
1005 3140 1127 3181 cum
1168 3125 1302 3180 dicit
1334 3141 1348 3180 :
1392 3124 1522 3194 Quae
1551 3141 1678 3199 erga
1716 3135 1770 3183 te
1814 3136 2066 3199 aguntur,

488 3217 870 3288 aequanimiter
899 3215 1031 3272 ferri
1070 3232 1178 3273 non
1216 3224 1444 3288 possunt
1473 3235 1485 3270 ε
1519 3217 1636 3273 haec
1668 3218 1774 3273 imo
1798 3219 2070 3290 patienter

483 3306 721 3361 tolerare
739 3347 755 3370 ,
782 3317 1066 3378 peccatum
1092 3315 1176 3363 est
1204 3325 1217 3362 :
1251 3308 1377 3379 quia
1402 3308 1447 3363 si
1476 3324 1583 3363 non
1612 3309 1692 3364 cis
1721 3324 1842 3363 cum
1875 3325 2070 3380 magna

489 3399 905 3468 exasperatioue
954 3399 1252 3466 resistitur,
1303 3407 1490 3455 contra
1547 3409 1598 3456 te
1648 3400 1903 3470 deinceps
1955 3402 2073 3456 sine

473 3509 744 3557 mensura
775 3495 1139 3550 cumulantur.

558 3585 889 3657 Apostolica'
918 3596 1113 3642 contra
1154 3586 1271 3644 haec
1314 3588 1605 3659 respondet
1633 3588 1898 3643 sententia
1932 3606 1945 3641 :
1981 3586 2072 3642 Sol

490 3695 598 3734 non
624 3679 829 3732 occidat
852 3694 1007 3750 super
1027 3679 1362 3734 iracundiam
1388 3689 1631 3734 vestram.
1661 3679 1815 3737 Unde
1844 3687 1900 3734 et
1919 3679 2075 3735 Veri-

494 3777 582 3824 tas
611 3769 744 3825 dicit
784 3771 911 3839 quia
953 3771 1122 3824 omnis
1163 3771 1253 3840 qui
1296 3771 1548 3824 irascitur
1587 3770 1744 3840 fratri
1789 3788 1906 3837 suo,
1958 3788 2076 3825 reus

487 3861 590 3913 erit
640 3860 869 3930 judicio.
926 3859 996 3914 Et
1041 3875 1055 3915 :
1109 3861 1154 3915 si
1206 3877 1309 3914 non
1363 3861 1667 3915 dimiseritis
1726 3863 2078 3934 unusquisque

500 3947 657 4017 fratri
699 3965 794 4003 suo
837 3949 902 4004 de
943 3950 1186 4006 cordibus
1225 3953 1408 4006 vestris
1429 3992 1444 4017 ,
1474 3969 1565 4006 nec
1595 3951 1759 4006 Pater
1787 3966 1953 4006 vester
1978 3969 2079 4008 cae-

500 4038 644 4095 lestis
676 4039 899 4095 dimittet
929 4041 1070 4096 vobis
1099 4041 1291 4096 delicta
1322 4052 1511 4097 vestra.
1541 4042 1674 4097 Nam
1717 4043 1760 4098 si
1805 4043 1964 4099 irasci
1998 4043 2078 4100 fas

497 4145 607 4186 non
639 4140 722 4188 est
743 4174 757 4199 ,
789 4141 883 4187 aut
913 4134 1093 4189 dicere
1123 4135 1316 4200 racha,
1347 4141 1440 4188 aut
1484 4133 1657 4204 fatue,
1692 4135 1858 4190 multo
1900 4137 2080 4192 minus

497 4229 585 4278 est
622 4223 828 4278 licitum
859 4232 1047 4280 tenere
1074 4223 1276 4295 aliquid
1305 4225 1518 4290 animo,
1549 4232 1607 4278 ut
1634 4225 1689 4279 in
1716 4225 1896 4280 odium
1939 4225 2082 4280 indi-

497 4319 682 4388 gnatio
709 4327 1077 4373 convertatur.
1109 4317 1205 4373 Est
1233 4318 1376 4374 enim
1409 4320 1486 4372 ira
1511 4319 1709 4373 mentis
1737 4316 1888 4372 furor
1917 4335 1929 4371 :
1961 4333 2082 4388 qua:

503 4407 551 4461 si
579 4408 633 4461 in
663 4407 826 4462 corde
860 4409 1121 4480 inﬁgitur,
1147 4424 1362 4463 omnem
1385 4407 1574 4463 eximit
1595 4409 1989 4479 providentiam
2011 4409 2080 4463 ab

443 4497 451 4503 ’
487 4513 560 4553 "eo
590 4498 717 4553 facti
751 4515 766 4551 :
797 4513 901 4555 nec
927 4497 1192 4568 judicium
1219 4508 1389 4554 recta:
1415 4499 1756 4554 discretionis
1783 4499 2077 4568 inquirere,

494 4605 598 4646 nec
625 4591 866 4645 honesta:
904 4588 1382 4660 contemplationis
1411 4590 1666 4645 virtutem
1687 4629 1703 4654 ,
1733 4603 1838 4644 nec
1871 4587 2079 4643 consilii

493 4682 698 4754 poterit
725 4681 927 4737 habere
957 4681 1348 4736 maturitatem.
1397 4681 1505 4736 Sed
1553 4680 1736 4735 omnia
1767 4695 1866 4750 per
1889 4677 2081 4749 praecl-

496 4775 693 4846 pitium
742 4775 1010 4846 quoddam
1053 4773 1232 4830 facere
1277 4774 1508 4830 videtur.
1554 4773 1634 4828 Ex
1687 4787 1792 4843 qua
1841 4773 2084 4841 nascitur

499 4868 877 4926 homicidium.

573 4961 928 5037 (Gregorius.)
964 4964 1265 5020 Dicendum
1295 4962 1492 5034 quippe
1517 4969 1604 5018 est
1638 4958 2080 5032 impatientibus:

499 5057 630 5128 quia
683 5057 812 5112 dum
866 5055 1082 5111 frenare
1129 5056 1380 5126 spiritum
1435 5053 1737 5124 negligunt,
1787 5065 1884 5120 per
1915 5049 2084 5104 multa

499 5148 667 5205 etiam
689 5163 810 5219 qua:
839 5163 946 5202 non
973 5154 1230 5218 appetunt
1252 5145 1594 5215 iniquitatum
1620 5143 1846 5212 abrupta
1868 5140 2088 5210 rapiun-

500 5244 612 5292 tur.
645 5236 783 5304 Quia
816 5237 1066 5292 videlicet
1115 5245 1350 5291 mentem
1381 5232 1608 5304 impellit
1648 5230 1801 5286 furor
1826 5245 1932 5300 quo
1979 5244 2086 5284 non

502 5329 672 5383 trahit
701 5329 1048 5395 desiderium,
1081 5338 1137 5383 et
1165 5328 1276 5400 agit
1318 5333 1610 5389 commota,
1641 5322 1790 5378 velut
1815 5321 2084 5385 nesciens,

504 5420 648 5474 unde
671 5429 794 5490 post
821 5420 1019 5485 doleat,
1049 5421 1244 5476 sciens.
1287 5418 1392 5473 Per
1436 5417 1536 5470 hoc
1565 5428 1780 5485 quoque
1803 5411 2089 5482 impatien-

503 5509 596 5564 tia:
650 5509 841 5564 vitium
893 5511 1214 5581 plerumque
1266 5517 1501 5564 mentem
1559 5504 1880 5575 arrogantia:
1931 5501 2085 5569 culpa

504 5604 777 5677 transﬁgit
808 5623 819 5658 :
848 5608 975 5678 quia
999 5608 1128 5661 dum
1158 5605 1360 5676 despici
1403 5604 1457 5659 in
1488 5603 1689 5658 mundo
1717 5600 1821 5653 hoc
1863 5595 2090 5666 quisque

505 5711 618 5751 non
644 5697 884 5766 patitur;
934 5699 1096 5763 bona,
1129 5696 1175 5752 si
1205 5711 1331 5766 aqua
1358 5696 1500 5750 bona
1549 5691 1652 5748 sibi
1703 5687 1913 5745 occulta
1941 5694 2087 5750 sunt,

503 5788 791 5843 ostendere
819 5795 1069 5852 conatur,
1099 5804 1163 5843 ac
1211 5803 1309 5857 per
1357 5783 1776 5855 impatientiam,
1826 5791 1998 5847 usque
2024 5777 2090 5832 ad

504 5882 876 5950 arrogantiam
907 5880 1206 5936 deducitur.

1421 441 1821 506 HALITGARII
1857 442 2170 504 EPISCOPI
2207 437 2743 501 CAMERACENS‘IS

463 571 616 629 tum,
670 556 797 619 nee‘
819 560 1041 617 modum
1093 558 1352 632 diligendi
1396 561 1756 618 custodiunt:
1801 558 1895 628 qui
1946 563 2043 613 aut
2065 557 2123 620 Α

3627 428 3738 488 661

2755 541 2984 603 CAPUT
3007 540 3102 597 IX.

2708 638 2787 696 De
2826 636 3055 694 remedio
3075 635 3194 690 ine.

2155 754 2160 759 ’
2215 764 2482 826 Patientia
2506 763 2761 830 namque
2804 755 3064 817 furorem,
3097 761 3366 820 omneque
3415 750 3513 804 irae
3537 747 3741 806 vitium

2143 879 2268 921 cum
2317 855 2691 915 recordatione
2741 846 3118 904 mandatorum
3179 841 3277 898 Dei
3329 854 3595 911 superare
3642 855 3744 895 no-

2146 956 2357 1012 scitur:
2388 963 2510 1004 cum
2557 946 2822 999 virtutum
2867 936 3109 993 omnium
3159 943 3336 988 mater
3391 933 3640 987 cbaritas
3671 927 3741 984 ad

2143 1043 2466 1104 memoriam
2493 1043 2803 1099 revocatur,
2836 1032 2964 1102 quia
3017 1027 3369 1099 impatientia:
3413 1027 3611 1081 vitium
3640 1025 3744 1081 mi-

2145 1140 2290 1196 nime
2317 1135 2514 1198 oritur,
2549 1129 2652 1185 nisi
2689 1128 2952 1181 virtutum
2996 1130 3172 1178 mater
3200 1120 3440 1176 charitas
3487 1126 3742 1189 ampute-

2146 1239 2254 1285 tur.
2278 1227 2554 1296 Scriptum
2585 1221 2782 1293 quippe
2805 1225 2925 1272 est:
2949 1213 3202 1271 Charitas
3239 1213 3451 1282 patiens
3496 1220 3601 1266 est.
3643 1211 3746 1281 lgi-

2150 1329 2240 1374 tur
2270 1333 2392 1372 cum
2427 1313 2651 1369 minime
2689 1316 2772 1365 est
2794 1308 3028 1378 patiens,
3063 1303 3306 1360 charitas
3335 1303 3392 1356 in
3414 1317 3481 1356 eo
3507 1315 3620 1355 non
3639 1307 3741 1355 est.

2222 1406 2580 1485 (Gregorius.)
2606 1404 2714 1460 Per
2735 1404 2838 1458 hoc
2868 1415 3082 1472 quoque
3109 1399 3205 1454 ira:
3237 1399 3455 1462 vitium,
3488 1396 3610 1467 ipsa
3639 1396 3746 1450 vir-

2150 1513 2326 1561 tutum
2373 1501 2555 1557 nutrix
2608 1497 2852 1552 doctrina
2901 1493 3215 1562 dissipatur.
3270 1488 3426 1545 Unde
3482 1488 3746 1557 scripturn

2150 1605 2274 1653 est:
2314 1593 2571 1649 Doctrina
2623 1591 2721 1647 viri
2775 1604 2868 1658 per
2903 1583 3214 1656 patientiam
3267 1581 3520 1635 noscitur.
3572 1576 3748 1633 Tanto

2152 1703 2282 1760 ergo
2309 1686 2537 1756 quisque
2562 1682 2742 1739 minus
2763 1677 3068 1734 ostenditur
3095 1674 3304 1737 doctus,
3335 1679 3543 1741 quanto
3569 1668 3750 1723 minus

2153 1759 2496 1836 convincitur
2528 1774 2761 1845 patiens.
2795 1767 3068 1838 Scriptum
3101 1773 3186 1819 est
3223 1763 3368 1818 enim
3397 1778 3411 1814 :
3446 1759 3646 1814 Melior
3671 1767 3748 1812 est

2156 1872 2360 1944 patiens
2407 1868 2517 1923 viro
2563 1864 2708 1935 forti,
2740 1871 2790 1916 et
2837 1858 2926 1931 qui
2974 1856 3282 1910 dominatur
3305 1853 3484 1906 animo
3514 1867 3636 1915 suo,
3663 1866 3753 1905 ea;-

2154 1941 2446 2034 pugnatore
2484 1955 2715 2010 urbium.
2751 1950 2909 2008 Unde
2951 1948 3168 2003 Veritas
3209 1944 3398 2001 electis
3429 1943 3548 1998 suis
3577 1941 3748 1996 dicit:

2155 2032 2225 2109 in
2250 2051 2506 2124 patientia
2535 2057 2707 2104 vestra
2757 2041 3087 2116 possidebitis
3137 2040 3343 2093 animas
3391 2046 3613 2090 vestras.
3644 2032 3751 2088 Cu-

2156 2148 2366 2204 stodem
2396 2145 2561 2215 igitur
2603 2138 2930 2198 conditionis
2953 2142 3156 2191 nostra:
3201 2129 3522 2202 patientiam
3574 2127 3755 2182 Domi-

2156 2258 2262 2297 nus
2290 2254 2412 2296 esse
2442 2234 2806 2292 monstravit:
2837 2231 2930 2302 qui
2957 2230 3010 2285 in
3055 2228 3173 2298 ipsa
3200 2239 3300 2280 nos
3320 2221 3605 2293 possidere
3637 2234 3759 2274 nos-

2159 2341 2271 2390 met
2300 2333 2447 2402 ipsos
2475 2327 2678 2384 docuit.
2735 2323 2888 2380 Unde
2915 2329 2971 2376 et
3001 2317 3131 2374 alibi
3166 2314 3300 2373 dicit
3326 2332 3340 2367 :
3391 2311 3610 2382 Diligite
3651 2309 3753 2363 ini-

2161 2426 2322 2480 micos
2363 2428 2603 2476 vestros:
2651 2414 2936 2485 benefacite
2979 2412 3062 2465 his
3110 2409 3199 2480 qui
3249 2407 3471 2462 oderunt
3526 2419 3620 2457 eos
3650 2443 3667 2468 ,
3711 2411 3760 2456 et

2162 2527 2309 2572 orate
2340 2531 2434 2586 pro
2458 2506 2886 2584 persequentibus
2923 2513 2972 2558 et
3014 2499 3460 2556 calumniantibus
3492 2513 3608 2551 eos.
3641 2493 3762 2549 Vir-

2163 2615 2252 2661 tus
2281 2585 2467 2674 itaque
2515 2607 2602 2656 est
2651 2611 2836 2654 coram
2889 2590 3200 2649 hominibus
3246 2587 3594 2645 adversarios
3634 2585 3762 2642 tole~

2163 2713 2308 2754 rare.
2368 2695 2477 2752 Sed
2525 2693 2700 2748 virtus
2755 2703 2943 2746 coram
2991 2685 3104 2741 Deo
3162 2683 3406 2754 diligere.
3459 2681 3532 2736 Et
3565 2678 3762 2734 Paulus

2169 2787 2446 2861 apostolus
2479 2783 2758 2857 possidere
2809 2779 3134 2851 patientiam
3169 2775 3397 2838 monuit,
3431 2789 3563 2830 cum
3603 2772 3762 2827 disci-

2167 2881 2310 2951 pulis
2363 2879 2468 2935 hoc
2516 2881 2846 2948 praeceptum
2895 2868 3166 2926 monendo
3218 2864 3503 2923 instituit:
3553 2863 3762 2951 Omnis,

2171 2950 2368 3038 inquit,
2401 2961 2727 3026 amaritudo,
2772 2968 2822 3013 et
2856 2956 2956 3022 ira,
2985 2965 3034 3010 et
3079 2953 3396 3024 indignatio,
3443 2958 3491 3005 et
3539 2950 3762 3012 clamor,

2174 3070 2221 3116 et
2245 3057 2567 3130 blasphemia
2624 3053 2845 3110 tollatur
2889 3069 2922 3106 a
2967 3049 3130 3114 vobis,
3184 3062 3302 3102 cum
3338 3044 3484 3099 omni
3534 3041 3760 3097 malitia.

2173 3154 2312 3222 Quia
2370 3152 2625 3208 nimirum
2678 3147 2880 3204 frustra
2937 3141 3257 3215 indignatio.
3317 3147 3374 3195 et
3425 3137 3663 3200 clamor,
3711 3142 3766 3191 et

2176 3242 2507 3314 blasphemia
2568 3241 2636 3296 ab
2697 3235 3058 3294 exterioribus
3120 3231 3330 3287 tollitur
3379 3247 3392 3283 :
3463 3228 3508 3283 si
3568 3228 3626 3282 in
3678 3226 3767 3282 in-

2177 3334 2470 3390 terioribus
2514 3331 2771 3386 vitiorum
2814 3335 2990 3382 mater
3031 3323 3237 3378 malitia
3282 3319 3620 3390 dominatur.
3659 3315 3769 3373 Ad-

2174 3423 2432 3482 monendi
2486 3431 2613 3476 sunt
2660 3419 2826 3490 igitur
2862 3417 3149 3488 patientes,
3200 3424 3263 3468 ut
3311 3427 3410 3468 cor
3437 3420 3564 3483 post
3589 3411 3768 3466 victo-

2175 3519 2314 3573 riam
2344 3514 2610 3578 muniant,
2658 3528 2727 3566 ue
2771 3509 2946 3566 hostis
2982 3507 3210 3564 callidus
3249 3520 3314 3561 eo
3349 3505 3404 3559 in
3447 3503 3769 3573 deceptione

2175 3608 2516 3680 postmodum
2549 3603 2743 3676 majori
2776 3601 3138 3657 exsultatione
3190 3597 3443 3670 gaudeat,
3486 3594 3634 3664 quod
3679 3592 3769 3647 illa

2178 3703 2378 3757 dudum
2409 3707 2599 3754 contra
2649 3695 2823 3766 rigida
2854 3692 2994 3748 colla
3038 3691 3307 3746 victorum
3355 3687 3554 3742 calcat.
3611 3683 3770 3752 Quis-

2179 3792 2301 3862 quis
2330 3792 2434 3845 hoc
2461 3788 2594 3843 vitio
2628 3787 2724 3840 ira:
2771 3785 2861 3840 diu
2907 3781 3212 3838 labefactus
3259 3778 3507 3850 deperiit,
3557 3783 3770 3846 oportet

2179 3892 2239 3938 ut
2269 3883 2320 3936 ei
2352 3877 2749 3935 rehumiliando
2774 3873 3073 3931 satisfaciat
3111 3871 3198 3928 cui
3236 3871 3408 3927 iratus
3434 3867 3666 3931 exstitit,
3701 3881 3770 3921 ne

2182 3991 2365 4033 coram
2397 3974 2508 4028 Deo
2553 3987 2679 4028 reus
2719 3968 3034 4040 iudicetur:
3085 3967 3177 4039 qui
3217 3980 3325 4021 non
3374 3964 3534 4019 aliter
3581 3969 3769 4018 nostra

2182 4065 2326 4122 delet
2353 4063 2617 4128 facinora,
2650 4063 2695 4118 si
2720 4061 2952 4116 fratrum
2973 4075 3006 4114 a
3032 4058 3289 4115 cordibus
3320 4056 3524 4112 nostris
3553 4053 3772 4127 penitus

2183 4174 2291 4215 non
2319 4165 2666 4228 amputentur
2691 4154 2907 4211 delicta.

2821 4281 3047 4339 CAPUT
3069 4279 3139 4336 Χ.

2716 4374 2796 4428 De
2832 4373 2956 4427 vitio
2985 4369 3231 4424 tristitiae.

2258 4487 2609 4566 (Gregorius.)
2639 4484 2886 4542 Tristitia
2931 4497 3147 4554 quoque
3189 4481 3463 4536 devictum
3493 4493 3590 4534 cor
3614 4475 3773 4546 quasi

2187 4601 2255 4642 ex
2298 4584 2508 4640 ratione
2543 4580 2682 4636 solet
2723 4575 3027 4639 exhortari,
3077 4587 3202 4628 cum
3232 4572 3400 4628 dicit:
3430 4571 3554 4640 Quo
3578 4569 3773 4632 habes,

2189 4677 2331 4733 unde
2359 4672 2614 4746 gaudeas,
2653 4684 2776 4725 cum
2807 4674 2958 4720 tanta
2987 4663 3128 4719 mala
3153 4663 3220 4719 de
3248 4662 3516 4734 proximis
3538 4662 3778 4732 portas?

2189 4764 2462 4838 perpende
2508 4778 2634 4818 cum
2678 4777 2787 4832 quo
2837 4772 3074 4816 maerore
3111 4770 3302 4812 omnes
3339 4753 3586 4810 intuendi
3624 4761 3776 4813 sunt.

2191 4858 2284 4928 qui
2336 4858 2392 4911 in
2441 4864 2617 4918 tanto,
2670 4860 2860 4908 contra
2908 4859 2983 4916 te,
3037 4845 3417 4902 amaritudinis
3467 4842 3591 4900 felle
3647 4857 3777 4897 ver-

2191 4957 2397 5006 tuntur.
2450 4945 2762 5017 Apostolica
2807 4942 3066 4998 adversus
3114 4940 3231 4994 hac
3272 4936 3406 4991 dicit
3455 4931 3730 4992 sententia
3758 4950 3776 4987 :

2195 5041 2325 5108 Quis
2368 5057 2460 5093 nos
2512 5035 2774 5108 separabit
2800 5051 2833 5087 ιι
2871 5031 3128 5086 charitate
3171 5029 3415 5084 Christi?
3455 5025 3776 5089 Tribulatio,

2190 5152 2260 5189 an
2289 5131 2582 5203 angustia?
2618 5130 2686 5184 Et
2723 5127 2950 5196 reliqua.
2991 5123 3132 5180 Sunt
3173 5123 3372 5194 quippe
3419 5121 3528 5176 duo
3579 5132 3780 5192 genera

2189 5224 2425 5278 tristitiae
2454 5240 2467 5274 :
2505 5235 2670 5275 unum
2711 5215 3070 5280 salutiferum,
3098 5213 3244 5268 aliud
3276 5227 3409 5267 vero
3431 5208 3776 5283 pestiferum.

2191 5315 2434 5373 Tristitia
2466 5311 2722 5369 salutaris
2742 5318 2844 5374 est,
2876 5308 3091 5378 quando
3123 5307 3334 5361 animus
3358 5321 3426 5359 ex
3453 5303 3781 5359 delictorum

2192 5409 2568 5465 recordatione
2611 5405 2985 5467 contristatur,
3031 5409 3092 5455 ut
3141 5397 3538 5453 confessionem
3576 5404 3782 5464 etpe-

2186 5503 2473 5559 nitentium
2500 5514 2659 5571 agere
2711 5503 2935 5568 quaerat,
2985 5501 3040 5550 et
3089 5491 3333 5548 converti
3381 5491 3447 5543 ad
3495 5488 3668 5543 Deum
3717 5498 3784 5541 ne

2133 5583 2136 5586 ’
2189 5603 2302 5650 toto
2335 5591 2498 5648 corde
2543 5587 2835 5645 desiderat.
2885 5585 3007 5638 Alia
3063 5585 3227 5655 igitur
3258 5581 3419 5652 hujus
3470 5577 3656 5634 mundi
3695 5586 3781 5630 est

2190 5688 2426 5752 tristitia,
2464 5701 2581 5756 qua:
2629 5691 2847 5737 mortem
2891 5685 3139 5749 operatur
3177 5674 3392 5736 animm,
3433 5665 3664 5739 nihilque
3718 5667 3786 5721 in

2138 5763 2142 5768 ’
2192 5779 2322 5832 bona
2358 5776 2526 5846 operis
2550 5771 2806 5828 desiderio
2840 5768 2971 5824 valet
3000 5765 3290 5838 perficere;
3324 5775 3447 5832 qua
3490 5756 3787 5846 pertuth

2191 5845 2451 5933 animum,
2481 5873 2537 5921 et
2565 5877 2708 5935 saepe
2733 5859 2903 5918 mittit
2945 5859 3000 5914 in
3031 5853 3486 5926 desperationem,
3532 5863 3597 5904 ac
3623 5845 3782 5902 futu-
