4022 6442
258 440 348 502 665

1222 431 1312 490 DE
1345 429 1801 492 PCENITENTIA
1843 429 2027 488 LIBRI
2066 429 2132 488 γ.
2172 460 2243 473 --
2279 429 2411 488 LIB.
2448 428 2493 487 l.

255 567 423 612 rorum
468 561 618 621 spem
671 547 942 606 abstrahit
985 537 1300 605 bonorum:
1351 549 1440 604 cui
1471 548 1654 604 'etiam
1705 548 1809 603 hoc
1833 545 1888 608 Α
1911 543 2096 614 gorius
2145 543 2318 599 dicit:
2370 542 2612 599 Avaritia
2663 541 2810 599 enim
2859 556 2969 598 non
3021 541 3198 600 solum
3245 545 3498 617 pecunia

253 643 458 720 patienti
483 642 675 696 vitium
696 641 824 698 vitae
843 656 1082 713 presens
1109 641 1257 696 nulla
1281 649 1364 697 est
1391 639 1694 696 delectatio.

853 732 1080 789 CAPUT
1109 733 1199 789 XI.

714 823 792 879 De
821 825 1048 880 remedio
1076 826 1324 882 tristitia.

291 915 605 986 ,Superatur
629 929 861 986 namque
897 918 1000 972 hoc
1043 916 1195 972 nefas
1238 915 1464 986 spiritali
1510 915 1718 982 laetitia,
1749 924 1808 972 et

246 1028 332 1085 spe
363 1011 684 1076 futurorum,
734 1018 790 1066 et
827 1010 1198 1067 consolatione
1245 1009 1670 1080 Scripturarum,
1717 1011 1806 1067 vel

246 1103 469 1159 fraterno
497 1101 552 1157 in
579 1101 805 1172 spiritali
837 1101 1180 1171 jucunditate
1233 1101 1537 1172 colloquio:
1571 1103 1653 1157 vel
1678 1118 1803 1158 cum

242 1193 304 1249 ad
347 1199 576 1248 mentem
627 1190 923 1256 reducitur,
972 1207 1133 1261 quam
1170 1206 1336 1261 parva
1383 1199 1528 1257 sunt,
1561 1207 1681 1262 quae
1718 1193 1804 1248 vi-

241 1282 460 1338 dentur:
519 1283 660 1337 sicut
705 1272 966 1353 scriptum
1023 1292 1144 1338 est:
1188 1281 1320 1348 Qua:
1371 1284 1508 1338 enim
1562 1283 1807 1338 videntur

238 1375 534 1446 temporalia
583 1383 724 1430 sunt.
783 1376 935 1432 Unde
978 1376 1334 1432 Ecclesiastes
1379 1376 1512 1431 dicit
1547 1393 1560 1430 :
1601 1375 1805 1431 Cuncta

234 1467 490 1538 subjacent
527 1469 767 1534 vanitati,
816 1477 865 1522 et
911 1468 1087 1521 omnia
1131 1477 1350 1538 pergunt
1393 1468 1463 1521 ad
1509 1484 1670 1522 unum
1720 1467 1803 1522 lo-

233 1572 364 1622 cum,
412 1559 538 1627 quia
587 1558 652 1612 de
702 1568 843 1612 terra
893 1558 1036 1628 facta
1080 1567 1223 1623 sunt,
1274 1565 1326 1612 et
1370 1559 1426 1612 in
1464 1569 1660 1613 terram
1709 1576 1805 1630 pa-

231 1646 351 1700 riter
382 1655 700 1702 revertentur
722 1663 742 1702 :
792 1663 911 1719 quae
953 1657 1128 1701 autem
1170 1663 1276 1700 non
1316 1646 1576 1714 videntur,
1607 1656 1804 1703 veterna

229 1745 357 1791 sunt.

291 1825 590 1899 (Prasper.)
623 1827 750 1883 Haec
773 1843 905 1884 vero
931 1835 988 1883 et
1035 1828 1121 1883 his
1169 1826 1366 1884 similia
1395 1827 1698 1898 loquentes,
1731 1843 1796 1884 ac

1909 643 2017 699 est,
2045 636 2163 691 .sed
2214 637 2375 690 etiam
2427 635 2743 691 altitudinis.
2809 633 2941 701 Quae
2993 635 3163 705 pestis
3215 636 3500 694 insatura-

1907 724 2032 781 hilis
2057 736 2163 789 est,
2198 725 2339 782 sicut
2367 728 2587 783 morbus
2612 724 2894 798 hydropici
2925 744 2940 780 :
2980 726 3109 794 quia
3147 726 3202 781 in
3252 728 3508 785 bibendo‘

1906 831 2016 872 non
2063 817 2211 871 sitim
2257 818 2572 889 exstinguit,
2622 816 2714 873 sed
2739 817 2974 886 potando
3024 818 3354 874 succrescit:
3411 819 3494 876 sic

1906 908 2156 974 avaritia,
2187 917 2390 978 quanto
2416 911 2586 980 magis
2615 910 2799 974 habet,
2846 917 2999 965 tanto
3027 909 3150 979 plus
3196 911 3491 965 desiderat.

1905 999 1973 1055 Et
2001 1000 2130 1056 dum
2156 1003 2347 1056 modus
2391 1017 2497 1057 non
2543 1010 2628 1058 est
2661 1003 2716 1056 in
2743 1002 3012 1066 habendo,
3061 1000 3256 1057 modus
3282 1000 3360 1056 illi
3383 1015 3496 1057 non

1904 1093 2009 1147 erit
2029 1092 2085 1147 in
2114 1092 2494 1149 desiderando.
2527 1095 2607 1150 Ex
2634 1111 2742 1166 qua
2770 1097 3020 1152 oriuntur
3049 1094 3276 1162 invidia,
3320 1095 3498 1162 furta,

1903 1177 2209 1250 latrocinia,
2237 1183 2585 1241 homicidium
2633 1195 2690 1242 et
2721 1187 2950 1257 reliqua.

2496 1275 2722 1333 CAPUT
2761 1277 2897 1332 Xlll.

2384 1365 2460 1422 De
2495 1368 2721 1424 remedio
2751 1369 3008 1425 avaritia.

1974 1455 2232 1511 Dominus
2275 1458 2413 1512 enim
2457 1458 2670 1513 cuidam
2709 1460 2986 1530 quaerenti,
3029 1459 3160 1531 quid
3209 1461 3402 1530 faceret
3430 1470 3492 1517 ut

1901 1546 2063 1601 vitam
2099 1547 2379 1616 possideret
2438 1557 2706 1616 retentam,
2760 1551 3024 1620 respondit
3061 1568 3081 1606 :
3140 1551 3207 1608 Si
3246 1549 3326 1606 vis
3371 1569 3492 1622 per-

1903 1634 2072 1704 fectus
2102 1654 2230 1702 esse,
2278 1638 2428 1703 vade,
2472 1647 2520 1694 et
2556 1639 2716 1694 vende
2752 1642 2929 1695 omnia
2971 1658 3088 1712 qua:
3117 1642 3296 1708 habes,
3343 1651 3397 1694 et
3419 1641 3496 1696 da

1901 1726 2241 1796 pauperibus,
2261 1737 2309 1781 et
2355 1728 2566 1784 habebis
2609 1731 2910 1785 thesaurum
2943 1732 3000 1785 in
3036 1731 3181 1786 cado.
3226 1733 3292 1787 Et
3317 1729 3494 1788 alibi:

1905 1813 2255 1887 (Gregorius.)
2303 1816 2362 1873 Si
2417 1834 2546 1874 vere
2599 1820 2794 1876 divites
2846 1836 2968 1877 esse
3024 1821 3260 1891 cupitis,
3327 1835 3499 1876 veras

224 1895 544 1987 cogitamus,
571 1895 728 1973 ἰιίιιίι
759 1928 844 1974 εει
888 1918 1031 1974 aliud
1057 1933 1220 1988 quam
1247 1918 1396 1973 νίιίίε
1435 1895 1685 1974 {mnibus
1711 1933 1798 1974 re.
1823 1895 1873 1955 B
1899 1905 2120 1962 divitias
2169 1916 2369 1962 amate.
2428 1909 2649 1964 Discant
2709 1911 2877 1977 igitur
2927 1911 3126 1965 divites
3173 1911 3298 1980 quia
3349 1910 3496 1987 divi-_

223 2009 438 2080 pudium
469 2011 620 2076 dare,
654 2018 710 2066 et
734 2026 892 2068 omne
927 2026 1098 2082 genus
1126 2011 1361 2066 tristitia:
1390 2017 1692 2080 amputare.
1714 2000 1798 2065 Ab
1901 1998 2008 2054 llas
2051 2015 2188 2069 quas
2238 2001 2598 2071 conspiciunt,
2640 2011 2825 2058 tenere
2864 2017 3207 2072 nequaquam
3238 2012 3493 2070 possunt.

224 2103 302 2158 nis
326 2119 458 2173 ergo
514 2104 762 2159 tristibus
811 2103 969 2159 malis
1025 2101 1428 2159 ascendentium
1462 2109 1547 2158 est
1591 2102 1660 2156 ad
1707 2101 1798 2156 illa

1909 2087 1970 2142 Et
1996 2088 2113 2142 ideo
2142 2090 2555 2146 misericorditer
2603 2093 2855 2160 tribuant,
2902 2092 3040 2148 unde
3079 2093 3179 2146 sibi
3225 2093 3492 2163 superﬂue

224 2195 488 2260 sublimia,
549 2197 745 2267 quibus
792 2195 1189 2266 proficientium
1241 2203 1474 2261 mentes,
1535 2195 1591 2248 in
1645 2209 1797 2264 spem

224 2290 588 2358 promerendae
636 2288 986 2345 beatitudinis
1030 2298 1318 2359 assurgunt
1364 2304 1378 2341 :
1429 2287 1800 2356 abdicatisque

221 2382 468 2447 terrenis,
505 2382 749 2438 cmlestia
777 2381 1188 2450 concupiscunt,
1226 2379 1319 2435 ubi
1360 2379 1503 2434 Deus
1526 2378 1800 2434 videbitur

213 2471 266 2529 in
299 2473 506 2529 saecula
531 2472 871 2530 saeculorum.
921 2470 1028 2527 Sed
1057 2471 1368 2542 quicunque
1394 2470 1499 2525 hoc
1521 2469 1652 2524 vitio
1699 2484 1799 2524 ca-

211 2577 328 2620 rere
387 2564 692 2630 desiderat,
759 2561 1095 2618 orationibus
1153 2559 1464 2629 frequenter
1528 2558 1796 2614 insistat:

209 2661 430 2710 mortem
487 2654 682 2709 animae
714 2652 956 2724 quotidie
984 2659 1110 2706 ante
1149 2649 1335 2707 oculos
1358 2657 1546 2721 ponat.
1579 2650 1647 2704 Et
1671 2649 1799 2720 quia

207 2743 378 2799 omnis
413 2759 558 2800 caro
605 2743 788 2799 fenum
817 2751 921 2809 est,
973 2749 1324 2814 recognoscat
1370 2740 1797 2797 misericordiam

206 2839 261 2887 et
281 2834 593 2889 bonitatem
645 2833 740 2888 Dei
786 2847 914 2903 erga
955 2847 1144 2889 omnes
1170 2839 1453 2904 sperantes
1483 2831 1537 2885 in
1562 2845 1642 2897 se,
1672 2821 1798 2885 cu'm

208 2939 398 2998 magna
432 2925 902 2992 consideratione,
955 2933 1048 2980 aut
1096 2940 1194 2996 per
1223 2939 1284 2980 se
1335 2923 1648 2980 meditando
1700 2930 1797 2978 aut

210 3016 276 3072 ab
305 3017 426 3074 aliis
479 3017 764 3082 audiendo,
815 3031 883 3072 ex
928 3023 1040 3073 toto
1085 3015 1267 3072 animo
1310 3014 1657 3071 considerare
1686 3029 1794 3070 non

215 3107 466 3180 negligat.
519 3105 854 3178 Pauperibus
904 3114 961 3162 et
1006 3105 1332 3177 peregrinis,
1386 3104 1564 3160 viduis
1597 3119 1661 3159 ac
1699 3119 1798 3174 pu-

213 3195 375 3265 pillis,
428 3211 533 3251 nec
585 3211 693 3252 non
738 3192 968 3252 infirmis
999 3203 1056 3252 et
1095 3195 1418 3266 hospitibus,
1455 3195 1500 3250 si
1534 3194 1664 3264 quid
1701 3208 1796 3248 va-

1899 2178 2088 2250 habere
2131 2181 2454 2252 conspiciunt
2497 2196 2516 2234 :
2561 2183 2688 2253 quia
2745 2182 2966 2238 hilarem
3025 2183 3263 2237 datorem
3316 2179 3490 2252 diligit

1898 2270 2058 2326 Deus.
2105 2271 2445 2328 Admonendi
2473 2282 2602 2329 sunt
2631 2274 2818 2339 etiam,
2863 2274 2956 2345 qui
2992 2273 3107 2342 jam
3134 2290 3233 2328 sua
3272 2272 3490 2328 miseri-

1899 2361 2137 2416 corditer
2185 2362 2452 2428 tribuunt,
2499 2371 2560 2416 ut
2609 2363 2842 2418 sollicite
2891 2364 3166 2419 custodire
3207 2365 3486 2430 studeant,

1899 2468 1969 2509 ne
2015 2468 2140 2510 cum
2187 2455 2475 2510 commissa
2521 2462 2744 2525 peccata
2793 2454 3154 2526 eleemosynis
3193 2454 3488 2518 redimunt,

1901 2545 2078 2600 adhuc
2118 2544 2434 2600 redimenda
2463 2544 2822 2600 committant.
2875 2542 2953 2598 Ne
2981 2543 3232 2598 venalem
3263 2541 3360 2596 Dei
3403 2541 3492 2612 ju-

1899 2638 2106 2694 stitiam
2133 2638 2403 2692 aestiment
2427 2651 2443 2690 :
2472 2636 2543 2703 si,
2571 2652 2696 2693 cum
2723 2642 2917 2692 curant
2952 2651 3052 2707 pro
3074 2633 3317 2706 peccatis
3335 2649 3495 2690 num-

1899 2743 2018 2784 mos
2045 2729 2311 2794 tribuere,
2355 2727 2691 2783 arbitrentur
2718 2741 2778 2782 se
2823 2740 2984 2798 posse
3025 2725 3195 2780 inulte
3235 2737 3492 2794 peccare.

1899 2817 2028 2873 Plus
2046 2833 2283 2888 namque
2310 2827 2395 2874 est
2433 2817 2613 2872 anima
2645 2832 2808 2888 quam
2848 2831 3012 2871 esca:
3055 2823 3110 2870 et
3136 2829 3332 2885 corpus
3366 2812 3501 2884 plus

1899 2924 2062 2980 quam
2110 2907 2514 2964 vestimentum.
2564 2907 2668 2976 Qui
2716 2921 2847 2976 ergo
2881 2919 3064 2961 escam
3115 2913 3279 2973 atque
3309 2902 3491 2958 vesti-

1897 3006 2139 3056 mentum
2165 2997 2496 3070 pauperibus
2533 2995 2786 3067 largitur,
2824 2995 2918 3051 sed
2949 3003 3132 3050 tamen
3172 2993 3374 3057 anima,
3401 2991 3498 3049 vel‘

1897 3104 2098 3160 corpus
2151 3087 2438 3158 iniquitate
2473 3087 2760 3159 polluitur,
2815 3087 2958 3156 quod
3000 3085 3181 3141 minus
3207 3091 3291 3152 est
3328 3081 3498 3152 justi-v

1899 3179 1990 3234 tia:
2014 3178 2228 3242 obtulit,
2260 3176 2479 3248 etquod
2506 3175 2679 3245 majus
2703 3182 2808 3241 est,
2837 3175 3010 3246 culpae
3035 3191 3048 3228 :
3094 3188 3191 3228 sua
3221 3171 3366 3227 enim
3393 3171 3492 3227 de-

211 3252 306 3352 let,
336 3287 768 3344 misericorditer
812 3287 1036 3354 tribuat,
1086 3295 1143 3342 et
1189 3252 1246 3342 in
1273 3252 1594 3343 eteterorum
1622 3285 1794 3341 bono-
1823 3252 1868 3317 C
1900 3272 1978 3328 dit
2004 3271 2136 3336 θεον
2159 3279 2214 3325 εί
2243 3285 2302 3325 se
2330 3268 2562 3324 (“313010-

208 3393 329 3434 rum
353 3381 612 3450 operibus
638 3395 747 3436 non
775 3379 1007 3436 deficiat.

813 3469 1038 3526 CAPUT
1076 3469 1191 3524 ΧΠ.

753 3561 831 3616 De
854 3561 979 3615 vitio
1003 3561 1260 3614 avaritite.

280 3647 643 3723 (Gregorius.)
694 3651 936 3706 Avaritia
981 3665 1194 3721 quoque
1241 3650 1512 3706 devictum
1562 3651 1803 3708 animum

205 3745 371 3816 quasi
405 3759 477 3799 ex
503 3745 710 3799 ratione
739 3743 876 3799 solet
918 3743 1219 3807 exhortari,
1265 3759 1387 3798 cum
1423 3743 1596 3799 dicit:
1637 3745 1804 3800 Valde

207 3841 328 3896 sine
357 3837 520 3908 culpa
551 3846 651 3902 est,
685 3838 826 3908 quod
856 3835 1102 3906 quaedam
1150 3836 1398 3891 habenda
1443 3837 1800 3905 concupiscis,

209 3930 340 4000 quia
369 3927 734 3997 multiplicare
783 3942 890 3981 non
925 3925 1154 3996 appetis,
1207 3926 1302 3980 sed
1356 3940 1514 3996 egere
1543 3926 1802 3996 pertime-

212 4019 338 4083 scis,
371 4029 431 4074 et
478 4019 620 4089 quod
663 4017 802 4073 male
854 4017 994 4072 alius
1040 4015 1254 4079 retinet,
1299 4015 1415 4086 ipse
1463 4016 1660 4071 melius
1705 4032 1800 4072 ex-

215 4111 424 4182 pendis.

282 4204 597 4280 Apostolica
646 4211 833 4258 contra
884 4203 1000 4257 haec
1041 4201 1246 4257 clamat
1293 4198 1602 4254 sententia:
1649 4195 1804 4262 Quod

217 4312 378 4367 neque
428 4297 600 4357 avari,
653 4309 815 4365 neque
867 4307 1104 4362 rapaces,
1160 4305 1376 4359 regnum
1421 4287 1519 4341 Dei
1571 4284 1806 4356 posside-

215 4387 356 4444 bunt.
398 4389 565 4446 Unde
615 4395 671 4442 et
719 4385 975 4442 Salomon
1021 4385 1189 4440 dicit:
1230 4383 1435 4437 Avarus
1482 4398 1586 4436 non
1625 4380 1808 4451 imple-

211 4479 349 4535 bitur
398 4480 677 4546 pecunia:
705 4486 783 4544 et,
833 4475 938 4542 Qui
985 4484 1129 4530 amat
1182 4475 1417 4540 divitias,
1450 4473 1654 4542 fructus
1701 4488 1805 4526 non

211 4574 374 4644 capiet
427 4589 508 4628 ea:
563 4571 658 4626 eis.
717 4569 785 4624 Et
838 4570 1082 4624 iterum:
1123 4564 1336 4620 Divitiae
1385 4571 1702 4620 conservata:
1747 4563 1804 4616 in

211 4659 407 4719 malum
453 4663 666 4719 domini
712 4662 834 4726 sui;
868 4667 1085 4732 pereunt
1110 4657 1250 4713 enim
1282 4657 1338 4710 in
1377 4656 1652 4727 afﬂictione
1689 4670 1807 4724 pes-

209 4755 361 4812 sima.
413 4757 501 4812 Et
539 4755 700 4827 paulo
745 4761 867 4823 post
915 4751 1079 4807 dicit:
1113 4751 1284 4805 Avaro
1327 4758 1501 4802 autem
1550 4745 1682 4800 nihil
1727 4755 1804 4801 est

212 4846 516 4912 scelestius,
548 4844 779 4916 nihilque
822 4843 1052 4914 iniquius
1078 4857 1238 4912 quam
1286 4854 1464 4894 amare
1505 4837 1800 4908 pecuniam.

212 4933 282 4990 Et
318 4937 530 4992 iterum
564 4951 579 4990 :
641 4933 774 4990 Cum
816 4931 954 4987 enim
992 4931 1216 4985 moritur
1259 4930 1434 4992 homo,
1477 4927 1806 4982 hareditabit

218 5037 508 5098 serpentes,
553 5034 603 5081 et
633 5025 842 5089 bestias,
894 5034 942 5078 et
973 5037 1188 5076 vermes.
1240 5018 1393 5076 Unde
1438 5024 1494 5072 et
1543 5015 1804 5070 Dominus

222 5116 334 5170 ait:
383 5115 630 5171 Facilius
675 5122 751 5168 est
801 5114 938 5168 enim
975 5109 1232 5166 camelum
1255 5123 1348 5178 per
1391 5107 1628 5176 foramen
1676 5119 1804 5158 acus

224 5212 474 5275 transire,
501 5224 660 5281 quam
703 5205 909 5261 divitem
953 5205 1152 5258 intrare
1195 5203 1252 5256 in
1291 5215 1507 5270 regnum
1534 5196 1800 5252 caelorum.

224 5299 291 5356 Et
334 5301 540 5356 iterum
575 5316 589 5352 :
663 5295 754 5351 Vw
797 5297 942 5351 vobis
980 5292 1246 5354 divitibus,
1297 5289 1386 5361 qui
1441 5286 1641 5342 habetis
1689 5301 1810 5338 con-

225 5393 540 5448 solutionem
581 5400 820 5446 vestram.
863 5389 932 5443 Et
976 5385 1102 5442 alibi
1135 5403 1150 5438 :
1185 5381 1309 5437 Non
1329 5381 1539 5453 potestis
1576 5378 1685 5432 Deo
1705 5393 1812 5431 ser-

226 5483 332 5538 vire
377 5495 429 5540 et
482 5497 816 5538 mammona.
885 5477 1040 5535 Unde
1089 5473 1380 5547 Apostolus
1423 5469 1688 5541 discipulo
1741 5470 1810 5524 de

228 5573 492 5630 divitibus
521 5574 651 5630 dicit
679 5590 694 5626 :
740 5569 1001 5625 Divitibus
1039 5567 1199 5638 hujus
1219 5561 1400 5620 saeculi
1424 5561 1668 5634 praecipe,
1707 5575 1813 5614 non

229 5664 453 5734 superbe
490 5676 708 5735 sapere:
739 5676 904 5732 neque
951 5673 1162 5731 sperare
1179 5656 1238 5710 in
1259 5655 1457 5708 incerto
1483 5650 1811 5706 divitiarum.

231 5756 330 5813 Est
399 5774 636 5831 namque
695 5756 920 5813 avaritia
943 5795 960 5821 ,
1039 5751 1207 5808 nimia
1265 5748 1577 5805 divitiarum
1631 5745 1818 5817 acqui-

235 5847 415 5913 rendi,
474 5847 730 5916 habendi,
776 5847 864 5902 vel
908 5842 1126 5903 tenendi
1175 5838 1462 5911 cupiditas.
1498 5835 1653 5895 Unde
1681 5833 1817 5892 Gre-

1970 3361 2173 3415 lterum
2219 3360 2540 3415 admonendi
2586 3368 2712 3414 sunt
2738 3357 2831 3427 qui
2864 3356 3040 3412 aliena
3093 3370 3287 3425 rapere
3313 3354 3490 3408 inten-

1904 3453 2055 3508 dunt.
2090 3450 2328 3506 Audiant
2354 3450 2498 3520 quod
2540 3449 2801 3518 scriptum
2827 3456 2949 3503 est:
2999 3445 3091 3500 Va:
3119 3447 3166 3499 ei
3198 3446 3285 3515 qui
3314 3443 3496 3498 multi-

1900 3543 2063 3614 plicat
2087 3559 2191 3597 non
2213 3560 2332 3596 sua.
2361 3541 2609 3596 Profecto
2634 3541 2777 3595 enim
2804 3539 2897 3610 qui
2926 3550 3121 3606 augere
3147 3551 3277 3606 opes
3299 3535 3496 3600 ambit,

1903 3636 2080 3690 vitare
2104 3635 2405 3705 periculum
2461 3633 2722 3704 negligit:
2756 3629 3017 3697 Quoniam
3065 3628 3219 3682 radix
3260 3628 3492 3681 omnium

1905 3725 2167 3780 malorum
2189 3735 2272 3793 est.
2295 3725 2574 3796 cupiditas.

1977 3815 2222 3887 (Prosp.,
2274 3814 2363 3869 lib.
2408 3831 2440 3868 v
2501 3813 2602 3869 Vit.
2654 3811 2973 3885 contempl.,
3031 3829 3146 3883 cap.
3195 3809 3273 3882 4.)
3334 3806 3494 3864 Unde

1906 3910 2257 3979 qumrendum
2305 3916 2408 3973 est,
2458 3907 2502 3963 si
2535 3907 2748 3964 initium
2784 3905 2962 3961 omnis
2989 3904 3194 3974 peccati
3243 3899 3496 3972 superbia

1906 4002 2126 4067 dicitur,
2186 4016 2356 4071 quare
2400 4000 2556 4055 radix
2613 3999 2855 4054 omnium
2907 3996 3173 4051 malorum
3226 3990 3496 4061 cupiditas

1907 4092 2227 4148 aflirmetur.
2287 4090 2453 4158 Sane,
2501 4091 2628 4161 quia
2687 4089 2978 4160 cupiditas,
3039 4096 3202 4155 atque
3239 4082 3497 4153 superbia
3597 4118 3600 4120 η

1907 4185 1963 4242 in
2027 4195 2256 4251 tantum,
2310 4201 2478 4240 unum
2541 4191 2626 4238 est
2671 4181 2914 4244 malum;
2967 4186 3028 4232 ut
3079 4193 3178 4231 nec
3209 4174 3498 4244 superbus

1839 4271 1858 4288 ’
1907 4279 2024 4333 sine
2066 4278 2379 4348 cupiditate,
2429 4290 2533 4330 nec
2585 4273 2701 4328 sine
2751 4269 3002 4339 superbia
3050 4267 3218 4337 possit
3265 4263 3497 4318 inveniri

1908 4368 2153 4439 cupidus.
2186 4365 2392 4420 Deinde
2436 4364 2482 4418 si
2527 4361 2806 4432 quodlibet
2851 4365 3130 4428 peccatum
3175 4363 3496 4426 perpetrare

1908 4479 2015 4518 non
2060 4475 2282 4532 possum
2313 4499 2327 4523 ,
2375 4457 2481 4512 nisi
2533 4469 2668 4511 mea:
2719 4452 3063 4509 delectationi
3115 4447 3493 4513 consentiam;

1909 4556 2053 4628 quod
2067 4551 2378 4626 cupiditatis
2403 4556 2490 4604 est
2510 4548 2792 4620 pr0prium
2823 4563 2835 4598 :
2868 4552 2922 4600 et
2945 4543 3042 4598 Dei
3067 4549 3339 4612 praecepta
3369 4553 3498 4594 con-

1909 4657 2146 4703 temnam
2179 4661 2194 4710 ;
2225 4641 2367 4712 quod
2391 4649 2476 4696 est
2515 4638 2781 4708 superbiae
2821 4635 3021 4689 malum
3049 4651 3061 4686 :
3104 4631 3363 4704 quomodo
3393 4646 3498 4684 non

1904 4754 1970 4792 ea:
2007 4733 2308 4807 cupiditate,
2347 4747 2464 4803 qua?
2491 4738 2565 4785 est
2616 4727 2771 4781 radix
2818 4725 3052 4780 omnium
3094 4723 3354 4778 malorum
3382 4737 3400 4775 :
3433 4729 3494 4776 et

1905 4845 1973 4884 ex
2021 4826 2308 4896 superbia,
2357 4838 2476 4892 qum
2523 4819 2736 4875 initium
2788 4818 2964 4873 omnis
3013 4817 3224 4889 peccati
3273 4814 3498 4877 dicitur,

1905 4917 2149 4990 procedit
2173 4931 2333 4971 omne
2354 4919 2636 4984 peccatum
2656 4911 2680 4962 Ἰ

1984 5007 2233 5063 Vincitur
2286 5016 2501 5074 quoque
2543 5000 2645 5054 hoc
2687 4999 2880 5053 vitium
2920 4997 2976 5052 in
3027 4994 3315 5066 largitione
3361 5003 3497 5059 pau-

1909 5112 2122 5170 perum,
2177 5095 2230 5149 in
2270 5091 2585 5148 visitatione
2627 5088 2987 5153 inﬁmorum,
3021 5095 3076 5140 et
3127 5085 3497 5152 integumento

1911 5169 2202 5252 nudorum,
2230 5200 2331 5240 nec
2365 5200 2494 5249 non,
2528 5191 2583 5238 et
2607 5182 2652 5236 si
2682 5180 2814 5252 quid
2861 5177 3057 5247 injuste
3096 5175 3217 5244 quis
3253 5169 3490 5234 abstulit,

1913 5277 2248 5337 reddendum
2300 5283 2386 5330 est
2416 5258 2490 5329 'in
2537 5270 2917 5342 quadruplum,
2963 5267 3117 5338 juxta
3172 5258 3494 5318 sententiam

1914 5367 2148 5428 Domini.
2183 5368 2250 5423 Et
2296 5379 2573 5436 nunquam
2607 5377 2637 5415 a
2685 5359 2847 5415 corde
2891 5355 3133 5412 discedat
3182 5351 3343 5404 timor
3389 5350 3498 5404 Do-

1915 5465 2050 5522 mini
2077 5481 2088 5516 :
2122 5472 2179 5518 et
2206 5462 2428 5532 insuper
2455 5456 2586 5512 ﬂetu
2612 5469 2677 5508 ac
2702 5449 2980 5521 lacrymis,
3010 5462 3132 5502 cum
3169 5443 3496 5500 contritione

1916 5555 2096 5612 cordis
2140 5558 2335 5624 purget
2390 5545 2762 5604 indesinenter
2811 5539 3082 5594 animam:
3133 5552 3222 5602 ne,
3275 5549 3373 5605 pro
3411 5535 3498 5588 in-

1917 5656 2067 5706 certo
2094 5645 2427 5705 divitiarum,
2465 5636 2680 5692 amittat
2710 5633 2879 5688 vitam
2907 5639 3186 5685 :eternam.

1989 5738 2277 5804 Hucusque
2324 5731 2391 5786 de
2437 5727 2674 5800 quinque
2721 5722 3055 5796 spiritalibus
3095 5721 3243 5778 vitiis
3275 5734 3342 5774 ex
3387 5712 3494 5771 SS.

1919 5830 2142 5886 Patrum
2169 5819 2493 5882 testimoniis
2517 5817 2722 5875 dictum
2755 5811 3001 5873 sufﬁciat.
3047 5813 3239 5870 Restat
3277 5819 3493 5879 quoque
