4022 6442
248 444 347 504 069

1230 433 1318 492 DE
1349 431 1802 492 PtENiTENTlA
1835 431 2015 491 LlBRl
2056 434 2122 491 Ἴ.
2161 423 2232 479 :—
2267 433 2400 492 LIB.
2437 435 2502 492 ll.

3364 446 3468 504 670

253 517 390 637 (esti.
426 553 667 627 nunquid
704 568 812 610 non
849 535 1064 610 videtur
1105 551 1236 608 nihil
1263 555 1464 609 habere
1504 553 1804 624 superbiae?
1831 554 1882 628 Α
1906 553 2048 626 quod
2097 560 2180 608 est
2224 553 2430 610 licitum
2473 552 2840 609 moderamine
2888 569 2994 611 non
3042 553 3277 615 tenetur.
3319 559 3470 629 Quod

248 669 364 712 cum
388 649 682 723 presertim
725 648 903 719 passio
933 647 1047 718 ipsa
1095 662 1218 702 eum
1241 648 1488 702 videatur
1518 647 1802 704 humiliare

247 726 480 803 luxurize.
509 741 577 796 Et
604 749 804 804 tamen,
831 739 934 794 nisi
956 739 1107 809 prius
1127 738 1236 794 Deo
1265 739 1480 794 rebellis
1507 739 1798 800 existeret:

246 835 387 905 cujus
415 831 624 888 salubre
650 838 977 901 praeceptum
1015 830 1079 885 de
1110 830 1367 900 pudicitia
1409 831 1796 896 conservanda,

245 926 450 1000 superbi
510 924 731 995 spiritus
786 923 1202 994 praesumptione
1255 923 1588 989 contemnit,
1653 922 1800 977 nulla

243 1036 356 1077 eum
385 1018 583 1072 lasciva
611 1014 876 1085 cupiditas
902 1022 1237 1085 provocaret.
1269 1013 1326 1068 ln
1363 1015 1542 1068 animo
1567 1013 1684 1085 ejus
1710 1015 1801 1068 diu

241 1114 514 1181 deceptam
537 1107 689 1180 [Leg.
718 1105 1040 1178 disceptant]
1062 1105 1156 1161 Dei
1180 1113 1497 1176 contempus
1523 1113 1578 1160 et
1604 1114 1797 1160 metus.

240 1203 338 1259 Sed
374 1209 465 1257 aut
505 1207 845 1269 contemptus
875 1199 967 1252 Dei
1010 1197 1406 1268 praeponderat,
1449 1204 1505 1251 et
1537 1195 1802 1265 superbus

237 1293 438 1348 animus
475 1298 694 1359 recepta
733 1269 1028 1358 cupiditate
1079 1277 1389 1357 pudicitiam
1450 1285 1656 1356 perdit;
1709 1292 1803 1339 aut

234 1385 432 1440 obtinet
478 1390 674 1447 metus,
713 1389 768 1436 et
805 1380 1018 1435 animus
1043 1378 1154 1433 Deo
1193 1375 1487 1447 subjectus,
1520 1376 1802 1448 cupiditati

235 1474 385 1529 simul
413 1488 477 1528 ac
504 1470 768 1542 superbiae
804 1470 1147 1526 contradicit.
1184 1468 1478 1538 Plerosque
1505 1467 1646 1521 enim
1679 1467 1803 1538 gula

232 1574 283 1622 et
323 1564 657 1619 abundantia
695 1563 806 1616 vini
861 1561 1090 1630 turpiter
1138 1563 1192 1614 ln
1240 1559 1510 1613 luxuriam
1554 1557 1796 1612 solvunt:

229 1657 378 1721 alios,
407 1657 461 1710 in
497 1655 746 1723 iujuriam
773 1653 1042 1724 pudicitiae
1084 1651 1314 1706 sordida:
1341 1649 1694 1721 cogitationes
1723 1647 1802 1701 in-

227 1747 478 1801 cendunt.
533 1745 830 1799 Nonnullos
873 1743 1117 1812 deposita
1167 1743 1447 1806 castitate,
1488 1739 1802 1796 occasiones

225 1836 418 1890 oblatae
457 1832 754 1902 dejiciunt:
786 1835 1048 1904 quosdam
1089 1832 1189 1887 sub
1228 1830 1574 1902 impudicitiae
1611 1831 1800 1900 jugum

1903 645 2040 700 bene
2079 643 2216 699 Loth
2265 645 2318 700 in
2364 652 2533 700 semet
2567 644 2682 716 ipso
2718 646 2999 715 exprimit,
3045 649 3136 718 qui
3193 652 3471 710 ardentem

1905 734 2192 791 Sodomam
2230 735 2398 807 fugit;
2434 737 2529 792 sed
2573 745 2750 792 tamen
2777 736 2947 809 Segor
2974 741 3216 806 veniens,
3270 759 3472 816 nequa.

1902 841 2063 898 quam
2107 842 2232 882 mox
2287 836 2538 883 montana
2578 829 2908 884 conscendit.
2944 829 3234 887 Ardentem
3273 835 3470 906 quippe

1904 916 2192 974 Sodomam
2229 917 2434 992 fugere,
2465 929 2548 976 est
2577 921 2764 975 illicita
2805 922 2984 978 carnis
3023 923 3266 980 incendia
3303 927 3469 982 decli—

1901 1023 2053 1063 nare.
2095 1009 2336 1064 Altitudo
2374 1024 2503 1067 vero
2545 1019 2628 1068 est
2669 1012 2955 1080 montium,
2999 996 3265 1069 munditia
3299 1017 3471 1072 conti-

1900 1101 2164 1156 nentium.
2207 1101 2265 1156 In
2295 1111 2478 1158 monte
2514 1111 2683 1170 stare,
2712 1112 2796 1159 est
2829 1103 3117 1162 carnaliter
3151 1121 3257 1162 non
3289 1107 3470 1166 adlisa-

1900 1207 2042 1248 rere.

1970 1283 2040 1338 At
2064 1291 2251 1339 contra
2281 1284 2600 1342 admonendi
2628 1295 2752 1342 sunt
2780 1287 2871 1358 qui
2897 1287 3046 1360 ligati
3074 1286 3336 1361 coniugiis
3358 1304 3467 1348 non

1901 1380 2045 1440 sunt,
2089 1383 2147 1428 ut
2177 1375 2462 1446 praeceptis
2501 1377 2813 1438 cmlestibus
2850 1393 2915 1434 eo
2965 1380 3163 1436 rectius
3209 1380 3464 1445 serviant,

1901 1481 2008 1535 quo
2039 1482 2130 1521 eos
2168 1467 2234 1521 ad
2265 1483 2420 1524 curas
2455 1470 2639 1530 mundi
2681 1485 3020 1544 nequaquam
3047 1469 3235 1542 jugutn
3263 1469 3465 1539 copulae

1903 1556 2134 1611 carnalis
2173 1556 2414 1612 inclinat.

1969 1649 2306 1706 Admonendi
2365 1659 2489 1706 sunt
2533 1652 2789 1717 caelibes,
2844 1668 2913 1707 ne
2959 1653 3076 1706 sine
3124 1650 3470 1705 damnatione

1901 1741 2116 1797 misceri
2163 1757 2220 1798 se
2262 1742 2477 1798 feminis
2528 1745 2844 1798 vacantibus
2898 1751 3104 1814 putent.
3161 1741 3296 1796 Cum
3325 1740 3468 1795 enim

1898 1831 2098 1889 Paulus
2146 1833 2562 1891 fornicationem
2605 1835 2794 1888 vitium
2841 1842 2920 1888 tot
2957 1832 3272 1890 criminibus
3317 1845 3471 1887 exse-

221 1927 471 1998 e'xempla
505 1927 714 1998 perdite
741 1926 1035 1980 viventium
1066 1926 1302 1979 mittunt.
1352 1923 1489 1977 Sunt
1520 1922 1630 1987 alii,
1664 1935 1797 1991 quo-
1825 1909 1872 1968 Β
1898 1925 2118 1983 crandis
2154 1927 2402 1991 inseruit,
2431 1926 2582 1995 cujus
2609 1927 2678 1980 sit
2712 1934 2896 1981 reatus
2948 1925 3220 1989 indicavit,
3253 1924 3466 1980 dicens:

220 2034 339 2073 rum
385 2019 555 2073 vitam
601 2019 709 2072 vita
748 2018 921 2088 turpis
961 2015 1285 2077 inﬂammat,
1316 2022 1370 2068 et
1413 2020 1624 2081 turpem
1666 2026 1796 2066 con-

221 2107 504 2163 scientiam
545 2106 852 2162 manifestat
887 2125 899 2160 :
930 2107 1020 2175 qui
1055 2107 1206 2175 prius
1252 2104 1642 2159 inverecundos
1681 2117 1793 2156 ser-

221 2211 406 2252 mones
429 2205 525 2252 aut
552 2196 835 2268 proferunt
873 2196 1120 2262 libenter,
1156 2203 1250 2249 aut
1283 2194 1506 2249 audiunt
1542 2213 1553 2246 :
1591 2209 1654 2247 ac
1700 2192 1794 2248 de-

221 2289 342 2343 inde
374 2288 639 2359 paulatim
682 2289 872 2344 morbo
909 2297 1208 2353 crescente,
1246 2287 1314 2341 ab
1346 2287 1630 2341 honestate
1658 2283 1793 2339 deti-

221 2381 385 2438 ciunt.
422 2381 693 2453 COgitatio
721 2383 920 2453 quippe
949 2391 1054 2446 est,
1083 2394 1201 2450 quae
1230 2388 1467 2434 mentem
1503 2379 1642 2431 sicut
1673 2384 1792 2429 tur-

217 2471 298 2542 pis
338 2472 618 2542 inquinat;
650 2472 748 2536 ita,
790 2471 835 2526 si
875 2472 1035 2526 fuerit
1065 2472 1311 2534 honesta,
1339 2468 1609 2538 puriﬁcat.
1658 2465 1794 2519 Hinc

219 2570 314 2628 est,
351 2565 498 2634 quod
542 2564 632 2619 ille
670 2565 912 2633 corporis
943 2562 1120 2618 ﬂuxus
1155 2564 1244 2633 qui
1285 2564 1343 2616 lit
1390 2563 1446 2616 in
1481 2559 1795 2614 dormienti-

185 2665 188 2668 ’
217 2653 331 2722 bus,
366 2657 486 2712 sine
519 2657 698 2726 culpa,
744 2657 1015 2711 interdum
1045 2655 1392 2727 vigilantibus
1425 2653 1702 2723 contingat
1728 2665 1795 2708 ex

216 2746 385 2816 culpa.
419 2745 584 2802 Aliud
622 2756 705 2802 est
733 2748 876 2820 quod
914 2748 968 2802 in
998 2748 1302 2802 dormiente
1331 2745 1391 2800 lit
1415 2761 1429 2802 :
1454 2745 1614 2809 aliud,
1651 2746 1795 2814 quod

212 2836 436 2907 vigilans
471 2836 622 2893 facit.
672 2839 747 2893 lbi
779 2838 1102 2893 naturaliter
1129 2838 1402 2909 plenitudo
1431 2837 1673 2892 humoris
1702 2851 1795 2892 ex-

207 2929 436 3000 pellitur.
488 2929 584 2985 Hic
614 2932 842 3000 turpiter
869 2931 1303 3000 concupiscentia
1330 2929 1656 2998 publicatur.
1687 2927 1794 2983 Sed

210 3019 320 3074 haec
383 3021 835 3092 concupiscentia
907 3021 1014 3076 illis
1058 3021 1404 3093 vigilantibus
1454 3021 1595 3074 hunc
1649 3019 1794 3074 elicit

211 3107 435 3177 ﬂuxum,
471 3113 668 3182 quibus
697 3127 795 3182 per
835 3111 979 3168 {uada
1014 3112 1280 3183 colloquia
1319 3110 1593 3167 sordidum
1639 3125 1790 3180 com-

213 3205 444 3260 moverit
473 3206 794 3277 appetitum.

779 3296 1005 3354 CAPUT
1053 3295 1216 3352 XVII.

679 3387 755 3442 De
808 3390 1032 3442 remedio
1081 3388 1328 3443 lumuriw.

289 3474 499 3532 Paulus
553 3479 828 3548 apostolus
880 3479 1198 3534 terribiliter
1255 3478 1507 3533 admonet
1557 3477 1786 3533 dicens:

209 3562 316 3632 Qui
351 3567 549 3621 habent
583 3584 794 3632 uxores,
831 3578 1082 3639 tanquam
1117 3585 1218 3622 non
1253 3567 1494 3622 habentes
1530 3567 1652 3632 sint,
1685 3575 1788 3622 etc.

283 3655 648 3727 (Gregorius).
711 3658 942 3714 Uxorem
974 3660 1170 3728 quippe
1208 3660 1362 3729 quasi
1400 3674 1506 3713 non
1548 3659 1792 3714 habendo

139 3739 142 3742 ’
202 3745 402 3810 habet,
438 3747 532 3816 qui
561 3746 641 3802 sic
671 3762 769 3817 per
797 3748 944 3802 illam
969 3749 1173 3803 carnali
1200 3748 1566 3804 consolatione
1603 3747 1790 3814 utitur,

205 3846 270 3891 ut
303 3844 498 3892 tamen
537 3853 814 3910 nunquam
857 3841 926 3894 ad
966 3855 1130 3910 prava
1171 3854 1336 3910 opera
1373 3855 1404 3894 a
1432 3837 1670 3894 melioris
1716 3841 1796 3898 in-

211 3930 482 3985 tentionis
513 3931 854 3999 rectitudine,
888 3933 1006 4003 ejus
1039 3947 1222 3987 amore
1249 3931 1513 3988 flectatur.
1553 3917 1795 4008 Uxorem

212 4023 415 4092 quippe
461 4023 618 4092 quasi
664 4038 771 4077 non
819 4023 1066 4080 habendo
1113 4022 1296 4088 habet,
1351 4022 1443 4093 qui
1484 4023 1794 4080 transitoria

211 4123 408 4168 cuncta
437 4113 777 4184 conspiciens
803 4128 946 4180 esse,
967 4128 1155 4169 curam
1186 4113 1365 4168 carnis
1386 4128 1454 4167 ex
1476 4114 1796 4170 necessitate

216 4203 445 4267 tolerat,
507 4204 604 4259 sed
656 4213 858 4259 (eterna
907 4203 1099 4275 gaudia
1159 4203 1381 4273 spiritus
1425 4219 1492 4256 ex
1529 4204 1796 4259 desiderio

211 4291 519 4362 exspectat.
562 4291 714 4348 Unde
755 4293 952 4347 iterum
981 4289 1250 4347 dicitzbe
1293 4290 1479 4361 quibus
1515 4291 1798 4361 scripsistis

208 4385 336 4438 mihi
381 4405 400 4442 :
443 4383 663 4438 Bonum
709 4392 784 4438 est
844 4382 1045 4437 homini
1100 4382 1374 4436 mulierem
1419 4397 1524 4434 non
1564 4389 1795 4452 tangere.

216 4472 440 4544 Propter
469 4474 878 4543 fornicationem
904 4483 1078 4527 autem
1102 4472 1454 4544 unusquisque
1478 4487 1629 4525 suam
1659 4487 1796 4525 uxo-

1899 2018 2080 2089 Neque
2129 2018 2504 2088 fornicatores,
2554 2033 2716 2087 neque
2758 2015 2916 2070 idolis
2955 2017 3264 2079 servientes,
3308 2032 3470 2086 neque

1895 2105 2100 2174 molles,
2133 2123 2294 2178 neque
2325 2106 2678 2160 masculorum
2701 2106 3075 2172 concubitores,
3107 2122 3268 2177 neque
3303 2105 3468 2176 fures,

1894 2213 2058 2268 neque
2093 2198 2271 2262 avari,
2321 2213 2484 2268 neque
2524 2197 2747 2264 ebriosi,
2800 2213 2961 2268 neque
3005 2193 3265 2259 maledici,
3309 2211 3470 2267 neque

1896 2307 2110 2360 rapaces
2143 2307 2357 2360 regnum
2381 2290 2475 2343 Dei
2509 2289 2866 2360 possidebunt.
2907 2289 2973 2343 Et
3016 2304 3202 2344 rursus
3234 2307 3247 2341 :
3280 2286 3471 2354 Forni-

1896 2391 2097 2436 catores
2127 2391 2175 2434 et
2206 2380 2468 2434 adulteros
2491 2379 2752 2449 judicabit
2776 2377 2938 2432 Deus.
2965 2376 3036 2431 At
3065 2389 3252 2432 contra
3285 2377 3471 2434 admo—

1896 2474 2056 2528 nendi
2085 2481 2210 2528 sunt
2232 2481 2457 2542 peccata
2475 2455 2666 2527 carnis
2690 2471 3026 2542 ignorantes,
3053 2478 3115 2524 ut
3144 2477 3292 2522 tanto
3321 2468 3468 2524 solli-

1896 2551 2074 2622 citius,
2103 2565 2432 2636 praecipitem
2477 2565 2692 2620 ruinam
2741 2572 3009 2629 metuant,
3063 2573 3266 2636 quanto
3312 2563 3472 2632 altius

1895 2665 2060 2713 stant.
2110 2656 2316 2724 Quibus
2356 2672 2453 2727 per
2495 2653 2757 2712 Joannem
2802 2656 3006 2722 dicitur
3043 2671 3057 2709 ;
3103 2654 3176 2708 Hi
3221 2665 3339 2708 sunt
3383 2656 3471 2726 qui

1897 2764 2010 2801 cum
2052 2746 2361 2801 mulieribus
2395 2761 2500 2800 non
2541 2755 2663 2800 sunt
2702 2746 3043 2816 coinquinati.
3090 2743 3162 2798 Hi
3184 2753 3473 2815 sequuntur

1895 2839 2119 2909 Agnum,
2164 2855 2472 2910 quocunque
2512 2839 2650 2893 ierit.
2701 2838 3042 2910 Quapropter
3082 2853 3202 2892 cum
3246 2835 3474 2906 coeperit

1891 2931 2108 2984 animus
2149 2930 2215 2987 ad
2256 2929 2670 2986 delectationem
2706 2930 2886 2986 carnis
2934 2928 3215 2992 inclinare,
3260 2935 3473 3000 oportet

1895 3025 2141 3082 timorem
2172 3025 2360 3096 judicii
2393 3025 2463 3080 ad
2491 3033 2725 3080 mentem
2755 3024 3032 3091 reducere,
3057 3038 3354 3094 poenasque
3383 3023 3469 3077 in-

1893 3115 2209 3180 fernalium,
2265 3117 2357 3172 ubi
2421 3132 2614 3183 nemo,
2671 3116 2774 3171 nisi
2826 3115 3044 3172 obnoxii
3097 3117 3466 3181 retruduntur,

1894 3209 2121 3266 sollicite
2169 3210 2406 3282 cegitare
2439 3223 2725 3279 :qutenam
2768 3223 2929 3278 ptena
2975 3206 3192 3279 injustis
3229 3209 3300 3263 sit
3344 3207 3468 3264 rede-

1893 3300 2066 3356 denda
2099 3300 2318 3355 aeternis
2348 3300 2642 3370 suppliciis.
2688 3299 2840 3355 Unde
2870 3299 3130 3369 scriptum
3165 3308 3248 3354 est
3278 3314 3292 3350 :
3319 3297 3470 3354 Mitte

1892 3406 1978 3445 eos
2018 3391 2073 3444 in
2108 3390 2344 3446 tenebras
2386 3391 2700 3454 exteriores,
2738 3389 2810 3442 ibi
2857 3391 2954 3442 erit
2981 3391 3133 3460 ﬂetus
3177 3397 3226 3443 et
3273 3387 3473 3442 stridor

1895 3479 2130 3534 dentium
2155 3495 2173 3532 :
2201 3481 2292 3537 ubi
2331 3482 2529 3536 vermis
2569 3495 2758 3534 eorum
2802 3493 2910 3534 non
2948 3479 3198 3543 moritur,
3238 3485 3299 3534 .et
3331 3477 3470 3547 ignis

1895 3585 2082 3626 eorum
2111 3589 2216 3626 non
2245 3573 2640 3642 exstinguetur.

1967 3663 2262 3736 (Prosper.)
2287 3662 2425 3730 Quid
2452 3661 2817 3718 excusationis
2840 3659 3132 3716 obtendere
3151 3659 3471 3732 poterimus,

1897 3756 2026 3828 quid
2074 3755 2338 3811 faciamus
2375 3753 2474 3808 sub
2523 3751 2657 3806 tanti
2699 3750 2897 3819 judicis
2948 3749 3232 3820 majestate
3279 3750 3336 3804 in
3379 3749 3473 3806 illa

1896 3848 2023 3906 die?
2068 3863 2175 3919 qua
2224 3861 2323 3902 nos
2371 3844 2698 3900 defensionis
2741 3852 2857 3898 arte
2907 3841 3296 3915 purgabimus?
3352 3856 3472 3912 qua

1897 3939 2052 3996 nobis
2077 3941 2405 3994 subventura
2433 3945 2516 3992 est
2542 3935 2879 4007 pmnitentia,
2910 3949 3071 4006 quam
3102 3932 3156 3986 in
3183 3933 3285 3987 bac
3309 3946 3475 3986 carne

1897 4029 2356 4106 contempsimus?
2399 4026 2524 4082 Hmc
2566 4024 2734 4080 multa
2779 4033 2834 4082 et
2872 4024 2958 4079 his
2995 4023 3194 4080 similia
3235 4022 3474 4096 cogitare

1897 4120 2031 4175 nihil
2060 4129 2143 4176 est
2171 4119 2338 4183 aliud,
2369 4134 2530 4188 quam
2557 4116 2705 4170 vitiis
2740 4115 2989 4170 omnibus
3015 4113 3295 4186 repudium
3321 4112 3472 4178 dare,

1899 4217 1954 4262 et
1980 4209 2159 4262 omnia
2196 4207 2562 4262 blandimenta
2590 4204 2832 4260 carnalia
2860 4204 3153 4256 refrenare.

1973 4296 2078 4350 Sed
2115 4297 2240 4366 quia
2281 4297 2347 4351 de
2382 4307 2505 4352 octo
2559 4295 2943 4366 principalibus
2990 4294 3134 4349 vitiis
3179 4309 3476 4365 eorumque

1901 4389 2176 4455 remediis,
2221 4400 2384 4466 prout
2430 4389 2654 4462 largitor
2699 4389 2938 4446 omnium
2989 4388 3252 4444 bonorum
3303 4385 3472 4454 dedit,

1901 4495 1968 4538 ex
2000 4492 2311 4538 sanctorum
2348 4479 2567 4536 Patrum
2612 4480 2891 4535 sententiis
2928 4481 3098 4551 stylus
3144 4488 3342 4535 nostra:
3378 4480 3472 4536 de-

207 4577 311 4618 νενη
332 4567 537 4674 θωΰξαι
561 4581 580 4620 -'
608 4571 1010 4674 etunaqquui
1041 4581 1196 4674 aluum
1235 4565 1402 4620 virum
1425 4564 1634 4618 Ιιαθεαεο
1672 4559 1796 4674 JHOC
1821 4611 1875 4674 Β
1902 4572 2210 4644 scriptionis
2260 4571 2556 4646 colligendo
2617 4571 2934 4643 perstrinxit
2979 4588 2992 4624 :
3041 4570 3249 4627 libellus
3312 4570 3473 4626 ﬁnem

208 4663 379 4708 autem
413 4656 566 4721 dico,
605 4657 890 4710 secundum
916 4654 1330 4726 indulgentiam,
1366 4671 1470 4709 non
1505 4654 1790 4709 secundum

207 4743 515 4814 imperium.
545 4745 712 4816 Culpa
743 4749 938 4818 quippe
972 4761 1093 4802 esse
1131 4747 1396 4811 iunuitur,
1425 4746 1570 4815 quod
1617 4744 1790 4800 indul-

208 4850 333 4904 gere
381 4840 710 4909 perhibetur
738 4858 750 4892 :
780 4839 872 4895 sed
914 4855 1034 4910 qua:
1084 4848 1232 4894 tanto
1285 4839 1444 4894 citius
1494 4839 1787 4905 relaxetur,

205 4937 410 4995 (nemo
437 4943 554 4986 non
583 4915 706 5003 post
727 4933 868 4989 hanc
895 4933 1142 4988 illicitum
1167 4934 1295 5004 quid
1325 4941 1538 5002 agatur,
1567 4935 1661 4990 sed
1689 4937 1791 4990 hoc

1898 4666 2152 4736 excipiat,
2183 4673 2242 4719 ut
2281 4664 2335 4718 in
2373 4663 2616 4733 sequenti
2660 4678 2845 4736 opere,
2885 4663 2950 4718 de
2986 4661 3296 4728 virtutibus,
3335 4660 3476 4718 unde

1897 4756 1985 4811 hic
2013 4769 2185 4826 pauca
2231 4756 2528 4830 tetigimus,
2559 4755 2793 4812 donante
2817 4754 3078 4821 Domino,
3113 4752 3327 4826 plenius
3360 4751 3473 4808 dis-

1895 4854 2166 4920 putemus.

901 5072 3462 5100 mm

1380 5221 1676 5337 LIBER
1749 5218 2318 5314 SECUNDUS.

1648 5399 2039 5420 ..Ψ-.-

285 5490 574 5562 Superiori
619 5488 760 5546 libro
805 5490 1072 5546 rationem
1115 5487 1372 5545 vitiorum
1415 5489 1793 5561 principalium

213 5592 340 5636 octo
375 5582 728 5652 complexus,
768 5595 867 5651 pro
901 5579 1139 5645 viribus,
1171 5595 1278 5651 qua
1308 5578 1564 5636 Dominus
1600 5581 1800 5636 donare

223 5674 557 5746 dignabitur,
598 5676 672 5738 de
719 5673 916 5732 actuali
959 5681 1014 5728 et
1063 5672 1481 5745 contemplativa
1530 5673 1660 5739 vita,
1699 5689 1800 5730 nec

222 5780 327 5819 non
357 5775 415 5820 et
443 5765 752 5834 virtutibus,
781 5765 862 5822 uti
890 5763 1137 5837 promisi,
1159 5780 1227 5821 ex
1246 5765 1470 5822 Patrum
1495 5765 1657 5825 dictis
1683 5763 1800 5826 00h

221 5854 390 5928 ligere
425 5860 633 5914 curavi.

2411 5485 2638 5543 CAPUT
2683 5483 2969 5541 PRIMUM.

2489 5578 2567 5632 De
2588 5580 2689 5633 vita
2709 5578 2923 5632 activa.l

1979 5671 2274 5745 (Prosper.)
2311 5669 2550 5725 Actualis
2579 5677 2662 5725 est
2686 5671 2795 5724 vita
2833 5668 3170 5732 conversatio
3201 5669 3476 5741 religiosa,

1905 5777 2030 5836 quae
2059 5765 2250 5819 edocet
2291 5761 2558 5831 quomodo
2602 5760 2874 5832 praaposltl
2919 5763 3020 5820 sub
3066 5778 3122 5818 se
3159 5772 3350 5834 regant
3397 5765 3479 5819 vi-

1913 5866 2100 5911 ventes
2129 5865 2182 5910 et
2227 5854 2467 5924 diligant,
2498 5871 2561 5911 ac
2595 5870 2702 5911 non
2741 5856 2916 5913 minus
2955 5855 3021 5914 de
3058 5873 3244 5918 eorum
3276 5857 3476 5928 salute,
