4022 6440
521 421 628 488 675

1498 417 1891 484 murem
1925 401 2234 480 artesae]
2270 402 2794 476 causascausas

3669 400 3791 474 ﬁt

521 546 690 614 Deum
751 541 990 614 diligere,
1049 540 1272 613 ejusque
1325 543 1581 598 mandata
1626 537 1938 599 custodire?
2001 551 2100 610 per
2125 529 2181 599 Α
2201 547 2406 604 nesque
2420 533 2536 605 ejus
2569 530 2940 604 suggestiones
2968 539 3244 600 superare,
3267 525 3324 588 et
3341 522 3570 586 adversa
3587 523 3788 586 mund!

518 650 704 706 quem,
735 635 861 688 dum
898 649 1005 688 non
1035 632 1333 700 fueramus,
1364 636 1532 689 creati
1561 649 1778 701 sumus;
1805 635 1931 690 dum
1969 647 2093 704 per-

521 727 619 782 diti
642 725 861 790 fuimus,
895 726 1122 780 recreati
1154 741 1366 792 sumus,
1391 736 1445 781 et
1477 742 1507 780 a
1538 728 1799 782 servitute
1827 725 2094 780 diabolica

521 817 736 874 liberati
771 820 900 889 :qui
942 820 1097 874 nobis
1127 821 1309 874 omnia
1335 821 1477 876 bona
1511 836 1632 891 qua:
1667 821 1927 876 habemus
1970 835 2096 875 con-

521 909 702 964 cessit.

591 997 711 1066 Ipsa
740 997 935 1069 quippe
953 998 1101 1070 juste
1123 1015 1188 1056 ac
1215 1001 1610 1057 rationabiliter
1638 1003 1835 1058 dicitur
1858 1001 2090 1070 justitia,

521 1106 627 1163 qua
679 1091 814 1146 fiunt
858 1094 989 1164 justi
1022 1095 1112 1165 qui
1164 1111 1283 1152 eam
1331 1095 1532 1152 fuerint
1575 1098 1804 1169 operati.
1850 1094 2096 1167 (Prosp.,

525 1183 563 1236 ι.
595 1199 655 1238 ιιι
694 1183 794 1240 Vit.
841 1191 1003 1253 cont.,
1033 1204 1080 1240 ε.
1113 1187 1226 1258 22.)
1258 1189 1336 1244 Ex
1359 1206 1465 1260 qua
1495 1199 1680 1244 manat
1703 1191 1946 1259 mqnitas,
1975 1203 2096 1260 quae

522 1287 618 1328 nos
654 1274 781 1328 facit
822 1284 882 1330 ut
902 1277 1140 1332 omnium
1186 1279 1540 1336 necessitates
1568 1280 1846 1336 hominum
1877 1289 2094 1334 nostras

521 1375 642 1417 esse
678 1364 956 1433 dicamus;
987 1382 1086 1423 nec
1117 1369 1274 1425 nobis
1304 1381 1535 1436 tantum,
1579 1373 1673 1428 sed
1700 1373 1865 1427 etiam
1910 1371 2094 1444 generi

523 1453 761 1511 humano
785 1471 884 1512 nos
917 1466 1073 1514 natos
1101 1474 1222 1516 esse
1249 1463 1554 1518 credamus.

597 1557 622 1584 α
649 1546 986 1616 Quapropter
1031 1549 1076 1604 si
1129 1549 1182 1603 in
1224 1552 1324 1606 hac
1374 1553 1482 1606 vita
1514 1551 1781 1622 justitiam
1835 1561 2102 1608 conamur

522 1637 768 1706 implere,
803 1638 954 1708 cujus
985 1639 1208 1708 justitia:
1257 1659 1391 1714 opus
1440 1646 1739 1716 proprium,
1765 1655 1862 1702 sua
1902 1647 2100 1716 cuique

524 1730 781 1796 tribuere,
824 1731 931 1786 Deo
975 1747 1093 1799 nos,
1135 1749 1165 1788 a
1213 1749 1321 1805 quo
1370 1749 1557 1793 sumus
1599 1739 1750 1803 facti,
1784 1741 2092 1807 reddamus,

522 1835 628 1876 nec
668 1822 932 1878 dominari
976 1826 1130 1881 nobis
1177 1841 1241 1882 ea
1297 1829 1492 1897 quibus
1542 1845 1727 1886 sumus
1777 1832 2099 1886 naturaliter

521 1913 817 1982 praepositi,
846 1917 1248 1984 permittamus.
1276 1920 1593 1975 Dominetur
1613 1922 1762 1978 vitiis
1790 1922 1950 1990 ratio,
1971 1923 2098 1980 sub-
2125 1889 2176 1953 Β

517 2000 739 2071 jiciatur
762 2019 957 2073 corpus
987 2007 1187 2074 animo,
1235 2009 1448 2065 animus
1479 2011 1620 2067 Deo:
1654 2020 1709 2068 et
1747 2013 1967 2085 impleta
2013 2021 2101 2072 est

524 2091 758 2149 hominis
773 2092 986 2163 justitia
1014 2105 1234 2167 totaque
1261 2099 1522 2169 perfectio
1542 2101 1591 2156 ι’.

595 2182 672 2240 De
707 2185 933 2254 justitize
961 2189 1135 2246 adhuc
1158 2191 1306 2248 fonte
1335 2195 1636 2271 procedunt
1662 2196 1980 2267 liberalitas,
2005 2200 2099 2256 be-

525 2275 830 2344 neficentia,
885 2282 1142 2350 charitas,
1184 2293 1238 2340 et
1292 2295 1487 2343 caetera
1536 2288 1865 2358 hujusmodi,
1905 2291 2102 2363 quibus

525 2370 896 2442 multipliciter
942 2374 1122 2445 juvari
1169 2380 1418 2437 homines
1480 2392 1726 2455 possunt.
1777 2383 2101 2443 Liberalitas

519 2468 603 2514 est
639 2478 756 2532 qua:
797 2466 962 2522 etiam
1009 2467 1065 2524 in
1112 2485 1207 2526 eos
1254 2471 1346 2543 qui
1395 2472 1529 2528 nihil
1574 2473 1815 2546 indigere
1847 2476 2101 2532 videntur

522 2550 803 2607 exuberat.
841 2555 899 2609 In
927 2569 1032 2627 qua
1074 2559 1400 2618 liberalitate
1436 2563 1515 2618 rei
1557 2563 1845 2621 familiaris
1879 2566 2101 2637 ponitur

522 2643 837 2713 amplitudo.
886 2648 1262 2707 Beneﬁcentiae
1304 2653 1484 2710 multa:
1526 2663 1653 2710 sunt
1682 2671 1866 2728 opera,
1903 2659 2098 2727 quibus

520 2739 834 2795 necessitati
876 2741 1238 2802 laborantium
1279 2747 1706 2804 misericorditer
1739 2748 2095 2805 subvenitur:

525 2841 583 2887 et
607 2833 673 2887 de
703 2841 918 2894 terreno
945 2847 1109 2895 eensu
1131 2841 1287 2911 regni
1317 2840 1556 2898 caelestis
1577 2841 1865 2900 haereditas
1886 2857 2100 2916 compa-

524 2931 678 2980 ratur
701 2934 723 2965 °
734 2963 750 2981 .

1127 3017 1354 3081 CAPUT
1390 3023 1482 3081 IX.

1074 3109 1153 3168 De
1191 3113 1519 3184 fortitudine.

591 3194 890 3272 (Prospera)
932 3191 1217 3261 Fortitudo
1248 3213 1331 3261 est
1371 3222 1564 3280 magna
1609 3205 1775 3262 animi
1812 3205 2091 3278 patientia,

519 3295 576 3346 et
604 3291 1007 3366 longanimitas,
1038 3305 1092 3354 et
1120 3285 1525 3370 perseverantia
1551 3300 1607 3356 in
1633 3299 1792 3358 bonis
1818 3302 2093 3374 operibus,

520 3387 576 3438 et
600 3384 828 3442 victoria
855 3397 1047 3445 contra
1075 3392 1317 3447 omnium
1354 3393 1607 3451 vitiorum
1630 3411 1849 3470 genera.

582 3476 764 3535 Animi
805 3481 972 3552 igitur
995 3482 1254 3540 fortitudo
1293 3501 1356 3542 ea
1391 3487 1550 3543 debet
1575 3487 1798 3561 intelligi
1829 3504 1948 3558 qua:
1989 3504 2097 3546 non

513 3566 687 3624 solum
724 3573 952 3630 diversis
995 3576 1204 3646 pulsata
1237 3577 1500 3635 molestiis
1531 3581 1858 3638 inconcussa
1887 3598 2097 3652 perma-

513 3670 658 3727 neat,
686 3667 780 3718 sed
811 3666 976 3720 etiam
1007 3667 1168 3724 nullis
1195 3669 1532 3741 voluptatum
1558 3671 1828 3730 illecebris
1857 3675 2097 3732 resoluta

517 3758 834 3812 succumbat
873 3776 886 3812 :
924 3758 1162 3830 alioquin
1202 3761 1249 3817 si
1291 3763 1522 3835 impetus
1565 3766 1782 3834 quidem
1830 3767 2096 3823 malorum

519 3850 863 3915 sequentium
925 3851 1160 3925 frangat,
1217 3853 1263 3909 si
1319 3856 1720 3912 calamitatibus
1770 3859 2100 3928 quibuslibet

519 3939 768 4009 impactls
793 3942 1043 4009 obsistat,
1075 3944 1119 3999 si
1149 3945 1291 3999 inter
1317 3945 1566 4018 iniuriam
1599 3964 1762 4015 sinva,
1809 3950 1952 4006 inter
1973 3967 2099 4022 pro-

521 4030 689 4085 cellas
713 4033 1029 4102 angentium
1059 4051 1462 4105 pressurarum,
1504 4039 1646 4095 inter
1672 4041 2006 4108 inimicitias,
2043 4050 2098 4100 et

516 4120 709 4176 damna
739 4125 1051 4194 praesentia,
1084 4135 1247 4198 atque
1286 4127 1636 4187 multimodas
1671 4134 2095 4204 persecutiones,

517 4210 801 4283 infatigata
827 4217 1104 4286 persistat.
1139 4217 1246 4274 Eos
1274 4229 1456 4276 autem
1497 4239 1632 4294 quos
1659 4225 1727 4279 ad
1757 4225 2098 4282 tolerantiam

514 4308 825 4377 passionum
863 4309 1029 4367 fortes
1059 4312 1154 4367 Dei
1182 4313 1426 4369 charitas
1454 4316 1648 4380 reddit,
1687 4317 1833 4372 nulla
1862 4319 2098 4376 delecta-

514 4395 590 4451 tio
629 4401 829 4465 carnis,
883 4403 1028 4458 nulla
1075 4405 1326 4476 voluptas
1355 4408 1496 4462 male
1532 4409 1727 4466 blanda
1758 4414 2092 4485 corrumpit:

515 4488 640 4556 quia
669 4491 836 4545 animi
865 4492 1125 4551 fortitudo
1148 4499 1215 4552 ab
1246 4499 1335 4554 illo
1367 4508 1450 4555 est
1485 4502 1661 4570 nobis,
1691 4505 1778 4560 cui
1816 4520 1937 4560 cum
1971 4506 2097 4562 Pro-

2196 633 2298 700 pro
2324 625 2419 684 Dei
2447 626 2665 683 nomine
2686 624 2902 682 fortiter
2927 622 3159 678 tolerare
3175 618 3206 680 τ

2832 713 3063 770 CAPUT
3086 712 3153 767 Χ.

2769 806 2844 860 De
2871 804 3232 876 temperantia.

2267 899 2647 973 Temperantia
2669 909 2751 957 est
2773 902 2940 956 totius
2971 901 3096 954 vitae
3123 899 3332 962 modus,
3357 909 3426 953 ne
3455 897 3588 968 quid
3617 895 3788 953 nimis

2197 994 2360 1049 homo
2393 983 2474 1049 vel
2514 1001 2678 1060 amet,
2713 987 2798 1050 vel
2856 994 2980 1049 odio
3015 993 3228 1056 habeat,
3266 990 3362 1046 sed
3421 991 3604 1045 omnis
3663 992 3787 1044 vita:

2197 1085 2354 1154 hujus
2402 1085 2694 1141 varietates
2755 1085 3091 1141 considerata
3155 1091 3419 1154 temperet
3481 1082 3780 1152 diligentia.

2199 1173 2353 1232 Unde
2379 1177 2596 1246 quidam
2647 1177 3094 1248 philosophorum
3135 1176 3211 1231 ait
3240 1217 3254 1241 ,
3283 1176 3533 1246 apprime
3587 1174 3643 1229 in
3677 1175 3784 1229 vita

2197 1283 2316 1326 esse
2345 1271 2494 1333 utile,
2522 1280 2584 1325 ut
2611 1286 2677 1326 ne
2705 1272 2832 1342 quid
2858 1269 3041 1325 nimis.

2268 1357 2564 1433 (Ρνοερεν.)
2589 1361 2970 1433 Temperantia
2995 1361 3162 1431 igitur
3190 1367 3596 1431 temperantem
3631 1358 3778 1424 facit,

2197 1449 2579 1520 abstinentem,
2595 1467 2837 1524 parcum,
2853 1455 3114 1517 sobrium,
3131 1454 3490 1517 moderatum,
3509 1452 3783 1521 pudicum,

2199 1545 2441 1610 tacitum,
2505 1547 2727 1612 serium,
2780 1547 3167 1601 verecundum.
3201 1541 3330 1599 Haac
3358 1543 3538 1598 virtus
3570 1585 3585 1607 ,
3644 1543 3692 1597 si
3731 1543 3784 1597 in

2199 1635 2381 1692 animo
2407 1629 2632 1702 habitat,
2672 1635 2925 1692 libidines
2971 1633 3150 1691 frenat
3175 1676 3192 1702 ,
3222 1631 3447 1691 aﬂectus
3486 1641 3779 1704 temperat,

2199 1724 2470 1781 desideria
2494 1735 2677 1782 sancta
2707 1725 3046 1796 multiplicat,
3077 1726 3272 1780 vitiosa
3296 1725 3572 1794 castigat;
3603 1725 3784 1779 omnia

2200 1816 2344 1872 intra
2369 1833 2467 1873 nos
2495 1816 2718 1873 confusa
2748 1818 2986 1882 ordinat,
3016 1817 3267 1872 ordinata
3300 1815 3664 1881 corroborat;
3691 1829 3784 1870 cod

2202 1909 2490 1981 gitationes
2533 1923 2730 1980 pravas
2763 1919 3023 1975 removet,
3063 1909 3258 1965 inserit
3303 1916 3551 1973 sanctas,
3603 1909 3781 1978 ignem

2203 1998 2500 2054 libidinosae
2557 1999 2850 2069 voluptatis
2904 2001 3240 2072 exstinguit:
3311 2013 3646 2070 omnemque
3709 1999 3786 2054 in-

2203 2095 2625 2165 temperantiam
2654 2102 2895 2148 nostram
2917 2093 2987 2149 ad
3009 2096 3296 2148 honestum
3333 2092 3562 2148 modum
3591 2090 3784 2162 redigit

2205 2185 2259 2240 in
2316 2187 2438 2241 cibo
2466 2187 2601 2256 ipso,
2646 2194 2700 2240 et
2733 2194 2882 2256 potu,
2912 2192 2972 2240 ut
3007 2185 3249 2240 contenti
3293 2184 3472 2241 simus
3502 2182 3780 2255 appositis.

2276 2277 2671 2346 Temperantiae
2717 2285 2834 2342 est,
2874 2277 3017 2346 quod
3072 2275 3432 2332 reverentiam
3477 2272 3786 2330 senioribus

2204 2368 2544 2433 exhibemus,
2578 2369 2814 2438 aequales
2859 2369 3193 2441 germanitas
3228 2369 3586 2431 honoramus,
3609 2367 3787 2438 junio-

2206 2458 2357 2514 ribus
2379 2460 2606 2530 gratiam
2635 2469 2876 2530 paternae
2901 2460 3206 2517 dilectionis
3239 2457 3608 2531 impendimus
3648 2469 3695 2512 ε.

2274 2549 2466 2620 Itaque
2497 2551 2516 2590 ί
2551 2550 2764 2608 diiiicile
2791 2552 3112 2623 quidem'est
3132 2553 3349 2608 nomina
3375 2551 3647 2606 virtutum
3674 2558 3788 2620 quae

2203 2653 2271 2696 ex
2301 2640 2421 2696 istis
2451 2650 2687 2712 quatuor
2731 2643 3120 2714 principalibus
3149 2644 3425 2708 oriuntur,
3472 2641 3782 2697 ostendere.

2203 2735 2588 2792 Verumtamen
2612 2739 2717 2793 hoc
2739 2747 2974 2802 nosseet
2989 2747 3172 2794 tenere
3199 2738 3486 2794 debemus:
3506 2735 3660 2809 quod
3677 2737 3792 2792 istae

2203 2827 2435 2884 virtutes
2466 2836 2715 2899 quatuor,
2765 2829 2851 2884 vel
2877 2844 3067 2885 omnes
3104 2840 3224 2901 qua:
3252 2845 3322 2885 ex
3370 2828 3480 2884 illis
3530 2830 3784 2896 existant,

2203 2919 2345 2977 dona
2375 2930 2503 2978 sunt
2527 2921 2643 2978 Dei.
2674 2921 2898 2993 thuod
2923 2921 3101 2978 nullus
3126 2936 3218 2978 eas
3232 2921 3419 2988 habet,
3450 2927 3551 2977 adt
3575 2920 3785 2986 habuit,

2199 3013 2288 3070 vel
2316 3015 2557 3083 habebit,
2579 3016 2682 3072 nisi
2715 3015 2804 3071 cui
2832 3015 2992 3084 Deus,
3019 3017 3110 3088 qui
3135 3025 3221 3074 est
3243 3015 3509 3073 virtutum
3541 3017 3787 3074 omnium

2201 3107 2512 3179 proprietas
2550 3115 2605 3163 et
2625 3109 2798 3180 origo,
2826 3107 3136 3164 contulerit.

2281 3201 2308 3240 ε
2334 3198 2669 3272 Principales
2725 3216 2853 3274 ergo
2908 3210 3140 3271 quatuor
3192 3214 3312 3258 esse
3365 3200 3626 3268 virtutes,
3684 3214 3792 3256 non

2200 3289 2374 3349 solum
2409 3292 2716 3365 philosophi
2747 3293 3004 3359 sentiunt,
3042 3293 3138 3351 sed
3155 3295 3321 3350 etiam
3347 3293 3524 3350 nostri
3560 3303 3790 3348 censeas

2200 3385 2382 3440 tiunt:
2431 3385 2555 3456 quia
2581 3426 2598 3452 ,
2637 3386 3043 3457 quaternarium
3102 3399 3388 3442 numerum
3430 3383 3791 3458 profectionis

2199 3487 2472 3533 sacratum
2501 3491 2640 3546 pene
2665 3476 2846 3532 nullus
2873 3477 3105 3549 ignorat.
3131 3476 3413 3549 Siquidem
3437 3484 3579 3532 totus
3607 3475 3788 3540 orbis,

2198 3570 2428 3637 oriente,
2483 3570 2766 3625 occidente
2798 3611 2814 3637 ,
2844 3569 3102 3640 aquilone
3141 3577 3197 3626 et
3247 3569 3498 3635 meridie,
3553 3577 3791 3639 quatuor

2199 3663 2482 3719 terminari
2534 3661 2778 3733 partibus
2821 3661 3114 3718 invenitur.
3165 3661 3233 3716 Et
3283 3661 3400 3733 ipse
3444 3660 3616 3715 Adam
3645 3702 3661 3726 ,
3694 3659 3787 3730 qui

2198 3766 2284 3812 est
2311 3757 2533 3812 humani
2549 3757 2764 3828 generis
2784 3763 2960 3827 pater,
2983 3754 3068 3810 vel
3100 3754 3358 3827 generale
3383 3768 3607 3818 nomen,
3635 3752 3786 3823 quod

2199 3849 2397 3906 dicitur
2426 3849 2588 3906 homo
2622 3890 2636 3916 ,
2693 3856 2930 3920 quatuor
2961 3847 3160 3904 litteris
3213 3847 3538 3919 explicatur.
3571 3845 3787 3916 Corpus

2199 3959 2412 4015 quoque
2442 3952 2678 4014 quatuor
2705 3941 2987 3998 elementis
3029 3949 3368 3997 exstructum
3395 3981 3410 4005 ,
3442 3937 3786 4010 quaternarii

2197 4038 2413 4092 numeri
2465 4037 2519 4091 in
2551 4052 2607 4092 se
2638 4038 2881 4092 continet
2930 4043 3353 4090 sacramentum.
3385 4032 3559 4103 Ipsius
3613 4031 3786 4086 etiam

2197 4127 2391 4181 animae
2420 4135 2653 4198 quatuor
2687 4141 2804 4183 esse
2834 4121 3147 4182 affectiones
3173 4167 3188 4193 ,
3213 4125 3407 4196 quibus
3438 4123 3520 4178 vel
3543 4126 3610 4178 ad
3632 4123 3786 4178 bona

2199 4220 2422 4286 utimur,
2467 4219 2552 4274 vel
2599 4220 2668 4275 ad
2714 4219 2874 4274 mala.
2911 4218 3152 4284 Quatuor
3199 4218 3354 4272 etiam
3383 4215 3626 4287 ﬂumina,
3662 4229 3788 4288 qua

2197 4313 2260 4369 de
2287 4315 2528 4385 paradisi
2554 4315 2698 4384 fonte
2744 4315 3050 4386 procedunt,
3081 4313 3166 4368 vel
3199 4321 3434 4383 quatuor
3457 4309 3779 4382 Evangelia.

2195 4410 2262 4464 Et
2297 4410 2416 4466 ideo
2442 4411 2670 4466 virtutes
2699 4410 2835 4476 istae,
2865 4423 2984 4481 quae
3023 4415 3233 4464 tantum
3280 4407 3558 4464 continent
3595 4404 3785 4476 perfe-

2196 4501 2392 4557 otionis
2441 4503 2495 4558 in
2531 4517 2791 4568 numero,
2818 4501 3047 4557 Sollicite
3097 4499 3445 4556 considerare
3491 4498 3784 4564 debemus,

520 4577 682 4645 pheta
709 4579 1028 4680 cantamus:
1056 4579 1342 4641 Fortitudo
1389 4603 1505 4644 mea
1535 4601 1583 4644 et
1623 4592 1738 4650 laus
1767 4612 1880 4650 mea
1909 4596 2093 4651 Domi-
2117 4617 2170 4680 Β
2195 4604 2455 4665 quantam
2492 4597 2834 4651 sanctitatem
2872 4593 3154 4651 conferant
3188 4594 3370 4649 animo
3417 4591 3738 4649 Christiano
3766 4604 3785 4644 :

520 4684 642 4734 nus,
688 4680 735 4724 et
771 4671 940 4740 factus
971 4686 1044 4729 est
1071 4676 1199 4731 mihi
1224 4679 1280 4732 in
1309 4678 1530 4736 salutem
1557 4683 1870 4741 :Fortitudo
1908 4699 2092 4746 nostra

512 4768 614 4850 est,
641 4761 767 4830 quia
816 4763 890 4818 ita
929 4781 1026 4821 nos
1055 4775 1243 4824 contra
1288 4772 1468 4827 omnia
1511 4775 1642 4829 vitia
1681 4777 1881 4832 invicta
1911 4792 2092 4850 prote-

2195 4695 2249 4742 et
2294 4702 2454 4756 quam
2485 4686 2620 4741 nihil
2669 4686 3020 4758 profectionis
3067 4695 3305 4756 unquam
3357 4685 3417 4740 lit
3453 4685 3501 4751 δ,
3534 4683 3688 4755 quod
3728 4681 3786 4737 in

2193 4779 2313 4834 istis
2337 4779 2627 4834 virtutibus
2650 4796 2756 4835 non
2782 4781 2860 4835 fit.
2886 4779 3020 4836 Nam
3048 4779 3092 4835 si
3119 4779 3406 4853 prudentia
3427 4777 3784 4850 prudentem,

510 4848 692 4946 ctione
725 4853 1064 4924 corroborat,
1094 4870 1152 4914 ut
1203 4860 1446 4917 animum
1475 4875 1721 4921 nostrum
1762 4883 1864 4925 nec
1892 4848 2088 4928 blanda
2185 4873 2398 4946 justitia
2429 4873 2637 4942 justum
2662 4914 2677 4940 ,
2708 4876 3062 4946 temperantia
3090 4848 3483 4946 temperantem
3528 4867 3683 4936 facit,
3714 4881 3787 4924 eo

509 4939 822 5009 dissolvant,
856 4962 955 5002 nec
991 4949 1218 5006 adversa
1251 4952 1537 5022 dejiciant;
1589 4965 1642 5013 et
1668 4966 1796 5014 tunc
1843 4959 1961 5016 laus
1990 4978 2087 5018 no-

509 5043 620 5088 stra
659 5035 916 5095 Dominus
946 5041 1029 5108 fit,
1060 5045 1106 5099 si
1131 5061 1242 5100 non
1273 5057 1378 5102 nos
1402 5049 1468 5105 de
1497 5053 1814 5110 muneribus
1839 5054 1955 5121 Dei,
1989 5057 2085 5113 sed

509 5123 688 5181 divina
719 5129 772 5182 in
802 5131 958 5188 nobis
985 5135 1267 5205 cupiamus
1290 5153 1516 5196 munera
1540 5145 1844 5213 praedicari.
1873 5147 1941 5202 Et
1979 5150 2085 5206 uti-

508 5225 619 5287 que
647 5222 814 5277 animi
839 5223 1100 5284 fortitudo
1135 5239 1242 5284 tam
1279 5232 1602 5302 despcrandi
1623 5237 1889 5309 ignaviam
1931 5241 2086 5297 debet

508 5319 763 5403 exemere
811 5329 974 5385 quam
1011 5318 1290 5388 iactantiae
1331 5328 1620 5382 contraire.
1653 5327 1678 5368 ἀ
1702 5330 1770 5385 Et
1807 5333 1935 5403 quid
1981 5335 2084 5391 hac

506 5398 824 5464 fortitutﬁn'e'
854 5409 1047 5470 melius
1073 5425 1171 5481 est,
1202 5427 1366 5488 quam
1389 5417 1662 5477 diabolum
1701 5398 1938 5493 vincere,
1966 5443 2083 5486 om-

580 5575 918 5662 :Hucusque
939 5602 1006 5640 ex
1041 5585 1312 5662 Prosper"
1339 5606 1456 5662 cap.
1482 5590 1574 5648 22.

578 5642 607 5736 ξ
632 5642 919 5736 ﬂuensque
944 5672 1005 5708 ex
1043 5642 1326 5736 fros'per.’,
1685 5664 1777 5721 26.

584 5725 606 5806 ξ
635 5715 922 5806 ﬂuensque
944 5744 955 5772 θ
981 5743 1007 5776 x
1040 5715 1325 5806 grosperr,

577 5783 609 5874 ς
638 5783 926 5874 [lucusque
951 5812 1015 5848 ex
1046 5783 1262 5874 Prost

586 5867 609 5898 ο
639 5856 929 5933 ﬂuensque
975 5881 1038 5920 ex
1088 5856 1301 5943 PH;qu
1336 5856 1446 5928 lib;
1484 5856 1733 5934 intrii—ita:
1775 5883 2092 5957 contempl.,

2191 4965 2337 5037 quod
2362 4966 2677 5036 prudenter,
2717 4974 2770 5022 et
2792 4965 2959 5037 juste,
3005 4976 3062 5023 et
3087 4965 3324 5034 fortiter,
3355 4983 3418 5022 ac
3463 4971 3786 5036 temperan-

2193 5067 2279 5114 ter
2305 5060 2436 5131 agit,
2461 5059 2592 5115 nihil
2615 5060 2861 5130 estquod
2881 5060 3056 5131 possit
3086 5074 3207 5116 esse
3232 5057 3524 5130 perfectius
3553 5059 3598 5110 ῖ.
3628 5054 3784 5124 Qua-

2192 5161 2414 5223 propter
2443 5153 2586 5208 sicut
2625 5169 2687 5208 ex
2719 5151 3110 5210 elementorum
3153 5169 3382 5209 numero
3429 5143 3783 5224 quaternarii

2193 5259 2455 5317 compago
2483 5245 2690 5311 mundi,
2719 5259 2819 5300 nec
2853 5262 2961 5300 non
2986 5253 3043 5301 et
3084 5259 3316 5317 corpora
3347 5244 3587 5299 humana
3609 5239 3784 5314 perii-

2191 5336 2430 5403 ciuntur,
2468 5336 2663 5407 quibus
2709 5336 2895 5390 insunt
2922 5351 3074 5392 venae
3105 5377 3120 5404 ,
3148 5334 3413 5408 nervique
3436 5375 3452 5402 ,
3482 5349 3548 5389 ac
3573 5340 3784 5389 caetera

2191 5427 2436 5500 corporis
2462 5423 2648 5500 [Forte
2671 5425 2906 5501 corpori]
2934 5426 3124 5494 utilia;
3157 5427 3234 5485 ita
3264 5425 3646 5501 principalium
3669 5439 3784 5482 nu-

2134 5613 2137 5618 '
2190 5618 2307 5674 cap.
2336 5602 2420 5657 19.

2271 5674 2294 5751 ς
2321 5673 2611 5751 §equentia
2639 5691 2706 5732 ex
2731 5673 2952 5751 Prosp.,
2977 5675 3140 5751 _i_bgid.,
3164 5693 3284 5751 cap.
3315 5678 3406 5751 l8.

2270 5747 2295 5822 fi
2317 5743 2615 5822 §equentia
2642 5763 2706 5806 ex
2730 5743 2945 5822 Prosp.,
2974 5743 3134 5816 ωας
3157 5743 3282 5822 cap.
3314 5749 3404 5807 18.

2266 5816 2291 5855 ιι
2317 5815 2528 5887 Druso,
2557 5835 2774 5887 usquam
2796 5815 2885 5872 sit.

2276 5887 2288 5923 ί
2335 5885 2718 5962 ﬂuensque—cx
2749 5889 2967 5962 Prosp.,
2995 5903 3118 5965 cap.
3148 5890 3242 5949 18.
