4022 6450
477 371 586 478 eis

1477 395 1874 456 HALITGARII
1910 396 2216 461 EPISCOPI
2254 391 2778 456 CAMERACENSIS

3645 397 3760 461 680

477 513 611 573 tiam
641 511 892 568 volumus
944 511 1246 568 subveniri.
1280 510 1453 578 Quam
1506 511 1758 579 formam,
1807 519 1863 567 et
1911 511 2055 566 circa
2082 512 2138 574 Α
2159 518 2364 566 tantem
2393 512 2508 582 ejus
2542 521 2811 584 praecepto
2842 506 3193 568 reconciliare
3217 529 3230 567 :
3251 526 3411 583 quam
3445 527 3559 570 rem
3585 513 3761 575 debe—

477 603 755 668 mulieres,
784 617 904 673 quae
934 616 993 658 se
1021 609 1146 672 post
1169 601 1547 672 paenitentiam
1576 602 1773 657 talibus
1806 599 2062 672 pollutio-

478 697 641 753 nibus
664 695 1046 762 devinxerunt,
1075 695 1397 751 servandam
1435 710 1557 752 esse
1579 710 1884 752 censemus.

1086 807 1316 869 CAPUT
1365 808 1461 864 IX.

481 901 561 966 De
594 902 820 957 remedio
848 898 1181 984 paenitentia,
1205 911 1253 956 et
1273 901 1690 985 quod_absolutio
1710 902 2066 985 paenitentiam

552 990 645 1097 pe;
667 989 920 1112 mixtuum
943 973 1324 1043 impositionem
1353 973 1717 1045 episcOporum'
1731 973 2068 1045 supplicatio-

556 1061 610 1098 m
650 1060 709 1096 us
777 1052 853 1098 at.

558 1146 586 1177 ι
625 1134 722 1191 His
755 1145 956 1202 autem,
1005 1137 1098 1207 qui
1145 1136 1202 1192 in
1242 1144 1484 1208 tempore
1523 1137 1864 1194 necessitatis
1910 1145 1965 1192 et
2009 1137 2066 1191 in

483 1227 738 1300 periculis
781 1228 1022 1300 urgentis
1063 1228 1356 1294 instantiae,
1396 1228 1706 1298 praesidium
1735 1227 2067 1299 poenitentiae

481 1327 541 1375 et
583 1335 707 1375 mox
752 1319 1206 1376 reconciliationis
1255 1318 1588 1389 implorant:
1620 1335 1722 1376 nec
1767 1317 2068 1375 satisfactio

483 1410 856 1467 interdicenda
885 1419 991 1478 est,
1025 1426 1129 1467 nec
1155 1411 1527 1467 reconciliatio
1555 1411 1897 1484 deneganda;
1939 1412 2069 1482 quia

478 1505 870 1562 misericordiae
903 1505 1002 1562 Dei
1032 1521 1135 1562 nec
1171 1521 1485 1562 mensuram
1518 1521 1806 1577 possumus
1843 1519 2069 1578 ponere,

475 1613 586 1656 nec
613 1609 856 1671 tempora
887 1598 1143 1665 delinire,
1177 1600 1318 1670 apud
1350 1614 1513 1670 quem
1537 1599 1712 1655 nullas
1746 1599 1950 1671 patitur
1977 1615 2072 1657 ve-

475 1691 604 1747 nire
626 1705 813 1748 moras
839 1691 1144 1756 conversio,
1173 1690 1388 1746 dicente
1423 1689 1520 1746 Dei
1563 1689 1768 1761 Spiritu
1805 1703 1904 1759 per
1935 1688 2072 1745 Pro-

475 1782 701 1853 phetam
725 1800 739 1837 :
764 1781 897 1838 Cum
925 1798 1204 1837 conversus
1236 1782 1573 1873 ingemueris,
1603 1791 1725 1836 tunc
1745 1779 1921 1835 salvus
1942 1782 2068 1836 eris.

2164 618 2288 660 mus
2311 603 2512 660 salubri
2541 602 2769 660 concilio
2794 603 3071 660 roborare.

2754 720 2981 778 CAPUT
3017 721 3152 778 XIII.

2435 811 2516 866 De
2540 822 2768 884 tempore
2802 813 3123 870 remissionis
3143 817 3484 885 pmnitentiae.

2242 936 2268 970 ο
2322 927 2398 981 De
2420 925 2808 996 paenitentibus
2835 935 3013 983 autem
3041 928 3157 998 qui,
3184 929 3298 984 sive
3320 943 3389 986 ex
3413 929 3765 1000 gravioribus

2168 1017 2496 1085 commissis,
2536 1018 2651 1073 sive
2689 1034 2754 1074 ex
2796 1018 3090 1076 levioribus
3124 1020 3501 1092 penitentiam
3538 1033 3762 1095 gerunt,

2168 1112 2215 1168 si
2249 1111 2396 1167 nulla
2424 1113 2746 1168 interveniat
2775 1114 3056 1186 aegritudo,
3096 1115 3285 1186 quinta
3323 1115 3460 1173 feria
3500 1126 3635 1174 ante
3669 1118 3747 1175 Pa

2169 1203 2301 1258 scha
2327 1203 2407 1258 eis
2433 1204 2816 1260 remittendum
2843 1205 3100 1262 Romanae
3135 1207 3392 1266 Ecclesia:
3419 1213 3764 1269 consuetudo

2169 1295 2524 1351 demonstrat.
2577 1294 2846 1353 Cancrum
2894 1299 2960 1354 de
2996 1300 3234 1371 pondere
3271 1302 3600 1359 testimando
3639 1304 3760 1360 deli

2169 1393 2382 1441 ctorum
2425 1387 2724 1446 sacerdotis
2748 1396 2834 1442 est
2855 1387 3124 1458 judicare,
3153 1400 3214 1445 ut
3246 1393 3498 1448 attendat
3535 1394 3608 1449 ad
3644 1399 3746 1450 con

2169 1474 2461 1534 fessionem
2501 1478 2843 1549 paenitentis,
2887 1488 2943 1536 et
2981 1481 3050 1536 ad
3088 1479 3246 1538 ﬂetus
3292 1492 3456 1554 atque
3493 1483 3765 1556 lacqmas

2172 1569 2512 1640 corrigentis,
2548 1577 2728 1624 actum
2763 1569 2957 1642 jubere
2991 1571 3210 1640 dimitti,
3251 1588 3375 1628 cum
3405 1575 3605 1630 viderit
3636 1591 3769 1631 con-

2172 1679 2364 1737 gruam
2414 1664 2860 1721 satisfactionem.
2921 1665 3063 1722 Sane
3110 1667 3157 1725 si
3203 1667 3326 1738 quis
3383 1669 3765 1741 aegritudinem

2173 1754 2446 1822 inciderit,
2474 1764 2636 1827 atque
2671 1773 2843 1828 usque
2883 1758 2950 1812 ad
2990 1759 3423 1830 desperationem
3459 1761 3765 1829 devenerit,

476 1848 552 1930 iit
599 1876 727 1931 alibi
751 1895 764 1930 :
787 1876 885 1932 Dic
926 1877 1223 1948 iniquitates
1257 1848 1375 1930 tuas
1421 1858 1605 1947 prio'r,
1647 1885 1707 1931 ut
1733 1876 2065 1948 justiﬁceris.
2097 1874 2147 1937 B
2174 1848 2224 1903 ei
2260 1855 2346 1948 es}
2385 1856 2509 1948 ³¹ξιθ
2548 1857 2757 1920 tempus
2792 1849 3014 1948 Ρθξίῖδπ
3045 1851 3399 1948 ξ’ἒιθιξληὼιω
3424 1893 3440 1922 ο
3471 1870 3544 1911 ηε
3566 1856 3635 1912 de
3664 1857 3765 1914 hoc

474 1961 634 2030 Item,
659 1966 781 2038 quia
809 1967 948 2037 apud
971 1966 1250 2021 Dominum
1273 1967 1633 2021 misericordia
1656 1976 1754 2033 est,
1782 1977 1832 2021 et
1860 1969 2070 2039 copiosa

475 2055 625 2125 apud
665 2054 834 2110 Deum
875 2056 1178 2127 redemptio.
1231 2055 1288 2110 In
1333 2056 1711 2127 dispensandis
1751 2057 1936 2128 itaque
1972 2057 2071 2114 Dei

475 2145 641 2202 donis
667 2161 777 2202 non
803 2146 1063 2203 debemus
1101 2161 1222 2203 esse
1262 2145 1526 2214 dilIiciles,
1573 2162 1676 2204 nec
1713 2163 1772 2205 se
1810 2163 2070 2205 accusan-

477 2239 620 2293 tium
671 2239 903 2309 gemitus
945 2239 1325 2312 lacrymasque
1366 2240 1636 2313 negligere
1662 2283 1676 2308 ,
1725 2257 1850 2298 cum
1897 2242 2071 2313 ipsam

474 2329 775 2406 paenitendi
803 2329 1143 2385 affectionem
1172 2345 1238 2384 ex
1264 2329 1360 2385 Dei
1388 2331 1675 2386 credamus
1715 2331 2071 2401 inspiratione

475 2428 790 2476 contentam
808 2463 824 2488 ,
849 2420 1061 2477 dicente
1088 2421 1347 2491 Apostolo
1373 2439 1384 2475 :
1412 2421 1496 2476 Ne
1523 2421 1659 2492 forte
1681 2422 1768 2476 det
1795 2422 1901 2477 illis
1927 2422 2070 2478 Deus

475 2513 862 2584 paenitentiam,
891 2524 948 2569 ut
979 2514 1285 2586 resipiscam
1327 2533 1360 2570 a
1400 2514 1598 2570 diaboli
1636 2514 1860 2588 laqueis,
1895 2533 1928 2570 a
1968 2532 2069 2588 quo

474 2606 670 2677 captivi
697 2616 937 2662 tenentur
964 2607 1033 2662 ad
1058 2609 1222 2679 ipsius
1255 2608 1593 2665 voluntatem.

1095 2716 1324 2773 CAPUT
1378 2718 1448 2774 X.

482 2805 562 2862 De
592 2807 691 2885 his_
712 2808 801 2885 qui
829 2807 1242 2862 communionem
1271 2818 1500 2879 tempore
1527 2812 1712 2866 mortis
1737 2823 2018 2885 exposcunt
2047 2831 2068 2872 :

479 2886 599 2943 aut,
645 2878 691 2930 si
730 2878 1032 2948 desperatus
1066 2887 1114 2932 et
1150 2878 1480 2946 consecutus,
1512 2878 1931 2940 communionem
1965 2883 2067 2941 ite-

548 2963 667 3000 rum
696 2947 1034 3004 convaluerit.

547 3037 577 3078 ὶι
625 3037 702 3092 De
726 3038 811 3093 his
835 3039 927 3110 qui
957 3040 1024 3095 ad
1044 3041 1251 3096 exitum
1291 3043 1551 3112 veniunt,
1591 3044 1757 3102 etiam
1795 3063 1943 3103 nunc
1980 3046 2069 3104 lex

470 3128 702 3198 antiqua
732 3128 1101 3201 regularisque
1128 3133 1462 3189 servabitur:
1480 3135 1555 3191 ita
1579 3144 1639 3191 ut
1660 3137 1703 3192 si
1719 3137 1841 3208 quis
1861 3139 2071 3209 egredi-

471 3226 568 3272 tur
620 3234 880 3290 corpore,
925 3221 1116 3278 ultimo
1143 3233 1198 3277 et
1245 3226 1556 3281 necessario
1589 3227 1799 3284 viatico
1844 3230 2068 3286 minime
2095 3253 2140 3318 ρ

471 3308 737 3380 privetur.
775 3310 928 3379 Quod
955 3313 999 3368 si
1030 3313 1350 3385 desperatus
1378 3324 1434 3371 et
1463 3327 1788 3376 consecutus
1824 3336 2069 3378 commu-

473 3399 717 3469 nionem,
749 3402 1144 3476 oblationisque
1175 3408 1447 3478 particeps
1479 3409 1672 3474 factus,
1712 3411 1907 3467 iterum
1938 3429 2071 3469 con-

475 3489 746 3561 valuerit,
790 3493 851 3549 lit
888 3496 1029 3552 inter
1071 3511 1166 3552 eos
1204 3499 1297 3568 qui
1339 3503 1775 3558 communionem
1804 3504 2070 3563 orationis

477 3586 851 3640 tantummodo
877 3597 1298 3658 consequuntur.
1339 3590 1680 3650 Generaliter
1711 3605 1889 3652 autem
1920 3596 2068 3653 omni

480 3675 703 3732 cuilibet
732 3677 787 3732 in
815 3678 959 3734 exitu
985 3681 1185 3752 posito,
1225 3691 1280 3738 et
1321 3687 1564 3755 poscenti
1601 3687 1703 3745 sibi
1739 3691 2071 3748 communio-

474 3767 563 3822 nis
599 3769 829 3839 gratiam
868 3769 1064 3837 tribui,
1101 3773 1386 3846 episcopus
1423 3779 1779 3848 probabiliter
1814 3797 1883 3838 ea:
1918 3781 2068 3838 obla-

473 3856 625 3912 tione
655 3859 785 3914 dare
813 3860 1047 3917 debebit.

1091 3954 1320 4014 CAPUT
1347 3957 1442 4014 XI.

471 4037 557 4096 De
579 4041 1052 4128 paenitentibusnut
1087 4064 1121 4101 a
1156 4048 1478 4130 presbyteris
1501 4068 1607 4107 non
1641 4056 2062 4128 reconcilientur,

888 4123 989 4170 nisi
1026 4123 1357 4189 prwcipiente
1396 4123 1653 4195 episcopo.

550 4236 573 4265 ο
619 4225 693 4282 Ut
726 4229 1118 4298 paenitentibus
1154 4233 1451 4290 secundum
1496 4237 1853 4296 dill'erentiam
1879 4259 2066 4314 pecca—

469 4327 654 4374 torum
689 4319 923 4390 episcopi
962 4320 1190 4378 arbitrio
1231 4326 1564 4395 poenitentiae
1603 4338 1846 4402 tempora
1879 4335 2065 4390 decer-

469 4419 672 4466 nantur
705 4429 716 4464 :
748 4421 804 4466 et
834 4421 890 4466 ut
929 4413 1212 4486 presbyter
1237 4417 1540 4475 inconsulto
1569 4422 1821 4494 episcopo
1847 4441 1956 4481 non
1983 4442 2066 4482 re-

467 4500 729 4555 c0nciliet
763 4502 1138 4571 paenitentem,
1181 4507 1284 4562 nisi
1323 4511 1566 4572 absentia
1601 4512 1838 4583 episcopi
1877 4529 2065 4573 neces-

2173 1937 2368 1994 saeculo
2399 1939 2604 2010 absque
2626 1941 3005 1998 communione
3030 1942 3289 1999 discedat.

2755 2053 2983 2112 CAPUT
3035 2057 3174 2113 XIV.
3449 2142 3467 2153 ς

2317 2149 2394 2205 De
2435 2150 2798 2206 communione
2841 2152 3081 2222 privatis,
3127 2162 3177 2209 et
3214 2157 3290 2210 ita
3332 2149 3622 2227 defunctis.

2249 2259 2270 2300 ί
2325 2258 2531 2316 Horum
2565 2277 2730 2318 causa
2763 2261 2968 2332 judicio
3000 2267 3326 2323 reservanda
3355 2277 3442 2333 est
3471 2285 3488 2325 :
3519 2271 3577 2327 in
3611 2271 3766 2342 cuius

2172 2373 2336 2414 manu
2367 2359 2496 2427 fuit,
2524 2369 2585 2416 ut
2611 2361 2798 2416 talium
2839 2362 3018 2420 obitus
3057 2380 3228 2435 usque
3262 2367 3330 2422 ad
3365 2370 3767 2426 communionis

2172 2452 2470 2526 remedium
2503 2452 2802 2510 differatur.
2856 2454 2966 2512 Nos
2996 2465 3208 2526 autem,
3235 2459 3434 2529 quibus
3453 2460 3765 2520 viventibus

2171 2559 2283 2600 non
2326 2548 2843 2606 communicavimus
2864 2590 2880 2617 ,
2929 2553 3160 2612 mortuis
3198 2554 3609 2614 communicare
3658 2573 3766 2615 non

2169 2649 2479 2708 possumus.

2170 2819 2248 2877 De
2269 2820 2353 2878 his
2380 2822 2470 2895 qui
2493 2839 2589 2896 pro
2615 2823 2832 2881 diversis
2865 2829 3055 2883 erratis
3079 2828 3456 2900 paenitudinem
3480 2831 3768 2902 ferventius

2805 2907 3104 2969 exegerunt.

2245 3004 2274 3048 ⁸
2321 3006 2396 3062 De
2421 3006 2507 3062 his
2546 3008 2639 3078 qui
2672 3008 2902 3067 diversis
2929 3010 3261 3072 facinoribus
3286 3029 3692 3087 peccaverunt.
3712 3027 3767 3076 et

2169 3105 2582 3166 perseverantes
2614 3099 2670 3152 in
2699 3100 2964 3168 oratione,
3005 3102 3365 3162 confessionis
3406 3118 3463 3164 et
3497 3111 3770 3180 paeniten-

2174 3192 2282 3259 tia),
2316 3194 2728 3251 conversionem
2771 3213 2802 3252 a
2841 3196 2998 3252 malis
3038 3197 3294 3254 omnibus
3322 3199 3570 3256 habuere
3594 3201 3771 3272 perfe-

2172 3293 2318 3339 ctam
2356 3299 2455 3354 pro
2495 3286 2756 3356 qualitate
2793 3287 2996 3354 delicti,
3033 3289 3230 3346 talibus
3263 3291 3603 3361 poenitentiae
3637 3303 3770 3349 tem-
3839 3292 3844 3296 ’

2170 3392 2273 3448 pus
2321 3377 2622 3447 impensum
2668 3389 2891 3450 propter
2933 3381 3275 3439 clementiam
3301 3423 3318 3450 ,
3363 3393 3424 3439 et
3461 3384 3771 3442 bonitatem

2172 3470 2268 3526 Dei
2299 3473 2612 3528 communio
2631 3475 2974 3530 concedatur.

2756 3585 2986 3642 CAPUT
3030 3586 3172 3644 XVI.

2168 3674 2248 3733 De
2271 3675 2512 3750 Epistola
2549 3675 2609 3734 S.
2641 3677 2828 3751 Jacobi
2868 3679 3112 3750 apostoli,
3155 3681 3212 3733 in
3249 3697 3353 3751 qua
3398 3695 3494 3751 pro
3541 3677 3768 3751 inﬁrmis

2478 3765 2632 3804 orare
2656 3750 2984 3821 prtecipitur,
3011 3760 3060 3805 et
3090 3750 3284 3822 ungere
3309 3750 3446 3806 oleo.

2239 3867 2265 3910 ιι
2315 3867 2551 3924 Iacobus
2599 3869 2876 3940 apostolus
2922 3869 3523 3942 scripsitzlnﬁrmatur
3556 3871 3673 3942 quis
3715 3871 3769 3924 in

2167 3961 2307 4018 nobis
2333 3963 2359 4017 ?
2382 3963 2599 4018 inducat
2627 3963 2974 4035 presbyteros,
3015 3974 3066 4020 et
3106 3975 3254 4020 orent
3288 3981 3446 4032 super
3474 3980 3629 4030 eum,
3674 3980 3762 4017 un-

2165 4063 2342 4124 gentes
2377 4070 2496 4108 eum
2535 4053 2649 4110 oleo
2683 4057 2740 4111 in
2779 4057 2987 4111 nomine
3032 4055 3262 4112 Domini.
3312 4055 3380 4111 Et
3420 4056 3590 4110 oratio
3639 4054 3770 4124 ﬁdei

2165 4148 2387 4204 salvabit
2429 4148 2722 4219 inﬁrmum,
2755 4161 2802 4205 et
2838 4151 3112 4205 suscitabit
3154 4149 3305 4206 illum
3346 4148 3623 4203 Dominus.
3673 4147 3773 4216 Et,

2163 4241 2212 4295 si
2231 4240 2287 4295 in
2315 4240 2540 4310 peccatis
2562 4238 2742 4310 fuerit,
2766 4241 3091 4296 remittemur
3114 4242 3181 4296 ei.
3232 4241 3382 4310 Quod
3413 4256 3520 4296 non
3554 4249 3641 4295 est
3680 4243 3772 4296 in-

2165 4329 2387 4387 dubium
2413 4331 2478 4386 de
2509 4330 2757 4389 fidelibus
2778 4332 3166 4404 aegrotantibus
3193 4333 3384 4404 accipi,
3417 4332 3501 4388 vel
3531 4331 3772 4404 intelligi

2165 4423 2381 4480 debere.
2429 4423 2534 4491 Qui
2567 4433 2756 4480 sancto
2792 4424 2912 4480 oleo
2946 4426 3173 4497 perungi
3213 4434 3462 4496 possunt,
3504 4425 3654 4496 quod
3695 4428 3768 4481 ab

2163 4515 2419 4587 episcopo
2457 4516 2802 4584 confectum,
2847 4531 2957 4572 non
2999 4516 3176 4572 solum
3223 4516 3616 4580 sacerdotibus,
3666 4515 3772 4572 sed

467 4591 635 4646 sitate
675 4602 919 4664 cogente.
971 4594 1349 4670 Cujuscunque
1393 4612 1573 4658 autem
1612 4605 1924 4674 paenitentis
1956 4622 2058 4677 pu-
2082 4607 2138 4668 D
2161 4609 2415 4664 omnibus
2441 4609 2629 4679 utique
2653 4607 2977 4666 Christianis
3015 4610 3068 4664 in
3109 4626 3227 4675 sua,
3273 4618 3366 4666 aut
3397 4625 3616 4666 suorum
3667 4625 3772 4666 ne-

468 4681 670 4738 blicum
709 4693 765 4738 et
802 4685 1229 4757 vulgatissimum
1285 4692 1494 4747 crimen
1529 4703 1634 4760 est,
1663 4695 1806 4764 quod
1838 4697 2056 4754 univer-

467 4787 586 4828 sam
628 4773 928 4832 Ecclesiam
960 4780 1330 4846 commoverit,
1361 4791 1486 4839 ante
1512 4783 1756 4841 absidam
1783 4801 1974 4844 manus
2004 4789 2055 4845 ei

467 4877 778 4924 ιεηυοηειιιν

1065 4961 1294 5022 CAPUT
1337 4964 1451 5022 XII.

1061 5053 1138 5109 De
1165 5056 1344 5111 eadem
1373 5075 1446 5112 re.

537 5137 565 5178 ἀ
615 5140 866 5198 Aurelius
893 5146 1178 5216 episcopus
1220 5148 1390 5203 dixit:
1417 5147 1475 5204 Si
1509 5148 1790 5220 quisquam
1834 5149 1889 5205 in
1919 5149 2060 5222 peri-

467 5233 590 5291 culo
618 5234 781 5292 fuerit
816 5241 1163 5306 constitutus,
1192 5248 1247 5295 et
1273 5256 1330 5296 se
1362 5241 1702 5297 reconciliari
1746 5242 1946 5298 divinis
1980 5243 2056 5297 al-

464 5327 675 5384 taribus
721 5330 981 5400 petierit:
1013 5332 1058 5387 si
1099 5333 1385 5402 episcopus
1426 5333 1624 5388 absens
1656 5331 1849 5400 fuerit,
1895 5334 2057 5402 debet

464 5418 653 5489 utique
680 5420 962 5494 presbyter
987 5423 1268 5479 consulere
1295 5423 1627 5495 episcopum,
1653 5434 1708 5480 et
1733 5425 1812 5481 sic
1835 5426 2055 5496 pericli-

534 5568 562 5634 ξ
612 5555 671 5612 In
699 5558 950 5615 decretali
988 5561 1182 5618 Leonis
1213 5578 1387 5634 βψω,
1417 5562 1486 5619 ad
1519 5562 1866 5620 Theodorum
1886 5561 2054 5620 Foro-

455 5625 753 5704 iuliensem
777 5635 1106 5704 episcopum.

535 5701 564 5741 δ
595 5699 685 5777 Ex
704 5699 1203 5777 Concilio'l‘iiceno,
1226 5721 1346 5777 cap.
1377 5707 1468 5762 l3.

533 5783 556 5850 ξ
593 5770 675 5850 ξι
695 5770 934 5850 Concilio
959 5770 1408 5850 Carthaginiensi,
1433 5794 1552 5850 cap.
1587 5779 1676 5838 lo.

529 5843 560 5886 ὰ
596 5841 676 5901 Ex
697 5841 937 5899 Concilio
963 5841 1410 5916 Carthaginiensi,
1446 5841 1564 5921 ca'p.
1599 5851 1653 5905 7.

2164 4699 2419 4754 cessitate
2469 4699 2799 4770 ungendum.
2870 4699 3004 4755 Nam
3053 4701 3258 4758 idcirco
3295 4701 3630 4774 presbyteris
3685 4702 3776 4758 di—

2162 4799 2308 4847 ctum
2331 4798 2435 4857 est,
2463 4791 2589 4862 quia
2611 4791 2848 4863 episc0pi
2873 4792 3321 4862 occupationibus
3342 4791 3462 4848 aliis
3481 4792 3770 4864 impediti,

2159 4883 2230 4940 ad
2257 4899 2444 4940 omnes
2462 4885 2746 4957 languidos
2765 4886 2846 4941 ire
2871 4901 2977 4942 non
3001 4894 3247 4958 possunt.
3280 4883 3547 4943 Ceterum
3572 4886 3616 4941 si
3643 4886 3774 4958 epi-

2157 4990 2355 5048 scopus
2390 4985 2589 5048 potest,
2631 4986 2725 5033 aut
2750 4977 2970 5050 dignum
2999 4978 3148 5034 ducit
3175 4992 3206 5032 a
3233 4993 3293 5033 se
3317 4977 3676 5041 visitandum.
3711 4987 3772 5031 et

2155 5071 2482 5130 benedicere
2507 5115 2523 5142 ,
2571 5083 2626 5130 et
2663 5083 2885 5147 tangere
2922 5075 3217 5131 chrismate
3253 5075 3371 5130 sine
3405 5070 3794 5131 cunctatione

2155 5171 2358 5232 potest,
2379 5164 2532 5234 cujus
2554 5173 2638 5222 est
2663 5165 2842 5237 ipsum
2869 5165 3108 5222 chrisma
3138 5164 3426 5221 conﬁcere.
3462 5162 3599 5219 Nam
3629 5176 3772 5235 pc-

2155 5257 2455 5314 nitentibus
2481 5257 2626 5314 istud
2654 5257 2802 5314 fundi
2830 5274 2936 5314 non
2963 5267 3164 5328 potest,
3186 5258 3313 5329 quia
3347 5270 3519 5330 genus
3547 5265 3636 5312 est
3667 5270 3774 5310 sa-

2158 5349 2442 5405 cramenti.
2483 5348 2620 5404 Nam
2640 5348 2837 5420 quibus
2858 5349 3066 5420 reliqua
3093 5356 3430 5404 sacramenta
3457 5355 3771 5420 negantur,

2157 5441 2426 5512 quomodo
2463 5457 2631 5497 unum
2666 5456 2836 5512 genus
2869 5449 3089 5510 putatur
3113 5454 3272 5511 posse
3297 5437 3576 5497 concedi?

2230 5572 2256 5601 ο
2292 5559 2370 5615 Ex
2402 5557 2654 5615 decretali
2684 5574 2840 5629 papa:
2864 5557 3187 5622 Innocentii,
3213 5571 3340 5629 cap.
3369 5557 3422 5610 'l.

2231 5630 2252 5670 τ
2294 5631 2372 5685 Ex
2404 5632 2562 5702 epist.
2590 5627 2741 5702 papa:
2759 5627 2982 5702 Leonis,
3012 5643 3133 5701 cap.
3163 5627 3257 5702 ξε),

2232 5706 2256 5744 δ
2295 5703 2372 5756 Ex
2396 5698 2636 5758 Concilio
2660 5698 3005 5766 Laodicensi,
3036 5698 3158 5770 cap.
3188 5698 3276 5754 2i.

2230 5776 2260 5817 ιι
2298 5775 2374 5830 Ex
2402 5773 2700 5831 Innocentii
2724 5786 2894 5845 papae,
2929 5785 3052 5844 cap.
3079 5777 3136 5830 8.
