4022 6448
1196 403 1288 464 DE
1321 401 1771 464 PGNITENTIA
1802 403 1986 464 LIBRI
2022 405 2090 463 ν.
2121 395 2204 456 Σὲ-
2233 406 2362 466 LIB.
2400 408 2491 467 Ν.

3370 417 3478 476 682

271 585 274 588 ’
1413 639 1716 719 LIBER
1787 638 2294 734 QUARTUS.

1249 797 1340 861 De
1354 797 1608 881 judicio
1635 797 2070 878 paenitentiam
2110 797 2441 863 laicorum.

1687 921 1990 940 ~—

295 980 432 1039 Sane
449 978 577 1054 quia
605 995 672 1038 ne
695 980 863 1038 livore
889 980 1125 1049 invidiae,
1166 989 1224 1038 et
1258 983 1326 1039 de
1367 982 1449 1038 ira
1485 991 1536 1039 et
1577 984 1644 1040 de
1670 984 1797 1056 ,libi-
1821 987 1876 1049 Α
1899 984 2169 1041 oblatione
2209 987 2650 1043 commemoratio
2677 986 2773 1043 flat
2807 1003 2825 1044 :
2866 1005 3044 1063 neque
3081 1007 3206 1049 cum
3244 993 3467 1067 psalmis

230 1075 363 1141 dine,
388 1089 490 1132 nec
518 1089 624 1130 non
653 1076 721 1131 de
747 1074 989 1141 avaritia,
1016 1083 1078 1130 ut
1109 1075 1360 1146 superius
1386 1076 1649 1148 digestum
1684 1084 1790 1144 est,

229 1167 464 1224 oriuntur
502 1167 790 1224 homicidia
818 1185 831 1222 :
858 1177 1024 1232 recte,
1064 1174 1125 1222 ut
1163 1167 1421 1233 arbitror,
1462 1167 1792 1234 censuimus,

225 1256 288 1314 de
313 1257 424 1329 ipso
442 1257 576 1312 vitio
594 1257 825 1330 primum
852 1257 1086 1328 qualiter
1112 1257 1437 1314 sacerdotali
1465 1259 1671 1331 judicio
1703 1275 1795 1315 ca-

225 1347 403 1426 nonice
439 1349 655 1420 penitus
684 1349 756 1406 sit
785 1349 1197 1422 corrigendum,
1231 1350 1536 1407 ostendere.
1583 1349 1662 1407 Ac
1702 1351 1795 1406 de-

224 1439 336 1495 inde
363 1442 656 1497 secundum
677 1441 923 1499 ordinem
949 1443 1202 1499 vitiorum
1237 1443 1312 1498 ita
1344 1443 1642 1499 remedium
1665 1445 1794 1500 sub-

221 1540 468 1602 sequatur
484 1574 499 1599 ,
529 1547 638 1605 quo
663 1532 874 1590 facilius
900 1535 1256 1606 undecunque
1275 1536 1545 1607 pmnitens
1569 1536 1790 1608 purgari

218 1621 456 1692 voluerit,
489 1624 604 1681 sine
632 1625 886 1681 dilatione
916 1625 970 1681 in
996 1625 1223 1698 singulis
1251 1627 1575 1684 inveniatur.

722 1735 950 1794 CAPUT
984 1737 1275 1794 PRIMUM.

528 1825 606 1881 De
635 1826 928 1882 homicidiis
961 1838 1142 1898 sponte
1171 1831 1478 1886 commissis.

285 1927 311 1956 α
336 1915 440 1983 Qui
463 1917 766 1974 voluntarie
796 1919 1146 1975 homicidium
1179 1920 1425 1988 fecerint,
1453 1923 1783 1993 poenitentiae

207 2005 420 2075 quidem
461 2005 665 2080 jugiter
705 2025 763 2065 se
807 2010 1132 2066 submittant
1169 2030 1182 2065 :
1216 2012 1607 2082 perfectionem
1650 2031 1780 2073 vero

208 2094 347 2152 circa
375 2097 504 2154 vitae
532 2099 738 2154 exitum
764 2110 1189 2170 consequantur.

839 2213 1065 2271 CAPUT
1103 2215 1168 2271 Il.

277 2301 354 2358 De
376 2303 458 2360 his
484 2305 575 2377 qui
605 2323 707 2360 non
732 2315 913 2377 sponte
938 2306 1278 2364 homicidium
1300 2311 1687 2368 commiserunt.

266 2395 292 2436 δ
330 2394 406 2453 De
463 2398 770 2457 homicidiis
830 2415 937 2457 non
992 2409 1183 2473 sponte
1237 2403 1574 2472 commissis,
1623 2405 1776 2478 prior

197 2487 400 2557 quidem
445 2491 698 2550 deﬁnitio
733 2501 856 2564 post
885 2503 1203 2564 septennem
1231 2497 1608 2565 paenitentiam
1652 2514 1776 2569 per-

193 2581 486 2640 fectionem
531 2588 788 2660 consequi
835 2588 1112 2660 praecepit.
1160 2587 1408 2646 Secunda
1451 2606 1581 2649 vero
1617 2591 1776 2664 quin-

191 2675 400 2745 quennii
434 2683 658 2749 tempus
681 2679 922 2749 explere.

757 2769 987 2828 CAPUT
1025 2771 1111 2828 Ill.

190 2857 260 2914 De
278 2861 357 2917 his
389 2863 494 2935 qui
523 2873 706 2935 partus
738 2881 860 2946 suos
875 2881 970 2990 ten
980 2865 1330 2935 fornicatione
1353 2868 1574 2926 diversis
1600 2870 1772 2927 modis

816 2951 871 2990 ιη
895 2947 1140 2990 erimunt.

816 2947 1140 2992 interimunt.

255 3021 330 3078 De
372 3024 697 3081 mulieribus
723 3040 845 3095 quae
883 3035 1074 3096 partus
1101 3044 1230 3085 suos
1274 3037 1490 3097 necant,
1520 3033 1607 3087 vel
1647 3048 1770 3104 quae

196 3124 354 3186 agunt
378 3133 566 3174 secum
609 3125 669 3174 ut
693 3126 847 3175 utero
872 3129 1164 3192 conceptus
1203 3125 1499 3182 excutiant.
1531 3129 1769 3200 Antiqua

194 3205 407 3275 quidem
437 3207 684 3265 deﬁnitio
736 3225 908 3281 usque
937 3213 1006 3268 ad
1049 3215 1253 3272 exitum
1298 3219 1424 3274 vitae
1457 3221 1648 3277 eas'ab
1681 3237 1771 3278 ec-

193 3295 353 3354 clesia
385 3307 648 3356 removet.
678 3299 978 3360 Humanius
1012 3315 1193 3362 autem
1222 3324 1366 3365 nunc
1394 3310 1682 3368 deﬁnimus
1710 3320 1770 3366 ut

191 3390 268 3447 eis
327 3393 521 3450 decem
587 3410 852 3451 annorum
906 3407 1118 3470 tempus
1168 3402 1466 3459 secundum
1517 3404 1770 3475 praeﬁxos

189 3483 382 3550 gradus
411 3485 748 3555 poenitentia:
769 3487 1084 3559 largiamur.

807 3581 1038 3639 CAPUT
1074 3583 1164 3640 IV.

315 3670 398 3725 De
425 3671 507 3726 his
533 3673 622 3743 qui
646 3689 816 3728 servos
848 3691 970 3729 suos
994 3684 1143 3731 extra
1164 3677 1403 3749 judicem
1431 3690 1638 3738 necant.

255 3770 277 3800 ε
301 3759 361 3816 Si
387 3761 513 3832 quis
531 3777 747 3818 servum
773 3765 1048 3834 proprium
1070 3767 1187 3823 sine
1212 3770 1543 3826 conscientia
1563 3771 1765 3843 judicis

183 3850 480 3918 occiderit,
530 3857 1104 3925 excommunicatione,
1154 3861 1238 3918 vel
1273 3862 1591 3934 pcenitentia
1618 3865 1766 3922 bien-

184 3943 257 3999 nii
279 3951 497 3999 reatum
524 3944 802 4015 sanguinis
827 3950 1159 4006 emundabit.

807 4034 1034 4094 CAPUT
1073 4039 1135 4095 V.

284 4123 348 4182 Si
369 4125 591 4182 domina
613 4143 706 4199 per
728 4126 898 4182 zelum
925 4129 1174 4186 ancillam
1203 4150 1354 4191 suam
1383 4138 1652 4196 occiderit.

250 4212 278 4253 ά
306 4213 364 4269 Si
397 4231 508 4285 qua
536 4216 737 4272 femina
763 4216 950 4273 furore
974 4220 1078 4275 zeli
1107 4237 1361 4293 accensa,
1390 4226 1618 4299 ﬂagellis
1642 4243 1765 4286 ver-

186 4301 454 4363 beraverit
488 4307 740 4364 ancillam
776 4327 952 4379 suam,
985 4313 1060 4368 ita
1099 4323 1159 4369 ut
1191 4315 1330 4372 infra
1363 4319 1506 4374 diem
1543 4323 1766 4378 tertiun

181 4397 412 4453 animam
449 4399 702 4454 cruciatu
744 4397 1003 4455 ell'undat.
1052 4403 1119 4456 Et
1146 4407 1289 4473 quod
1332 4408 1600 4464 incertum
1653 4412 1762 4478 sit,

116 4471 128 4492 ”
178 4490 483 4558 voluntate,
511 4509 578 4549 an
605 4509 732 4550 casu
775 4495 1056 4550 occiderit.
1097 4471 1492 4566 Si‘voluntatc,
1525 4510 1648 4572 post
1677 4471 1766 4559 se;

176 4592 314 4650 ptem
351 4600 572 4652 annos;
615 4585 661 4641 si
697 4601 847 4653 casu,
885 4601 983 4666 per
1021 4588 1379 4660 quinquennii
1402 4599 1668 4664 tempora,
1697 4611 1764 4652 ac

177 4673 409 4748 legitime
445 4679 775 4752 preuitentia
829 4695 859 4735 a
904 4667 1280 4739 communione
1327 4683 1533 4755 placuit
1587 4688 1760 4744 absti-

178 4768 304 4821 neri.
338 4769 511 4838 Quod
543 4771 588 4825 si
629 4770 768 4826 intra
801 4779 1044 4841 tempora
1071 4773 1368 4831 constituta
1395 4773 1560 4834 fuerit
1605 4779 1759 4835 inﬁr-

179 4863 336 4924 mata,
367 4859 614 4930 accipiat
642 4862 1100 4917 communionem.

799 4955 1024 5012 CAPUT
1064 4956 1150 5012 Vl.

185 5038 280 5120 De_
300 5045 381 5101 his
424 5046 521 5119 qui
563 5046 672 5120 sibi;
703 5064 1012 5120 quacunque
1058 5048 1369 5120 negligentia
1419 5064 1637 5107 mortem
1675 5053 1761 5107 in-

253 5115 449 5200 ferunt’
476 5135 497 5172 :
543 5127 592 5172 et
637 5115 827 5173 de'his
874 5115 962 5189 qui
1012 5115 1274 5190 pro'suis
1331 5122 1608 5178 sceleribus
1656 5141 1759 5195 pu-

249 5197 493 5243 utuntur.

253 5273 517 5333 °Placuit
545 5285 607 5332 ut
636 5277 690 5332 hi
717 5279 808 5348 qui
836 5276 939 5335 sibi
972 5280 1121 5350 ipsis,
1150 5290 1246 5336 aut
1277 5298 1377 5353 per
1405 5283 1630 5350 ferrum,
1663 5297 1759 5344 aut

181 5375 276 5432 per
322 5381 623 5432 venenum,
672 5378 767 5424 aut
810 5386 908 5441 per
952 5372 1347 5443 praecipitium,
1389 5376 1472 5450 vel
1519 5379 1759 5446 quolibet

183 5454 339 5512 modo
391 5457 632 5515 violente
699 5461 942 5516 inierunt
1004 5473 1235 5520 mortem
1281 5483 1295 5520 :
1341 5467 1484 5522 nulla
1542 5469 1648 5526 illis
1699 5471 1755 5526 in

248 5578 274 5645 ξ
311 5567 393 5645 βπ
415 5568 658 5645 concilio
681 5571 991 5645 Ancyrano,
1017 5589 1136 5645 cap.
1164 5576 1259 5632 2i.

247 5635 276 5677 δ
312 5638 371 5714 Ln
392 5635 854 5714 eodemconcilio,
886 5635 1004 5714 cap.
1030 5635 1121 5700 Ξῖ.

248 5715 272 5787 ξ
313 5703 396 5787 ξι
428 5713 659 5787 wncilio
682 5703 994 5787 A_gathens'i,
1025 5731 1147 5787 cap.
1174 5716 1264 5773 35.

246 5773 274 5858 tl
313 5779 397 5858 Ex
437 5784 665 5858 concilio
687 5773 1043 5858 Eliberitano,
1073 5773 1192 5858 cap.
1219 5788 1273 5843 5.

252 5854 276 5887 ⁸
314 5847 399 5907 Et
426 5854 656 5910 concilio
686 5847 1173 5932 Bracareusi,'cap'.
1195 5859 1252 5914 (ὅ.

583 5948 854 6010 Ριτιιοι.
898 5951 1031 6012 CV.

1895 1075 1962 1130 ad
2001 1074 2332 1146 sepulturam
2374 1091 2561 1132 eorum
2609 1078 2869 1134 cadavera
2927 1079 3275 1139 deducantur.
3317 1083 3470 1141 Multi

1893 1165 2058 1221 etiam
2099 1166 2199 1222 sibi
2238 1181 2335 1238 per
2369 1166 2728 1238 ignorantiam
2767 1169 2873 1225 hoc
2907 1181 3256 1241 usurparunt.
3299 1174 3466 1230 Simi—

1893 1255 2019 1312 liter
2055 1267 2112 1312 et
2146 1256 2212 1312 de
2249 1257 2334 1313 his
2370 1257 2574 1328 placuit
2612 1259 2705 1330 qui
2742 1275 2842 1331 pro
2880 1261 2995 1318 suis
3031 1263 3325 1322 sceleribus
3361 1280 3462 1337 pu-

1892 1348 2134 1405 niuntur.

2405 1422 2513 1484 DE
2555 1423 2937 1488 LUXURIA.

2480 1543 2708 1604 CAPUT
2749 1546 2859 1603 VII.

1883 1633 1966 1691 De
2006 1636 2088 1717 his
2122 1628 2211 1708 qui
2254 1637 2588 1717 fornicamur
2628 1640 3088 1707 irrationabiliter,
3123 1643 3183 1717 id
3227 1654 3336 1717 est,
3373 1646 3465 1717 qui

1956 1707 2574 1780 miscentur’pecoribus,
2623 1721 2716 1766 aut
2771 1729 2890 1766 cum
2929 1713 3179 1769 masculis
3219 1707 3467 1786 polluun-

1956 1787 2062 1832 tur.

1959 1869 1980 1909 ί
2010 1871 2087 1927 De
2137 1873 2221 1929 his
2266 1874 2360 1944 qui
2404 1875 2850 1933 irrationabiliter
2897 1879 3098 1934 versati
3146 1889 3304 1948 sunt,
3345 1881 3461 1937 sive

1881 1970 2202 2028 versantur;
2255 1972 2519 2034 quotquot
2565 1975 2691 2021 ante
2734 1967 3055 2022 vicesimum
3103 1985 3306 2024 annum
3354 1971 3463 2028 tale

1880 2053 2084 2109 crimen
2143 2056 2550 2122 commiserint,
2595 2057 2903 2128 quindecim
2955 2061 3108 2115 annis
3151 2063 3358 2117 exactis
3404 2062 3461 2117 in

1875 2143 2197 2214 poenitentia
2246 2146 2682 2203 communionem
2735 2157 3051 2205 mereantur
3117 2149 3452 2207 orationum.

1877 2231 2081 2290 Deinde
2117 2235 2488 2307 quinquennio
2531 2238 2586 2292 in
2621 2239 2726 2294 hac
2763 2241 3144 2297 communione
3173 2244 3456 2310 durautes,

1876 2332 2006 2381 tunc
2034 2327 2250 2382 demum
2287 2329 2576 2385 oblationis
2601 2341 2938 2387 sacramenta
2975 2335 3310 2406 contingant.
3335 2334 3460 2391 Dis-

1879 2411 2116 2477 cutiatur
2147 2429 2330 2480 autem
2361 2431 2416 2479 et
2460 2424 2571 2478 vita
2613 2439 2822 2490 eorum,
2852 2426 3029 2496 qualis
3068 2434 3313 2498 tempore
3339 2441 3459 2500 pm-

1873 2512 2136 2569 nitudinis
2191 2515 2498 2583 exstiterit,
2548 2524 2603 2570 et
2650 2517 2724 2571 ita
2784 2518 3211 2574 misericordiam
3257 2535 3454 2577 conse-

1873 2611 2126 2673 quantur.
2175 2603 2328 2672 Quod
2371 2607 2418 2661 si
2461 2606 2857 2678 inexplebiliter
2889 2609 2974 2665 his
3023 2590 3229 2668 haesere
3268 2612 3455 2668 crimi-

1872 2695 2056 2762 nibus,
2092 2697 2160 2752 ad
2206 2698 2471 2768 agendam
2516 2701 2892 2771 paenitentiam
2934 2702 3199 2773 prolixius
3240 2713 3457 2778 tempus

1873 2786 2172 2844 insumant.
2206 2789 2479 2862 Quotquot
2510 2801 2687 2848 autem
2719 2803 2938 2863 peracta
2969 2796 3158 2868 viginti
3189 2815 3456 2855 annorum

1873 2890 2055 2949 aetate,
2083 2899 2283 2940 uxores
2320 2885 2604 2952 habentes,
2636 2887 2739 2943 hoc
2774 2897 2999 2957 peccato
3035 2891 3273 2961 prolapsi
3304 2900 3450 2958 sunt,

1869 2973 2322 3046 vigintiquinque
2347 2978 2505 3032 annis
2530 2979 2927 3048 paenitudinem
2955 2989 3202 3052 gerentes
3228 2983 3281 3037 in
3311 2998 3456 3038 com-

1871 3069 2130 3125 munione
2182 3071 2548 3142 suscipiantur
2599 3072 2926 3128 orationum.
2979 3073 3039 3129 ln
3095 3090 3233 3146 qua,
3287 3077 3450 3147 quin-

1871 3163 2109 3230 quennio
2147 3164 2529 3234 perdurantes,
2558 3173 2688 3221 tunc
2716 3165 2932 3221 demum
2957 3167 3247 3224 oblationis
3273 3184 3456 3224 sacra-

1871 3261 2054 3309 menta
2098 3257 2420 3327 percipiant.
2455 3255 2610 3323 Quod
2656 3256 2700 3312 si
2743 3263 2798 3312 et
2841 3273 3038 3315 uxores
3071 3259 3353 3326 habentes,
3397 3268 3456 3316 et

1871 3347 2320 3402 transcendentes
2359 3345 2866 3417 quinquagesimum
2907 3364 3110 3403 annum
3144 3351 3336 3415 aetatis,
3379 3351 3450 3406 ita

1873 3425 2226 3509 deliquerint,
2257 3439 2327 3494 ad
2373 3439 2582 3495 exitum
2622 3439 2744 3493 vitae
2779 3441 3174 3497 communionis
3222 3441 3450 3513 gratiam

1873 3535 2292 3600 consequantur.

2427 3621 2654 3679 CAPUT
2692 3622 2825 3678 Vill.

1794 3734 1840 3797 ο
1872 3712 1952 3768 De
1977 3714 2058 3797 his
2096 3713 2187 3797 qui
2223 3714 2282 3797 in
2306 3713 2527 3797 pecudes
2555 3713 2632 3797 rel
2669 3715 2724 3768 in
2737 3715 3032 3797 masculos.
3063 3724 3153 3797 aut
3189 3717 3312 3772 olim
3338 3718 3451 3790 pol-

2030 3783 2129 3838 luti
2159 3792 2300 3850 sunt,
2329 3793 2421 3838 aut
2450 3783 2702 3840 hactenus
2728 3786 2826 3840 hoc
2855 3787 2978 3840 vitio
3007 3786 3296 3844 tabescunt.

1941 3897 1966 3936 ε
1996 3895 2102 3952 Eos
2145 3894 2238 3966 qui
2277 3894 2726 3950 irrationabiliter
2767 3894 3050 3961 vixerunt,
3091 3905 3146 3952 et
3178 3897 3327 3968 lepra
3361 3899 3443 3954 iu-

1867 3985 2001 4041 cesti
2030 3985 2276 4040 criminis
2311 3983 2445 4040 alios
2480 3983 2806 4055 polluerunt,
2843 3987 3100 4056 praecepit
3127 3996 3312 4042 sancta
3357 4004 3445 4060 sy-

1863 4075 2041 4132 nodus
2079 4076 2224 4131 inter
2251 4090 2348 4131 eos
2387 4089 2547 4132 orare
2575 4077 2666 4147 qui
2710 4077 2906 4148 spiritu
2935 4079 3314 4150 periclitantur
3340 4083 3443 4138 im-

1866 4165 2087 4222 mundo.

2483 4234 2710 4292 CAPUT
2749 4235 2842 4292 ιχ.

1869 4323 1945 4379 De
1972 4325 2052 4380 his
2090 4326 2180 4396 qui
2205 4325 2479 4403 adulteras
2503 4327 2694 4381 habent
2720 4343 2932 4403 uxores,
2967 4328 3044 4383 uel
3079 4331 3125 4386 si
3160 4332 3261 4403 ipsi
3287 4334 3444 4388 adid-

2382 4398 2480 4450 teri
2508 4398 2934 4467 comprobantur.

1936 4485 1965 4525 ιι
1993 4483 2051 4540 Si
2079 4485 2232 4556 cuius
2256 4501 2394 4542 uxor
2421 4487 2722 4543 adulterata
2747 4487 2934 4556 fuerit,
2964 4491 3052 4548 vel
3077 4493 3122 4548 si
3151 4493 3267 4564 ipse
3297 4496 3447 4552 adul-

1867 4579 2061 4634 terium
2117 4581 2478 4649 commiserit,
2529 4593 2735 4655 septem
2794 4603 3061 4644 annorum
3120 4594 3443 4663 ptenitentia

1865 4677 2076 4739 oportet
2115 4687 2239 4727 eum
2273 4673 2659 4744 perfectionem
2691 4681 2968 4750 consequi,
3001 4685 3297 4744 secundum
3330 4689 3445 4761 pri-

1864 4763 2037 4820 stinos
2064 4765 2280 4837 gradus.

2493 4857 2721 4915 CAPUT
2758 4861 2828 4916 Χ.

1863 4942 1941 5000 De
1969 4947 2051 5002 his
2079 4947 2171 5018 qui
2195 4963 2408 5016 uxores,
2437 4958 2529 5003 aut
2567 4967 2684 5075 quq:
2715 4953 2851 5033 viros
2891 4954 3190 5024 dimittunt,
3238 4967 3294 5012 ut
3323 4975 3438 5014 ma-

2517 5036 2652 5075 nean
2703 5038 2799 5075 sic.

2517 5036 2674 5076 neant
2703 5038 2799 5077 διε.

1785 5088 1842 5150 Ῑ)
1945 5110 1962 5150 ί
1995 5109 2209 5166 Placuit
2251 5120 2313 5167 ut
2355 5115 2652 5170 secundum
2681 5118 3046 5190 evangelicam
3085 5128 3142 5176 et
3186 5122 3444 5191 apostoli-

1864 5216 1985 5257 cam
2029 5203 2384 5275 disciplinam,
2413 5221 2590 5277 neque
2633 5209 2890 5266 dimissus
2930 5211 2997 5265 ab
3026 5227 3218 5276 uxore,
3262 5228 3439 5283 neque

1864 5292 2089 5349 dimissa
2135 5312 2165 5351 a
2212 5300 2434 5366 marito,
2470 5299 2625 5355 alteri
2658 5300 3035 5373 conjungatur.
3069 5301 3174 5357 Sed
3205 5304 3281 5357 ita
3327 5320 3441 5358 ma-

1863 5399 2028 5444 neant
2061 5399 2154 5445 aut
2197 5392 2410 5450 sibimet
2450 5397 2887 5451 reconcilientur.
2916 5395 3070 5462 Quod
3108 5397 3156 5452 si
3196 5405 3439 5454 contem-

1860 5482 2088 5552 pserint,
2119 5484 2186 5538 ad
2213 5487 2588 5555 paenitentiam
2619 5489 2953 5555 rediganturt

1940 5590 1963 5665 ξ
2001 5591 2079 5665 Ex
2109 5594 2334 5648 concilio
2360 5595 2664 5665 Ancyrano,
2692 5610 2813 5665 cap.
2839 5594 2925 5650 15.

1937 5662 1963 5734 β
2002 5663 2077 5734 μή
2102 5668 2158 5725 i.,
2189 5680 2308 5734 cap.
2340 5665 2426 5718 16.

1930 5731 1961 5772 Ιι
1999 5733 2155 5795 luid..
2183 5731 2302 5804 Cap.
2335 5735 2419 5790 l8.

1937 5804 1954 5844 ί
1999 5805 2080 5860 Ex
2109 5803 2339 5861 concilio
2363 5803 2643 5874 Africano,
2672 5821 2794 5880 cap.
2821 5806 2909 5868 69.

2951 5961 3033 6026 2'2
