4022 6482
481 449 582 508 685

535 543 538 545 Α
583 541 605 548 ’
1088 555 1314 611 CAPUT
1353 553 1442 608 x1.

485 649 640 719 Quod
683 649 737 702 hi
772 664 862 720 qut
896 646 1243 720 intercedente
1278 644 1493 713 repudio
1519 642 1812 720 diuortium.
1833 638 2061 720 pertule-

1443 431 1838 495 HALI'I'GARII
1879 429 2187 491 EPISCOPI
2226 423 2753 488 CAMERACENSIS

2085 550 2138 612 Α
2161 547 2355 613 lentes,
2383 545 2468 602 vel
2508 545 2725 609 invitas,
2769 543 2824 597 in
2852 539 3200 608 matrimonio
3229 553 3328 595 suo
3371 537 3587 596 sociare
3622 547 3756 596 ten-

3635 417 3753 477 ω

2166 639 2430 707 taveript:
2460 653 2594 708 quos
2622 651 2722 708 pro
2750 644 2861 690 tam
2889 632 3266 689 nefandissimi
3311 631 3562 688 criminis
3600 640 3758 687 atro-

554 730 724 802 runt,
756 709 974 802 aliisque
1014 733 1068 772 se
1089 709 1382 787 junxerunt
1428 715 1641 786 nuptiis,
1686 709 1914 766 adulteri
1953 726 2062 765 esse
2163 733 2326 788 citate
2355 731 2608 802 suspendi
2633 729 2996 801 pmcipimus.

553 799 932 846 monstrentur.

557 899 583 926 ι
613 885 718 954 Qui
758 897 888 939 vero
919 879 1004 937 vel
1033 895 1201 934 uxore
1239 879 1477 944 vivente,
1518 877 1766 947 quamvis
1807 876 2067 932 dissocia-

487 987 606 1041 tum
649 975 895 1037 videatur
941 985 1062 1032 esse
1099 968 1438 1039 coniugium,
1489 967 1560 1030 ad
1604 967 1768 1030 aliam
1814 966 2066 1036 copulam

489 1070 838 1134 festinarunt,
865 1080 1044 1136 neque
1090 1072 1316 1134 possunt
1355 1061 1585 1120 adulteri
1624 1077 1734 1118 non
1767 1061 1979 1119 videri:
2011 1059 2068 1112 in

491 1170 703 1219 tantum
729 1167 790 1216 ut
815 1157 983 1215 etiam
1011 1157 1094 1215 hac
1117 1170 1363 1225 personae.
1401 1155 1598 1225 quibus
1629 1153 1764 1210 tales
1794 1149 2068 1223 conjuncti

491 1261 638 1319 sunt,
669 1251 833 1308 etiam
861 1248 996 1320 ipsae
1034 1246 1360 1306 adulterium
1390 1245 1731 1306 commisisse
1760 1243 2068 1307 videantur,

493 1343 787 1402 secundum
816 1341 958 1412 quod
1003 1339 1232 1411 legimus
1276 1339 1330 1393 in
1361 1337 1654 1408 Evangelio
1681 1355 1692 1390 :
1724 1337 1828 1403 Qui
1856 1333 2074 1394 dimise-

494 1437 567 1492 rit
600 1449 826 1490 uxorem
870 1446 1046 1499 suam,
1078 1439 1135 1486 et
1163 1428 1377 1485 duxerit
1411 1429 1597 1495 aliam,
1628 1429 1955 1483 moechatur.
1989 1425 2074 1480 Si-

493 1528 716 1592 militer,
761 1533 818 1581 et
863 1524 957 1596 qui
1007 1523 1286 1584 dimissam
1334 1523 1584 1592 duxerit,
1634 1521 1961 1576 moechatur.
2007 1518 2076 1572 Et

494 1618 614 1676 ideo
635 1632 826 1676 omnes
849 1632 882 1672 a
910 1614 1289 1676 communione
1327 1611 1563 1672 ﬁdelium
1595 1612 1963 1672 abstinendus.
1999 1609 2078 1666 De

493 1707 813 1780 parentibus
853 1714 1038 1762 autem
1067 1714 1164 1760 aut
1187 1705 1508 1776 propinquis
1533 1719 1744 1768 eorum,
1789 1700 1928 1757 nihil
1971 1699 2077 1755 tale

495 1800 662 1858 statui
685 1806 885 1870 potest,
912 1796 1018 1854 nisi
1051 1795 1358 1853 incentores
1406 1795 1578 1851 illiciti
1621 1793 1882 1851 consortii
1910 1790 2079 1848 fuisse

495 1891 834 1964 detegantur.

1094 1977 1323 2035 CAPUT
1360 1977 1475 2034 XII.

675 2069 782 2138 Qui
821 2085 1040 2126 uxorem
1064 2070 1240 2136 habet,
1269 2077 1316 2124 ct
1345 2068 1504 2125 simul
1533 2067 1899 2124 concubinam.

574 2161 602 2202 δ
631 2163 707 2217 De
749 2176 814 2218 eo
857 2161 950 2232 qui
992 2177 1220 2217 uxorem
1267 2162 1463 2230 habet,
1502 2161 1547 2217 si
1583 2160 1940 2216 concubinam
1983 2158 2083 2215 ha-

498 2253 696 2320 buerlt,
735 2267 846 2309 non
871 2253 1258 2309 communicet.
1291 2251 1560 2308 Caeterum
1586 2252 1632 2308 is
1667 2251 1760 2323 qui
1785 2266 1894 2306 non
1920 2251 2085 2306 habet

499 2359 754 2415 uxorem,
797 2355 855 2406 et
889 2361 990 2419 pro
1027 2361 1199 2404 uxore
1229 2348 1588 2404 concubinam
1631 2346 1818 2412 habet,
1862 2360 1893 2398 a
1935 2358 2082 2399 com-

497 2441 753 2498 munione
784 2456 893 2498 non
928 2441 1240 2514 repellatur.
1267 2443 1501 2498 Tantum
1528 2450 1588 2497 ut
1627 2441 1789 2496 unius
1815 2439 2080 2506 mulieris,

498 2544 593 2592 aut
640 2536 861 2605 uxoris,
907 2545 1000 2592 aut
1049 2537 1401 2605 concubinae,
1452 2546 1510 2592 ut
1559 2537 1608 2592 ei
1660 2533 1969 2610 placuerit,
2014 2533 2086 2588 sit

498 2627 878 2700 conjunctione
913 2639 1220 2688 contentus.
1271 2631 1421 2687 Alias
1456 2647 1586 2686 vero
1630 2629 1819 2684 vivens
1859 2624 2086 2695 abjicia-

501 2727 624 2786 tur,
679 2720 856 2779 donec
907 2720 1125 2777 desinat
1189 2729 1283 2775 aut
1337 2720 1406 2774 ad
1467 2717 1847 2790 paenitentiam
1898 2727 2086 2770 rever-

502 2818 674 2867 tatur.

1096 2901 1326 2959 CAPUT
1364 2902 1496 2959 XIII.

505 2992 566 3050 Si
601 2994 755 3066 cujus
787 3009 928 3050 stator
957 2994 1277 3077 adulterium
1304 2995 1504 3077 fecerit,
1532 3003 1624 3048 aut
1657 2995 1736 3050 vir
1763 2993 1820 3048 in
1857 2993 2089 3049 alienam

1181 3075 1421 3120 srrucrzt.

583 3168 606 3198 ο
641 3155 702 3216 Si
749 3156 904 3228 cujus
939 3173 1081 3214 uxor
1121 3158 1449 3214 adulterium
1495 3155 1726 3222 fecerit,
1772 3165 1866 3214 aut
1899 3157 1986 3213 vir
2032 3157 2090 3220 in

506 3249 740 3310 alienam
763 3251 1007 3319 irrusrit,
1033 3260 1240 3322 septem
1267 3265 1438 3306 annos
1461 3250 1841 3321 pmnltentiam
1869 3258 2013 3324 agat.

1097 3341 1325 3398 CAPUT
1362 3341 1500 3407 XIV.

508 3431 585 3488 Ds
613 3432 698 3490 bis
723 3449 843 3507 qua:
874 3433 1081 3489 duobus
1110 3433 1369 3503 fratribus
1401 3436 1692 3517 nupserim,
1732 3433 1810 3492 vel
1832 3435 1925 3507 qui
1952 3435 2090 3503 duas

892 3522 1121 3572 εοτοτεε,
1152 3522 1342 3560 uxores
1374 3517 1702 3576 acceperint.

579 3598 788 3664 Mulier,
837 3599 883 3654 si
931 3599 1140 3655 duobus
1167 3597 1429 3658 fratribus
1469 3600 1755 3670 nupserit,
1802 3599 2092 3668 abjiciatur

507 3709 680 3766 usque
723 3694 793 3750 ad
821 3701 1071 3752 mortem.
1100 3693 1489 3758 Verumtamen
1519 3695 1576 3756 in
1604 3695 1830 3761 exitum.
1864 3704 2094 3770 propter

508 3790 962 3855 misericordiam,
991 3790 1036 3844 si
1065 3789 1380 3860 promiserit
1408 3791 1574 3861 quod,
1605 3789 1750 3846 facta
1777 3791 2088 3856 incolumis,

510 3879 674 3950 hujus
699 3879 1098 3948 coniunctionis
1136 3879 1316 3936 vincla
1361 3879 1654 3947 dissolvet.
1693 3880 1934 3943 fructum
1975 3895 2094 3950 pte-

510 3969 754 4031 nitentia:
782 3976 1168 4039 consequatur.
1200 3968 1354 4036 Quod
1389 3971 1436 4028 si
1474 3969 1740 4028 defecerit
1773 3970 1969 4031 mulier
1999 3977 2096 4026 aut

509 4060 595 4116 vir
617 4059 674 4114 in
697 4058 892 4122 talibus
913 4057 1138 4130 nuptiis,
1162 4055 1396 4120 dillicilis
1421 4058 1527 4118 erit
1547 4059 1868 4129 pmnitentia
1897 4060 1953 4114 in
1979 4059 2029 4123 vi
2039 4068 2093 4114 ta

511 4149 874 4224 permanenti.

1114 4237 1344 4295 CAPUT
1382 4236 1497 4294 XV.

515 4332 668 4400 Quod
694 4348 799 4390 non
825 4331 981 4388 liceat
1008 4330 1229 4388 alterius
1251 4348 1499 4456 "iussam
1527 4332 1599 4386 ad
1624 4333 1948 4392 matrimonii
1963 4332 2095 4404 jura

1201 4419 1332 4456 sort
1389 4443 1403 4456 .

1201 4419 1403 4458 εονιιη.

591 4497 618 4540 δ
648 4497 724 4553 De
758 4494 1028 4567 coniugali
1063 4505 1244 4551 autem
1273 4497 1542 4552 velatione
1589 4497 1890 4568 requisisti,
1920 4497 1964 4552 si
2004 4498 2095 4552 de-

517 4595 832 4659 sponsatam
856 4587 949 4641 alii
978 4587 1230 4656 puellam,
1253 4587 1392 4643 alter
1423 4588 1476 4642 in
1497 4587 1899 4643 matrimonium
1925 4589 2095 4657 possit

2113 3295 2161 3360 C

2737 837 2965 894 CAPUT
3003 835 3166 893 XVII.

2557 933 2632 989 De
2659 932 2739 990 Itis
2774 932 2862 1010 qui
2894 931 3104 1006 rapiunt
3133 927 3360 1009 puelltltt

2245 1027 2263 1067 ί
2296 1026 2401 1090 Eos
2439 1027 2530 1097 qui
2580 1024 2796 1102 rapiunt
2842 1021 3132 1092 mulieres,
3183 1021 3283 1092 sub
3331 1018 3556 1074 nomine
3598 1017 3762 1084 simul

2168 1117 2446 1175 habitandi
2483 1123 2861 1189 cooperantes,
2897 1122 2993 1168 aut
3033 1112 3381 1170 conviventes
3425 1111 3762 1181 raptoribus,

2170 1210 2411 1266 decrevit
2442 1216 2630 1265 sancta
2660 1205 2897 1279 synodus
2940 1212 3019 1270 ut,
3053 1203 3099 1259 si
3148 1203 3366 1280 quidem
3413 1199 3602 1260 clerici
3635 1202 3762 1270 sint,

2172 1303 2423 1359 decidant
2465 1301 2634 1376 gradu
2665 1297 2918 1370 proprio;
2949 1296 2994 1353 si
3033 1311 3163 1352 vero
3205 1293 3365 1368 laici,
3396 1293 3768 1352 anathemati-

2173 1404 2382 1451 ZBIIIUI‘.

2736 1481 2966 1544 CAPUT
3001 1479 3187 1539 XVIII.

2325 1580 2402 1636 De
2428 1580 2754 1656 desponsatis
2783 1577 2970 1654 puellis
3001 1587 3048 1632 et
3080 1576 3144 1631 ab
3169 1573 3288 1630 aliis
3315 1573 3602 1646 corruptis.

2249 1677 2617 1745 Desponsatas
2653 1671 2883 1744 puellas,
2932 1679 3139 1741 etpost
3180 1667 3248 1724 ab
3289 1667 3412 1723 aliis
3455 1676 3771 1738 corruptas,

2178 1769 2379 1840 placuit
2423 1768 2539 1823 erui
2585 1775 2642 1822 et
2681 1767 2760 1822 eis
2789 1763 2939 1822 reddi
2971 1765 3168 1835 quibus
3210 1773 3370 1832 antea
3411 1761 3634 1816 fuerant
3676 1762 3771 1816 de-

2182 1869 2470 1932 sponsatas,
2503 1859 2719 1916 etlamsi
2755 1859 2836 1916 eis
2865 1873 2895 1913 a
2940 1857 3250 1929 raptorlbus
3277 1857 3360 1913 vis
3388 1855 3545 1912 lllata
3571 1855 3774 1911 constix

2107 1927 2156 1988 Β
2184 1927 2331 2010 terit.

2771 2041 3003 2102 CAPUT
3042 2040 3182 2099 XIX.

2444 2137 2524 2192 De
2551 2135 2842 2208 virginibus
2873 2133 3076 2201 velatis,
3105 2133 3152 2188 si
3177 2127 3524 2188 deviaverint.

2253 2257 2282 2299 ⁸
2303 2255 2467 2320 Item,
2498 2271 2618 2326 qua:
2661 2253 2880 2310 Christo
2925 2249 3241 2323 spiritaliter
3272 2249 3518 2316 nubunt,
3547 2255 3606 2310 et
3633 2263 3666 2301 a
3693 2264 3780 2303 sa-

2183 2349 2400 2405 cerdote
2444 2347 2712 2412 velantur,
2757 2345 2803 2401 si
2841 2354 3030 2417 postea
3069 2343 3153 2398 vel
3201 2341 3415 2414 publice
3459 2341 3780 2413 nupserim,

2181 2443 2269 2500 vel
2293 2459 2352 2498 se
2372 2443 2615 2498 clanculo
2637 2441 2998 2511 corruperint,
3028 2449 3134 2493 non
3155 2452 3248 2493 eas
3271 2435 3641 2491 admittendas
3660 2450 3781 2490 esse

2185 2534 2260 2590 ad'
2281 2535 2543 2608 agendam
2572 2531 2967 2604 paenitentiam,
2995 2529 3099 2584 nisi
3129 2529 3177 2584 is
3214 2527 3300 2583 cui
3327 2539 3386 2582 se
3410 2526 3694 2597 junxerat,
3718 2527 3783 2583 de

2185 2628 2386 2685 mundo
2427 2625 2734 2684 recesserit.
2765 2624 2821 2680 Si
2859 2625 3004 2679 enim
3048 2621 3114 2677 de
3153 2620 3462 2677 hominibus
3493 2620 3612 2674 haec
3647 2618 3783 2674 ratio

2187 2720 2514 2782 custoditur,
2555 2726 2618 2773 ut
2664 2731 3019 2787 quaecunque,
3051 2713 3269 2774 vivente
3301 2712 3443 2776 viro,
3485 2709 3648 2765 alteri
3691 2726 3786 2764 nu-

2185 2812 2380 2883 pserit,
2422 2811 2688 2865 habeatur
2714 2807 3000 2863 adultera:
3039 2819 3139 2860 nec
3175 2803 3226 2859 el
3264 2802 3489 2874 agenda:
3517 2803 3784 2872 poeniten-

2192 2905 2282 2960 tia:
2332 2901 2549 2959 licentia
2581 2901 2930 2967 concedatur,
2975 2898 3079 2956 nisi
3109 2911 3250 2958 unus
3277 2909 3346 2951 ex
3380 2898 3464 2951 eis
3501 2893 3671 2950 fuerit
3699 2895 3786 2949 de—

2189 2998 2445 3056 functus:
2481 3004 2683 3066 quanto
2712 2994 2884 3072 magis
2911 2994 2976 3049 de
3010 2992 3101 3052 illa
3140 2991 3368 3050 tenenda
3394 2997 3483 3046 est
3517 3004 3642 3068 quae
3669 2997 3786 3043 ante

2191 3089 2481 3152 immortali
2508 3105 2565 3146 se
2613 3104 2812 3164 sponso
2844 3087 3226 3168 coniunxerat,
3256 3093 3313 3146 et
3348 3093 3546 3168 postea
3581 3082 3655 3138 ad
3692 3082 3787 3140 hu-

2197 3200 2389 3256 manas
2417 3185 2636 3258 nuptias
2669 3179 3111 3254 transmigravit?

2788 3292 3016 3356 CAPUT
3061 3290 3185 3352 XX.

2393 3392 2473 3458 BQ
2496 3390 2782 3464 uirginibus
2807 3407 2910 3448 non
2935 3389 3138 3455 astatis,
3160 3387 3208 3448 si
3236 3384 3585 3446 dssiaoerint.

2262 3487 2292 3527 ιι
2320 3484 2416 3541 Hae
2465 3499 2598 3540 vero
2636 3499 2755 3554 qua:
2797 3482 3032 3540 necdum
3095 3493 3253 3546 sacro
3292 3476 3562 3537 velamine
3606 3481 3789 3542 tecte,

2194 3591 2375 3638 tamen
2405 3581 2460 3635 in
2487 3579 2765 3651 preposito
2789 3577 3040 3649 virginali
3065 3589 3281 3645 semper
3308 3587 3367 3628 se
3395 3569 3789 3627 simulaverunt

2191 3689 2538 3747 permanere,
2574 3673 2702 3730 licet
2728 3672 2922 3730 velata:
2946 3686 3054 3730 non
3083 3669 3307 3734 iuerint,
3344 3667 3392 3724 si
3421 3665 3567 3722 forte
3593 3677 3792 3733 nupse-

2195 3771 2322 3826 rint.
2371 3768 2468 3832 llis
2515 3768 2791 3840 aliquanto
2841 3774 3086 3836 tempore
3134 3761 3454 3834 pauitantia
3495 3766 3617 3824 est,
3665 3755 3788 3823 quia

2195 3862 2414 3935 sponsio
2441 3862 2560 3933 ejus
2587 3876 2622 3916 a
2645 3859 2878 3920 Domino
2908 3857 3215 3913 tenebatur.

2774 3968 3006 4046 CAPUT
3046 3965 3188 4022 xxr.

2196 4068 2274 4124 De
2316 4068 2398 4122 his
2441 4066 2529 4138 qui
2569 4065 2920 4138 proximisse
2948 4059 3213 4132 copulant,
3253 4065 3311 4113 ut
3356 4073 3388 4111 a
3425 4055 3792 4111 communione

2725 4133 2920 4189 Christi
2943 4140 3265 4202 sepanntur.

2274 4234 2292 4276 i
2328 4229 2464 4286 Nam
2509 4237 2567 4290 at
2598 4229 2716 4286 haec
2759 4225 3052 4282 salubriter
3090 4219 3445 4294 praestanda
3485 4219 3790 4284 sancimus,

2200 4340 2270 4380 ne
2297 4325 2420 4393 quis
2447 4323 2684 4378 ﬁdelium
2704 4320 3064 4391 propinquam
3086 4315 3366 4384 sanguinis
3381 4313 3489 4377 sui,
3505 4325 3794 4382 usquequo

2200 4415 2474 4470 afﬁnitatis
2499 4414 2824 4466 lineamenta
2851 4406 3068 4475 generis
3107 4404 3454 4460 successione
3487 4404 3793 4473 cognoscit,

2201 4507 2258 4561 in
2306 4503 2651 4560 matrimonio
2700 4500 2803 4556 sibi
2868 4499 3138 4554 desideret
3195 4497 3456 4568 copulari.
3519 4497 3796 4563 Quoniam

2202 4598 2464 4667 scriptum
2510 4603 2626 4648 est:
2663 4590 2846 4646 Omnis
2885 4591 3038 4650 homo
3076 4588 3145 4654 ad
3175 4589 3471 4659 proximam
3513 4586 3796 4655 sanguinis

517 4679 766 4749 accipere
801 4697 816 4733 :
853 4678 959 4734 hoc
1003 4693 1072 4733 ne
1121 4680 1215 4732 ﬁat
1258 4679 1434 4733 modis
1473 4679 1724 4738 omnibus
1763 4679 2084 4744 inhibemus,

2199 4691 2282 4745 sui
2313 4661 2432 4742 non
2474 4686 2726 4750 accedat,
2775 4695 2832 4739 ut
2881 4684 3066 4739 revela
3122 4682 3498 4752 turpitudinem
3545 4681 3689 4750 ejus.
3731 4680 3798 4735 Et

515 4773 642 4843 quia
675 4772 764 4828 illa
805 4774 1110 4829 benedictio
1139 4789 1302 4844 quam
1344 4782 1592 4842 nupturae
1637 4775 1893 4830 sacerdos
1923 4775 2096 4844 impo-

517 4866 617 4929 nit,
646 4865 785 4936 apud
815 4863 1000 4919 ﬁdeles
1047 4866 1330 4935 cujusdam
1377 4866 1651 4938 sacrilegii
1683 4867 1857 4922 instar
1895 4875 2014 4934 est,
2047 4867 2094 4923 si

516 4957 625 5013 ulla
656 4956 1085 5029 transgressione
1108 4957 1364 5011 violetur.

1107 5045 1336 5102 CAPUT
1374 5047 1512 5103 XVI.

1097 5134 1172 5189 De
1203 5137 1518 5206 raptoribus.

594 5240 618 5268 ο
644 5228 912 5298 Raptores
935 5226 1104 5300 igitur
1128 5227 1436 5294 viduarum,
1467 5228 1551 5284 vel
1582 5229 1874 5302 virginum,
1903 5232 1971 5287 ob
2004 5233 2097 5286 im-

520 5319 838 5375 manitatem
869 5320 1003 5373 tanti
1057 5317 1329 5383 facinoris,
1383 5319 1739 5387 detestamur,
1785 5323 1904 5378 illos
1936 5324 2101 5377 vehe-

521 5411 756 5465 mentius
799 5411 1171 5480 persequendo
1211 5410 1304 5478 qui
1356 5424 1544 5464 sacras
1572 5411 1833 5482 virgines,
1880 5412 1966 5468 vel
2005 5427 2101 5466 vo-

595 5555 619 5614 ξι
659 5542 714 5614 I_n
745 5542 1296 5614 decretaliilnnocent.
1325 5559 1474 5614 pap.,
1499 5560 1617 5614 cap.
1646 5545 1737 5599 26.

525 5611 956 5745 calli):
989 5613 1267 5679 Toletano,
1295 5611 1414 5685 cap:
1437 5615 1524 5670 8i.
1557 5611 1689 5670 Vide
1717 5615 2013 5672 Berardum
2045 5619 2100 5673 in

596 5766 618 5791 ε
662 5753 740 5807 Ex
770 5753 996 5807 concilio
1023 5753 1356 5812 Bracarensi.

593 5823 620 5865 ἀ
661 5825 741 5879 Ex
765 5825 990 5894 epistola
1019 5841 1169 5894 papa:
1197 5824 1376 5894 Siricii
1405 5826 1471 5880 ad
1497 5823 1795 5883 Himerium
1833 5817 2098 5884 Tarraco-

525 5913 744 5953 ncnsem
771 5893 1106 5965 episcopum,
1135 5909 1255 5965 cap.
1280 5893 1316 5947 ι

2201 4785 2397 4838 iturum
2425 4793 2439 4833 :
2468 4778 2659 4833 Anima
2685 4793 2802 4847 qua:
2848 4777 3026 4846 fecerit
3071 4775 3338 4846 quippiam
3367 4791 3431 4828 es
3465 4774 3600 4837 istis,
3647 4773 3798 4840 peri-

2203 4876 2272 4932 bit
2295 4875 2358 4928 de
2384 4872 2552 4926 medio
2595 4868 2773 4940 populi
2803 4869 2906 4922 sui.
2939 4866 3083 4922 Sane
3120 4865 3316 4936 quibus
3343 4862 3656 4931 coniunctio
3689 4860 3798 4916 illi~

2204 4970 2312 5024 cita
2340 4963 2702 5027 interdicitur,
2727 4963 3004 5017 habebunt
3031 4958 3252 5014 ineundi
3289 4955 3529 5012 melioris
3592 4954 3797 5024 conju-

2202 5059 2277 5130 gii
2304 5058 2631 5113 libertatem.

2773 5141 3001 5197 CAPUT
3043 5140 3212 5196 XXII.

2629 5233 2688 5287 S.
2714 5231 2995 5303 Gregorius
3017 5231 3081 5284 de
3111 5229 3342 5286 incestis.

2278 5327 2336 5383 Si
2359 5327 2480 5398 quis
2505 5327 2842 5386 monacham,
2869 5339 3029 5394 quam
3071 5322 3166 5377 Dei
3212 5320 3460 5377 ancillam
3489 5318 3777 5391 appellant

2207 5423 2260 5477 in
2287 5422 2535 5494 conjugio
2565 5418 2802 5484 duxerit,
2827 5418 3114 5471 anathema
3142 5416 3228 5472 sit.

2282 5571 2306 5598 θ
2346 5557 2426 5629 Ex
2453 5556 2793 5629 epist.‘_papa:
2819 5549 3155 5629 Symmachi.

2285 5629 2305 5667 ί
2347 5628 2425 5699 Ex
2453 5617 2678 5699 concilio
2706 5617 3156 5699 Chalcedonelr'si,
3186 5634 3306 5699 cap.
3330 5617 3414 5684 27,

2284 5701 2309 5739 8
2345 5695 2642 5752 Innocentii
2677 5709 2845 5764 papae,
2876 5709 2996 5763 cap.
3023 5685 3115 5764 2i.

2277 5770 2306 5809 h
2335 5768 2404 5840 _ln
2431 5768 2622 5840 eodem
2647 5760 2898 5840 concilio,
2927 5760 3045 5840 cap.
3073 5760 3162 5815 20.

2284 5841 2301 5879 ί
2335 5837 2391 5892 In
2416 5837 2643 5892 concilio
2672 5833 2948 5890 Toletauo.
