4022 6448
241 401 336 464 085

235 614 505 671 anathema
533 612 625 666 sit.

299 705 354 762 Si
391 703 511 773 quis
536 701 719 758 fratris
744 717 968 760 uxorem
1014 703 1230 759 duxerit
1271 702 1327 757 in
1365 699 1637 772 coniugio,
1665 715 1795 766 ana—

234 799 401 854 thema
431 795 501 850 sit

298 887 350 943 Si
393 886 513 956 quis
556 893 768 957 neptem
813 887 1032 943 duxerit
1070 887 1123 942 in
1165 885 1445 958 conjugio,
1501 885 1792 940 anathema

231 981 314 1036 sit.

293 1072 346 1126 Si
374 1071 493 1141 quis
529 1085 836 1138 novercam,
886 1079 977 1126 aut
1033 1086 1232 1126 nurum
1280 1085 1432 1126 suam
1493 1069 1708 1125 duxerit
1736 1068 1791 1124 in

228 1162 486 1234 coniugio,
513 1163 798 1218 anathema
824 1163 909 1217 sit.

292 1254 344 1308 Si
371 1254 489 1323 quis
518 1253 583 1308 de
607 1253 820 1328 propria
845 1253 1184 1324 cognatione,
1224 1250 1310 1308 vel
1341 1267 1502 1322 quam
1529 1259 1791 1323 cognatus

226 1346 423 1410 habuit,
451 1346 668 1402 duxerit
696 1331 748 1400 in
775 1345 1055 1417 conjugio,
1075 1347 1365 1401 anathema
1390 1345 1478 1400 sit.

291 1437 344 1492 Si
373 1437 493 1508 quis
519 1437 735 1492 viduam
777 1437 985 1492 furatus
1009 1437 1174 1494 fuerit
1199 1438 1255 1492 in
1279 1453 1523 1502 uxorem,
1552 1437 1637 1492 vel
1661 1452 1790 1496 con-

222 1531 569 1592 sentientibus
589 1531 970 1610 ei,vanathema
994 1531 1083 1588 sit.

285 1620 341 1678 Si
393 1622 516 1692 quis
564 1623 866 1694 virginem,
917 1623 1024 1684 nisi
1077 1623 1519 1695 desponsaverit,
1579 1623 1792 1680 furatus

218 1714 377 1772 fuerit
405 1714 461 1772 in
491 1730 736 1782 uxorem,
767 1715 852 1781 vel
890 1716 1356 1773 consentientibus
1393 1717 1462 1781 ei,
1503 1715 1788 1776 anathema

217 1807 303 1862 sit.
837 1833 843 1838 μ

279 1900 338 1956 Si
384 1902 508 1972 quis
561 1901 765 1967 ariolis,
817 1901 1175 1972 aruspicibus,
1229 1902 1313 1957 vel
1361 1885 1866 1957 incantatoribusB

209 1994 594 2060 observaverit,
621 2001 715 2052 aut
737 1993 1070 2066 pbylacteria
1117 2009 1247 2052 usus
1280 1993 1460 2060 fuerit,
1493 1995 1781 2049 anathema

211 2093 294 2140 ω’
759 2151 988 2226 CAPUT
1027 2153 1214 2210 xxm.

767 2245 846 2316 De
875 2245 1200 2304 multinubis.

172 2347 175 2351 ’
275 2373 300 2402 ι
325 2361 398 2416 De
439 2360 528 2416 his
569 2360 660 2430 qui
714 2359 769 2413 in
818 2358 1079 2430 plurimas
1123 2358 1340 2429 nuptias
1365 2358 1690 2425 inciderunt,
1727 2364 1786 2413 et

205 2461 407 2524 tempus
433 2454 656 2524 quidem
676 2452 1020 2523 praeﬁnitum,
1043 2451 1390 2518 manifestum
1411 2461 1515 2516 est,
1540 2452 1634 2507 sed
1654 2466 1783 2506 con-

200 2544 425 2601 versatio
458 2557 669 2611 eorum,
691 2551 747 2602 et
776 2542 928 2608 ﬁdes,
963 2551 1018 2598 et
1048 2551 1263 2616 tempus
1281 2543 1582 2612 abbreviat.

759 2653 987 2710 CAPUT
1025 2653 1218 2710 XXIV.

540 2751 617 2807 De
643 2751 1015 2823 questionibus
1042 2751 1431 2822 conjugiorum.

261 2865 361 2936 Qui
395 2866 465 2922 in
513 2865 861 2920 matrimonio
890 2870 1034 2930 sunt,
1065 2863 1237 2918 tribus
1281 2862 1534 2918 noctibus
1567 2875 1633 2916 ac
1661 2860 1779 2916 die-

196 2959 292 3015 bus
317 2958 636 3022 abstineant
663 2972 722 3014 se
751 2972 782 3012 a
808 2955 1204 3026 conjunctione,
1227 2963 1514 3024 antequam
1539 2967 1781 3008 commn-

201 3049 398 3105 nicent.

266 3141 363 3212 Vir
410 3140 683 3198 abstineat
726 3155 784 3197 se
820 3139 890 3196 ab
929 3155 1099 3197 uxore
1142 3154 1238 3195 sua
1269 3137 1624 3208 quadraginta
1667 3135 1779 3190 die-

197 3227 294 3288 bus
337 3244 466 3292 ante
494 3232 701 3289 Pascha
739 3233 794 3287 in
836 3241 1058 3289 octavas
1087 3231 1328 3287 Pascha.
1361 3229 1490 3284 Inde
1536 3227 1612 3282 ait
1637 3227 1778 3296 Apo-

197 3325 385 3392 stolus,
432 3333 488 3380 ut
521 3327 706 3380 vacetis
739 3325 982 3380 orationi.
1035 3323 1227 3379 Mulier
1274 3331 1387 3377 tres
1433 3335 1650 3376 menses
1693 3319 1780 3373 de-

195 3415 283 3472 bet
309 3433 368 3473 se
399 3417 673 3473 abstinere
703 3434 730 3472 a
777 3417 895 3470 viro
940 3432 1060 3481 suo,
1092 3415 1309 3486 quando
1343 3411 1610 3481 concepit,
1654 3418 1780 3464 ante

193 3518 432 3584 partum.
485 3512 551 3567 Et
585 3519 726 3583 post,
760 3519 1000 3581 tempore
1032 3508 1388 3580 purgationis,
1429 3506 1530 3559 hoc
1571 3511 1673 3566 est,
1710 3501 1779 3554 40

192 3603 386 3658 diebus
416 3610 475 3658 et
497 3601 764 3665 noctibus,
792 3601 906 3655 sive
926 3598 1248 3663 masculum,
1275 3597 1388 3652 sive
1410 3593 1665 3649 feminam
1687 3605 1780 3660 ge-

191 3694 397 3748 huerit.

661 3763 766 3823 DE
807 3756 1307 3829 SACRILEGIO.

757 3881 989 3938 CAPUT
1030 3879 1196 3940 XXV.

499 3977 576 4032 De
601 3977 682 4032 his
709 3977 797 4049 qui
828 3976 1173 4033 divinationes
1203 3984 1468 4046 expetunt.

260 4094 289 4133 ιι
319 4091 425 4160 Qui
460 4089 820 4146 divinationes
845 4096 1125 4158 expetunt,
1174 4096 1266 4143 aut
1298 4102 1448 4144 more
1493 4084 1775 4159 gentilium

196 4184 620 4252 subsequuntur,
650 4188 743 4235 aut
771 4181 957 4234 domos
983 4195 1110 4235 suas
1135 4177 1506 4247 hujuscemodi
1530 4178 1778 4234 homines

197 4273 549 4330 introducunt
608 4271 924 4341 exquirendi
979 4270 1183 4338 aliquid
1242 4279 1359 4324 arte
1388 4268 1655 4340 maleﬁca,
1687 4274 1779 4324 aut

193 4367 444 4436 expiandi
466 4379 652 4428 causa,
685 4362 786 4417 sub
807 4364 991 4434 regula
1014 4362 1366 4432 quinquennii
1383 4362 1564 4432 jaceat
1585 4373 1779 4422 secun-

198 4457 318 4511 dum
349 4455 555 4528 gradus
583 4453 912 4523 paenitentia:
937 4450 1210 4508 deﬁnitus.

753 4567 980 4624 CAPUT
1016 4567 1205 4622 XXVI.

1184 393 1272 454 DE
1309 397 1757 454 PIENITENTIA
1795 387 1924 456 LIB.
1967 397 2032 453 Υ.
2067 427 2137 443 -
2174 391 2355 458 LIBRI
2392 398 2480 462 IV.
2517 415 2519 418 ‘

299 523 352 578 Si
373 521 489 592 quis
509 527 864 577 commatrem
888 520 1184 592 spiritalem
1203 520 1416 576 duxerit
1443 521 1496 575 in
1517 519 1789 591 coniugio,
1819 529 1872 590 Α

3365 405 3470 459 086

2548 515 2616 571 In
2639 517 2836 580 eodem.

1963 609 2080 666 Non
2131 611 2292 680 liceat
2330 611 2387 668 in
2434 609 2750 668 collectione
2787 610 3096 677 herbarum,
3141 628 3261 682 quae
3297 615 3468 670 medi.

1891 705 2095 768 cinales
2127 715 2274 772 sunt,
2306 706 2514 776 aliquas
2560 703 2992 770 observationes,
3024 704 3110 770 vel
3146 705 3469 772 incantatio-

1892 815 1990 855 nes
2035 800 2352 860 attendere:
2387 799 2487 857 nisi
2530 804 2759 862 tantum,
2815 812 2940 862 cum
2991 798 3235 868 symbolo
3282 798 3467 863 divino

1891 896 1947 942 et
1991 889 2239 944 oratione
2267 888 2568 953 Dominica,
2617 897 2678 942 ut
2719 888 2862 954 Deus
2906 893 2961 954 et
3007 885 3269 956 Dominus
3297 888 3468 957 bono-

1891 989 2061 1038 retur.

2610 1048 2761 1104 Item.

1961 1141 2078 1197 Non
2101 1142 2264 1200 liceat
2306 1142 2562 1197 mulieres
2584 1141 2922 1197 Christianas
2948 1141 3237 1196 vanitatem
3274 1139 3330 1196 in
3353 1141 3468 1199 suis
3505 1205 3512 1213 ,

1889 1229 2141 1289 laniﬁciis
2165 1232 2458 1288 observare
2489 1251 2502 1286 :
2534 1234 2626 1288 sed
2668 1232 2954 1286 Dominum
2983 1233 3232 1288 invocent
3260 1232 3470 1304 adjuto-

1891 1342 2031 1392 rem,
2059 1325 2151 1398 qui
2176 1325 2256 1384 eis
2280 1325 2604 1396 sapientiam
2625 1325 2843 1382 texendi
2877 1325 3112 1392 donavit.

2469 1441 2549 1500 IN
2593 1438 2895 1500 EODEM.
2970 1417 2978 1427 ’

2386 1560 2659 1631 CAPUT
2718 1560 2966 1626 XXVII.

2501 1651 2579 1718 De
2615 1652 2871 1723 auguriis.

1959 1745 2214 1817 Auguriis
2265 1744 2349 1800 vel
2396 1744 2856 1800 incantationibus
2904 1743 3230 1799 servientem
3267 1755 3298 1796 a
3340 1753 3471 1797 eon-

1887 1847 2056 1895 ventu
2083 1835 2328 1894 ecclesia
2354 1837 2739 1907 separandum.

2421 1928 2653 1985 CAPUT
2692 1927 2930 1985 XXVIII.

2259 2081 2264 2086 _
2490 2019 2567 2074 De
2601 2020 2871 2091 periuriis.

1957 2113 2278 2184 Quicunque
2306 2127 2437 2168 vero
2490 2113 2667 2167 sciens
2712 2111 3009 2182 periurium
3048 2112 3467 2184 perpetraverit,

1884 2226 2056 2266 annos
2078 2217 2285 2280 septem
2313 2223 2370 2264 se
2393 2207 2728 2279 paenitentia:
2760 2207 2959 2263 subdat
2987 2225 3000 2261 :
3025 2214 3081 2262 et
3119 2205 3193 2262 ita
3217 2207 3470 2278 deinceps

1883 2305 1954 2360 ad
1980 2302 2416 2360 communionem
2450 2310 2778 2357 revertatur.

2435 2392 2664 2448 CAPUT
2703 2389 2895 2449 XXIX.

2529 2485 2608 2541 De
2639 2486 2804 2554 furto.

1956 2577 2059 2646 Qui
2090 2591 2219 2633 vero
2260 2577 2557 2649 cupiditate
2597 2583 2790 2645 captus
2833 2573 3035 2629 furtum
3071 2574 3284 2640 fecerit,
3324 2573 3469 2644 quod

1883 2670 2106 2728 abstulit
2142 2671 2350 2737 reddat,
2381 2678 2436 2727 et
2459 2670 2618 2738 annis
2645 2669 2884 2739 quinque
2913 2668 3291 2740 pmnitsntiam
3317 2675 3465 2737 agat.

2454 2760 2684 2819 CAPUT
2722 2759 2894 2816 XXX.

2420 2853 2496 2910 De
2521 2855 2672 2928 falsis
2703 2855 2937 2910 testibus.

1953 2947 2142 3004 Falsos
2166 2954 2335 3004 testes
2376 2961 2406 3000 a
2437 2937 2816 3002 communione
2857 2945 3225 3002 ecclesiastica
3252 2945 3469 3002 subme-

1882 3041 2104 3107 vendos,
2153 3040 2257 3097 nisi
2299 3037 2635 3112 poenitentiae
2684 3037 3059 3094 satisfactione
3109 3035 3336 3094 crimina
3371 3035 3468 3091 ad-

1879 3131 2048 3188 missa
2071 3129 2350 3187 diluerint.

2437 3216 2665 3275 CAPUT
2704 3215 2898 3272 XXXI.

2446 3308 2523 3363 De
2543 3309 2896 3364 discordibus.

1955 3400 1983 3442 ἀ
2005 3401 2316 3459 Oblationes
2339 3401 2718 3456 dissidentium
2742 3401 2971 3456 fratrum
2997 3416 3172 3472 neque
3199 3401 3254 3457 in
3284 3417 3466 3458 sacra-

1884 3496 2082 3561 crario,
2109 3509 2285 3565 neque
2321 3495 2374 3560 in
2404 3493 2794 3566 gazophylacio
2821 3494 3153 3564 recipiantur

2428 3605 2658 3664 CAPUT
2695 3606 2913 3664 XXXII.

1988 3701 2068 3758 De
2094 3701 2174 3756 his
2194 3702 2284 3774 qui
2308 3719 2401 3774 per
2423 3701 2600 3758 odium
2631 3701 2700 3756 ad
2727 3717 2907 3772 pacem
2932 3717 3037 3756 non
3065 3707 3350 3757 uertuntur.

1975 3793 2233 3848 ePlacuit
2283 3791 2448 3852 etiam
2479 3833 2494 3861 ,
2548 3792 2688 3848 sicut
2735 3791 3055 3864 plerumque
3112 3792 3210 3859 tit,
3264 3799 3324 3848 ut
3371 3795 3464 3866 qui

1881 3898 2002 3940 cum
2041 3884 2182 3949 odio,
2215 3890 2304 3937 aut
2323 3881 2612 3956 longinqua
2648 3883 2790 3940 inter
2815 3899 2873 3940 se
2902 3882 2994 3938 lite
3015 3884 3386 3951 discesserint,
3409 3892 3465 3941 et

1879 3976 1947 4029 ad
1978 3989 2166 4044 pacem
2197 3975 2443 4040 revocari
2483 3973 2736 4032 diuturna
2765 3974 3066 4034 intentione
3096 3975 3459 4047 nequiverint,

1879 4065 1945 4120 de
1970 4063 2211 4121 ecclesiae
2241 4073 2384 4121 coetu
2404 4066 2707 4152 justissime
2745 4065 3306 4135 excommunicatione
3345 4067 3462 4139 pel-

1878 4151 2081 4210 lantur.

2409 4226 2634 4283 CAPUT
2675 4225 2890 4281 XXXIII

1877 4314 1957 4369 De
1981 4316 2061 4371 his
2095 4316 2184 4386 qui
2227 4326 2554 4371 sacramento
2581 4334 2638 4440 fle
2679 4316 2933 4442 oliligant,
2970 4333 3034 4371 ne
3061 4317 3132 4371 ad
3153 4333 3334 4388 pacem
3378 4336 3458 4374 re-

1955 4437 1972 4440 _.
2619 4401 2717 4442 ean
2747 4426 2760 4442 .

2619 4401 2760 4442 eant.

1955 4437 2107 4547 ξριιί
2155 4485 2498 4535 sacramento
2527 4437 3000 4564 schoh—ligfaverint.
3047 4486 3105 4543 ut
3136 4478 3353 4550 titiam
3402 4497 3457 4536 In

1875 4569 2118 4640 quolibet
2142 4571 2209 4625 ad
2253 4584 2440 4640 pacem
2470 4569 2616 4624 nullo
2642 4569 2803 4624 modo
2835 4569 3058 4625 redeat:
3086 4586 3186 4640 pro
3220 4573 3457 4643 perjurio

196 4655 342 4726 Quod
365 4675 472 4714 non
511 4657 628 4713 licet
665 4657 988 4736 Christianis.
1003 4657 1380 4712 observationes
1413 4659 1644 4712 diversas
1690 4666 1772 4712 at-
1794 4648 1849 4710 1)
1875 4679 2040 4718 unum
2080 4679 2280 4719 annum
2333 4679 2364 4718 a
2392 4663 2774 4720 communione
2813 4664 3061 4735 corporis
3095 4671 3151 4720 et
3180 4665 3458 4736 sanguinis

870 4729 1094 4783 tendere.

267 4853 287 4880 ε
314 4841 430 4896 Νοιι
462 4842 625 4897 liceat
651 4839 971 4895 Christianis
1003 4837 1321 4893 traditiones
1355 4839 1634 4915 gentilium
1675 4839 1772 4894 ob-

194 4946 428 5000 servare,
462 4932 551 4988 vel
581 4932 759 4988 colere
812 4931 1097 4991 elementa,
1132 4937 1224 4982 aut
1258 4929 1415 4991 lunae,
1468 4938 1562 4984 aut
1591 4930 1771 4984 stella-

195 5039 307 5078 rum
339 5040 588 5089 cursum,
643 5031 735 5078 aut
781 5023 994 5076 inanem
1029 5021 1307 5092 signorum
1360 5020 1627 5074 fallaciam
1674 5035 1771 5089 pro

194 5115 346 5172 domo
397 5115 670 5180 facienda,
718 5113 804 5169 vel
833 5113 902 5168 ob
955 5122 1183 5183 segetes,
1223 5113 1307 5166 vel
1359 5112 1583 5166 arbores
1617 5112 1770 5180 plan-

193 5209 397 5272 tandas,
433 5207 519 5262 vel
548 5205 797 5276 conjugia
849 5205 1121 5258 socianda.
1156 5203 1428 5271 Scriptum
1467 5211 1547 5255 est
1579 5202 1722 5256 enim
1753 5219 1766 5255 :

197 5295 381 5352 Omnia
405 5314 730 5370 qumcunque
750 5296 946 5366 facitis,
977 5297 1030 5348 in
1060 5295 1233 5357 verbo,
1274 5303 1364 5346 aut
1389 5309 1559 5363 opere,
1590 5293 1645 5348 in
1677 5309 1770 5347 no-

194 5387 324 5442 mine
354 5388 573 5442 Domini
601 5388 764 5442 nostri
792 5386 921 5441 Jesu
953 5385 1148 5439 Christi
1189 5385 1364 5454 facite,
1387 5387 1587 5454 gratias
1617 5400 1772 5453 agen-

194 5487 266 5534 tes
292 5480 404 5536 Deo

265 5642 288 5702 μ
320 5631 398 5702 Ex
438 5630 668 5686 concilio
690 5628 1132 5695 Neocaesarieusi,
1158 5645 1279 5702 cap.
1305 5629 1360 5686 4.

263 5700 289 5738 b
318 5701 397 5772 Bx
422 5702 653 5757 concilio
674 5703 980 5772 Ancyrano,
1003 5717 1120 5771 cap.
1145 5699 1232 5756 25.

265 5783 284 5806 ε
319 5771 396 5825 Ex
428 5773 660 5828 concilio
689 5771 1024 5828 Brut-arensi.

264 5839 289 5878 ἀ
321 5841 401 5895 Ex
426 5843 655 5898 concilio
679 5839 1127 5913 Carthaginiensi.

1871 4756 2084 4810 Domini
2133 4762 2464 4826 segregetur.
2523 4753 2755 4809 Beatum
2793 4769 2951 4809 suum
2997 4753 3355 4826 eleemosyuis
3401 4765 3456 4810 et

1869 4843 2102 4911 ﬂetibus,
2133 4845 2350 4916 quantis
2379 4845 2617 4915 potuerit
2638 4842 2880 4914 jejuuiis,
2905 4843 3148 4898 absolvat
3177 4863 3188 4897 :
3217 4845 3286 4898 ad
3327 4843 3456 4898 cha-

1870 4936 2089 4991 ritatem
2114 4951 2260 4998 vero,
2298 4951 2418 5005 quas
2443 4933 2621 5002 operit
2656 4933 3056 4989 multitudinem
3081 4939 3451 5003 peccatorum,

1872 5028 2122 5083 'celeriter
2144 5027 2330 5082 venire
2355 5025 2594 5080 fectinet.

2402 5115 2630 5172 CAPUT
2671 5114 2910 5172 XXXIV.

1933 5207 2087 5273 Quod
2107 5222 2322 5260 usuram
2347 5205 2470 5260 laici
2490 5205 2780 5262 Christiani
2801 5208 3005 5276 exigere
3029 5221 3132 5260 non
3156 5205 3392 5260 debeant.

1949 5299 1978 5338 8
2005 5297 2083 5352 Ne
2098 5299 2198 5352 hoc
2214 5313 2426 5368 quoque
2446 5300 2878 5369 prattereundum
2898 5297 3170 5361 (lauimus,
3187 5299 3448 5368 quosdam

1872 5387 2009 5446 lucri
2068 5391 2241 5461 turpis
2291 5391 2590 5461 cupiditate
2647 5397 2834 5459 captos
2863 5388 3167 5445 usurariam
3195 5403 3452 5450 exercere

1873 5482 2178 5552 pecuniam,
2225 5491 2281 5536 et
2308 5481 2494 5537 fenore
2535 5479 2670 5534 velle
2717 5478 3001 5540 ditescere.
3048 5477 3199 5554 Quod
3228 5495 3334 5538 non
3362 5481 3446 5538 di-

1952 5649 1975 5678 ε
2001 5638 2077 5692 Ex
2110 5636 2338 5692 concilio
2358 5631 2669 5702 Agathensi.

1953 5708 1971 5746 τ
2007 5709 2084 5762 Ex
2109 5707 2335 5762 concilio
2360 5700 2633 5758 llérdensi.
2671 5702 2790 5766 Ms.,
2828 5700 3187 5762 Ohelerdeme.

1950 5781 1973 5818 ⁸
2003 5779 2081 5833 Ex
2103 5778 2258 5846 epist.
2284 5773 2476 5830 Leonis
2496 5787 2664 5844 papae.
