4022 6446
502 398 604 471 687

501 543 622 584 cam
651 528 706 582 in
729 540 824 582 eos
871 523 965 596 qui
993 529 1121 578 sunt
1165 520 1239 584 in,
1266 515 1503 574 clericali
1530 512 1703 569 ofﬁcio
1729 505 2072 568 constitutos,
2101 502 2157 566 Α

500 608 598 674 Sed
625 626 680 672 et
722 617 778 672 in
807 595 976 671 laicos
1014 611 1230 676 cadere,
1259 608 1353 680 qui
1380 604 1714 663 Christianos
1742 613 1803 655 se
1847 595 1952 652 dici
1983 609 2078 649 cu-

501 705 677 784 piunt,
699 707 1066 766 condolemus.
1097 701 1251 771 Quod
1276 698 1538 756 vindicari
1581 695 1760 751 acrius
1790 692 1844 746 in
1868 705 1963 746 eos
1985 687 2078 758 qui

499 805 708 862 fuerint
733 798 1097 874 computandi,
1123 795 1483 862 decernimus,
1505 798 1566 848 ut
1593 788 1773 848 omnis
1818 781 2079 858 peccandi

503 896 877 970 opportunitas
905 894 1195 952 adimatur.
1235 924 1241 927 -

1454 391 1851 457 HALITGARII
1885 381 2196 445 EPI-SCOPI
2233 371 2760 440 CAMERACENSIS

3647 353 3768 412 688

2248 497 2536 568 Hucusque
2558 494 2625 550 de
2645 485 2964 548 criminibus
2991 480 3277 544 laicorum,
3301 471 3772 550 quemadmodum

2184 596 2238 651 in
2265 591 2561 650 canonibus
2597 584 2925 646 continetur,
2957 575 3246 635 collectum
3294 577 3395 625 est.
3426 565 3582 623 Nunc
3631 574 3778 623 ven.

2185 689 2254 746 ad
2275 683 2478 760 judicia
2505 679 2825 738 clericorum
2844 682 2928 730 est
2966 664 3370 726 transeundum.

503 970 3756 1061 ________________________.__-____————-

1694 1160 1995 1243 LIBER
2069 1147 2564 1251 QUINTUS.

866 1338 1196 1420 Incipiunt
1220 1332 1453 1416 regulw
1482 1325 1899 1412 dejministris
1948 1317 2231 1389 ecclesiae,
2260 1314 2316 1375 si
2351 1303 2758 1374 deviaverint,

2790 1290 3086 1360 canonice
3111 1283 3405 1369 prolata.

1956 1472 2342 1492 μ

1022 1571 1248 1632 CAPUT
1283 1564 1568 1625 PRIMUM.

509 1678 591 1736 De
632 1669 945 1750 presbyteris
986 1667 1076 1739 qui
1113 1680 1301 1720 uxores
1340 1664 1682 1730 acceperunt,

1227 1742 1368 1787 sunt.

1725 1649 1801 1708 vel
1839 1647 2086 1723 fornicati

581 1858 610 1889 ι
634 1840 945 1911 Presbyter,
993 1832 1040 1888 si
1089 1843 1317 1925 uxorem
1347 1820 1637 1925 acceperit,
1669 1820 1736 1876 ab
1774 1815 1963 1925 ordine
1994 1814 2089 1869 de-
2118 1865 2167 1925 Β
2194 1834 2409 1903 oportet
2436 1820 2668 1894 impleri,

507 1943 761 2012 ponatur.
806 1905 870 1986 Si
917 1939 1048 1982 vero
1083 1920 1380 1978 fornicatus
1419 1913 1602 1979 fuerit,
1639 1918 1732 1966 aut
1765 1905 2090 1964 adulterium

508 1999 920 2107 perpetraverit,
948 2018 1178 2091 amplius
1197 2013 1323 2087 pelli
1345 2011 1520 2076 debet,
1545 2013 1602 2064 et
1624 2003 1692 2060 ad
1717 1999 2092 2076 paenitentiam

516 2123 710 2195 redigi.

1141 2192 1367 2255 CAPUT
1402 2192 1468 2248 II.

942 2295 1016 2352 De
1058 2288 1362 2346 diaconibus
1393 2281 1651 2340 similiter.

588 2401 620 2443 ιι
647 2393 824 2456 Simili
850 2389 1013 2449 modo
1051 2385 1216 2442 etiam
1261 2382 1540 2442 diaconus,
1572 2374 1619 2431 si
1658 2370 1844 2428 eodem
1875 2373 2099 2440 peccato

516 2484 884 2550 succubuerit,
911 2479 978 2537 ab
1003 2475 1194 2536 ordine
1218 2468 1504 2528 ministerii
1533 2463 1901 2522 subtrahatur.

1139 2563 1366 2625 CAPUT
1403 2561 1490 2619 III.
1679 2575 1686 2582 ·

522 2677 598 2731 De
625 2673 705 2728 his
730 2669 819 2742 qui
843 2667 912 2742 ad
943 2661 1318 2742 presbyterium
1359 2659 1748 2742 promoventur,
1778 2654 1827 2702 et
1859 2652 1986 2728 ante
2012 2657 2100 2696 or-

710 2717 1393 2804 dination'empEccatorum
1423 2724 1520 2779 sibi
1547 2729 1666 2777 sunt
1697 2717 1910 2774 conscii.

593 2846 617 2874 ο
645 2831 956 2900 Presbyter,
1004 2825 1051 2879 si
1105 2825 1400 2888 occupatus
1448 2810 1714 2884 corporali
1761 2813 2007 2880 peccato,
2050 2809 2107 2858 et

521 2921 800 2982 confessus
819 2893 994 2972 fuerit
1021 2913 1087 2968 de
1111 2926 1170 2966 se
1198 2907 1343 2978 quod
1388 2912 1513 2959 ante
1544 2899 1940 2957 ordinationem
1970 2893 2105 2950 deli-

521 3013 720 3086 querit,
771 3009 955 3066 oblata
1009 3019 1114 3058 non
1159 3007 1474 3061 consecret,
1518 3005 1744 3049 manens
1785 2989 1839 3043 in
1883 2985 2108 3056 reliquis

526 3079 716 3162 ciliciis
757 3105 981 3173 propter
1009 3092 1248 3150 studium
1275 3090 1497 3144 bonum.
1551 3082 1703 3151 Quod
1735 3081 1780 3136 si
1817 3079 1882 3134 de
1913 3093 1970 3133 se
1999 3091 2106 3132 non

523 3196 690 3254 fuerit
724 3169 839 3267 ipse
864 3169 1163 3252 confessus,
1189 3191 1245 3239 et
1274 3179 1426 3252 argui
1462 3174 1749 3233 manifeste
1781 3169 2104 3242 nequiverit,

525 3286 784 3362 potestati
819 3283 904 3342 sui
931 3279 1128 3352 iudicis
1156 3275 1510 3343 relinquatur.

1141 3361 1367 3423 CAPUT
1403 3360 1492 3416 IV.

964 3462 1038 3518 De
1066 3474 1265 3515 canone
1295 3450 1671 3527 apostolorum.

595 3560 902 3634 Presbyter,
940 3563 1036 3612 aut
1073 3553 1353 3614 diaconus,
1385 3545 1480 3618 qui
1514 3545 1572 3600 in
1603 3539 1978 3603 fornicatione,
2021 3543 2114 3592 aut

529 3630 789 3734 periurio,
839 3660 934 3708 aut
975 3649 1142 3714 furto,
1188 3652 1282 3700 aut
1315 3638 1608 3700 homicidio
1658 3642 1849 3706 captus
1884 3639 1989 3698 est,
2023 3630 2115 3686 de-

529 3758 784 3825 ponatur.
799 3745 918 3802 Non
939 3752 1120 3798 tamen
1143 3734 1518 3794 communione
1537 3731 1800 3802 privetur.
1816 3725 1959 3784 Dicit
1971 3724 2117 3779 enim

535 3820 818 3914 Scriptura
845 3857 862 3893 :
889 3835 1014 3892 Non
1028 3829 1289 3903 judicabit
1320 3826 1574 3881 Dominus
1603 3823 1681 3878 bis
1710 3822 1764 3875 in
1783 3820 2030 3890 idipsum.

1149 3917 1380 3977 CAPUT
1429 3917 1494 3971 ν.

639 4026 717 4081 De
751 4021 968 4078 diversis
999 4013 1272 4072 ordinibus
1302 4008 1366 4064 ab
1392 4005 1641 4061 uxoribus
1668 4001 2008 4058 abstinendis.

607 4121 634 4164 ἀ
665 4117 987 4177 Sacerdotes
1030 4111 1126 4169 Dei
1172 4116 1228 4166 et
1277 4101 1510 4168 diaconi,
1544 4099 1628 4155 vel
1661 4097 1753 4169 qui
1782 4101 2118 4152 sacramenta

536 4217 879 4273 contrectant
907 4204 1178 4280 pudicitiae
1223 4196 1476 4256 custodes
1519 4193 1588 4250 ab
1622 4190 1883 4247 uxoribus
1907 4202 1968 4244 se
1996 4187 2121 4242 abs-

537 4310 768 4366 tineam.

1152 4381 1382 4444 CAPUT
1411 4379 1503 4438 VI.

544 4492 701 4562 Quod
737 4485 1036 4544 sacerdotes
1070 4490 1118 4537 et
1164 4478 1331 4604 legit:
1364 4491 1485 4602 (iam
1507 4468 1816 4528 mulieribus
1851 4465 1989 4520 coire
2023 4477 2130 4519 non

1251 4566 1278 4604 e
1313 4564 1373 4603 ea
1441 4585 1456 4600 .

1251 4564 1456 4604 ευθαηι.

616 4666 640 4696 ο
673 4652 962 4716 Praeterea,
1014 4645 1157 4717 quod
1199 4641 1436 4714 dignum,
1469 4645 1525 4694 et
1546 4637 1826 4709 pudicum,
1875 4640 1929 4690 et
1961 4633 2131 4688 bone-
2153 4637 2208 4698 D

543 4755 687 4804 stum
715 4751 822 4809 est,
852 4749 1037 4798 tenere
1069 4734 1310 4792 Ecclesia
1353 4729 1663 4787 omnimodo
1711 4729 1890 4792 debet,
1939 4732 2000 4779 ut
2047 4738 2130 4779 sa-

545 4837 792 4898 cerdotes
837 4842 892 4889 et
935 4830 1110 4887 levitas
1139 4842 1260 4883 cum
1304 4821 1622 4879 mulieribus
1651 4835 1757 4875 non
1791 4824 2004 4883 coeant,
2036 4814 2128 4884 qui

459 4953 468 4960 ·
546 4927 836 4989 ministerii
860 4920 1160 4996 quotidiani
1179 4915 1593 4974 necessitatibus
1611 4917 1966 4982 occupantur.
1991 4905 2132 4962 Scri-

546 5035 700 5099 ptum
726 5030 811 5078 est
836 5019 982 5075 enim
1022 5033 1036 5069 :
1079 5011 1260 5069 Sancti
1292 5018 1472 5076 estote,
1501 5006 1749 5078 quoniam
1787 5019 1877 5073 ego
1917 5007 2132 5056 sanctus

550 5135 670 5176 sum
693 5115 952 5172 Dominus
978 5109 1116 5164 Deus
1147 5115 1333 5162 vester.

1138 5194 1366 5254 CAPUT
1418 5192 1528 5248 VII.

710 5299 789 5356 De
812 5292 1190 5353 incontinentia
1213 5286 1547 5345 sacerdotum
1575 5281 1651 5337 vel
1677 5281 1972 5336 levitarum.

629 5395 652 5436 ί
679 5393 759 5450 De
786 5387 1120 5464 presbyteris
1163 5393 1219 5440 et
1256 5378 1577 5440 diacouihus
1618 5375 1922 5432 divinarum
1960 5369 2139 5440 legum

628 5540 654 5568 α
686 5527 768 5581 Ex
797 5523 1026 5580 concilio
1056 5521 1258 5577 Caesar.

628 5597 659 5637 ³³
688 5597 748 5652 In
777 5595 966 5651 eodem
1005 5591 1254 5649 concilio.

633 5677 657 5707 ε
685 5666 747 5723 In
775 5667 961 5722 eodem
994 5662 1243 5720 concilio.

627 5737 655 5778 ιι
682 5738 763 5794 Ex
786 5736 983 5792 concil.
1011 5729 1472 5801 Carthaginiensi,
1499 5743 1620 5800 cap.
1646 5725 1702 5801 ιτ

633 5819 657 5849 ο
686 5807 746 5864 In
775 5804 1031 5864 decretali
1058 5819 1184 5874 pap.
1213 5795 1514 5874 Innocent.,
1537 5795 1657 5868 cap.
1687 5795 1773 5852 16.

637 5879 654 5919 ί
688 5875 987 5934 Innocentii
1015 5869 1188 5944 papae,
1217 5887 1336 5941 cap.
1362 5869 1452 5924 21.

2191 1560 2276 1610 est
2297 1547 2601 1620 disciplina,
2631 1549 2693 1597 ut
2717 1535 3116 1596 incontinentes
3142 1529 3198 1585 in
3224 1523 3413 1582 oﬂiciis
3441 1519 3651 1576 talibus
3689 1534 3782 1590 po-

2191 1646 2300 1710 siti,
2327 1641 2472 1700 omni
2499 1639 2705 1694 honore
2729 1626 3094 1687 ecclesiastico
3119 1620 3463 1692 privarentur
3494 1632 3509 1666 :
3541 1626 3646 1667 nec
3686 1610 3779 1664 ad-

2195 1738 2480 1795 mittantur
2505 1729 2571 1784 ad
2599 1726 2706 1782 tale
2731 1717 3112 1780 ministerium,
3136 1709 3282 1782 quod
3309 1706 3421 1762 sola
3443 1699 3782 1760 continentia

2785 1901 3010 1962 CAPUT
3052 1897 3187 1954 VIII.

2542 2005 2618 2060 De
2651 1994 3064 2057 subintroductis
3098 1985 3424 2043 mulieribus.

2271 2108 2296 2146 ε
2325 2098 2600 2159 lnterdicit
2633 2110 2729 2167 per
2766 2089 2948 2147 omnia
2989 2096 3184 2155 magna
3223 2075 3485 2150 synodus,
3531 2086 3643 2126 non
3681 2066 3784 2137 epi-

2197 2213 2382 2270 scopo,
2412 2210 2521 2251 non
2550 2188 2886 2264 presbytero,
2921 2195 3027 2236 non
3059 2176 3306 2235 diacono,
3336 2182 3446 2223 non
3479 2163 3645 2219 alicui
3679 2175 3786 2214 om-

2196 2253 2347 2358 ninb,
2379 2289 2473 2360 qui
2503 2253 2567 2343 in
2588 2253 2734 2341 clero
2770 2284 2876 2344 est,
2902 2273 3068 2329 licere
3095 2261 3567 2325 subintroductam
3590 2253 3788 2311 habere

2201 2383 2499 2441 mulierem.

2425 2477 2436 2487 ’
2821 2454 3046 2516 CAPUT
3085 2450 3178 2508 IX.

2519 2560 2599 2615 De
2626 2553 2828 2612 clericis
2856 2565 3044 2605 usuras
3073 2536 3465 2613 accipientibus.

2274 2663 2303 2702 ιι
2333 2652 2597 2725 Quoniam
2634 2647 2789 2704 multi
2818 2643 2917 2699 sub
2946 2637 3129 2710 regula
3171 2627 3471 2693 constituti,
3511 2620 3790 2681 avaritiam

2206 2761 2260 2810 et
2311 2708 2492 2820 turpia
2543 2743 2695 2798 lucra
2752 2708 3030 2792 sectantur
3054 2745 3067 2784 ε
3101 2723 3363 2792 oblitique
3409 2717 3608 2774 divinae
3652 2708 3794 2766 Scri-

2205 2855 2380 2919 ptura:
2403 2799 2644 2896 rdicentis
2677 2849 2691 2886 :
2735 2827 2840 2895 Qui
2873 2820 3148 2896 pecuniam
3185 2831 3338 2872 suam
3389 2827 3494 2865 non
3544 2806 3686 2861 dedit
3726 2799 3792 2854 ad

2208 2897 2371 2919 ,ψη

2208 2951 2446 3000 usuram,
2477 2937 2723 2986 mutuum
2757 2923 2968 2982 dantes,
3007 2910 3334 2970 centesimas
3359 2903 3588 2975 exigunt
3616 2916 3631 2952 :
3654 2897 3795 2968 juste

2210 3027 2420 3086 censuit
2446 3028 2632 3080 sancta
2668 3024 2724 3073 et
2756 3025 2950 3083 magna
2988 3002 3224 3078 synodus
3251 3008 3332 3064 ut,
3369 2998 3416 3052 si
3453 2995 3582 3066 quis
3619 2992 3798 3046 inven-

2213 3131 2297 3178 tus
2323 3116 2488 3173 fuerit
2513 3119 2637 3185 post
2678 3108 2818 3164 hanc
2848 3099 3216 3159 definitionem
3265 3103 3464 3146 usuras
3505 3083 3795 3154 accipiens,

2212 3223 2305 3269 aut
2327 3228 2396 3267 ex
2423 3175 2731 3263 inventione
2760 3198 2938 3267 aliqua
2958 3191 3044 3249 vel
3070 3185 3311 3262 quolibet
3330 3181 3492 3238 modo
3525 3175 3798 3250 negotium

2213 3303 2538 3373 transigens,
2566 3302 2659 3352 aut
2699 3287 2978 3350 bemiolia,
3025 3283 3082 3338 id
3127 3286 3232 3345 est,
3272 3270 3521 3342 sescupla
3559 3268 3798 3338 exigens,

2215 3404 2298 3459 vel
2318 3397 2522 3470 aliquid
2543 3393 2649 3450 tale
2665 3401 2892 3464 prorsus
2917 3380 3234 3452 excogitans
3254 3381 3430 3442 turpis
3450 3365 3592 3422 lucri
3611 3361 3798 3435 gratia,

2215 3460 2497 3569 dejiciaiur
2515 3505 2547 3547 a
2571 3460 2738 3552 clero,
2765 3491 2821 3538 et
2847 3479 3055 3534 alienus
3075 3472 3274 3528 existat
3296 3481 3326 3520 a
3356 3460 3565 3534 regula.

2223 3708 2287 3767 Ut
2313 3705 2489 3764 nullus
2516 3697 2780 3774 presbyter
2800 3687 3154 3774 letddiacontts
3194 3676 3483 3774 conductor
3519 3669 3730 3730 existat,
3756 3669 3802 3717 et

2555 3746 2732 3826 clerici
2758 3761 3054 3818 abstineant
3082 3770 3136 3808 se
3163 3750 3227 3806 ab
3251 3746 3451 3803 usuris.

2301 3896 2318 3938 ί
2351 3883 2660 3960 Presbyteri
2687 3887 2742 3937 et
2770 3873 2982 3934 diaconi
3021 3885 3128 3926 non
3159 3866 3268 3922 sint
3293 3858 3681 3918 conductores,
3722 3860 3805 3905 aut

2223 3953 2620 4066 procuratores,
2649 3989 2823 4048 neque
2851 3971 2960 4028 ullo
2991 3965 3132 4036 turpi
3174 3958 3390 4031 negotio
3432 3962 3489 4010 et
3528 3953 3804 4008 inhonesto

2223 4049 2703 4151 victumquaarant,
2719 4071 2846 4142 quia
2868 4063 3137 4135 respicere
3160 4057 3359 4112 debent
3378 4049 3650 4119 scriptum
3666 4055 3803 4099 esse:

2449 4135 2838 4226 militans-lico,
2866 4154 3098 4228 implicat
3121 4166 3176 4205 se
3203 4144 3419 4216 negotiis
3449 4135 3803 4196 arcularibus.

2227 4268 2287 4325 Si
2313 4265 2436 4337 quis
2456 4251 2886 4318 commodaverit
2907 4243 3215 4319 pecuniam,
3242 4233 3531 4307 pecuniam
3554 4223 3805 4294 accipiat;

2228 4363 2276 4420 si
2298 4359 2555 4433 speciem,
2581 4349 2825 4409 eamdem
2852 4340 3087 4414 speciem
3107 4347 3272 4404 quam
3292 4326 3540 4388 dederat,
3569 4318 3803 4390 accipiat.

2843 4445 3071 4509 CAPUT
3108 4443 3200 4500 XI.

2236 4561 2306 4619 Ut
2330 4557 2506 4617 clerici
2532 4554 2610 4611 vel
2633 4550 2952 4608 continentes
2999 4539 3068 4665 aid
3118 4535 3340 4662 t‘iirgines
3372 4528 3450 4586 vel
3493 4527 3682 4582 viduas
3719 4535 3808 4576 nos

2890 4630 3010 4665 acce
3050 4627 3120 4665 an
3150 4649 3162 4662 .

2890 4627 3162 4670 accedant.

2304 4725 2320 4776 i
2355 4720 2551 4780 Clerici
2595 4714 2681 4772 vel
2723 4710 3062 4768 continentes
3110 4701 3180 4755 ad
3223 4696 3463 4768 virgines
3507 4689 3598 4746 vel
3637 4686 3810 4741 viduas

2233 4833 2340 4875 non
2365 4812 2663 4874 accedant;
2696 4803 2800 4860 nisi
2842 4817 2910 4857 ex
2949 4799 3106 4868 jussu
3132 4791 3215 4846 vel
3244 4783 3515 4859 permissu
3547 4780 3814 4852 episcopo-

2237 4924 2378 4975 rum,
2405 4921 2515 4962 non
2543 4898 2822 4957 accedant.

2835 4986 3065 5048 CAPUT
3102 4983 3215 5041 XII.

2242 5095 2316 5152 De
2344 5093 2546 5150 clericis
2584 5088 2661 5145 vel
2695 5083 2967 5142 monachis
2991 5097 3095 5162 non
3124 5070 3454 5131 manentibus
3480 5067 3539 5123 in
3569 5081 3668 5121 suo
3696 5075 3810 5132 pro-

2933 5162 3124 5225 posito.

2312 5278 2340 5317 ιι
2370 5275 2474 5344 Qui
2499 5271 2663 5329 semel
2694 5271 2747 5325 in
2777 5269 2924 5325 clero
2952 5262 3190 5334 deputati
3223 5265 3368 5323 sunt,
3399 5263 3496 5310 aut
3531 5251 3818 5309 monacho—

2241 5386 2364 5427 rum
2392 5371 2562 5424 vitam
2605 5364 3000 5436 expetiverunt,
3048 5356 3336 5412 statuimus
3374 5364 3552 5418 neque
3593 5344 3660 5398 ad
3688 5339 3822 5396 mili-

2319 5511 2347 5552 ε
2371 5507 2454 5561 Ex
2473 5502 2701 5559 concilio
2729 5498 2965 5560 Nicaeno,
2997 5511 3112 5566 cap.
3145 5493 3199 5566 ξ).

2314 5580 2345 5620 ιι
2376 5578 2434 5632 In
2461 5577 2648 5631 eodem
2677 5570 2931 5632 concilio,
2955 5564 3076 5636 cap;
3109 5564 3194 5636 16.

2321 5652 2340 5730 ξ
2470 5628 2713 5730 concilio
2738 5628 3211 5730 t‘lartbagin'iensik
3215 5647 3336 5703 cap.
3361 5628 3448 5685 26.

2320 5721 2334 5770 i
2377 5720 2456 5774 Ex
2483 5715 2710 5772 concilio
2735 5704 3010 5772 Africano,
3038 5721 3137 5777 cap
3181 5704 3233 5759 5.

2227 5810 2236 5814 ·
2319 5792 2344 5831 ιι
2376 5773 2454 5844 Ex
2473 5786 2704 5845 concilio
2723 5773 3166 5840 Chalcedonensi,
3193 5791 3314 5845 cap.
3333 5773 3383 5826 7.
