4022 6458
504 370 601 431 691

1461 367 1859 427 ΗΔιιτςΔιω
1892 366 2207 429 EPISGOPI
2253 368 2778 435 camelli”

499 486 745 559 captivus
777 493 920 553 erat,
954 484 1177 541 minime
1210 485 1527 557 pugnabat:
1557 484 1653 540 sed
1690 493 1746 541 et
1780 485 2071 555 pugnabat.
2100 486 2155 549 Α
2177 498 2369 543 sensus
2392 483 2679 541 invenerit.
2729 482 3075 538 Annuntiobis
3092 482 3189 549 eis,
3216 482 3409 553 inquit,
3440 498 3504 536 ex
3540 498 3624 537 me
3634 500 3653 549 ;
3678 499 3747 540 es

500 581 835 653 Quapropter
883 587 938 634 et
984 578 1229 649 apum
1260 586 1400 645 erat,
1437 582 1492 634 et
1518 578 1792 649 pugnabat
1827 589 1876 631 ι.
1906 576 2073 649 igitur

499 674 602 748 legi
630 673 848 740 mentis,
881 672 989 740 lex,
1021 684 1144 743 qua)
1176 674 1230 728 in
1268 672 1526 729 membris
1555 681 1660 738 est,
1692 671 2025 742 repugnabat
2052 688 2070 727 :

500 767 546 822 si
585 771 763 821 autem
803 765 1095 837 pugnabat,
1124 766 1369 836 captivus
1398 774 1502 819 nun
1538 772 1676 820 erat.
1705 763 1844 819 Ecce
1891 765 2076 835 itaque

499 865 582 914 est
616 857 803 923 homo,
844 857 1088 927 captivas
1125 852 1281 912 liber.
1333 855 1495 911 Liber
1539 871 1604 912 ex
1640 855 1870 927 justitia,
1911 871 2075 927 quam

499 940 674 1020 diligit
701 964 715 1002 :
746 949 992 1019 captivus
1014 952 1081 1004 es
1105 947 1484 1015 delectatione,
1515 958 1678 1019 quam
1718 958 1901 1019 portat
1936 950 2076 1005 invi-

500 1046 607 1094 tus.
642 1031 832 1095 Amen.

1048 1136 1276 1211 CAPUT
1310 1146 1493 1212 XVIII.

500 1236 655 1309 Quod
697 1242 832 1298 nihil
860 1245 1040 1315 prosit
1084 1246 1367 1315 sacerdoti,
1416 1244 1622 1301 etiamsi
1658 1244 1784 1301 bene
1823 1247 1980 1310 vivat,
2027 1247 2076 1301 si

760 1313 896 1369 maio
921 1316 1169 1371 viventem
1197 1317 1414 1371 tacendo
1444 1330 1547 1371 non
1574 1318 1807 1389 corrigit.

576 1408 605 1449 ιι
629 1400 783 1476 Quod
826 1418 957 1465 vero
994 1402 1126 1465 dicit
1152 1409 1461 1481 Apostblus,
1510 1418 1567 1465 et
1597 1424 1689 1467 nos
1730 1413 1957 1483 formam
1984 1412 2076 1467 de-

496 1499 708 1555 beamus
734 1500 975 1556 exhibere
993 1501 1258 1571 ﬁdelibus,
1297 1503 1425 1573 quid
1461 1504 1680 1571 valebit,
1712 1505 1757 1560 si
1787 1505 1833 1560 is
1869 1505 1955 1559 cui
1989 1504 2074 1560 vel

484 1590 742 1647 hortandi
790 1592 981 1659 bonos,
1036 1593 1121 1647 vel
1163 1592 1463 1665 castigandi
1513 1595 1715 1660 malos,
1758 1604 1885 1650 cura
1927 1608 2074 1649 com-

492 1682 658 1738 miséa
690 1689 795 1749 est,
826 1684 966 1740 bene
994 1684 1225 1741 vivendo
1268 1696 1329 1740 so
1374 1685 1693 1741 imitandum
1732 1687 1889 1741 bonis
1921 1687 2075 1742 exhi-

492 1777 636 1841 beat,
666 1784 723 1832 et
750 1768 921 1833 fastos
949 1777 1180 1833 tacendo
1216 1788 1323 1835 non
1356 1780 1636 1850 corrigat?
1658 1779 1740 1834 Ad
1769 1781 1874 1835 hoe
1901 1781 2067 1846 enim,

2174 593 2278 643 me,
2306 590 2414 631 non
2442 590 2511 631 ex
2531 582 2604 630 te.
2630 574 2747 630 Mea
2771 574 2940 629 verba
2962 573 3199 644 loqueris
3228 593 3241 628 :
3271 589 3382 630 non
3401 581 3484 629 est
3509 574 3656 644 quod
3677 588 3744 629 ex

2173 670 2271 735 eis,
2317 677 2572 739 tanquam
2598 666 2759 733 Deus,
2800 664 3023 725 inﬂeris.
3060 664 3141 721 Es
3168 679 3277 731 me,
3308 664 3502 737 inquit,
3539 665 3623 721 eis
3648 680 3744 721 an-

2173 762 2379 816 nuntia.
2433 760 2539 817 Sed
2562 759 2679 830 jam
2720 759 2850 831 quid
2875 758 3181 827 annuntiat,
3214 759 3521 817 audiamus.
3571 756 3633 814 Si
3662 772 3746 813 me

2175 855 2388 910 dicente
2416 855 2483 908 ad
2515 854 2760 924 impium,
2793 852 2982 923 impie,
3008 851 3279 917 morieris,
3315 868 3423 907 non
3455 846 3627 905 fueris
3667 851 3745 906 io-

2174 955 2334 1004 cutus
2360 955 2422 1002 ut
2453 961 2509 1002 se
2542 945 2815 1002 custodiat
2854 943 3051 1015 impius
3073 959 3105 999 a
3140 943 3230 998 via
3259 957 3379 1009 sua,
3416 942 3533 1012 ipse
3559 942 3748 1013 impius

2173 1040 2228 1095 in
2261 1038 2548 1109 iniquitate
2574 1053 2671 1093 sua
2698 1037 2980 1103 morietur,
3015 1026 3336 1107 sanguinem
3364 1049 3499 1090 vero
3527 1034 3646 1106 ejus
3686 1034 3747 1089 de

2173 1145 2337 1184 manu
2386 1136 2477 1185 tua
2507 1127 2800 1197 requiram.
2843 1125 2983 1192 Quid
3021 1126 3198 1195 potuit
3240 1126 3587 1194 expressius,
3626 1122 3751 1194 quid

2172 1221 2414 1292 apertius
2437 1227 2617 1290 potest
2641 1218 2781 1275 dici?
2832 1216 2891 1272 Si
2920 1217 3108 1289 impio,
3153 1216 3360 1287 inquit,
3406 1214 3624 1271 locutus
3650 1230 3749 1268 non

2172 1312 2360 1377 fueris,
2388 1319 2450 1366 ut
2479 1326 2537 1366 se
2564 1311 2633 1366 ab
2670 1309 2947 1380 impietate
2976 1307 3266 1372 custodiat,
3295 1316 3351 1364 et
3380 1305 3469 1361 ille
3501 1304 3750 1376 perierit,

2173 1403 2489 1474 sanguinem
2512 1403 2629 1472 ejus
2666 1402 2732 1456 de
2768 1414 2930 1455 manu
2968 1406 3057 1454 tua
3088 1400 3380 1468 requiram.
3420 1397 3538 1453 Hoc
3559 1405 3644 1452 est
3677 1398 3750 1451 di-

2172 1510 2335 1552 cere:
2368 1494 2424 1549 Si
2465 1494 2515 1549 ei
2556 1500 2781 1563 peccata
2814 1507 2913 1546 sua
2944 1505 3052 1545 non
3076 1489 3506 1551 annuntiaveris,
3551 1488 3601 1541 si
3634 1502 3751 1542 eum

2171 1605 2281 1645 non
2308 1587 2552 1657 argueris
2582 1593 2641 1639 ut
2665 1583 2732 1638 ab
2760 1583 3035 1653 impietate
3058 1596 3157 1637 sua
3185 1588 3559 1644 convertatur,
3595 1587 3651 1634 et
3679 1578 3751 1632 vi-

2171 1690 2293 1747 vat;
2337 1689 2393 1741 et
2425 1687 2502 1744 te,
2531 1678 2624 1749 qui
2654 1692 2763 1733 non
2794 1676 3107 1746 increpasti,
3136 1682 3193 1728 et
3222 1673 3419 1745 ipsum,
3452 1672 3549 1742 qui
3580 1681 3635 1726 te
3676 1679 3751 1724 ta-

2173 1781 2329 1831 cente
2366 1771 2629 1843 peccavit,
2673 1767 2906 1823 ﬂammis
2946 1766 3272 1837 perennibus
3320 1763 3567 1835 perdam.
3625 1761 3751 1829 Quis

490 1858 594 1926 nisi
620 1882 707 1926 me
737 1866 876 1927 fallit
896 1872 1099 1942 opinio,
1130 1878 1318 1928 sancte
1343 1873 1633 1928 virendum
1660 1882 1743 1930 est
1773 1876 2064 1942 sacerdoti,

2174 1880 2304 1936 rogo
2350 1871 2462 1918 tam
2510 1861 2659 1916 saxei
2714 1858 2995 1930 pectoris?
3041 1858 3164 1928 quis
3212 1865 3322 1911 tam
3368 1854 3582 1910 ferreus
3633 1854 3748 1918 erit,

494 1972 616 2017 nam
649 1964 794 2018 dicta
825 1968 921 2019 sua
948 1963 1374 2036 repugnantibus
1400 1963 1560 2020 factis
1590 1972 1817 2022 evacuet
1845 1968 1890 2022 si
1927 1967 2070 2037 quod

489 2048 748 2124 praedicat
786 2054 901 2111 lieri
941 2055 1169 2121 debere,
1218 2064 1324 2110 non
1368 2056 1556 2121 faciat:
1600 2064 1694 2112 aut
1714 2057 1759 2114 si
1789 2059 1933 2128 quod
1963 2065 2072 2115 non

490 2146 640 2215 facit,
689 2146 989 2220 pumicare
1029 2149 1454 2220 praesumpserit,
1501 2149 1636 2204 nihil
1674 2150 1815 2220 apud
1855 2161 1949 2205 eos
1979 2150 2070 2220 Qui

489 2239 606 2311 ejus
644 2240 812 2296 Vitam
841 2246 1041 2297 novere
1065 2240 1329 2312 proﬁciat.
1362 2241 1500 2310 Quia
1534 2242 1601 2298 ad
1645 2242 1748 2299 hoc
1774 2246 1858 2299 est
1886 2243 2068 2300 Eccle-n

488 2334 582 2390 size
628 2328 725 2391 Dei
770 2335 1115 2407 praepositos,
1171 2344 1229 2390 ut
1277 2350 1383 2392 non
1438 2335 1608 2391 solum
1655 2336 1792 2392 bene
1838 2339 2071 2395 rivendo

487 2421 623 2481 alios
678 2427 927 2497 exemplo
981 2442 1093 2483 sute
1149 2428 1579 2483 conversationis
1635 2429 1918 2488 instituat,
1974 2428 2070 2485 sed

489 2517 672 2572 etiam
704 2516 1033 2574 ﬁducialiter
1061 2520 1426 2591 prmdicando,
1472 2518 1697 2590 singulis
1726 2526 1853 2574 ante
1882 2523 2070 2577 oculos

485 2612 706 2678 peccata
754 2624 851 2664 sua
893 2611 1227 2667 constituat:
1257 2625 1378 2680 quae
1416 2616 1577 2680 paena
1616 2617 1833 2665 maneat
1877 2610 2065 2677 duros,

485 2714 606 2771 quae
649 2698 817 2773 gloria
863 2692 1212 2768 obedientes,
1264 2702 1531 2757 ostendat.
1585 2701 1792 2756 Nullius
1837 2701 2068 2757 salutem

485 2791 825 2863 desperando
880 2794 1194 2847 contemnat
1231 2806 1243 2846 :
1283 2794 1492 2848 animas
1544 2791 1826 2848 emendari
1882 2794 2068 2849 nolen—

487 2882 618 2938 tium
644 2878 893 2953 plangat,
941 2881 1182 2938 imitatus
1224 2882 1562 2954 Apostolum,
1592 2887 1684 2955 qui
1725 2886 1800 2940 ait
1837 2904 1849 2939 :
1886 2884 1953 2940 Ut
1986 2886 2068 2941 ius

487 2982 635 3045 gea‘m
658 2968 852 3028 multos
890 2982 954 3028 ea:
978 2975 1059 3029 his
1083 2976 1172 3045 qui
1201 2978 1320 3029 ante
1346 2986 1705 3047 peccaverunt,
1734 2986 1784 3031 et
1814 2986 1917 3033 non
1945 2987 2063 3048 ege-

484 3075 609 3122 runt
632 3056 1007 3139 penitentiam.
1032 3062 1101 3124 Et
1122 3064 1317 3124 iterdm
1345 3088 1357 3124 :
1380 3068 1509 3135 Quis
1545 3071 1864 3140 inﬁrmatur,
1899 3081 1950 3125 et
1973 3062 2066 3143 ego

482 3172 587 3212 non
615 3157 895 3228 infit-mor?
926 3158 1056 3226 Quis
1084 3160 1509 3226 icandati'samr,
1557 3172 1605 3214 et
1635 3168 1728 3232 ego
1756 3168 1859 3216 non
1897 3163 2067 3217 uror?

482 3206 823 3323 Quapriipter
865 3206 1045 3310 scitius
1075 3253 1218 3326 quod
1259 3255 1302 3310 si
1342 3206 1955 3325 quibuslibetadivitibus
1999 3268 2063 3315 ao

481 3336 794 3416 potentibus
837 3347 976 3402 male
1000 3336 1309 3404 virentibus
1347 3355 1556 3419 parcat,
1604 3356 1699 3403 aut
1738 3348 1917 3405 foveat
1945 3358 2061 3417 eos,

479 3438 672 3509 perdat
718 3434 898 3506 simul,
958 3449 1013 3497 et
1062 3450 1270 3512 pereat.
1314 3440 1384 3498 Et
1432 3451 1621 3499 sancte
1668 3442 1828 3498 debet
1881 3444 2063 3499 vivere

477 3534 703 3603 propter
745 3532 1049 3605 exemplum
1080 3552 1092 3589 :
1122 3532 1180 3590 et
1216 3532 1429 3596 docere,
1474 3542 1694 3606 propter
1731 3550 1844 3590 sum
1891 3535 2065 3590 admi-

482 3618 824 3680 nistrationis
851 3622 1085 3681 oliicidm
1116 3645 1129 3681 :
1163 3628 1365 3693 certus,
1399 3628 1545 3698 quod
1576 3628 1626 3683 ei
1656 3628 1793 3683 nihil
1819 3638 1916 3683 sua
1940 3629 2060 3699 jus-

478 3711 596 3767 titia
647 3712 987 3787 suii‘ragemr,
1043 3719 1109 3774 de
1155 3719 1310 3792 cujus
1356 3722 1521 3774 manu
1570 3719 1750 3775 anima
1786 3720 2064 3790 pereuntis

477 3805 756 3877 exigitur:
789 3811 1005 3880 quando
1053 3806 1361 3881 quicunque
1409 3810 1547 3868 alius
1599 3812 1847 3883 perierit,
1901 3820 2061 3880 quem

479 3896 625 3952 nulla
671 3899 900 3955 ducendi
952 3903 1252 3958 necessitas
1295 3911 1496 3970 manet,
1550 3902 1698 3958 solus
1744 3916 1937 3972 pinnas
1977 3900 2059 3956 sui

480 3984 703 4046 sceleris
730 3986 898 4047 dabit.
938 3988 1019 4048 liii
1048 3998 1229 4049 autem
1261 3993 1346 4050 cui
1379 3992 1708 4066 dispensatio
1731 3994 1882 4050 verbi
1909 4004 2060 4050 com-

479 4082 641 4139 missa
672 4090 776 4153 eSt,
817 4086 1031 4143 etiamsi
1076 4094 1265 4144 sancte
1302 4088 1482 4156 vivat,
1529 4098 1585 4145 et
1630 4092 1811 4144 tamen
1851 4088 2062 4159 perdite

476 4177 723 4235 virentes
771 4192 999 4253 arguere
1047 4186 1142 4236 aut
1184 4180 1471 4238 erubescat
1511 4188 1604 4236 aut
1653 4186 1880 4246 metuat,
1934 4188 2058 4236 cum

475 4271 728 4326 omnibus
756 4272 847 4342 qui
876 4288 941 4328 eo
975 4281 1188 4329 tacente
1217 4272 1519 4342 perierunt,
1556 4272 1716 4342 perit.
1748 4266 1816 4326 Et
1849 4269 1980 4341 quid
2007 4269 2058 4325 ei

477 4363 721 4434 proderit
759 4379 867 4420 non
909 4365 1089 4435 puniri
1120 4374 1237 4430 Suo,
1278 4365 1370 4435 qui
1408 4365 1713 4434 puniendus
1752 4370 1836 4420 est
1880 4362 2057 4419 alieno

473 4455 736 4524 peccato?
764 4454 1017 4522 Mentior,
1069 4456 1171 4512 nisi
1213 4456 1317 4511 hoc
1362 4456 1623 4511 Dominus
1655 4470 1752 4526 per
1799 4453 2058 4509 Ezechie-

2173 1972 2336 2030 quem
2357 1954 2628 2011 sententia
2661 1954 2764 2009 ista
2790 1967 2896 2008 non
2927 1948 3170 2007 terreat?
3197 1947 3322 2019 quis
3345 1955 3461 2003 tam
3489 1944 3699 2001 alienus
3723 1959 3752 2001 δ

2170 2051 2295 2119 ﬁde,
2325 2050 2419 2121 qui
2443 2049 2727 2105 sententia!
2765 2048 2855 2103 isti
2892 2058 2999 2101 non
3036 2042 3225 2101 credat
3252 2044 3317 2098 et

2762 2138 2992 2196 CAPUT
3021 2136 3160 2191 XIX.

2174 2232 2437 2292 Luctiiosa’
2472 2230 2751 2305 descriptio
2778 2220 3062 2287 carnaliter
3097 2226 3373 2282 viventium
3403 2220 3748 2280 sacerdotum.

2242 2322 2348 2386 Sed
2380 2340 2478 2385 nes
2503 2316 2862 2400 praesentibus
2906 2321 3177 2387 delectati,
3229 2319 3354 2375 dum
3403 2314 3460 2374 in
3502 2317 3608 2373 hac
3647 2316 3753 2371 vita

2170 2416 2455 2479 commoda
2482 2426 2665 2475 nostra
2690 2424 2745 2472 et
2771 2406 3006 2471 honores
3032 2407 3381 2483 inquirimus,
3414 2414 3527 2464 non
3556 2414 3616 2462 ut
3644 2410 3752 2462 mea

2168 2518 2356 2580 liores,
2409 2506 2501 2569 sed
2546 2520 2606 2567 iit
2650 2496 2903 2574 ditiores;
2958 2518 3066 2562 non
3095 2510 3154 2560 ut
3188 2503 3516 2568 sanctiores,
3569 2498 3663 2556 sed
3697 2498 3752 2553 ill

2169 2600 2548 2664 iiondratidres
2576 2590 2746 2656 simus
2775 2597 2986 2654 caeteris
3008 2590 3350 2651 festinamus.
3383 2590 3495 2647 Nec
3540 2600 3748 2662 gregem

2170 2686 2420 2762 Domini,
2451 2686 2545 2766 qui
2586 2684 2741 2748 nobis
2770 2689 3073 2762 pascendus
3112 2682 3453 2756 tuendosque
3493 2684 3747 2740 commis—

2170 2800 2262 2843 sus
2290 2786 2397 2851 est,
2426 2768 2521 2839 sed
2542 2774 2759 2839 nostras
2778 2779 3106 2843 voluntates,
3138 2772 3593 2838 dominationem,
3623 2770 3749 2827 diris

2170 2879 2295 2945 tias,
2348 2886 2405 2934 et
2449 2884 2644 2933 cmlera
2689 2870 3057 2929 blandimenta
3096 2866 3388 2924 carnaliter
3427 2866 3742 2937 cogitamus.

2167 2970 2421 3025 Pastores
2458 2967 2564 3022 dici
2605 2965 2872 3028 volumus,
2923 2972 3028 3017 nec
3078 2964 3259 3014 tamen
3307 2972 3430 3014 esse
3472 2956 3746 3014 contendis

2168 3077 2309 3116 mus.
2342 3058 2522 3115 Ofﬁcii
2550 3058 2723 3114 nostri
2761 3057 2995 3111 vitamus
3021 3052 3284 3119 laborem,
3314 3052 3626 3122 appetimus
3666 3048 3743 3103 di-

2169 3152 2447 3223 gnitatem,
2499 3148 2900 3205 immundomm
2931 3145 3219 3217 spirituum
3247 3141 3391 3200 feras
3423 3159 3455 3198 a
3488 3152 3651 3215 grege
3676 3142 3747 3197 di-

2170 3240 2458 3299 laceraudo
2504 3258 2612 3299 non
2653 3241 2934 3313 pellimus;
2986 3246 3043 3295 et
3077 3238 3221 3309 quod
3264 3238 3345 3294 eis
3384 3245 3742 3299 remanserat,

2167 3334 2269 3411 ipsi
2303 3336 2697 3400 consumimus,
2725 3334 2940 3406 quando
2968 3340 3262 3404 peccantes
3300 3328 3499 3386 divites
3529 3327 3615 3384 vel
3648 3332 3739 3398 po-

2164 3438 2342 3487 tentes
2355 3445 2460 3484 non
2473 3428 2646 3485 solum
2662 3442 2768 3483 non
2782 3425 3079 3507 arguimus,
3096 3423 3189 3482 sed
3201 3423 3369 3478 etiam
3382 3426 3709 3475 veneramur
3725 3426 3738 3470 ξ

2166 3542 2230 3583 ac
2256 3526 2412 3581 nobis
2442 3530 2536 3579 aut
2563 3534 2787 3579 munera
2817 3508 2975 3575 solita
2999 3513 3190 3572 oil‘ensi
3225 3530 3334 3570 non
3360 3514 3617 3583 dirigant,
3655 3515 3747 3563 aut

2163 3618 2426 3689 obsequia
2468 3615 2769 3671 desiderata
2812 3602 3146 3683 subducant;
3195 3623 3258 3662 ac
3306 3600 3385 3661 sic
3433 3594 3749 3659 muneribus

2163 3724 2352 3766 eorum
2378 3717 2435 3764 et
2460 3705 2735 3776 obsequiis
2775 3702 2942 3775 capti,
2977 3701 3087 3756 imo
3117 3714 3215 3772 per
3243 3699 3360 3754 haec
3388 3695 3497 3751 illis
3528 3691 3744 3753 addicti,

2163 3801 2311 3872 loqui
2338 3802 2421 3859 eis
2449 3800 2515 3855 de
2558 3804 2782 3869 peccato
2810 3809 2928 3861 suo,
2963 3802 3057 3849 aut
3093 3793 3159 3849 de
3195 3786 3619 3865 futurojudiciu
3642 3784 3746 3840 for-

2162 3892 2434 3947 midamus
2462 3908 2475 3944 :
2506 3897 2562 3944 et
2587 3888 2708 3943 ideo
2729 3876 3015 3943 minaciter
3047 3882 3359 3955 superbiam
3392 3887 3641 3934 nostram
3669 3876 3748 3932 di-

2163 3986 2319 4040 vinus
2363 3998 2543 4038 sermo
2594 3981 2919 4047 contundit:
2952 3978 3048 4035 sed
3096 3985 3282 4035 noster
3326 3973 3548 4028 auditus
3593 3968 3741 4033 nihil,

2160 4078 2304 4133 unde
2352 4073 2738 4146 proﬁciamus,
2791 4070 3052 4136 admittit,
3108 4068 3235 4138 quia
3285 4063 3578 4137 prasentis
3624 4060 3744 4115 vita:

2162 4170 2303 4241 capti
2362 4167 2668 4235 dulcedine,
2713 4180 2833 4237 quae
2871 4178 3032 4234 poena
3075 4158 3461 4231 negligentiam
3501 4163 3742 4211 nostrast

2160 4272 2379 4325 maneat
2403 4263 2458 4318 in
2490 4271 2774 4325 teternutn,
2810 4258 3082 4315 noluimus
3119 4254 3381 4324 cogitare.
3409 4250 3468 4305 in
3496 4256 3744 4319 pastores

2161 4372 2291 4428 ergo
2326 4357 2430 4411 ista
2457 4354 2735 4419 dicuntur,
2774 4351 2840 4407 de
2863 4362 3096 4420 quorum
3130 4343 3290 4400 nobis
3332 4341 3481 4397 inani
3508 4335 3743 4428 appella-
3782 4350 3783 4353 ‘

2159 4423 2305 4506 tione
2349 4445 2678 4502 blandimur.
2729 4439 2859 4497 Haec
2910 4438 3034 4493 dicit
3091 4434 3348 4491 Dominus
3394 4430 3536 4485 Deus
3580 4442 3599 4481 :
3654 4423 3740 4478 Vc

474 4520 582 4600 lem
606 4545 926 4615 prophetam
953 4520 1056 4603 sub
1084 4545 1363 4614 cujusdam
1395 4546 1621 4601 terroris
1648 4520 2056 4600 denuntiatione
2080 4577 2135 4639 Β
2159 4540 2453 4616 pastoribus
2500 4535 2673 4592 Israel
2714 4534 2803 4606 qui
2858 4528 3136 4639 pascebant
3161 4525 3511 4639 Ιεεηιεειίρειῗιεζ
3554 4520 3741 4639 blenni:

473 4614 739 4706 loquitur,
783 4637 970 4692 dicens
995 4637 1063 4695 ad
1087 4648 1211 4693 eum
1247 4658 1259 4692 :
1291 4637 1361 4695 Et
1385 4647 1466 4702 te,
1498 4636 1576 4706 ﬁli
1600 4637 1850 4701 hominis,
1874 4650 2058 4705 spectt-
2080 4614 2135 4639 υ
2160 4614 2353 4707 greges
2395 4637 2692 4701 pascuntur
2721 4641 2750 4680 a
2778 4621 3122 4696 pastoribus?
3161 4620 3243 4674 lac
3270 4614 3741 4707 comedebatis,‘et

471 4728 693 4784 laterent
721 4729 841 4785 dedi
879 4740 929 4785 te
959 4730 1140 4787 domui
1171 4729 1363 4787 Israel.
1413 4729 1526 4785 Nec
1568 4730 1672 4784 hoc
1711 4736 2057 4784 transeunter

470 4825 731 4882 debemus
765 4827 955 4882 audire
983 4827 1127 4898 quod
1164 4826 1503 4882 sacerdotem
1533 4823 1924 4895 spenulatorem
1954 4836 2055 4891 ap-

469 4917 656 4988 pellat.
709 4916 813 4983 Ut,
862 4918 1003 4973 sicut
1055 4915 1382 4988 speculatori
1434 4922 1517 4970 est
1563 4913 1629 4969 de
1667 4912 1788 4967 loco
1841 4909 2053 4967 editiori

468 5007 817 5078 prospicere,
846 5014 905 5062 et
930 5006 1051 5077 plus
1081 5006 1331 5061 omnibus
1358 5002 1732 5074 euntemplari,
1767 5001 1842 5055 ita
1872 5012 2054 5057 sacer-

468 5099 567 5154 dos
595 5097 754 5154 debet
791 5102 913 5154 esse
940 5098 1251 5169 propositus
1292 5096 1625 5152 sublimitate
1672 5092 1868 5149 celsior
1917 5108 2050 5148 cun-

468 5190 592 5258 ctis,
619 5206 685 5249 ac
711 5190 935 5260 majoris
963 5189 1204 5248 scientia:
1238 5190 1440 5246 habere
1465 5188 1714 5261 gratiam,
1744 5202 1851 5258 qua
1877 5186 2051 5256 possit

465 5279 568 5337 sub
596 5296 660 5339 se
692 5283 939 5339 viventes
969 5284 1260 5355 instruere.
1303 5280 1594 5337 Videamus
1628 5280 1743 5350 jam
1789 5279 1919 5349 quid
1966 5278 2049 5335 di-

462 5370 628 5430 vinus
666 5382 849 5431 sermo
873 5375 1170 5434 continuet.
1220 5372 1439 5438 Audies,
1470 5371 1666 5441 inquit,
1709 5382 1774 5426 eis
1817 5387 1907 5427 ore
1934 5386 2048 5425 meo

462 5482 779 5534 meum,
826 5477 877 5524 et
918 5467 1256 5523 ennuntiabis
1301 5467 1376 5522 eis
1408 5482 1475 5521 ea:
1516 5476 1599 5520 nte
1627 5472 1646 5518 .‘
1674 5474 1733 5520 ut
1761 5464 1866 5520 hoc
1896 5462 2046 5519 dicat

464 5558 722 5615 sacerdos
749 5561 892 5630 quod
929 5574 995 5617 ex
1017 5559 1201 5618 divina
1232 5558 1467 5615 lectione
1497 5557 1767 5621 didicerit,
1800 5553 1943 5624 quod
1966 5554 2043 5610 illi

390 5706 397 5711 .
462 5650 609 5706 Deus
639 5652 1007 5721 inspiraverit,
1056 5668 1163 5707 non
1192 5649 1334 5727 quod
1377 5648 1791 5720 praesumptione
1820 5644 2043 5701 humani

533 5780 557 5807 ει
603 5766 784 5837 Vulg.,
819 5767 1029 5822 minime
1060 5767 1356 5838 pugnabat,
1399 5772 1784 5838 μαρτυρίοις-ει
1812 5760 2042 5831 captivus

462 5847 596 5900 erat,
623 5847 670 5890 et
696 5833 928 5908 captivus
957 5833 1215 5904 nonor—at,
1245 5838 1333 5891 sed
1360 5833 1642 5905 pugnabat.
1685 5833 1865 5889 (lamis.

2158 4698 2297 4783 lanis
2319 4698 2709 4796 oporiebamini
2734 4736 2747 4773 :
2773 4717 2918 4789 quod
2942 4728 3187 4773 crassunt
3217 4718 3355 4775 erat,
3382 4698 3737 4796 occidebatis,

2156 4790 2373 4890 gregem
2417 4822 2601 4870 autem
2645 4824 2825 4867 meum
2874 4822 2984 4864 non
3038 4802 3362 4877 paseebatis.
3388 4796 3545 4866 Quod
3594 4790 3739 4850 inﬁr-

2156 4924 2302 4967 mum
2330 4907 2448 4971 fuit,
2484 4920 2589 4961 non
2611 4892 2913 4965 solidastis;
2956 4906 3012 4954 et
3037 4895 3181 4968 quod
3205 4900 3490 4966 aegrotum,
3522 4903 3629 4943 non
3653 4900 3742 4939 sa-

2156 5000 2327 5056 nastis
2354 5016 2368 5053 :
2400 4997 2545 5068 quod
2577 4993 2833 5058 fractum,
2865 5004 2972 5046 non
3019 4986 3305 5058 aliigastis,
3345 4992 3400 5039 et
3427 4979 3572 5052 quod
3593 4975 3742 5044 obje-

2152 5101 2323 5158 ctum,
2354 5104 2460 5145 non
2527 5083 2819 5147 reduxistis
2864 5100 2878 5136 :
2921 5078 3064 5152 quod
3114 5077 3376 5151 perierat,
3432 5086 3543 5127 non
3591 5080 3741 5137 qum—

2151 5183 2324 5247 sistis,
2372 5180 2468 5236 sed
2507 5193 2630 5235 eum
2663 5165 2987 5231 auctoritate
3016 5164 3374 5241 imperabatis
3397 5162 3503 5226 eis,
3533 5166 3739 5214 etcum

2149 5274 2394 5349 potentia
2423 5292 2437 5329 :
2471 5279 2528 5329 et
2553 5271 2808 5341 dispersae
2835 5272 2962 5323 sunt
2987 5277 3117 5323 oves
3156 5273 3314 5325 mean,
3349 5270 3416 5349 eo
3454 5251 3601 5323 quod
3625 5263 3738 5304 non

2148 5347 2293 5426 esset
2320 5372 2527 5438 pastor.
2574 5363 2643 5418 Et
2683 5359 2841 5416 factae
2891 5364 3017 5413 sunt
3065 5355 3121 5413 in
3174 5347 3581 5438 det-orationem
3617 5352 3737 5394 om-

2146 5461 2295 5517 nium
2322 5435 2639 5513 bestiarum
2685 5450 2819 5521 agri.
2863 5447 2931 5503 Et
2973 5444 3137 5516 paulo
3186 5448 3310 5517 post
3358 5458 3372 5499 ;
3418 5435 3728 5521 Propterea,

2146 5560 2404 5623 pastores,
2432 5544 2609 5601 audite
2635 5519 2843 5598 verbum
2887 5536 3102 5592 Domini
3133 5548 3151 5586 :
3191 5530 3317 5589 Viuo
3341 5545 3433 5601 ego
3463 5525 3587 5583 dicit

2145 5646 2320 5701 minus
2370 5641 2531 5695 Deus.
2566 5636 2672 5691 Pro
2711 5651 2770 5689 eo
2810 5631 2948 5705 quod
2994 5629 3121 5700 facti
3166 5634 3287 5681 sunt
3326 5636 3503 5695 greges
3531 5631 3629 5703 me:
3666 5625 3725 5664 ut

2217 5756 2246 5797 ιδ
2279 5755 2373 5809 Est
2395 5766 2515 5820 cap.
2537 5738 2608 5803 ΞΟ
2629 5736 2723 5820 lii).
2755 5764 2771 5802 ι
2798 5734 2865 5800 de
2894 5743 3017 5799 Vita
3036 5722 3626 5820 ‘cpn‘templ‘..lfrosperi.

2220 5838 2243 5867 ο
2269 5802 2857 5892 ﬁdensqueexl’rosw
2882 5830 3003 5886 cap.
3032 5808 3119 5879 v2i,
3147 5802 3239 5866 lib.
3260 5802 3287 5863 ἶ
3310 5802 3437 5863 ibid.
