4022 6444
1439 343 1639 399 LIBER
1676 297 2253 403 ΡαέΜΤΕΝΤΙΔυΒι
2349 292 2364 304 0

3371 339 3476 400 σοι

243 481 481 542 rapinam,
505 470 554 516 et
579 474 696 517 om
718 471 918 514 metam
944 455 1332 511 desorstionem
1353 457 1585 510 omnium
1609 457 1794 513 bestia-
1823 465 1876 524 Α
1899 460 2146 516 volumus
2183 457 2356 528 pasci,
2408 458 2746 528 deponimus.
2790 457 2908 514 Non
2943 471 3198 514 «namus
3245 453 3474 530 spiritali

188 566 198 578 '
245 576 352 617 rum
377 553 510 626 agri,
536 567 596 606 eo
623 547 762 621 quod
783 563 886 604 non
906 555 1034 602 esset
1054 554 1254 616 pastor.
1282 543 1464 615 Neque
1488 547 1626 600 enim
1651 552 1795 617 q'uce-

239 653 424 709 sierunt
441 650 672 714 pastores
691 655 897 710 gregem
917 653 1086 691 meum
1110 650 1128 688 .·
1152 635 1241 690 sed
1257 635 1534 706 pascebant
1561 647 1794 707 pastores

238 737 552 806 semetipsos,
594 740 641 786 st
689 747 893 801 gregem
940 745 1111 782 meum
1162 745 1263 781 non
1310 729 1612 797 pascebant.
1664 728 1798 784 Pro-

237 843 432 906 pterea,
463 833 731 896 pastores,
777 821 958 876 audite
983 819 1206 874 verbum
1233 819 1466 874 Domini.
1514 817 1641 873 Ηωε
1671 820 1797 874 dicit

237 917 479 979 Dominus
504 915 641 968 Deus
669 926 686 964 :
717 912 851 968 Ecce
873 928 964 982 ego
1004 913 1112 982 ipse
1141 927 1294 980 super
1321 920 1576 982 pastores,
1626 912 1800 982 requi-

241 1030 344 1070 ram
387 1025 588 1083 gregem
630 1022 800 1060 meum
831 1005 895 1058 d8
939 1021 1099 1057 manu
1139 1019 1350 1068 eorum,
1393 1013 1442 1057 et
1473 1019 1674 1057 εεδιατε
1713 1019 1800 1056 €08

237 1103 442 1177 faciam,
488 1109 542 1153 ut
591 1095 729 1151 ultra
777 1112 880 1150 non
915 1104 1130 1166 pascant
1169 1111 1373 1165 gregem
1406 1109 1423 1146 :
1452 1111 1544 1150 nec
1585 1103 1802 1165 pascant

238 1195 452 1266 amplius
482 1202 715 1264 pastores
744 1186 1063 1259 semctipsos.
1096 1187 1228 1254 Quis
1257 1188 1322 1242 ad
1350 1187 1465 1242 bmc
1489 1202 1593 1243 non
1638 1187 1805 1240 imre—

238 1283 465 1344 miscat?
491 1281 623 1349 Quis
652 1280 753 1335 ista
785 1278 900 1334 sine
927 1277 1250 1352 intolerabili
1281 1286 1427 1332 metu
1455 1275 1652 1332 futurae
1679 1291 1807 1330 exav-

238 1373 541 1434 miuationis
582 1370 847 1444 accipiat?
875 1369 980 1425 nisi
1009 1370 1123 1440 qui,
1161 1375 1256 1423 aut
1284 1383 1390 1424 non
1420 1368 1688 1439 intelligit,
1715 1375 1809 1422 aut

235 1463 409 1520 futura
435 1480 548 1519 non
572 1461 746 1518 credit
776 1479 788 1514 :
824 1459 916 1515 sed
959 1459 1140 1514 omnia
1185 1474 1304 1529 qua:
1349 1457 1492 1514 Deus
1513 1460 1808 1514 observare

237 1555 420 1620 voluit,
446 1562 556 1611 tam
582 1560 767 1623 aperte
793 1550 994 1621 posuit,
1019 1557 1073 1602 et
1100 1549 1174 1603 ita
1197 1549 1278 1603 sui
1317 1550 1549 1604 nominis
1576 1549 1811 1605 auctori-

238 1657 342 1705 tate
367 1646 623 1710 firmavit,
650 1651 710 1698 ut
738 1659 800 1700 ea
840 1640 1069 1708 faetlius‘,
1113 1642 1259 1711 quod
1281 1641 1427 1698 dictu
1459 1657 1676 1713 quoque
1714 1657 1810 1698 ne-

237 1738 317 1794 fas
361 1748 464 1801 est,
515 1744 948 1799 contemnamus,
1001 1749 1164 1802 quam
1215 1749 1323 1788 non
1358 1733 1680 1805 intelligere,
1726 1721 1810 1787 vel

234 1848 340 1888 non
371 1816 611 1888 credere.
634 1817 752 1884 3am
774 1836 961 1898 aperta
989 1835 1041 1882 et
1063 1827 1242 1882 divina
1283 1827 1570 1898 fingamus,
1596 1826 1811 1896 quando
1838 1815 1886 1881 Β

234 1925 508 1990 audimus,
545 1921 674 1977 lla'c
720 1921 845 1974 dicit
889 1919 1164 1973 Dominus.
1218 1918 1349 1986 Quis
1394 1917 1635 1975 futurum
1686 1932 1807 1973 esse

233 2031 342 2071 non
382 2014 572 2070 credat
603 2011 744 2085 quod
772 2012 904 2066 dicit
933 2011 1108 2076 Deus,
1145 2011 1248 2065 nisi
1275 2011 1368 2081 qui
1401 2010 1510 2066 Deo
1551 2026 1660 2065 non
1688 2025 1807 2066 cre-

235 2110 352 2166 dit?
388 2097 542 2176 Quod
572 2115 754 2162 autem
800 2106 934 2161 dicit
963 2123 976 2160 :
1014 2104 1105 2159 Va:
1139 2101 1460 2175 pastoribus,
1507 2103 1670 2170 istud,
1711 2121 1809 2172 om,

235 2217 332 2274 pro
357 2200 644 2256 maledicto
667 2198 812 2270 poni,
839 2207 893 2253 et
922 2207 1191 2268 pastorum
1216 2197 1452 2264 nomine,
1490 2213 1590 2253 nos
1612 2197 1814 2268 signifi-

239 2312 382 2358 care,
415 2295 542 2370 quis
571 2310 677 2350 non
721 2293 1004 2365 intelligat,
1033 2291 1136 2346 nisi
1184 2292 1276 2360 qui
1307 2289 1550 2346 futurum
1592 2306 1698 2346 non
1725 2306 1814 2346 co-

237 2385 403 2457 gitat?
431 2383 638 2456 Greges
673 2383 885 2438 Domini
923 2381 1226 2454 pascendos
1265 2391 1512 2452 pastores
1546 2381 1673 2436 facti
1698 2397 1815 2437 sus-

239 2476 484 2545 cipimus,
534 2483 589 2531 et
617 2489 718 2530 nos
749 2475 850 2545 ipsi
887 2474 1163 2545 pascimur
1199 2474 1414 2544 quando
1449 2489 1554 2528 non
1591 2487 1815 2544 gregum

240 2569 450 2623 utilitati
505 2569 908 2638 prospicimus,
963 2569 1057 2625 sed
1111 2569 1239 2638 quid
1285 2568 1462 2624 foveat
1522 2577 1576 2623 et
1624 2577 1816 2638 augeat

238 2667 448 2716 nostras
476 2659 780 2730 voluptates
823 2661 1170 2716 attendimus.
1215 2659 1326 2714 Lac
1352 2668 1409 2715 et
1449 2659 1601 2715 lanas
1634 2661 1816 2716 ovium

241 2752 437 2808 Christi
479 2752 847 2814 oblationibus
872 2753 1204 2823 quotidianis
1228 2768 1292 2807 ac
1319 2753 1542 2811 decimis
1576 2753 1816 2808 ﬁdelium

242 2843 538 2913 gaudentes
587 2844 904 2914 accipimus,
949 2852 1006 2898 et
1051 2859 1236 2900 curam
1264 2843 1656 2914 pascendorum
1700 2841 1819 2912 gre-

153 2957 162 2965 -
243 2951 385 3007 gum,
434 2951 506 2994 ao
549 2935 997 3002 reficiendorum,
1044 2951 1076 2990 a
1102 2936 1298 3006 quibus
1340 2949 1596 3007 perverso
1628 2934 1818 2992 ordine

310 3075 338 3112 ι
363 3059 659 3144 Hucusqtte
687 3079 754 3128 ex
779 3067 1066 3143 Prospero.

1901 553 2130 611 consilio
2144 551 2380 622 peccatis
2407 549 2700 605 infirmum.
2732 548 2848 606 Non
2872 551 3195 606 sacerdotali
3222 566 3323 622 ope
3345 565 3476 611 con-

1903 643 2216 704 snlidamus.
2260 650 2354 697 aut
2407 641 2712 706 reficimus,
2761 641 2992 696 diversis
3041 642 3477 698 tribuldtitmibus

1905 733 2156 788 fractum.
2191 731 2306 788 Non
2334 733 2402 787 ad
2426 732 2566 786 viam
2597 731 2788 786 salutis
2818 743 3132 786 revocamus
3167 741 3475 787 erroneum.

1904 823 2022 878 Non
2057 824 2382 893 requirimus
2413 823 2772 879 sollicitudine
2802 821 3058 892 pastorali
3097 821 3268 877 venire
3294 822 3482 894 despo-

1907 917 2118 972 ratione
2158 915 2271 984 jam
2298 915 2589 984 perditum.
2633 914 2717 970 Ad
2751 916 2854 970 hoc
2879 922 3088 970 tantum
3131 907 3382 984 potentes
3406 911 3484 970 ef-

1904 1007 2056 1070 fecti,
2096 1015 2155 1059 ut
2179 1005 2334 1060 nobis
2377 1005 2430 1060 in
2463 1006 2733 1076 subjectos
2773 1005 3200 1062 dominationem
3236 1005 3481 1078 tyranni-

1906 1111 2026 1150 cam
2058 1096 2411 1158 vindicentus.
2457 1112 2562 1152 non
2593 1103 2655 1152 'ut
2687 1096 2911 1153 afﬂictos
2954 1105 3142 1152 contra
3171 1097 3481 1154 violentiam

1906 1197 2206 1260 potentum,
2237 1189 2330 1258 qui
2362 1189 2417 1244 in
2447 1204 2541 1245 eos
2569 1187 2810 1244 ferarum
2841 1204 2994 1245 more
3026 1191 3274 1256 saeviunt,
3303 1188 3486 1245 defen-

1909 1281 2120 1335 damus.
2181 1279 2310 1336 lnde
2364 1289 2448 1336 est
2509 1281 2653 1350 quod
2710 1290 2820 1336 tam
2871 1286 2902 1336 s
2960 1281 3270 1351 potentibus
3325 1281 3485 1352 hujus

1910 1374 2116 1438 mundi,
2144 1389 2304 1443 quam
2332 1390 2364 1429 a
2385 1374 2561 1440 nobis,
2609 1375 2752 1445 quod
2784 1375 2936 1445 pejus
2970 1384 3076 1440 est,
3100 1373 3340 1430 nonnulli
3371 1387 3488 1446 gra-

1912 1465 2052 1519 viter
2073 1464 2281 1532 fatigati
2305 1465 2625 1534 depereunt,
2664 1480 2802 1535 quos
2823 1480 2881 1520 se
2900 1466 2965 1520 de
2994 1479 3155 1522 manu
3180 1473 3363 1521 nostra
3389 1464 3488 1520 Do-

1913 1557 2094 1612 minus
2120 1556 2503 1624 requlsiturum
2536 1555 2850 1611 terribiliter
2867 1557 3228 1612 comminatur
3257 1555 3484 1610 dicens:

1914 1649 2206 1719 Requiram
2241 1661 2372 1704 oves
2393 1658 2540 1704 meas
2571 1651 2636 1705 de
2664 1664 2825 1705 manu
2849 1657 3151 1718 pastorum,
3195 1651 3248 1703 et
3273 1660 3488 1702 cessare

1914 1755 2010 1795 eos
2041 1741 2258 1806 faciam,
2305 1748 2365 1796 ut
2401 1739 2544 1795 ultra
2583 1755 2689 1796 non
2740 1748 2985 1809 poseant.
3029 1737 3184 1805 Quod
3231 1737 3362 1807 quid
3405 1744 3491 1792 est

1915 1834 2059 1890 aliud
2107 1848 2291 1902 quam,
2342 1843 2590 1903 pastores
2629 1832 2722 1902 (ιιιὶ
2757 1830 3109 1900 semetipsos,
3153 1843 3261 1884 non
3299 1841 3490 1900 greges

1913 1938 2087 1991 uicos,
2115 1932 2366 1996 pascunt,
2389 1925 2719 1980 sublimitate
2743 1939 2853 1979 sua:
2871 1921 3150 1994 dignitatis
3169 1920 3484 1990 exspoliam,

1913 2027 1970 2075 et
2020 2019 2163 2073 inter
2210 2018 2488 2088 reprobos,
2537 2016 2663 2084 quis
2691 2015 2950 2070 honorem
3004 2017 3158 2068 suum
3206 2011 3494 2067 noluerunt

1915 2105 2214 2171 custodire,
2237 2104 2552 2176 projiclam?
2593 2103 2816 2167 Horum,
2847 2110 2902 2158 et
2927 2102 3012 2158 bis
3037 2099 3291 2157 similium
3313 2097 3492 2154 oonsi-

1917 2199 2195 2254 deratione
2237 2196 2578 2268 perterritus,
2614 2193 2778 2250 timor
2803 2202 2858 2248 et
2883 2201 3088 2250 tremor
3107 2197 3374 2247 venerunt
3401 2205 3492 2244 su.

1917 2305 2014 2362 per
2040 2304 2149 2356 me,
2195 2297 2250 2344 et
2282 2294 2643 2344 contexerant
2678 2301 2765 2344 me
2793 2286 3045 2342 tenebrae.
3070 2284 3138 2340 Et
3176 2283 3286 2340 dixi
3315 2302 3329 2338 :
3361 2281 3492 2349 Quis

1916 2381 2063 2436 dabit
2101 2380 2231 2434 mihi
2269 2396 2464 2449 pennas
2501 2380 2635 2433 sicut
2662 2375 2946 2441 columba,
2995 2385 3042 2430 et
3081 2373 3287 2440 volabo,
3328 2380 3377 2430 et
3413 2389 3493 2427 reo

1917 2473 2225 2544 quiescam?
2252 2471 2319 2527 Et
2362 2471 2464 2528 hoc
2507 2479 2590 2525 est
2628 2478 2800 2525 totum
2838 2469 2982 2538 quod
3019 2467 3302 2538 imperitia!
3339 2481 3492 2532 niese,

1919 2578 1984 2618 ac
2012 2562 2180 2616 futuri
2209 2561 2331 2616 finis
2372 2559 2686 2616 recordatus
2716 2559 2970 2630 ingemui,
3013 2567 3073 2614 et
3090 2557 3258 2622 volui,
3281 2555 3496 2613 sarcina

1919 2651 2259 2722 episcopatus
2300 2651 2405 2706 mei
2433 2650 2694 2720 deposita,
2723 2649 2976 2719 elongare
3024 2645 3255 2719 fugiens,
3299 2656 3354 2703 et
3383 2654 3495 2703 ma-

1920 2757 2053 2800 nere
2075 2743 2130 2797 in
2158 2742 2466 2806 solitudine,
2501 2749 2558 2798 et
2586 2741 2660 2797 ibi
2688 2749 3004 2810 exspectare
3029 2739 3220 2804 Deum,
3259 2737 3353 2808 qui
3387 2735 3494 2795 ωι-

1919 2851 2048 2892 vum
2075 2850 2162 2891 me
2200 2834 2421 2901 faceret,
2452 2842 2505 2888 et
2529 2849 2560 2888 a
2585 2831 3029 2904 pusillanimitate
3054 2843 3174 2886 mea
3201 2835 3257 2884 et
3284 2827 3354 2884 ab
3379 2827 3496 2897 ipsa

1920 2925 2342 2984 intolerabilium
2371 2926 2504 2986 mihi
2531 2923 2955 2982 sollicitudinum
2984 2927 3302 2992 tempestate
3326 2931 3372 2974 ι.

1857 3221 1886 3237 .,
3297 3223 3330 3253 Ι,

1381 3351 1810 3419 PREFATIO
1851 3351 2350 3418 HALITGARII.

309 3527 634 3600 Addidimus
658 3543 822 3600 etiam
856 3543 983 3600 huic
1002 3546 1151 3616 operi
1178 3541 1543 3619 excerptioriis
1574 3559 1770 3605 nostra:
1789 3563 1814 3590 δ
1844 3553 1889 3616 C
1921 3550 2043 3605 latce
2084 3551 2363 3606 sententia:
2393 3549 2553 3605 alicui
2591 3546 2872 3618 superflua:
2913 3546 3021 3602 sint
3045 3545 3195 3610 visae,
3237 3552 3329 3600 aut
3352 3544 3498 3616 peni-

242 3631 680 3691 Pmnitentialem
707 3636 1008 3691 Romanum
1046 3638 1290 3704 alterum,
1325 3657 1483 3712 quem
1523 3642 1590 3696 de
1619 3639 1818 3696 scrinio

243 3719 508 3776 Bonnanze
551 3723 805 3782 Ecclesiae
834 3731 1250 3802 assumpsimus;
1297 3741 1533 3787 attamen
1562 3749 1592 3786 a
1625 3749 1730 3804 quo
1755 3732 1825 3790 sit

241 3811 426 3868 editus
463 3809 810 3885 ignoramus:
847 3819 1048 3875 idcirco
1078 3819 1468 3877 adnectendum
1497 3821 1826 3895 praescriptis

244 3917 518 3960 canonum
566 3912 852 3968 sententiis
882 3913 1237 3980 decrevimus,
1268 3922 1329 3970 ut
1356 3915 1399 3970 si
1426 3909 1561 3972 forte
1595 3917 1678 3971 hae
1703 3934 1826 3988 pro-

1932 3647 2020 3697 tus
2051 3659 2171 3712 quas
2197 3641 2484 3707 desiderat,
2519 3639 2591 3696 ibi
2618 3637 2682 3695 de
2710 3635 3040 3710 singulorum
3067 3635 3383 3693 criminibus
3416 3650 3504 3691 ne-

1932 3734 2166 3806 quiverit
2193 3727 2454 3799 invenire,
2488 3731 2542 3787 in
2569 3733 2670 3788 hac
2693 3731 2884 3786 saltem
2918 3727 3182 3785 brevitate
3213 3726 3501 3786 novissima

1934 3825 2174 3881 omnium
2199 3824 2402 3881 scelera
2426 3819 2650 3880 forsitan
2675 3823 2910 3879 inveniet
2937 3815 3220 3893 explicata.

313 4031 340 4059 ι
367 4018 425 4075 In
453 4017 572 4076 cod.
608 4015 880 4082 Stewartii
907 4036 1117 4082 sextum
1153 4027 1434 4102 Halitgarii
1464 4029 1660 4084 librum
1695 4028 2032 4088 conﬁciebat.

250 4168 3497 4202 MM

1725 4303 2018 4366 INCIPIT

839 4417 1408 4597 f/LIBER
1538 4426 2837 4600 POENITENTIALIS

1156 4712 1262 4774 Ea:
1297 4713 1532 4776 scrinio
1566 4733 1837 4778 romanae
1869 4716 2162 4779 Ecclesiae
2196 4724 2570 4796 assumptus.
2609 4751 2671 4822 1/

247 4951 494 5004 ououooo
550 4955 904 4999 castrenses
950 4959 1070 4998 SINT
1132 4959 1491 5011 BUSCIPIENDI,
1532 4961 1828 5012 JUDICANDI,
1855 4945 2198 5009 Dhomines,
2246 4953 2295 4998 et
2334 4945 2599 5016 imponitis
2645 4961 2800 5015 super
2849 4945 3089 5000 humeros
3125 4960 3305 5001 eorum
3343 4959 3505 5000 onera

749 5028 863 5068 SIVE
917 5029 1338 5069 RECONCILIANDI.

319 5121 763 5195 Quotiescunque
789 5124 1081 5181 Christiani
1114 5126 1180 5180 ad
1209 5127 1584 5196 paenitentiam
1614 5138 1638 5165 α
1669 5140 1827 5181 acce-

254 5209 423 5281 dunt,
473 5213 682 5287 jejunia
735 5215 923 5271 damus
961 5226 1057 5272 :et
1110 5233 1209 5271 nos
1259 5217 1658 5271 communicare
1703 5232 1827 5271 cum

253 5299 332 5358 eis
381 5301 642 5361 debemus
685 5305 911 5378 jejunio,
957 5322 1118 5362 unam
1175 5315 1266 5362 aut
1305 5308 1436 5362 duas
1472 5305 1825 5377 septimanas,

255 5401 349 5448 aut
373 5405 637 5465 Quantum
667 5413 970 5469 possumus,
1020 5405 1079 5452 ut
1117 5413 1221 5452 non
1264 5397 1477 5452 dicatur
1505 5398 1660 5452 nobis
1684 5397 1826 5468 quod

259 5491 634 5547 sacerdotibus
677 5491 984 5547 Iudaeorum
1032 5491 1234 5547 dictum
1263 5499 1348 5545 est
1377 5507 1406 5545 a
1450 5491 1674 5546 Domino
1711 5491 1826 5546 Sal-

259 5587 442 5635 vatore
487 5591 674 5638 nostro
707 5602 718 5638 :
768 5581 852 5637 Va:
883 5582 1018 5637 vobis
1047 5583 1374 5654 legisperitis,
1419 5583 1507 5653 qui
1533 5585 1827 5653 aggravatis

1930 5035 2108 5104 gravia
2151 5041 2198 5087 et
2245 5033 2594 5103 importabilia
2619 5051 2636 5087 :
2664 5033 2764 5104 ipsi
2804 5044 2977 5091 autem
3010 5051 3111 5090 uno
3141 5034 3302 5104 digito
3339 5040 3504 5087 oestro

1931 5142 2035 5178 non
2074 5123 2288 5192 tangit'is
2321 5108 2557 5178 sarcinas
2587 5123 2747 5194 ipsas.
2791 5121 2960 5180 Nemo
2989 5122 3134 5181 enim
3158 5127 3336 5192 potest
3375 5121 3502 5174 sub-

1930 5217 2106 5273 levare
2143 5219 2424 5274 cadentem
2473 5221 2573 5276 sub
2616 5221 2874 5292 pondere,
2918 5217 3021 5272 nisi
3051 5214 3393 5272 inclinaverit
3417 5229 3502 5280 se,

1932 5319 1993 5365 ut
2019 5310 2256 5383 porrigat
2287 5311 2337 5366 ei
2368 5327 2604 5367 manum.
2653 5311 2837 5380 Neque
2861 5308 3001 5364 ullus
3025 5307 3356 5362 medicorum
3383 5305 3500 5360 vul-

1933 5417 2063 5457 nera
2095 5401 2484 5459 infirmantium
2525 5410 2702 5474 potest
2727 5415 2920 5457 curare
2959 5398 3064 5454 nisi
3091 5396 3350 5453 fetoribus
3378 5412 3503 5468 par-

1934 5496 2103 5566 ticeps
2154 5495 2337 5554 fuerit.
2391 5498 2468 5554 lta
2522 5509 2735 5567 quoque
2777 5492 2954 5550 nullus
3002 5491 3365 5554 sacerdotum,
3420 5490 3504 5545 vel

1933 5589 2214 5658 pontifex,
2265 5598 2608 5660 peccatorum
2643 5585 2869 5639 vulnera
2917 5591 3094 5656 potest
3137 5591 3368 5648 curare,
3413 5589 3506 5635 aut

330 5687 778 5771 -_Illa__leguntur
823 5691 1042 5771 totidem
1074 5694 1252 5751 verbis
1281 5693 1419 5770 apud
1446 5691 1742 5753 Rubertum
1774 5697 1830 5752 in
1865 5697 2231 5760 Pmnitentiali
2271 5701 2414 5771 quod
2474 5697 2714 5755 Morinus
2747 5699 2916 5757 edidit
2943 5700 3010 5756 ad
3073 5699 3279 5758 calcem
3317 5695 3501 5753 Tract.

263 5771 329 5815 de
354 5761 698 5832 Pmnitentia,
729 5782 851 5838 pag.
887 5764 968 5821 15.
