4022 6448
517 336 620 392 695

1472 338 1871 397 HALITGARII
1903 334 2213 396 EPISCOPI
2248 331 2772 394 CAMEBACENSIS

3657 342 3757 399 696

507 453 797 508 animabus
821 460 1046 522 peccata
1085 453 1320 522 auferre,
1344 454 1450 510 nisi
1494 464 1785 526 praestante
1820 454 2080 511 sollicitu-
2105 458 2157 521 Α
2183 454 2351 509 tentia
2382 453 2592 523 suscipe
2628 452 2798 507 illum.
2827 450 2930 519 Qui
2962 464 3093 508 vero
3125 451 3306 524 pbtest
3328 455 3595 525 ,ejunare,
3617 459 3756 527 quod

509 546 634 600 dine
661 553 717 600 et
749 547 996 602 oratione
1028 548 1407 620 lacrymarum.
1432 548 1663 605 Necesse
1696 558 1778 605 est
1822 564 1951 619 ergo
1978 566 2080 604 no-

508 637 612 701 bis,
637 635 807 692 frater
835 638 1176 707 cbarissime,
1223 641 1482 696 sollicitos
1517 655 1639 696 esse
1667 656 1766 712 pro
1806 641 2082 712 peccanti-

503 725 645 780 bus:
673 731 804 797 quia
842 743 1028 784 sumus
1073 730 1393 786 alterutrum
1440 732 1701 786 membra.
1751 729 1820 786 Et
1863 731 1908 786 si
1951 731 2081 800 quid

504 818 710 888 patitur
732 836 899 875 unum
926 823 1254 887 membrum,
1285 823 1690 892 compatiuntur
1707 823 1886 880 omnia
1910 839 2081 880 mem-

503 907 624 962 bra.
657 907 888 980 Ideoque
910 918 966 967 et
991 926 1108 978 nos,
1139 912 1186 967 si
1209 912 1506 968 viderimus
1529 912 1764 984 aliquem
1806 913 1859 968 in
1887 928 2080 982 pecca-

502 999 574 1057 tis
606 998 900 1069 iacentem,
945 1003 1263 1059 festinemus
1306 1019 1432 1060 eum
1469 1005 1537 1060 ad
1574 1005 1948 1075 paenitentiam
1980 1020 2080 1076 per

503 1103 745 1149 nostrain
777 1095 1076 1150 doctrinam
1105 1111 1322 1153 vocare.
1364 1096 1432 1152 Et
1456 1097 1884 1168 quotiescunque
1917 1098 2080 1153 dede-

501 1185 579 1242 ris
601 1188 884 1244 consilium
915 1189 1157 1258 peccanti
1177 1231 1192 1256 ,
1233 1189 1299 1246 da
1329 1189 1404 1244 illi
1433 1189 1811 1261 pmnitentiam
1843 1190 2028 1244 statim
2059 1207 2073 1244 :

499 1290 760 1351 quantum
789 1281 983 1337 debeat
1019 1281 1287 1353 jejunare,
1314 1290 1368 1338 et
1402 1283 1667 1339 redimere
1693 1291 1916 1352 peccata
1944 1298 2074 1349 sua;

498 1387 568 1427 ne
615 1371 755 1428 forte
795 1372 1164 1438 obliviscaris,
1219 1383 1478 1443 quantum
1524 1388 1648 1427 eum
1691 1379 1941 1442 oporteat
1976 1387 2076 1440 pro

496 1466 610 1520 suis
650 1467 886 1535 peccatis
898 1465 1145 1535 jejunare
1175 1485 1188 1520 :
1223 1465 1297 1521 ita
1322 1467 1469 1535 quod
1496 1480 1720 1521 necesse
1753 1466 1845 1529 sit,
1875 1465 2074 1520 iterum

497 1567 555 1612 ut
577 1558 830 1628 exquiras
860 1560 927 1614 ab
956 1574 1022 1615 eo
1057 1567 1298 1630 peccata.
1345 1559 1438 1614 llle
1481 1566 1664 1615 autem
1694 1556 1920 1614 forsitan
1949 1573 2076 1612 eru—

495 1648 700 1714 bescet,
736 1649 934 1704 iterum
971 1658 1194 1719 peccata
1223 1665 1319 1705 sua
1341 1647 1608 1714 conﬁteri,
1637 1657 1691 1704 et
1720 1647 1920 1705 iterum
1959 1663 2075 1702 am-

492 1740 631 1810 plius
644 1740 898 1810 judicari.
916 1741 1030 1800 Non
1052 1743 1198 1798 enim
1222 1757 1246 1785 ι
1271 1759 1460 1800 omnes
1478 1743 1662 1800 clerici
1687 1744 1829 1800 hanc
1848 1743 2074 1814 scriptu-

493 1846 610 1886 ram
630 1848 912 1904 usurpare,
935 1842 1028 1889 aut
1047 1835 1224 1906 legere
1248 1835 1466 1900 debent,
1488 1835 1580 1904 qui
1606 1834 1887 1890 inveniunt
1907 1849 2029 1889 eam
2053 1852 2066 1887 :

2182 545 2490 616 impositum
2522 553 2606 601 est
2633 545 2730 610 illi,
2755 544 2864 600 noli
2895 545 3204 616 prohibere,
3231 547 3325 601 sed
3352 549 3620 617 permitte.
3645 549 3753 604 Ma-

2180 643 2260 714 gis
2283 643 2425 696 enim
2449 641 2700 696 laudandi
2732 648 2858 695 sunt
2885 642 2978 710 qui
3002 640 3254 697 celeriter
3282 641 3515 696 debitum
3551 645 3755 714 pondus

2178 733 2484 803 persolvere
2515 731 2802 795 festinant;
2831 731 2957 800 quia
2983 729 3249 799 jejunium
3283 733 3521 787 debitum
3560 743 3660 787 est.
3693 733 3756 790 Et

2180 824 2258 878 sic
2322 824 2444 878 date
2493 823 2805 876 mandatum
2845 821 2951 876 illis
2999 823 3090 892 qui
3137 823 3504 892 paenitentiam
3556 833 3749 894 agunt:

2179 915 2306 984 quia
2343 914 2388 969 si
2407 912 2732 982 jejunaverit
2773 923 2827 984 et
2855 913 3209 985 compleverit
3251 914 3391 984 quod
3437 913 3511 968 illi
3540 917 3754 970 manda-

2178 1011 2293 1058 tum
2323 1011 2406 1058 est
2447 1020 2476 1058 a
2509 1004 2808 1067 sacerdote,
2842 1004 3219 1073 puriﬁcabitur
3241 1020 3271 1058 a
3321 1007 3577 1075 peccatis.
3609 1005 3754 1074 Quod

2178 1095 2222 1150 si
2251 1095 2444 1151 iterum
2479 1097 2546 1151 ad
2574 1095 2862 1167 pristinam
2897 1097 3342 1153 consuetudinem
3370 1099 3450 1154 vel
3481 1109 3752 1169 peceatum

2178 1205 2427 1246 reversus
2449 1189 2631 1254 fuerit,
2657 1191 2736 1246 sic
2757 1200 2842 1246 est
2861 1190 3130 1259 quomodo
3164 1191 3316 1246 canis
3346 1192 3440 1261 qui
3471 1195 3752 1248 revertitur

2178 1281 2246 1336 ad
2269 1282 2532 1337 vomitum
2561 1297 2740 1337 suum.
2778 1279 2968 1337 Omnis
2994 1280 3180 1350 itaque
3205 1281 3497 1351 paenitens,
3523 1298 3628 1337 non
3662 1285 3754 1338 hoc

2177 1373 2349 1428 solum
2379 1373 2540 1430 debet
2572 1373 2840 1444 jejunare,
2873 1373 3017 1442 quod
3057 1371 3130 1427 illi
3163 1374 3475 1427 mandatum
3505 1384 3592 1429 est
3624 1390 3654 1428 a
3681 1390 3754 1429 sa-

2175 1463 2429 1530 cerdote;
2462 1480 2651 1520 verum
2699 1465 2863 1519 etiam
2899 1473 3182 1533 postquam
3210 1464 3502 1534 complevit
3549 1481 3613 1520 ea
3646 1482 3753 1534 qua

2176 1555 2250 1611 illi
2283 1556 2435 1627 jussa
2486 1566 2650 1622 sunt,
2704 1556 2866 1612 debet
2910 1565 3170 1625 quantum
3231 1557 3333 1626 ipsi
3381 1559 3558 1612 visum
3605 1557 3755 1613 fuerit

2166 1645 2416 1716 jejunare
2441 1665 2454 1702 :
2480 1648 2593 1703 sive
2614 1647 2669 1702 in
2698 1655 2893 1717 quarta
2916 1645 3050 1702 feria
3081 1649 3283 1712 tradas,
3299 1647 3413 1702 sive
3439 1664 3750 1719 parasceve;

2175 1739 2223 1794 si
2265 1739 2435 1810 egerit
2475 1753 2539 1793 ea
2578 1754 2698 1809 qua:
2732 1737 2808 1796 illi
2845 1739 3097 1793 sacerdos
3146 1740 3501 1809 praeceperit,
3547 1752 3755 1811 peccata

2175 1833 2291 1904 ejus
2335 1831 2706 1896 dimittentur;
2748 1830 2792 1886 si
2846 1845 2976 1885 vero
3022 1839 3211 1900 postea
3239 1846 3306 1885 ex
3334 1847 3432 1886 sua
3489 1831 3756 1890 voluntate

491 1923 593 1977 nisi
609 1923 1005 1993 soliilliquibus
1029 1940 1248 1981 necesse
1269 1932 1374 1990 est,
1390 1925 1442 1980 id
1460 1933 1548 1981 est
1568 1925 1893 1995 presbyteri.
1920 1924 2074 1980 Sicut
2163 1927 2511 1999 jejunaverit,
2561 1926 2868 1982 mercedem
2897 1927 2996 1981 sibi
3037 1925 3271 1995 acquirit
3299 1935 3353 1980 et
3381 1939 3609 1996 regnum
3658 1940 3756 1981 cm-

491 2014 637 2068 eniin
673 2015 999 2070 sacrificium
1029 2015 1225 2071 offerre
1273 2032 1379 2071 non
1407 2015 1623 2081 debent,
1673 2015 1779 2072 nisi
1832 2016 2071 2086 episcopi
2173 2019 2366 2076 lorum.
2399 2017 2500 2086 Qui
2547 2033 2678 2088 ergo
2727 2025 2838 2071 tota
2873 2017 3170 2086 septimana
3193 2014 3405 2083 jejunat
3439 2031 3542 2086 pro
3577 2031 3758 2085 pecea-

490 2113 546 2160 et
593 2107 918 2178 presbyteri,
964 2108 1160 2178 quibus
1195 2108 1374 2164 claves
1413 2109 1566 2178 regni
1597 2107 1836 2163 scelestis
1861 2107 2072 2164 tradita:
2173 2111 2241 2166 tis
2267 2110 2398 2171 suis,
2432 2107 2670 2164 Sabbato
2696 2116 2753 2162 et
2790 2107 3070 2163 Dominico
3104 2107 3191 2162 die
3214 2106 3512 2161 manducet
3540 2117 3597 2161 et
3619 2108 3757 2163 bibat

491 2207 618 2253 sunt
650 2217 663 2252 :
697 2200 778 2255 sic
800 2216 900 2256 nec
928 2201 1132 2272 judicia
1162 2201 1252 2258 illa
1278 2201 1370 2257 alii
1399 2217 1663 2274 usurpare
1691 2202 1909 2258 debent.

561 2289 619 2346 Si
653 2299 833 2346 autem
868 2294 1162 2350 necessitas
1214 2295 1487 2357 evenerit,
1538 2301 1593 2347 et
1645 2295 1932 2365 presbyter
1959 2308 2070 2350 non

487 2381 653 2440 fuerit
684 2401 925 2456 praesens
948 2427 964 2453 ,
1015 2388 1272 2443 diaconus
1313 2388 1572 2458 suscipiat
1616 2389 1970 2458 pmnitentem
2003 2387 2070 2443 ad

492 2475 518 2515 δ
551 2475 982 2534 satisfactionem
1022 2479 1106 2535 vel
1135 2489 1379 2537 sanetam
1426 2481 1884 2536 communionem.
1917 2480 2071 2536 Sicut

486 2581 618 2637 ergo
646 2569 897 2638 superius
925 2569 1164 2627 diximus
1196 2589 1208 2626 :
1241 2571 1526 2628 humiliare
1557 2588 1616 2629 se
1635 2573 1834 2629 debent
1859 2573 2070 2642 episco-

483 2659 562 2728 pi,
593 2661 706 2715 sive
734 2663 1062 2734 presbyteri,
1094 2674 1149 2718 et
1186 2679 1306 2720 cum
1338 2665 1573 2721 tristitia:
1600 2666 1804 2737 gemitu
1823 2706 1838 2730 ,
1886 2664 2067 2736 lacry-

484 2751 697 2823 misque
719 2768 897 2819 orare,
925 2770 1033 2809 non
1064 2755 1236 2811 solum
1262 2772 1362 2826 pro
1391 2758 1506 2813 suis
1531 2758 1763 2820 delictis,
1789 2757 1883 2812 sed
1904 2758 2068 2812 etiam

485 2857 585 2913 pro
610 2843 1043 2900 Christianorum
1070 2848 1332 2913 omnium,
1359 2859 1419 2904 ut
1447 2850 1658 2919 possint
1685 2851 1901 2905 dicere:
1936 2848 2069 2916 Quis

484 2933 807 3003 inﬁrmatur,
839 2945 888 2989 et
910 2952 1002 3008 ego
1033 2954 1136 2992 non
1180 2939 1464 3008 infirmari
1491 2941 1608 3012 quis
1641 2940 2065 3006 scandalizatur,

485 3035 534 3080 et
563 3043 655 3097 ego
679 3043 782 3081 non
815 3030 980 3084 uror?
1012 3029 1146 3086 Cum
1173 3046 1306 3103 ergo
1334 3032 1544 3088 venerit
1573 3031 1770 3103 aliquis
1797 3031 1862 3086 ad
1893 3047 2070 3087 sacer-

485 3121 670 3174 dotem
700 3120 944 3177 conllteri
979 3131 1200 3192 peccata
1227 3139 1346 3190 sua,
1378 3125 1600 3180 mandet
1626 3124 1676 3180 ei
1708 3123 1980 3189 sacerdos,
2008 3129 2068 3178 ut
2093 3164 2140 3228 C

485 3220 762 3283 exspectet
783 3215 1073 3280 modicum,
1101 3217 1272 3274 donec
1299 3218 1466 3274 intret
1492 3217 1545 3273 in
1575 3217 1880 3274 cubiculum
1908 3232 2067 3272 suum

487 3305 554 3358 ad
597 3305 898 3362 orationem
932 3327 945 3362 :
978 3309 1022 3363 si
1060 3318 1240 3365 autem
1287 3327 1395 3366 non
1437 3310 1689 3366 habuerit
1727 3311 2063 3378 cubiculum,

488 3407 666 3456 tamen
697 3401 949 3458 sacerdos
980 3403 1124 3459 dicat
1155 3405 1293 3460 hanc
1333 3406 1387 3460 in
1416 3406 1578 3462 corde
1617 3420 1716 3461 suo
1741 3405 2062 3461 orationem.

1161 3491 1402 3550 Oremus.

556 3583 784 3641 Domine
811 3586 954 3642 Deus
995 3598 1018 3626 ο
1053 3588 1427 3659 omnipotens,
1457 3588 1723 3660 propitius
1765 3598 1885 3644 esto
1932 3589 2067 3644 mihi

483 3681 789 3747 peccatori;
841 3693 902 3734 ut
943 3682 1204 3752 condigne
1242 3683 1442 3752 possim
1495 3682 1592 3737 tibi
1622 3683 1825 3754 gratias
1871 3698 2063 3755 agere,

483 3771 576 3840 qui
604 3786 690 3826 me
719 3771 997 3843 indignum
1025 3783 1244 3843 propter
1266 3784 1411 3829 tuam
1444 3776 1870 3832 misericordiam
1914 3777 2070 3832 mini-

485 3869 656 3914 strum
708 3859 880 3916 fecisti
936 3866 1287 3921 sacerdotalis
1325 3865 1526 3922 ofﬁcii:
1564 3876 1618 3922 et
1659 3884 1747 3923 me
1776 3868 2064 3936 humilem,

485 3950 850 4020 exiguumque
895 3963 1237 4022 peccatorem
1275 3957 1602 4012 constituisti
1643 3957 1712 4011 ad
1765 3959 2064 4024 orandum,

485 4041 1037 4114 intereedendumque
1112 4046 1179 4100 ad
1239 4046 1524 4102 Dominum
1589 4056 1834 4104 nostrum
1883 4047 2068 4105 Jesum

485 4133 760 4190 Christum
789 4177 802 4201 ,
852 4151 952 4207 pro
976 4137 1356 4207 peccantibus,
1408 4147 1461 4194 et
1489 4139 1554 4193 ad
1577 4139 1952 4210 paenitentiam
1984 4155 2053 4196 re-

484 4229 856 4284 vertentibus:
891 4230 1124 4300 ideoque
1140 4231 1446 4286 dominator
1466 4232 1710 4297 Domine,
1742 4234 1832 4304 qui
1879 4249 2068 4290 omnes

483 4323 731 4378 homines
767 4324 850 4380 vis
879 4323 1058 4379 salvos
1092 4323 1229 4389 fieri,
1255 4333 1309 4379 et
1355 4325 1422 4380 ad
1467 4326 1796 4396 agnitionem
1823 4326 2067 4382 veritatis

487 4423 693 4489 venire,
720 4425 814 4494 qui
843 4440 949 4481 non
988 4427 1072 4480 vis
1100 4433 1329 4480 mortem
1368 4427 1688 4496 peccatoris,
1722 4428 1815 4483 sed
1848 4439 1906 4484 ut
1935 4444 2066 4484 con-

2171 2202 2428 2273 quidquid
2455 2202 2505 2256 ei
2535 2201 2840 2270 appositum
2880 2199 3062 2255 fuerit.
3100 2199 3380 2256 Custodiat
3410 2208 3593 2253 tamen
3633 2215 3689 2254 se
3728 2217 3757 2255 a

2171 2295 2392 2365 crapula
2421 2303 2476 2349 et
2515 2295 2781 2349 ebrietate
2811 2311 2824 2347 :
2857 2293 2981 2363 quia
3030 2292 3244 2347 luxuria
3286 2291 3353 2347 de
3381 2291 3647 2347 ebrietate
3673 2306 3759 2345 na-

2170 2389 2360 2444 scitur.
2412 2387 2536 2442 ldeo
2563 2387 2754 2443 beatus
2780 2385 2980 2441 Paulus
3007 2386 3281 2455 prohibuit
3325 2385 3556 2440 dicens:
3587 2383 3758 2438 Nolite

2168 2481 2419 2536 inebriari
2449 2481 2589 2545 vino,
2623 2481 2679 2534 in
2699 2495 2802 2550 quo
2832 2489 2907 2533 est
2933 2478 3147 2532 luxuria
3177 2491 3196 2530 .'
3224 2492 3332 2533 non
3359 2477 3492 2546 quia
3543 2476 3599 2530 in
3635 2475 3756 2530 vino

2169 2583 2253 2629 est
2280 2573 2512 2636 luxuria,
2545 2571 2638 2628 sed
2664 2572 2720 2628 in
2751 2571 3034 2627 ebrietate.

2243 2666 2298 2721 Si
2333 2667 2456 2735 quis
2487 2664 2625 2720 forte
2660 2680 2765 2720 non
2797 2664 3033 2735 potuerit
3071 2661 3338 2732 jejunare,
3365 2669 3423 2716 et
3448 2659 3473 2701 δ
3510 2660 3757 2716 habuerit

2169 2757 2314 2812 unde
2349 2757 2480 2812 dare
2525 2758 2700 2826 possit
2743 2756 2809 2811 ad
2850 2755 3254 2810 redimendum:
3282 2753 3329 2808 si
3357 2751 3513 2808 dives
3564 2750 3751 2813 fuerit,

2169 2862 2268 2919 pro
2287 2863 2362 2902 vn
2396 2844 2824 2903 hebdomadibus
2849 2844 2942 2900 det
2969 2843 3168 2899 solidos
3195 2859 3297 2907 xx;
3345 2842 3393 2898 si
3437 2849 3622 2897 autem
3653 2857 3752 2896 non

2170 2940 2424 2996 habuerit
2453 2947 2664 2994 tantum
2690 2937 2834 2993 unde
2859 2936 2990 2992 dare
3015 2936 3204 3004 possit,
3242 2934 3331 2989 det
3360 2932 3568 2990 solidos
3591 2949 3624 2987 ι
3648 2951 3662 2997 ;
3710 2931 3752 2986 si

2171 3043 2352 3089 autem
2383 3032 2611 3087 multum
2655 3046 2862 3102 pauper
2890 3028 3076 3093 fuerit,
3109 3029 3198 3083 det
3228 3026 3432 3083 solidos
3466 3042 3553 3082 ιιι.
3585 3025 3752 3081 Nemi.

2171 3140 2295 3181 nem
2334 3139 2464 3180 vero
2493 3123 2800 3188 conturbet,
2829 3122 2954 3192 quia
2970 3120 3233 3190 jussimus
3260 3136 3331 3174 xx
3361 3118 3571 3174 solidos
3601 3118 3753 3179 dare,

2172 3225 2265 3272 aut
2295 3216 2478 3274 minus
2507 3231 2522 3268 :
2553 3216 2681 3286 quia
2712 3215 2757 3270 si
2783 3213 2934 3268 dives
2961 3211 3146 3276 fuerit,
3168 3211 3377 3266 facilius
3411 3219 3498 3265 est
3536 3209 3611 3263 illi
3635 3209 3757 3263 dare

2171 3307 2374 3364 solidos
2395 3323 2490 3371 xx,
2511 3323 2672 3377 quam
2705 3305 2927 3377 pauperi
2958 3313 3069 3359 tres
3096 3303 3315 3358 solidos.
3340 3299 3451 3357 Sed
3474 3297 3759 3369 unusquis-

2171 3416 2278 3472 que
2303 3397 2570 3464 attendat,
2600 3400 2685 3454 cui
2719 3398 2852 3452 dare
2880 3396 3038 3452 debet
3063 3411 3077 3450 :
3115 3395 3230 3450 sive
3266 3407 3364 3463 pro
3391 3390 3760 3460 redemptione

2170 3493 2526 3564 captivorum,
2559 3490 2673 3547 sive
2699 3503 2864 3560 super
2904 3495 3148 3543 sanctum
3174 3484 3345 3540 altare
3370 3502 3384 3538 :
3415 3483 3529 3538 sive
3557 3493 3760 3552 panpe-

2169 3586 2320 3640 rihus
2339 3583 2664 3639 Christianis
2689 3579 3040 3652 erogandum.
3073 3578 3138 3633 Et
3160 3578 3262 3632 hoc
3290 3575 3510 3639 scitote,
3543 3571 3756 3630 fratres.

2170 3687 2231 3733 ut
2255 3679 2381 3733 dum
2404 3676 2654 3732 venerint
2681 3674 2746 3729 ad
2779 3689 2874 3729 vos
2901 3672 3044 3728 servi
3086 3669 3170 3726 vel
3198 3668 3430 3732 ancillae,
3456 3673 3762 3736 quaerentes

2169 3769 2568 3842 paenitentiam,
2599 3783 2706 3823 non
2730 3781 2824 3821 eos
2873 3761 3140 3838 gravetis,
3191 3775 3366 3829 neque
3407 3757 3622 3829 cogatis
3651 3765 3763 3810 tan-

2171 3871 2282 3918 tum
2309 3861 2555 3934 jejunare
2580 3867 2839 3931 quantum
2868 3856 3084 3920 divites,
3117 3853 3243 3925 quia
3288 3851 3430 3907 servi
3456 3859 3514 3905 et
3560 3847 3765 3911 ancilla:

2170 3971 2278 4010 non
2310 3964 2435 4010 sunt
2479 3954 2531 4008 in
2567 3967 2663 4008 sua
2705 3958 3013 4023 potestate:
3047 3944 3171 4002 ideo
3214 3943 3568 4002 medietatem
3593 3939 3766 4012 poeni-

2169 4045 2354 4103 tentia:
2380 4044 2485 4100 illis
2523 4043 2800 4114 imponite.

2687 4131 2918 4204 Explicit
2953 4127 3220 4201 prologus.

2248 4245 2519 4286 INCIPIUNT
2558 4240 2858 4284 OBATIONES
2895 4239 2963 4278 AD
3003 4235 3216 4277 DANDAI
3257 4229 3679 4273 ΡΕΝΙΤΕΝΪῙΑΙ.

2242 4320 2299 4375 In
2347 4319 2538 4389 primis
2594 4317 2736 4372 dicat
2789 4314 3048 4369 sacerdos
3093 4310 3361 4382 psalmum
3389 4321 3619 4362 xxxv“:
3655 4303 3762 4358 Do-

2169 4411 2346 4474 mine,
2402 4425 2465 4463 ne
2499 4409 2555 4462 in
2599 4407 2776 4477 furore
2831 4414 2921 4458 tuo
2960 4418 3152 4472 arguas
3196 4415 3297 4453 me.
3339 4396 3536 4453 Postea
3583 4394 3762 4455 dicar,

485 4523 744 4580 vertatur,
777 4525 832 4571 et
857 4518 1002 4571 vivat
1027 4536 1040 4570 ε
1068 4517 1284 4588 suscipe
1321 4519 1622 4574 orationem
1655 4535 1861 4586 meam,
1903 4535 2062 4590 quam
2089 4524 2144 4584 Ι)
2174 4500 2396 4554 Oremus
2421 4505 2539 4590 :__et_
2563 4495 2830 4590 psalmum
2858 4509 2947 4549 CXI
2977 4489 3362 4590 :ABenedicam,
3394 4500 3569 4590 usque
3613 4499 3766 4590 reno-

487 4594 655 4661 fnndo
697 4616 824 4662 ante
874 4607 1218 4664 clementiam
1247 4618 1392 4664 tuam
1422 4625 1521 4681 pro
1547 4610 1764 4668 famulis
1789 4622 1950 4683 atque
1982 4611 2062 4667 fa-

486 4699 735 4754 mulabus
786 4701 892 4755 tuis
917 4741 931 4766 ,
991 4701 1085 4773 qui
1127 4703 1194 4758 ad
1230 4704 1600 4773 paenitentiam
1626 4712 1920 4772 venerunt,
1965 4719 2063 4776 per

485 4791 768 4848 Dominum
803 4802 1064 4850 nostrum.

552 4886 754 4943 Videas
781 4895 961 4942 autem
989 4887 1078 4943 ille
1107 4888 1197 4958 qui
1228 4889 1296 4942 ad
1345 4889 1722 4958 paenitentiam
1750 4889 1932 4955 venit,
1983 4905 2066 4945 sa-

485 4981 763 5037 cerdotem
795 4981 1003 5036 tristem
1030 4991 1085 5036 et
1111 4980 1499 5054 lacrymantcm
1527 4998 1627 5054 pro
1655 4983 1765 5038 suis
1811 4983 2065 5039 facinori-

484 5073 603 5138 bus,
634 5073 806 5145 magis
839 5073 952 5142 ipse
999 5073 1052 5126 in
1098 5073 1292 5128 timore
1335 5073 1431 5128 Dei
1476 5073 1786 5143 perculsus,
1839 5075 2063 5146 amplius

485 5165 734 5220 tristatur
757 5173 814 5220 et
841 5164 1180 5220 exborrescit
1205 5173 1427 5234 peccata
1463 5180 1580 5220 sua.

559 5257 620 5312 Et
645 5271 1083 5327 unumquemque
1112 5256 1386 5312 hominem
1423 5256 1768 5312 accedentem
1797 5257 1864 5312 ad
1897 5255 2069 5328 pleni-

488 5350 710 5404 tentiam
734 5349 779 5406 si
805 5349 1007 5405 videris
1045 5349 1263 5416 acriter,
1295 5358 1350 5404 et
1374 5349 1588 5404 assidue
1624 5357 1771 5404 stare
1802 5349 1854 5403 in
1892 5350 2066 5420 νωιιί-

559 5515 586 5544 ι
626 5502 835 5575 Similia
859 5504 1044 5560 videre
1063 5501 1238 5575 possis
1258 5501 1313 5557 in
1343 5501 1483 5557 libro
1509 5501 1578 5558 de
1595 5499 1822 5567 Ofﬁciis,
1851 5501 1943 5572 qui
1967 5501 2068 5555 tri-

484 5575 668 5630 buitur
692 5573 934 5630 Alcuino.

560 5645 586 5684 ιι
626 5645 777 5714 Apud
829 5646 1119 5712 Egbertum
1156 5646 1272 5700 hare
1306 5645 1532 5710 desunt;
1565 5660 1666 5699 nec
1704 5644 1793 5700 ille
1831 5643 2069 5712 loquitur

487 5716 552 5769 de
598 5713 964 5770 satisfactione
1011 5717 1096 5772 vel
1131 5718 1528 5771 communione.
1558 5715 1796 5785 Negatur
1821 5725 2003 5770 autem
2038 5730 2070 5770 a

488 5787 674 5842 inultis
699 5787 983 5842 diaconum
1013 5787 1251 5856 potuisse
1288 5787 1418 5841 talia
1447 5786 1735 5845 conficere.

2169 4592 2393 4648 rabitur.
2431 4588 2497 4644 Et
2527 4588 2724 4642 iterum
2755 4586 2896 4640 dicat
2921 4625 2936 4649 ,
2985 4581 3241 4645 Oremus,
3288 4589 3344 4634 et
3387 4575 3657 4648 psalmum
3691 4590 3723 4628 ι.
3749 4612 3763 4626 .

2172 4683 2440 4747 Miserere,
2477 4695 2648 4750 usque
2703 4695 2878 4733 omnes
2931 4677 3232 4747 iniquitates
3269 4688 3411 4728 meas
3466 4669 3601 4725 dele.
3632 4667 3769 4724 Post

2171 4776 2286 4830 hzec
2316 4773 2622 4844 psalmum:
2655 4769 2817 4833 Deus,
2852 4769 2906 4822 in
2945 4766 3153 4821 nomine
3189 4775 3301 4818 tuo.
3337 4761 3404 4817 Et
3431 4760 3605 4824 dicat,
3633 4755 3769 4813 Ore-

2171 4885 2305 4924 mus.
2355 4865 2556 4920 Deinde
2601 4863 2912 4934 psalmum:
2946 4857 3087 4924 Quid
3139 4854 3385 4927 gloriaris
3428 4852 3487 4906 in
3511 4847 3772 4906 malitia?

2176 4976 2344 5033 usque
2378 4957 2621 5016 ridebunt
2641 4956 2796 5028 justi.
2827 4954 2894 5008 Et
2923 4953 3068 5008 dicat
3095 4951 3237 5006 hanc
3262 4948 3570 5004 orationem
3600 4961 3617 5000 :

2843 5064 3087 5120 Oremus.

2241 5163 2403 5225 Deus,
2426 5158 2578 5229 cujus
2620 5157 2951 5229 indulgentia
2981 5169 3142 5210 nemo
3189 5167 3297 5208 non
3338 5149 3548 5222 indiget
3574 5187 3590 5214 ,
3649 5159 3773 5200 me-

2171 5263 2354 5312 mento
2378 5253 2605 5309 Domine
2633 5251 2818 5307 famuli
2851 5249 2948 5314 tui,
2971 5247 3035 5302 Ν.
3063 5255 3116 5301 et
3143 5245 3235 5316 qui
3281 5242 3498 5306 lubrici,
3527 5235 3773 5296 terreni-

2173 5364 2278 5421 que
2304 5347 2545 5420 corporis
2577 5347 2639 5402 in
2686 5343 2977 5414 fragilitate
3006 5339 3263 5402 nudatur,
3295 5345 3607 5406 qumsumns
3629 5371 3644 5395 ,
3705 5335 3772 5382 ut

2249 5515 2270 5542 ο
2310 5502 2550 5558 Habet-ur
2575 5501 2689 5556 hmo
2716 5497 2890 5553 oratio
2937 5495 3146 5565 integra
3169 5491 3224 5545 in
3252 5489 3444 5546 ordine
3487 5485 3763 5540 Romano.

2175 5574 2309 5630 Bibl.
2343 5575 2461 5628 Pat.
2497 5582 2627 5626 tom.
2666 5569 2736 5632 Χ,
2769 5585 2890 5642 pag.
2914 5567 3005 5621 27.
3190 5632 3205 5642 .
3231 5633 3242 5642 _
3302 5630 3341 5642 η
3395 5625 3432 5642 ,ο
3533 5625 3548 5642 9
3625 5619 3740 5642 __,

2251 5645 2276 5684 ι
2316 5645 2490 5698 Habet
2510 5643 2696 5697 eadem
2723 5630 3052 5708 to'iidemque
3093 5632 3274 5690 verbis
3302 5630 3510 5708 Regina
3533 5630 3591 5682 in
3619 5630 3765 5678 anti-

2175 5731 2284 5789 qua
2304 5715 2620 5772 collectione
2656 5725 2758 5767 ms.
2789 5711 2883 5765 lib.
2921 5701 2986 5778 u',
3017 5719 3137 5776 cap.
3169 5719 3314 5760 xuv.
3352 5701 3514 5756 Busa.
