4022 6448
245 355 337 418 ου

1443 347 1653 407 LIBER
1687 348 2271 411 PtENITEN’l‘lALIS.

3370 363 3476 424 698

245 468 331 542 des
363 460 570 518 veniam
596 459 898 528 confitenti,
931 471 1096 533 parce
1119 460 1366 533 supplici,
1392 469 1454 517 ut
1481 463 1573 534 qui
1598 465 1802 522 nostris
1828 479 1882 541 Α
1904 481 2043 538 pane
2070 476 2124 524 et
2159 483 2318 542 aqua.
2345 468 2404 526 Si
2441 469 2699 528 diaconus
2747 481 2802 528 et
2827 475 3122 534 monachus
3151 519 3168 544 ,
3220 492 3298 537 vu
3323 497 3338 536 :
3365 489 3482 540 tres

245 557 436 618 meritis
461 569 808 620 accusamur,
860 563 950 610 tua
984 554 1332 612 miseratione
1372 553 1660 613 salvemur.
1695 556 1800 613 Per

245 650 535 714 Dominum,
567 655 670 702 etc.

913 718 1098 774 Aliter.

309 814 459 874 Deus,
487 810 588 866 sub
616 809 766 880 cujus
799 809 970 867 oculis
1017 825 1175 866 omne
1208 826 1306 866 cor
1337 809 1589 880 trepidat,
1613 826 1802 868 omnes

243 902 572 960 conscientia:
601 902 1023 957 contremiscunt
1048 943 1063 966 ,
1117 902 1412 971 propitiare
1441 901 1680 956 omnium
1712 918 1804 973 ge-

241 994 465 1056 mitibus,
493 999 548 1046 et
601 991 840 1047 omnium
888 993 1105 1048 medere
1154 993 1502 1059 vulneribus,
1561 1000 1621 1046 ut
1661 994 1802 1049 sicut

239 1101 386 1142 nemo
419 1091 659 1138 nostrum
690 1081 826 1138 liber
873 1091 956 1137 est
985 1098 1015 1137 a
1045 1083 1222 1153 culpa,
1252 1082 1326 1139 ita
1363 1097 1522 1139 nemo
1574 1082 1647 1138 sit
1673 1082 1801 1139 alie-

239 1191 331 1233 nus
357 1190 387 1230 a
419 1173 596 1230 venia.
634 1173 738 1228 Per
773 1173 1079 1240 Dominum,
1111 1181 1217 1230 etc.

840 1285 973 1341 Item
1003 1285 1178 1342 aliter.

301 1379 436 1434 Deus
464 1377 689 1433 infinitae
715 1377 1101 1434 misericordiae
1125 1378 1480 1448 veritatisque
1501 1378 1796 1446 immensae,

234 1471 518 1540 propitiare
549 1470 922 1540 iniquitatibus
951 1470 1181 1533 nostris,
1235 1479 1291 1526 et
1315 1471 1569 1527 omnibus
1598 1471 1803 1526 anima-

233 1575 343 1614 rum
381 1568 687 1614 nostrarum
738 1559 955 1615 medere
989 1560 1370 1631 languoribus,
1410 1567 1472 1616 ut
1501 1561 1803 1617 miseratio-

231 1667 351 1707 num
390 1661 602 1707 tuarum
657 1651 975 1707 remissione
1019 1659 1311 1723 percepta,
1352 1653 1408 1708 in
1452 1661 1546 1709 tua
1587 1668 1802 1724 semper

228 1741 597 1798 benedictione
633 1741 900 1797 laetemur.
939 1741 1044 1798 Per
1076 1742 1385 1799 Dominum.

927 1834 1117 1890 Aliter.

291 1922 513 1990 Precor,
536 1924 794 1991 Domine,
835 1925 1134 1982 clementia:
1163 1934 1219 1982 et
1255 1926 1642 1983 misericordiae
1687 1936 1794 1984 tute

223 2013 584 2084 majestatem,
615 2022 674 2068 ut
696 2012 898 2069 famulo
922 2023 1014 2070 tuo
1057 2023 1278 2086 peccata
1319 2027 1374 2072 et
1402 2017 1641 2073 facinora
1668 2033 1797 2073 con-

226 2105 414 2170 ﬁtenti,
445 2106 661 2160 veniam
711 2106 954 2162 relaxare
996 2107 1236 2178 digneris
1267 2125 1280 2161 :
1309 2116 1363 2163 et
1400 2109 1796 2179 praeteritorum

225 2198 511 2256 criminum
538 2197 724 2268 culpas
750 2198 1047 2270 indulgeas,
1079 2199 1174 2270 qui
1219 2199 1460 2255 humeris
1506 2201 1614 2257 tuis
1639 2216 1797 2256 ovem

223 2289 484 2360 perditam
519 2288 805 2352 reduxisti;
835 2289 926 2358 qui
949 2288 1217 2359 publicani
1244 2306 1434 2361 preces
1455 2293 1798 2349 confessione

223 2381 458 2452 placatus
479 2382 745 2436 exaudisti
763 2399 776 2435 :
793 2391 851 2436 tu
869 2382 1033 2436 etiam
1061 2383 1187 2437 huic
1215 2382 1416 2438 famulo
1444 2392 1535 2439 tuo
1558 2385 1794 2455 placare,

224 2471 470 2536 Domine;
523 2481 579 2526 tu
622 2470 739 2541 ejus
791 2471 1040 2542 precibus
1078 2472 1340 2544 benignus
1385 2474 1562 2544 aspira
1595 2493 1608 2528 :
1639 2483 1699 2529 ut
1744 2475 1799 2530 in

224 2564 560 2620 confessione
607 2563 886 2634 placabilis
931 2573 1292 2635 permaneat,
1349 2563 1465 2634 ejus
1508 2573 1564 2619 et
1609 2566 1800 2637 petitio

222 2665 534 2725 perpetuam
553 2654 896 2711 clementiam
919 2663 1064 2710 tuam
1082 2654 1330 2711 celeriter
1345 2663 1552 2720 exoret,
1571 2657 1803 2711 sanctis—-

223 2759 322 2813 quc
349 2743 620 2801 altaribus
651 2752 707 2800 et
740 2745 1097 2802 sacramentis
1121 2745 1426 2812 restitutus,
1452 2747 1566 2816 spei
1610 2763 1800 2804 rursus

223 2845 430 2892 aeternas
454 2838 588 2894 vitae
629 2849 686 2893 et
711 2837 947 2895 caelestis
971 2838 1156 2912 glorize
1181 2838 1538 2910 mancipetur.
1565 2838 1672 2894 Per
1697 2840 1802 2897 Do-

223 2930 442 2986 uinum.

751 3022 944 3078 Manus
985 3023 1268 3095 impositia.

289 3113 519 3171 Domine
562 3123 745 3172 sancte
780 3115 941 3172 Pater
974 3117 1345 3189 omnipotens,
1374 3125 1576 3174 aeterne
1623 3113 1796 3183 Deus,

1905 565 1960 620 in
1985 580 2124 635 pane
2142 574 2197 620 et
2222 582 2382 637 aqua.
2411 567 2706 638 Episcopus
2748 583 2824 623 xu
2851 587 2864 623 :
2895 584 2927 622 v
2958 571 3012 625 in
3037 587 3176 642 pane
3214 583 3269 629 et
3313 590 3476 647 aqua.

1905 657 1963 713 Si
1999 659 2120 728 quis
2170 658 2420 720 clericus,
2449 658 2532 714 vel
2559 659 2711 730 cujus
2741 660 2988 730 superior
3012 664 3209 732 gradus
3251 675 3356 731 est,
3383 666 3480 738 qui

1902 765 2100 804 uxores
2126 750 2358 816 habent;
2393 751 2475 805 vel
2508 761 2627 821 post
2653 753 3078 817 conversionem,
3103 755 3185 810 vel
3217 757 3478 814 honorem

1904 841 2097 897 iterum
2118 858 2237 896 eam
2262 845 2591 914 cognoverit,
2633 845 2770 900 sciat
2803 861 2861 900 se.
2895 847 3216 903 adulterium
3257 852 3481 905 commi-

1903 935 2070 998 sisse;
2103 933 2324 997 idcirco,
2353 943 2411 989 ut
2438 936 2684 1005 superius
2733 945 2991 992 statutum
3025 949 3144 1004 est,
3191 942 3474 1010 poeniteat.

1905 1023 1962 1079 Si
1991 1024 2113 1093 quis
2158 1025 2503 1080 fornicaverit
2531 1042 2654 1081 cum
2694 1027 3087 1083 sanctimoniali
3122 1028 3206 1083 vel
3247 1028 3358 1085 Deo
3399 1030 3481 1084 di-

1904 1123 2044 1179 cata,
2059 1123 2347 1185 cognoscat
2373 1131 2431 1171 se
2458 1117 2778 1172 adulterium
2797 1119 3159 1174 commisisse:
3181 1121 3478 1176 secundum

1901 1207 2084 1277 priora
2148 1215 2348 1262 statuta
2397 1210 2766 1280 unusquisque
2824 1208 2978 1278 juxta
3026 1213 3273 1268 ordinem
3321 1228 3477 1268 suum

1901 1297 2182 1368 paeniteat.
2218 1297 2274 1352 Si
2315 1299 2438 1369 quis
2475 1315 2572 1369 per
2601 1301 2946 1369 semetipsum
2989 1300 3357 1368 fornicaverit,
3385 1311 3479 1360 aut

1902 1401 2027 1442 cum
2059 1388 2324 1458 jumento,
2349 1397 2442 1443 aut
2475 1405 2596 1444 cum
2627 1391 2867 1460 quolibet
2897 1394 3264 1464 quadrupede,
3286 1411 3345 1450 ιιι
3375 1410 3475 1450 au--

1903 1491 2004 1533 nos
2044 1478 2321 1549 paeniteat.
2354 1478 2410 1534 Si
2441 1491 2561 1550 post
2586 1481 2830 1553 gradum,
2861 1484 2945 1538 vel
2971 1493 3178 1551 votum,
3202 1501 3274 1540 vu
3319 1486 3476 1542 annis

1901 1569 2179 1638 poeniteat.
2215 1570 2271 1625 Si
2305 1572 2426 1641 quis
2463 1571 2692 1628 clericus
2737 1575 3123 1646 concupiscens
3161 1575 3474 1640 mulierem,

1903 1667 1960 1714 et
1984 1674 2092 1715 non
2128 1661 2304 1730 potuit
2350 1677 2598 1732 peccare,
2626 1665 2753 1733 quia
2782 1665 2976 1721 mulier
3003 1681 3129 1722 eum
3160 1681 3266 1722 non
3304 1668 3478 1723 susci-

1899 1752 2000 1822 pit,
2025 1751 2307 1807 dimidium
2334 1768 2534 1809 annum
2574 1756 2832 1824 pmnitcat
2868 1757 2924 1812 in
2954 1772 3093 1828 pane
3120 1767 3176 1815 et
3213 1774 3386 1830 aqua,
3417 1766 3476 1814 et

1825 1844 1876 1906 Β
1906 1851 2018 1897 ιοιο
2043 1857 2102 1897 se
2127 1843 2396 1898 abstineat
2425 1860 2456 1898 a
2483 1845 2608 1901 vino
2631 1854 2686 1901 et
2714 1862 2896 1902 carne.

1971 1933 2027 1990 Si
2058 1935 2180 2004 quis
2207 1935 2457 2001 clericus,
2486 1945 2771 2007 postquam
2803 1955 2861 1994 se
2893 1940 3004 1994 Deo
3030 1941 3258 2005 voverit,
3290 1942 3356 1995 ad
3381 1941 3481 1996 ha-

1896 2023 2068 2080 bitum
2118 2025 2430 2080 saecularem
2471 2027 2734 2092 redierit,
2777 2029 2919 2082 sicut
2945 2031 3094 2085 canis
3125 2030 3191 2084 ad
3218 2031 3480 2086 vomitum

1896 2129 2073 2177 suum,
2102 2114 2186 2168 vel
2211 2129 2434 2169 uxorem
2469 2114 2704 2180 duxerit,
2739 2132 2769 2170 x
2796 2118 2953 2172 annis
2976 2120 3281 2188 poeniteat:
3315 2135 3376 2175 ut
3413 2132 3483 2175 ex

1895 2204 1983 2260 his
2018 2204 2073 2258 in
2112 2219 2250 2275 pane
2277 2212 2333 2259 et
2362 2220 2524 2276 aqua,
2555 2215 2611 2262 et
2634 2215 2820 2277 postea
2869 2209 2924 2263 in
2951 2209 3199 2280 conjugio
3256 2225 3363 2265 non
3389 2224 3481 2267 oo—

1895 2294 2127 2365 pnletur.
2179 2295 2332 2363 Quod
2377 2297 2422 2351 si
2455 2297 2685 2352 voluerit
2736 2308 2924 2353 sancta
2956 2301 3213 2370 synodus,
3236 2299 3322 2356 vel
3352 2316 3482 2371 apo-

1898 2387 2086 2442 stolica
2115 2390 2287 2452 sedes,
2317 2391 2590 2458 separabit
2633 2405 2726 2445 eos
2749 2405 2780 2446 a
2814 2395 3194 2448 communione
3241 2395 3474 2452 catholi-

1900 2493 2129 2559 corum:
2164 2480 2412 2535 similiter
2439 2490 2495 2536 et
2534 2481 2746 2545 mulier,
2779 2491 3067 2553 postquam
3096 2499 3154 2540 se
3175 2484 3286 2541 Deo
3319 2502 3480 2543 vove-

1899 2569 1992 2635 rit,
2024 2570 2069 2624 si
2095 2569 2201 2625 tale
2241 2571 2418 2626 scelus
2441 2573 2792 2638 commiserit,
2821 2575 2938 2643 pari
2989 2579 3270 2632 sententiae
3298 2579 3483 2647 subia-

1899 2660 2061 2715 cebit.
2093 2659 2149 2716 Si
2195 2661 2318 2730 quis
2362 2662 2530 2717 laicus
2587 2663 2966 2730 fornicaverit,
2999 2666 3140 2722 sicut
3190 2667 3484 2727 Sodomitas

1899 2749 2175 2817 fecerunt,
2221 2767 2297 2806 vn
2353 2754 2510 2808 annis
2559 2754 2842 2824 paeniteat.
2893 2755 2949 2810 Si
2993 2759 3116 2826 quis
3157 2757 3483 2816 de'alterius

1899 2859 2068 2899 uxore
2089 2843 2257 2898 lilium
2287 2845 2554 2913 genuerit,
2581 2845 2634 2900 id
2663 2854 2748 2900 est
2772 2845 3096 2902 adulterium
3125 2849 3478 2917 commiserit,

1898 2949 1964 2989 ac
1999 2942 2173 2990 torum
2222 2933 2452 3002 proximi
2503 2934 2814 3001 violaverit,
2868 2953 2929 2990 ιιι
2974 2952 3146 2993 annos
3191 2939 3478 3008 pteniteat.

1897 3027 2180 3082 Abstineat
2226 3041 2283 3081 se
2317 3041 2349 3080 a
2379 3025 2700 3082 lautioribus
2727 3027 2864 3082 cibis
2889 3036 2944 3083 et
2970 3044 3001 3083 a
3030 3029 3248 3100 propria
3271 3045 3478 3086 uxore:

1899 3119 2033 3175 dans
2094 3118 2315 3189 insuper
2379 3118 2615 3189 pretium
2686 3120 2958 3190 pudicitiae
3029 3121 3228 3176 marito
3296 3123 3483 3178 uxoris

221 3208 308 3276 qui
338 3223 437 3277 per
455 3206 639 3264 Jesum
662 3207 855 3264 Filium
889 3218 1039 3265 tuum
1067 3209 1356 3266 Dominum
1385 3219 1650 3278 nostrum,
1676 3210 1796 3265 vul-
1824 3207 1869 3272 C
1898 3213 2128 3269 violatae.

221 3315 351 3356 nera
395 3311 580 3358 nostra
625 3317 818 3358 curare
843 3304 1093 3375 dignatus
1120 3319 1215 3359 es:
1250 3312 1301 3359 te
1332 3304 1600 3375 supplices
1641 3320 1798 3376 roga-

221 3409 340 3450 mus
363 3405 423 3450 et
449 3398 704 3466 petimus,
727 3409 826 3451 nos
853 3395 1084 3451 humiles
1112 3396 1189 3450 tui
1225 3396 1558 3460 sacerdotes,
1589 3403 1650 3448 ut
1675 3409 1800 3464 pre-

218 3483 370 3540 cibus
399 3485 602 3540 nostris
625 3500 810 3540 aurem
857 3493 960 3539 tua:
991 3485 1204 3554 pietatis
1232 3483 1495 3540 inclinare
1539 3483 1796 3554 digneris,

217 3579 576 3647 remittasque
603 3577 783 3631 omnia
804 3576 1034 3631 crimina
1061 3585 1117 3630 et
1141 3585 1360 3646 peccata
1389 3575 1642 3630 universa
1671 3591 1801 3632 con-

213 3667 411 3732 dones,
427 3667 629 3738 desque
640 3668 768 3723 huic
789 3668 988 3722 famqu
1011 3677 1124 3733 tuo,
1140 3669 1387 3734 Domine,
1405 3683 1504 3738 pro
1526 3666 1801 3739 suppliciis

212 3759 460 3824 veniam,
490 3776 588 3830 pro
627 3775 858 3816 maerore
887 3761 1152 3828 laetitiam,
1180 3777 1280 3832 pro
1308 3771 1484 3817 morte
1516 3762 1704 3829 vitam,
1739 3770 1802 3818 ut

213 3851 280 3907 de
308 3859 403 3905 tua
433 3851 806 3907 misericordia
825 3852 1100 3909 conlidens
1129 3854 1415 3923 pervenire
1439 3862 1711 3911 mereatur
1729 3855 1800 3913 ad

214 3943 382 3998 vitam
405 3953 688 3998 aeternam.
716 3943 820 3999 Per
857 3945 1162 4001 Dominum.

214 4072 284 4113 EX
319 4073 729 4114 “NITENTIALI
769 4075 1013 4124 ROIANO,
1063 4076 1331 4123 QUALITER
1365 4075 1641 4117 JUDICANDI
1673 4077 1796 4118 SINT

695 4146 898 4186 ειιωυω
937 4145 1310 4186 νωκιτειιτεε.

635 4219 705 4276 In
743 4223 927 4288 primis
965 4222 1029 4274 de
1073 4221 1378 4276 homicidio.

271 4308 341 4366 ‘Si
377 4311 504 4380 quis
538 4309 770 4366 clericus
808 4309 1156 4366 homicidium
1183 4308 1391 4373 fecerit,
1424 4325 1459 4364 ι
1485 4324 1654 4365 annos
1683 4325 1791 4381 pa;-

217 4404 383 4459 niteat
413 4422 426 4458 :
457 4419 522 4458 ιιι
566 4417 632 4458 ex
658 4403 744 4459 his
770 4403 824 4458 in
854 4417 994 4473 pane
1019 4411 1075 4458 et
1093 4418 1255 4474 aqua.
1287 4400 1346 4457 Si
1375 4401 1584 4458 laicus:
1614 4419 1673 4458 ιιι
1697 4418 1795 4457 an-

215 4511 309 4552 nos
319 4497 618 4566 pmniteat:
644 4511 661 4550 ι
675 4511 740 4550 ex
756 4495 842 4551 bis
867 4495 922 4549 in
937 4509 1076 4566 pane
1088 4504 1143 4550 et
1155 4509 1313 4564 aqua.
1332 4491 1704 4550 Subdiaconus
1720 4510 1792 4560 v1,

1973 3303 2030 3360 Si
2060 3305 2183 3377 quis
2208 3304 2518 3360 adulterare
2542 3304 2799 3370 voluerit,
2828 3313 3010 3361 etnon
3038 3307 3295 3377 potuerit,
3317 3307 3373 3363 id
3397 3316 3482 3362 est

1901 3406 2184 3467 susceptus
2214 3411 2320 3452 non
2367 3405 2467 3462 est,
2505 3414 2574 3452 XL
2614 3397 2730 3453 dies
2757 3399 3038 3468 poeniteat.
3088 3399 3145 3455 Si
3176 3399 3298 3470 quis
3327 3401 3481 3473 virgo

1899 3489 2094 3559 virgini
2127 3487 2445 3558 conjunctus
2471 3487 2656 3553 fuerit,
2687 3503 2733 3543 SI
2763 3489 3034 3571 voluerint
3056 3498 3306 3560 parentes
3339 3493 3478 3564 ejus,

1900 3581 1972 3636 sit
1997 3595 2153 3634 uxor.
2187 3578 2390 3634 Tamen
2430 3595 2594 3634 unum
2629 3594 2832 3635 annum
2881 3581 3215 3650 poeniteant,
3270 3592 3327 3638 et
3371 3584 3482 3639 sint

1899 3671 2190 3742 conjugati.
2241 3669 2298 3726 Si
2338 3672 2458 3742 quis
2496 3687 2618 3726 cum
2647 3672 2892 3742 jumento
2941 3674 3310 3741 fornicaverit,
3338 3699 3355 3731 ι
3383 3691 3482 3732 au-
3559 3669 3563 3673 ’

1898 3777 2027 3816 num
2065 3761 2343 3831 ptenitcat.
2393 3761 2449 3815 Si
2477 3775 2698 3815 uxorem
2745 3775 2851 3816 non
2893 3762 3164 3829 habuerit,
3195 3764 3476 3820 dimidium

1899 3867 2098 3906 annum
2130 3851 2407 3922 paeniteat.
2445 3849 2502 3906 Si
2526 3851 2649 3922 quis
2687 3853 2952 3924 virginem
2977 3893 2994 3919 ,
3035 3853 3119 3908 vel
3144 3855 3358 3927 viduam
3391 3871 3476 3910 ra-

1896 3943 2096 4015 puerit,
2122 3958 2377 3998 mannos
2400 3944 2680 4014 pceniteat.
2707 3941 2763 3998 Si
2806 3944 2928 4014 quis
2957 3958 3212 4014 sponsam
3249 3946 3474 4013 habens,

1896 4035 2073 4090 sorori
2115 4032 2232 4102 ejus
2259 4033 2488 4090 forsitan
2519 4035 2710 4089 vitium
2758 4034 3039 4103 intulerit,
3093 4047 3149 4092 et
3194 4037 3479 4094 cohaeserit

1895 4132 2158 4195 tanquam
2184 4140 2294 4180 suae
2322 4143 2336 4180 :
2379 4125 2520 4181 hanc
2543 4135 2722 4181 autem
2747 4142 2971 4182 uxorem
3017 4128 3254 4193 duxerit,
3281 4129 3334 4184 id
3357 4138 3473 4196 est,

1896 4216 2304 4284 desponsatam;
2337 4217 2429 4270 illa
2459 4232 2608 4281 vero,
2624 4232 2744 4286 quae
2767 4217 2956 4272 vitium
2986 4233 3144 4288 passa
3160 4227 3263 4279 est.
3278 4220 3322 4274 si
3339 4218 3480 4278 forte

1897 4323 2085 4363 necem
2115 4308 2216 4364 sibi
2247 4309 2522 4364 intulerit:
2555 4325 2744 4365 omnes
2770 4311 2862 4381 qui
2892 4309 3051 4378 hujus
3078 4310 3202 4368 facti
3247 4327 3476 4368 consen-

1901 4398 2043 4453 tanei
2065 4395 2293 4463 fuerint,
2339 4415 2375 4453 ι
2404 4399 2561 4454 annis
2603 4400 2660 4454 in
2685 4415 2822 4471 pane
2863 4410 2918 4456 et
2947 4417 3086 4472 aqua
3129 4397 3474 4475 redigantur,

1901 4494 2194 4550 secundum
2225 4501 2424 4550 statuta
2461 4509 2749 4550 canonum.
2806 4495 2863 4552 Si
2898 4498 3019 4568 quis
3045 4496 3111 4552 de
3160 4495 3477 4554 mulieribus

214 4590 471 4646 diaconus
505 4605 603 4656 vu,
629 4589 914 4661 presbyter
938 4605 995 4656 Χ,
1017 4589 1301 4658 episcopus
1337 4603 1434 4643 xu.
1466 4589 1524 4643 Si
1557 4589 1679 4658 quis
1722 4589 1790 4644 ad
1817 4567 1872 4627 Ῑ)
1899 4605 2018 4658 quae
2040 4587 2318 4644 fornicata:
2347 4599 2474 4644 sunt
2506 4589 2839 4646 interfecerit
2867 4567 2987 4661 quae
3017 4599 3340 4654 nascuntur;
3380 4599 3476 4648 aut

213 4683 568 4740 homicidium
595 4681 900 4738 faciendum
921 4683 1276 4748 consenserit,
1308 4697 1381 4736 vu
1411 4696 1619 4736 annos:
1651 4697 1711 4736 ιιι
1736 4682 1790 4738 in

211 4787 346 4842 pane
367 4784 425 4831 et
461 4789 630 4845 aqua.
658 4772 715 4828 Si
741 4773 864 4842 quis
890 4771 1057 4828 laicus
1101 4772 1450 4830 homicidium
1482 4771 1670 4828 fecerit
1698 4788 1791 4827 vo-

211 4863 461 4932 luntarie,
493 4881 573 4922 vu
600 4879 770 4920 annos
796 4853 1087 4934 paeniteat:
1120 4879 1179 4918 ιιι
1207 4863 1260 4918 ἰιι
1286 4877 1424 4932 pane
1461 4870 1516 4917 et
1542 4879 1699 4932 aqua.
1732 4863 1789 4918 Si

213 4959 330 5026 quis
347 4959 622 5015 infantem
650 4956 979 5028 oppresserit
1000 4971 1062 5011 ιιι
1092 4969 1262 5011 annos
1276 4955 1555 5024 paeniteat.
1577 4954 1791 5010 Primus

212 5067 278 5107 ex
297 5053 385 5110 his
406 5055 462 5110 in
487 5067 632 5125 pane
650 5062 704 5108 et
719 5067 875 5123 aqua.
902 5051 970 5106 Et
997 5050 1223 5107 clericus
1247 5049 1500 5105 similiter
1519 5050 1790 5106 observet.

377 5146 460 5204 De
503 5146 885 5218 fornicatione;
924 5160 989 5200 ea:
1028 5145 1204 5199 eodem
1241 5140 1618 5199 Puenitentiali.

245 5275 248 5278 ~
284 5236 343 5293 Si
369 5239 500 5309 quis
527 5237 757 5293 clericus
790 5235 1154 5302 fornicaverit,
1186 5234 1638 5291 sicutSodomita:
1659 5235 1798 5293 fece-

216 5335 363 5395 runt,
398 5345 435 5384 ι
493 5341 664 5382 annos
713 5325 994 5396 paeniteat.
1048 5323 1180 5379 Tres
1225 5339 1292 5378 ex
1337 5325 1421 5379 his
1463 5325 1518 5379 in
1551 5340 1689 5394 pane
1737 5334 1794 5382 et

217 5433 372 5490 aqua.
389 5418 450 5474 Si
481 5419 603 5488 quis
630 5416 859 5473 clericus
884 5414 1208 5470 adulterium
1233 5414 1585 5480 commiserit,
1614 5415 1667 5469 id
1687 5424 1790 5481 est,

218 5526 338 5566 cum
367 5525 562 5575 uxore,
591 5509 677 5564 vel
721 5523 916 5579 sponsa
946 5506 1197 5571 alterius,
1247 5505 1292 5560 si
1330 5505 1497 5560 lilium
1524 5508 1791 5578 genuerit,

219 5616 292 5656 vn
331 5600 518 5674 [ann.]
566 5601 862 5673 paeniteat;
923 5599 970 5653 si
1017 5611 1147 5653 vero
1204 5596 1373 5651 lilium
1431 5611 1538 5651 non
1596 5612 1794 5667 genue-

221 5693 309 5759 rit,
340 5705 395 5749 et
439 5694 498 5752 in
528 5693 780 5748 notitiam
828 5689 1106 5746 hominum
1163 5703 1270 5744 non
1328 5689 1551 5752 venerit,
1595 5690 1640 5744 si
1685 5688 1795 5745 cle-

224 5783 368 5840 ricus
401 5793 528 5852 est,
573 5794 684 5841 tres
717 5797 886 5840 annos
921 5781 1216 5854 paeniteat:
1254 5780 1491 5853 primum
1525 5769 1592 5836 ex
1620 5779 1706 5837 his
1729 5771 1793 5838 in

1895 4681 2114 4737 festinet
2139 4681 2410 4736 abortivos
2433 4680 2636 4748 facere,
2676 4683 2908 4752 primum
2931 4683 3281 4738 constitutum
3307 4697 3474 4751 usque

1897 4774 1962 4827 ad
2003 4774 2204 4828 exitum
2236 4763 2672 4830 communionem
2716 4784 2878 4831 vetat.
2914 4773 2970 4829 Id
3001 4783 3083 4830 est
3120 4775 3336 4846 quidem
3381 4789 3474 4830 ve—

1895 4880 2016 4918 rum
2056 4863 2354 4918 deﬁnitum.
2397 4862 2543 4935 (Ut)
2572 4863 2861 4920 humanius
2887 4862 3086 4934 aliquid
3129 4876 3470 4931 consequan-

1898 4961 2006 5018 tur,
2039 4953 2432 5007 constituamus
2456 4953 2537 5006 eis
2561 4953 2806 5008 decennii
2857 4962 3121 5024 tempora,
3170 4949 3466 5008 secundum

1894 5045 2112 5116 gradus,
2145 5059 2264 5114 qum
2292 5053 2416 5099 sunt
2454 5045 2769 5111 constituta,
2797 5047 3108 5116 pmniteant.

2508 5134 2582 5190 De
2607 5135 2859 5207 pcrjurio.

1964 5223 2022 5280 Si
2054 5224 2174 5295 quis
2205 5225 2433 5281 clericus
2485 5225 2810 5297 perjuravit,
2854 5242 2929 5281 vn
2961 5225 3118 5280 annis
3164 5224 3465 5294 poeniteat:

1890 5333 1954 5373 ιιι
1981 5317 2037 5372 in
2065 5332 2202 5388 pane
2229 5324 2283 5372 et
2306 5332 2464 5388 aqua.
2495 5317 2690 5374 Laicus
2718 5332 2815 5381 vu,
2862 5315 3220 5370 subdiaconus
3242 5327 3319 5379 vt,
3351 5313 3468 5369 dia-

1894 5424 2066 5465 conus
2093 5424 2188 5474 vu,
2211 5410 2493 5480 presbyter
2516 5425 2571 5474 x,
2599 5407 2880 5478 episcopus
2909 5420 3005 5458 xu.
3026 5402 3081 5458 Si
3107 5403 3226 5474 quis
3249 5411 3469 5460 coactus

1893 5517 1994 5573 pro
2030 5499 2268 5570 qualibet
2294 5499 2648 5560 necessitate,
2698 5503 2791 5550 aut
2840 5493 3087 5548 nesciens
3115 5490 3463 5562 pejeraverit,

1895 5601 2007 5649 tres
2031 5607 2204 5648 annos
2227 5591 2488 5662 paeniteat
2516 5607 2529 5643 :
2561 5603 2728 5644 unum
2750 5588 2804 5642 in
2827 5601 2966 5657 pane
2986 5595 3040 5642 et
3066 5601 3233 5658 aqua;
3273 5596 3328 5642 et
3357 5585 3448 5642 ani

1894 5701 2036 5741 mam
2067 5700 2168 5755 pro
2199 5698 2256 5738 se
2286 5682 2512 5744 reddat,
2540 5681 2592 5735 id
2617 5686 2717 5742 est,
2755 5692 2968 5734 servum
2997 5677 3082 5733 vel
3112 5677 3468 5758 ancillamlde

1891 5779 2156 5836 servitute
2182 5773 2448 5841 absolvat,
2473 5781 2530 5829 et
2574 5770 2941 5842 eleemosynas
2963 5767 3160 5852 multas
3190 5765 3376 5824 faciat.
3402 5763 3465 5824 Si
