4022 6480
1459 340 1856 402 HALITGARII
1892 343 2202 402 EPISCUI’I
2239 341 2765 401 CAMERACENSIS

3651 345 3777 402 me

501 467 625 538 quis
674 463 997 536 pejeraverit
1040 478 1139 535 per
1187 463 1534 535 cupiditatem
1557 504 1572 528 ,
1626 467 1767 518 totas
1812 477 1901 516 res
1956 475 2082 516 suas
2107 463 2162 528 Α
2184 459 2593 514 manducaverit
2635 457 2728 512 aut
2754 454 2955 512 biberit
2973 456 3130 527 juxta
3170 456 3356 512 fanum
3377 470 3474 528 per
3505 458 3781 529 ignoran—

504 559 738 622 vendat,
771 565 828 612 et
853 557 1013 612 donet
1040 545 1396 627 pauperibus,
1451 565 1506 612 et
1561 557 1880 622 tondeatur;
1919 564 1975 610 et
2007 557 2087 610 in-

504 657 614 707 tret
638 649 1049 715 monasterium,
1078 658 1134 705 et
1153 650 1225 704 ibi
1254 649 1524 706 deserviat
1553 664 1720 720 usque
1742 649 1809 703 ad
1835 657 2082 704 mortem.

1162 760 1241 814 De
1277 761 1436 830 furto.

579 853 639 909 Si
665 854 786 924 quis
811 852 1014 908 furtum
1041 852 1290 924 capitale,
1321 853 1373 906 id
1421 857 1522 918 est,
1555 852 1979 923 quadrupedem,
2003 853 2087 908 vel

505 945 771 1016 fregerit,
827 953 921 1000 aut
957 945 1226 1015 quodlibet
1281 942 1454 1011 majus
1507 945 1739 1013 pretium
1791 943 2082 1007 furaverit,

504 1049 582 1089 vn
612 1049 783 1090 annos
813 1037 1093 1104 poeniteat,
1123 1035 1289 1089 laicus
1327 1049 1380 1099 v,
1410 1033 1770 1089 subdiacdnus
1804 1050 1912 1100 vn,
1975 1036 2089 1089 dia-

506 1139 677 1181 conus
703 1139 816 1191 vm,
843 1127 1124 1198 presbyter
1151 1135 1182 1180 ιι
1202 1168 1216 1191 ,
1261 1127 1545 1197 episcopus
1592 1139 1667 1180 xu
1704 1136 1873 1180 annos
1917 1126 2088 1196 ι)ωηί-

507 1223 638 1273 teat.
670 1217 727 1273 Si
753 1218 872 1288 quis
899 1218 965 1273 de
1007 1219 1307 1273 minoribus
1335 1218 1520 1279 semel,
1555 1226 1647 1272 aut
1673 1210 1756 1273 his
1785 1216 1985 1272 furtum
2016 1217 2088 1272 fe-

505 1309 662 1372 cerit,
696 1309 878 1363 reddat
910 1325 1008 1380 pro
1035 1311 1214 1364 animo
1259 1325 1375 1376 suo,
1413 1317 1468 1364 et
1497 1324 1661 1363 unum
1691 1323 1888 1363 annum
1917 1309 2088 1380 pumi-

507 1409 618 1455 teat
669 1402 722 1456 in
753 1409 890 1471 parte
930 1410 986 1457 et
1030 1417 1188 1473 aqua.
1242 1403 1308 1456 Et
1357 1401 1400 1458 si
1451 1401 1675 1456 reddere
1723 1415 1826 1457 non
1872 1409 2084 1472 potest,

505 1507 566 1549 ιιι
617 1509 786 1549 annos
833 1495 1112 1564 paeniteat.
1162 1493 1219 1549 Si
1251 1496 1372 1565 quis
1421 1497 1726 1566 sepulcrum
1770 1493 2084 1563 violaverit,

505 1599 580 1639 Vli
617 1585 908 1654 poeuiteat:
942 1596 1000 1640 ιιι
1049 1600 1114 1640 ex
1149 1585 1234 1641 his
1278 1588 1330 1641 iu
1383 1603 1520 1658 pane
1561 1596 1615 1642 et
1660 1605 1817 1660 aqua.
1875 1583 1932 1643 Si
1967 1589 2087 1659 quis

507 1674 682 1730 laicus
713 1674 916 1730 furtum
951 1674 1169 1742 fecerit,
1221 1671 1407 1732 reddat
1435 1680 1690 1748 proximo
1708 1695 1805 1734 suo
1827 1681 1968 1750 quod
2009 1680 2090 1736 ili-

506 1767 689 1822 ravitet
725 1781 785 1820 ιιι
812 1766 1255 1838 quadragesimus
1295 1769 1347 1822 in
1377 1777 1515 1839 pane
1556 1779 1611 1824 et
1637 1785 1774 1839 aqua
1803 1769 2082 1840 pmniteat.

2186 553 2338 618 tiam,
2395 552 2678 622 promittat
2726 550 3001 621 deinceps,
3046 550 3233 622 (quod)
3277 565 3554 620 nunquam
3598 553 3784 607 reiteo

2187 653 2272 699 ret
2306 663 2318 698 :
2344 653 2399 699 et
2431 644 2784 713 quadraginta
2814 643 3004 699 diebus
3060 643 3112 696 in
3143 658 3284 712 pane
3319 652 3376 698 et
3401 659 3540 714 aqua
3564 645 3781 715 (parul—

2189 737 2341 808 teat).
2375 735 2430 791 Si
2463 752 2593 789 vero
2631 751 2729 805 per
2761 741 3132 805 eontemptum
3179 735 3283 789 hoc
3328 734 3541 800 fecerit,
3574 738 3629 791 id
3658 745 3779 805 est,

2185 837 2470 900 postquam
2500 825 2754 883 sacerdos
2790 824 2839 880 ei
2881 825 3218 898 praedicavit,
3247 827 3393 897 quod
3423 827 3778 900 sacrilegium

2187 929 2326 986 erat,
2368 935 2568 975 mensze
2595 915 2979 974 dmmoniorum
3014 917 3526 982 communicaverit;
3560 919 3609 973 si
3633 917 3779 987 gula

2186 1013 2292 1071 hoc
2316 1015 2444 1069 vitio
2476 1011 2847 1070 tantummodo
2895 1011 3103 1077 fecerit,
3137 1029 3197 1067 ιιι
3233 1014 3685 1084 quadragesimus
3719 1013 3777 1068 in

2187 1121 2324 1178 pane
2345 1111 2401 1161 et
2437 1121 2574 1176 uqtta
2602 1105 2861 1175 poeniteat
2893 1121 2905 1157 :
2933 1103 2977 1159 si
3002 1118 3130 1158 vero
3157 1120 3257 1174 pro
3289 1103 3436 1158 culttt
3465 1103 3780 1160 daemonum

2187 1205 2241 1250 et
2270 1198 2474 1251 honore
2503 1195 2778 1254 simulacri
2825 1191 2931 1249 hoc
2956 1191 3168 1257 fecerit,
3198 1211 3256 1248 ιιι
3285 1209 3456 1249 annos
3486 1195 3777 1264 paeniteat.

2191 1285 2246 1342 Si
2278 1288 2398 1356 quis
2418 1288 2654 1342 secundo
2682 1296 2736 1340 et
2763 1287 2921 1340 tertio
2944 1285 3253 1341 immolatus
3284 1287 3484 1356 paruit,
3517 1303 3579 1341 ιιι
3606 1303 3783 1342 annos

2187 1382 2470 1452 pteniteat,
2508 1388 2563 1434 et
2583 1380 2793 1434 duobus
2824 1380 2944 1434 sine
2993 1379 3266 1433 oblatione
3296 1374 3688 1434 communicet.
3721 1379 3779 1436 Si

2190 1471 2312 1539 quis
2342 1471 2750 1524 manducaverit
2774 1470 3111 1539 sanguinem,
3140 1479 3231 1523 aut
3255 1470 3654 1527 morticinium,
3689 1479 3784 1525 aut

2190 1563 2346 1618 iddlls
2376 1563 2725 1626 immolatum,
2756 1570 2812 1616 et
2839 1573 2949 1618 non
2991 1561 3094 1616 fuit
3131 1564 3182 1618 ei
3210 1564 3538 1627 necessitas,
3569 1562 3782 1631 jejunet

2189 1655 2554 1710 hebdomadas
2579 1665 2676 1708 xtl.

2665 1744 2744 1798 De
2772 1742 2989 1799 diversis
3019 1745 3283 1816 capitulis.

507 1857 607 1912 Det
634 1828 1002 1928 eleemosynas
1020 1828 1353 1928 pauperibus
1377 1828 1441 1912 de
1472 1828 1758 1926 labore,.et
1791 1828 2086 1916 sacerdotis
2113 1828 2162 1890 Β
2262 1835 2316 1888 Si
2345 1835 2466 1928 quis
2487 1834 2764 1903 “malum
2803 1836 3107 1890 membrum
3143 1837 3244 1891 Sibi
3288 1836 3602 1928 "°l"'_‘tarie
3633 1848 3782 1896 "‘1’"

501 1947 705 2020 judicio
734 1946 996 2019 jungatur
1025 1949 1200 2003 altari.

733 2056 739 2062 '
1103 2037 1181 2093 De
1208 2038 1485 2108 maleﬁcio.

581 2129 637 2186 Si
667 2123 790 2200 quis
813 2129 1079 2188 maleficio
1127 2149 1225 2188 suo
1266 2131 1500 2204 aliquem
1546 2133 1863 2205 perdiderit,
1889 2151 1963 2190 vn
1997 2149 2094 2190 an-

505 2233 605 2278 nos
669 2223 930 2293 poeniteat
965 2241 976 2277 :
1010 2237 1069 2278 ιιι
1119 2225 1171 2280 in
1211 2237 1349 2295 pane
1403 2235 1458 2281 et
1519 2242 1679 2296 aqua.
1715 2225 1772 2282 Si
1826 2228 1946 2296 quis
1993 2241 2090 2298 pro

508 2317 692 2367 amore
715 2313 994 2369 maleficus
1030 2314 1109 2380 iit,
1142 2323 1196 2371 et
1231 2320 1505 2372 neminem
1535 2318 1873 2388 perdiderit:
1908 2319 1953 2374 si
1989 2319 2088 2374 lai-

505 2417 600 2458 cus
628 2410 733 2471 est,
759 2405 1040 2462 dimidium
1067 2417 1267 2463 annum
1305 2410 1568 2480 poeniteat
1603 2429 1616 2464 :
1656 2413 1700 2466 si
1729 2409 1960 2466 clericus
1985 2421 2087 2478 est,

509 2507 677 2549 unum
721 2497 774 2551 in
812 2513 954 2568 pane
1008 2501 1062 2554 et
1111 2513 1292 2571 aqua:
1324 2497 1367 2557 sl
1421 2503 1699 2570 diaconus,
1746 2509 1807 2560 ili
1839 2517 2011 2561 annos
2037 2507 2091 2560 in

503 2603 644 2660 pane
693 2595 747 2645 et
779 2605 917 2661 aqua
949 2609 964 2648 ε
1003 2593 1049 2649 si
1087 2589 1364 2662 sacerdos,
1394 2611 1429 2651 v
1461 2611 1632 2651 annos
1663 2611 1674 2650 :
1709 2606 1746 2652 ιι
1777 2595 1829 2651 in
1871 2613 2010 2667 pane
2039 2607 2094 2653 et

507 2686 668 2751 aqua.
703 2681 761 2738 Si
808 2694 986 2740 autem
1030 2701 1127 2759 per
1157 2689 1257 2744 hoc
1308 2698 1495 2759 partus
1539 2691 1783 2746 mulieris
1827 2692 1948 2762 quis
2003 2693 2090 2747 de;

505 2773 749 2842 ceperit,
805 2789 858 2830 vi
919 2777 1360 2849 quadragesimus
1422 2782 1795 2851 unusquisque
1872 2781 2095 2851 insuper

505 2862 687 2927 addat,
741 2872 809 2919 ne
873 2866 1149 2922 homicidii
1211 2881 1336 2924 reus
1397 2871 1485 2924 sit.
1539 2869 1594 2924 Si
1655 2871 1776 2942 quis
1822 2871 2094 2928 immissor

507 2964 891 3027 tempestatum
913 2955 1096 3026 fuerit,
1122 2977 1194 3017 vtt
1219 2963 1482 3032 pmniteat
1513 2980 1525 3018 :
1553 2979 1606 3019 tv
1623 2963 1676 3018 in
1697 2979 1837 3035 pane
1861 2974 2088 3035 etaqua.

1101 3051 1178 3106 De
1202 3047 1497 3124 sacrilegio.

581 3133 641 3192 Si
669 3149 791 3208 quis
836 3137 1176 3212 sacrilegium
1233 3141 1451 3216 μοι-ιθ,
1488 3145 1848 3220 sortilegium]
1878 3148 2091 3217 fecerit,

506 3229 565 3286 id
592 3239 694 3297 est,
745 3246 882 3301 quos
927 3234 1204 3301 aruspices
1256 3245 1483 3301 vocant,
1517 3237 1607 3307 qui
1657 3240 1880 3310 auguria
1906 3237 2094 3298 colunt

507 3329 724 3390 semper
766 3321 1183 3392 auguraverim,
1246 3332 1340 3379 aut
1380 3339 1704 3398 quocunque
1749 3329 1892 3384 malo
1946 3331 2094 3402 inge-

509 3411 620 3479 nio,
653 3426 713 3468 ιιι
747 3423 918 3469 annos
953 3413 1253 3484 pmnileant
1304 3413 1359 3472 in
1398 3425 1537 3488 pane
1586 3430 1640 3476 et
1691 3432 1851 3492 aqaa.
1887 3419 1943 3478 Si
1971 3425 2093 3495 quis

505 3504 710 3560 ariolus
760 3501 944 3572 fuerit,
995 3519 1130 3576 quos
1167 3501 1378 3566 divinos
1409 3517 1622 3579 vocant,
1674 3519 1728 3569 et
1776 3508 1986 3587 aliquas
2014 3517 2094 3572 di-

506 3595 811 3654 vinationes
863 3595 1086 3669 fecerit,
1143 3601 1267 3672 quia
1325 3597 1715 3661 dmmoniacum
1762 3617 1867 3675 est,
1922 3625 1956 3664 v
1998 3625 2094 3664 an-

507 3693 609 3744 nos
639 3689 903 3759 putniteat
935 3705 947 3746 :
979 3705 1039 3748 ιιι
1074 3693 1130 3746 in
1165 3705 1304 3764 pane
1347 3703 1403 3749 et
1447 3711 1608 3766 aqua.
1643 3697 1701 3752 Si
1746 3701 1869 3769 quis
1907 3701 1960 3754 in
1990 3697 2095 3755 Ka-

507 3779 680 3838 lendis
698 3781 959 3849 Januarii,
996 3783 1138 3854 quod
1164 3779 1317 3840 multi
1341 3786 1568 3854 faciunt,
1611 3796 1667 3842 et
1693 3790 1746 3843 in
1776 3791 1994 3847 cervulo
2014 3791 2094 3846 dl-

509 3879 659 3938 cuut,
695 3868 872 3929 autin
907 3874 1156 3930 vehiculo
1200 3878 1366 3942 vadit,
1418 3891 1478 3933 ιιι
1502 3892 1676 3934 annos
1716 3882 1996 3950 poeniteat.
2033 3879 2091 3937 Si

509 3962 630 4034 quis
681 3971 856 4020 sortes
907 3963 1178 4033 habuerit,
1238 3976 1372 4037 quas
1429 3979 1454 4010 α
1510 3969 1849 4038 Sanctorum,
1902 3981 2089 4030 contra

508 4054 776 4109 rationem
808 4062 1004 4110 vocant
1037 4071 1052 4110 τ
1083 4053 1164 4112 vel
1213 4058 1423 4128 aliquas
1475 4068 1650 4116 sortes
1708 4061 1981 4128 habum‘it,
2006 4066 2091 4119 vel

507 4145 870 4217 qualicunque
922 4147 1064 4202 malo
1097 4145 1310 4222 ingenio
1355 4151 1582 4207 sortitus
1628 4154 1810 4221 fuerit,
1841 4149 1925 4209 vel
1956 4157 2091 4210 divi-

506 4240 738 4306 naverit,
767 4257 844 4294 ιιι-
865 4255 1035 4297 annos
1073 4245 1353 4313 pmniteat,
1391 4245 1626 4315 primum
1656 4259 1793 4318 pane
1822 4257 1876 4303 et
1898 4264 2037 4319 aqua
2072 4264 2086 4304 :

507 4327 554 4385 si
588 4327 710 4399 quis
756 4329 824 4386 ad
873 4329 1116 4398 arbores,
1145 4333 1228 4387 vel
1275 4331 1342 4389 ad
1394 4332 1604 4401 fontes,
1636 4337 1716 4390 vel
1761 4337 1826 4392 ad
1875 4339 2090 4394 cancel-

505 4417 638 4485 lum,
667 4421 754 4476 vel
800 4422 1128 4492 ubicunque,
1168 4431 1454 4494 exueptum
1505 4419 1558 4480 in
1595 4415 1869 4495 Ecclesia,
1904 4433 2089 4485 votum

503 4512 733 4578 voverit,
776 4520 870 4566 aut
916 4511 1224 4580 exsolverit,
1253 4527 1315 4570 ιιι
1362 4512 1533 4572 annos
1568 4518 1832 4587 pmuiteat
1865 4519 1918 4574 in
1949 4531 2088 4590 pane

505 4607 560 4660 et
588 4621 747 4676 aqua,
791 4607 916 4678 quia
951 4603 1055 4664 hoc
1103 4605 1448 4681 sacrilegium
1504 4619 1608 4676 est,
1653 4613 1736 4667 vel
1795 4609 2086 4670 daemonia-

505 4711 646 4753 cum.
678 4690 776 4765 Qui
813 4708 944 4755 vero
981 4694 1177 4757 ibidem
1208 4699 1382 4757 ederit
1431 4711 1524 4758 aut
1570 4699 1790 4771 biberit,
1829 4722 1844 4760 ι
1885 4723 2084 4762 annum

503 4787 558 4842 in
589 4803 726 4858 pane
777 4798 830 4846 et
880 4805 1018 4862 aqua
1061 4793 1346 4862 poeniteat.
1382 4790 1440 4849 Si
1502 4795 1624 4866 quis
1646 4797 2080 4862 mathematicus,

503 4873 556 4932 id
592 4887 696 4946 est,
729 4893 827 4952 per
865 4882 1261 4939 invocationem
1319 4884 1626 4942 daemonum
1673 4885 1908 4945 hominis
1934 4905 2084 4947 men-

502 4973 612 5027 tem
642 4972 861 5042 tulerit,
911 4987 943 5031 v
985 4975 1139 5031 annis
1180 4971 1466 5048 paeniteat,
1508 4981 1742 5051 primum
1773 4983 1826 5037 in
1864 4999 2001 5053 pane
2032 4993 2085 5040 et

501 5080 662 5136 aqua.
695 5066 751 5122 Si
810 5065 930 5138 quis
1000 5065 1262 5140 ligaturas
1315 5069 1524 5137 fecerit,
1578 5075 1721 5143 quod
1773 5075 2080 5134 detestablk

498 5165 607 5222 est,
632 5173 692 5212 ιιι
724 5173 893 5214 annos
937 5161 1197 5229 pmniteat
1249 5159 1304 5213 in
1354 5177 1493 5230 pane
1523 5174 1578 5217 et
1621 5181 1778 5232 aqua.
1811 5165 1866 5220 Si
1897 5168 1986 5237 qui
2015 5169 2086 5223 si-

503 5241 614 5302 mul
651 5245 858 5304 vadunt
907 5243 976 5305 ad
1029 5245 1401 5315 festivitatem,
1436 5254 1487 5307 in
1545 5254 1677 5311 locis
1708 5257 2084 5314 abominandis

503 5339 806 5408 gentilium,
837 5345 892 5394 et
939 5355 1094 5396 suam
1138 5356 1316 5397 escam
1365 5343 1671 5400 deferentes
1719 5348 2077 5414 comederint,

500 5428 702 5500 placuit
749 5447 842 5488 eos
871 5446 969 5505 per
1000 5431 1375 5505 paenitentiam
1407 5436 1606 5490 biennii
1639 5433 1856 5506 suscipi.
1888 5435 2082 5492 Utrum

501 5529 633 5575 vero
655 5535 776 5576 cum
805 5523 1079 5580 oblatione
1103 5569 1116 5593 ,
1150 5528 1347 5596 singuli
1394 5528 1766 5598 episcoporum
1795 5529 2084 5598 probantes

505 5607 671 5667 vitam
698 5627 907 5684 eorum,
946 5626 1001 5674 et
1030 5617 1267 5692 singulos
1313 5628 1464 5675 actus
1505 5620 1833 5674 examinem.
1877 5615 1933 5674 Si
1964 5619 2084 5690 quis

576 5735 606 5768 ι
641 5721 820 5783 Sortes
848 5743 1144 5788 sanctorum
1185 5742 1341 5788 erant
1383 5733 1745 5793 divinationes
1787 5747 1852 5784 ex
1905 5727 2085 5786 verbis

504 5791 823 5870 Scriptum,
845 5801 912 5859 de
940 5799 1136 5875 quibus
1160 5801 1218 5860 S.
1243 5791 1574 5886 Augustinus
1604 5800 1704 5860 Sub
1727 5800 1889 5858 tinem
1919 5802 2081 5873 epist.

2191 1927 2416 1991 cherit,
2469 1939 2523 1979 tv
2585 1937 2755 1980 annos
2806 1928 3066 1996 pmniteat
3099 1937 3112 1980 ι
3141 1929 3376 1996 primum
3427 1924 3485 1985 in
3538 1942 3684 2002 pane
3728 1940 3781 1990 et

2189 2031 2333 2086 aqua
2367 2033 2379 2069 :
2406 2013 2598 2085 siquis
2644 2017 2893 2071 abortum
2924 2018 3228 2074 voluntarie
3270 2017 3485 2085 fecerit,
3516 2035 3580 2077 ιιι
3613 2037 3780 2082 annos

2191 2110 2454 2180 poeniteat
2485 2127 2496 2162 :
2535 2110 2710 2178 primo
2750 2111 2803 2164 in
2843 2121 2982 2181 pane
3020 2119 3075 2166 et
3123 2121 3282 2184 aqua.
3319 2114 3376 2170 Si
3410 2117 3538 2186 quis
3564 2134 3668 2188 per
3691 2135 3779 2190 po-

2191 2209 2461 2262 testatem,
2492 2210 2586 2255 aut
2618 2201 2860 2272 quolibet
2889 2203 3128 2274 ingenio,
3163 2219 3250 2260 res
3282 2206 3491 2262 alienas
3523 2203 3671 2263 male
3697 2224 3780 2264 or-

2193 2293 2320 2348 dine
2343 2293 2624 2356 invaserit,
2655 2291 2738 2347 vel
2781 2293 2988 2360 tulerit,
3020 2295 3304 2364 superiore
3333 2299 3616 2354 sententia
3640 2301 3782 2356 simi-

2193 2381 2320 2438 liter
2346 2383 2624 2452 pmniteat,
2648 2390 2704 2438 et
2723 2383 3098 2456 eleemnsynas
3123 2385 3323 2442 multas
3351 2387 3540 2443 faciat.
3571 2389 3633 2445 Si
3667 2393 3783 2461 quis

2194 2483 2430 2544 servum,
2456 2487 2549 2533 aut
2576 2491 2952 2548 quemcunque
2976 2480 3275 2548 hominem,
3298 2482 3547 2552 quolibet
3567 2485 3783 2556 ingenio

2195 2573 2250 2627 in
2277 2573 2644 2641 captivitatem
2673 2571 2968 2636 reduxerit,
3001 2574 3086 2629 vel
3107 2575 3500 2643 transmiserit,
3536 2578 3683 2633 sicut
3702 2595 3782 2634 su-

2194 2679 2291 2736 pra
2337 2666 2617 2734 pmniteat.
2679 2663 2738 2720 Si
2789 2666 2911 2734 quis
2950 2665 3248 2722 Ecclesium
3297 2669 3688 2734 combuss‘erit,
3720 2686 3781 2726 xv

2197 2760 2352 2813 annis
2375 2759 2656 2829 poeniteat,
2697 2765 2752 2815 et
2783 2768 2903 2814 eam
2936 2760 3121 2816 sedule
3161 2759 3436 2826 restituat,
3463 2763 3522 2816 et
3549 2767 3779 2833 pretium

2197 2855 2354 2907 suum
2375 2851 2702 2922 pauperibus
2726 2852 3037 2908 distribuat.
3071 2851 3129 2907 Si
3162 2854 3282 2922 quis
3313 2863 3525 2919 aream,
3569 2863 3667 2909 aut
3696 2853 3780 2910 do-

2197 2961 2344 3000 mum
2373 2943 2740 3013 cujuscunque
2764 2945 3068 3000 voluntarie
3088 2947 3436 3010 cremaverit,
3462 2946 3612 3001 sicut
3626 2961 3780 3016 supra

2195 3040 2475 3110 poeniteat.
2510 3037 2571 3092 Si
2621 3039 2743 3108 quis
2771 3044 2869 3108 per
2907 3038 3045 3093 iram
3096 3039 3262 3092 alium
3318 3040 3684 3110 percusserit,
3733 3048 3784 3093 et

2199 3132 2516 3201 sanguinein
2559 3130 2780 3197 fuderit,
2811 3136 2905 3184 aut
2949 3127 3341 3196 debilitaverlt;
3387 3131 3570 3186 solvat
3595 3132 3649 3186 ei
3680 3132 3783 3201 pri-

2121 3193 2168 3258 Ο
2200 3238 2347 3280 mum
2377 3225 2705 3290 mercedem,
2729 3231 2785 3280 et
2803 3225 3072 3280 medicum
3103 3227 3350 3296 qumrat;
3388 3224 3434 3280 si
3464 3224 3644 3281 laicus
3680 3231 3778 3291 est,

2195 3327 2264 3372 XL
2293 3316 2408 3372 dies
2439 3317 2493 3371 in
2519 3318 2659 3386 pane
2689 3323 2744 3372 et
2787 3323 2927 3386 anua
2951 3313 3159 3386 jejunet
3207 3333 3222 3372 :
3262 3318 3308 3373 ‘si
3345 3311 3604 3384 clericus,
3637 3333 3776 3382 xu;

2198 3407 2477 3473 diaconus,
2507 3417 2581 3462 vn
2634 3399 2850 3464 menses
2891 3426 2904 3462 ε
2945 3409 3230 3480 presbyter
3269 3413 3436 3465 unum
3467 3417 3693 3466 annum.
3726 3409 3780 3465 Si

2195 3500 2318 3569 quis
2366 3499 2711 3555 Venationem
2765 3502 3073 3558 eXercuerit
3123 3520 3137 3556 :
3187 3501 3420 3559 clericus
3469 3511 3645 3557 unum
3691 3516 3780 3556 an-

2195 3607 2325 3648 num
2371 3593 2680 3664 poeniteat:
2714 3593 2972 3650 diaconus
3020 3607 3084 3660 tt,
3127 3595 3416 3668 presbyter
3443 3608 3527 3651 ιιι.
3573 3591 3634 3652 Si
3665 3595 3778 3665 quis

2195 3685 2264 3740 de
2302 3685 2605 3739 tillnistet‘io
2657 3684 2863 3740 sancta)
2911 3685 3167 3741 Ecclesiae
3218 3685 3596 3757 qualecunque
3651 3701 3778 3757 opus

2193 3775 2544 3842 fraudaverit,
2584 3776 2669 3832 vel
2712 3776 3026 3846 neglexerit,
3059 3785 3134 3831 vn
3169 3787 3343 3833 annos
3389 3779 3656 3848 poenth
3679 3791 3695 3829 :
3721 3790 3779 3831 ιιι

2194 3872 2335 3937 pane
2364 3875 2419 3923 et
2464 3885 2624 3937 aqua.
2651 3868 2709 3922 Si
2736 3869 2826 3937 qui
2875 3875 2998 3923 cum
3045 3868 3369 3924 animalibus
3414 3868 3776 3939 peccaverint,

2195 3961 2285 4028 qui
2317 3961 2554 4015 nondum
2590 3977 2663 4016 xx
2704 3975 2970 4015 annorum
2997 3960 3218 4028 fuerint,
3258 3977 3329 4016 xv
3377 3962 3540 4016 annis
3581 3961 3781 4016 exactis

2195 4053 2249 4107 in
2299 4052 2644 4120 poenitentia,
2701 4053 3137 4110 communionem
3179 4052 3493 4110 orationum
3535 4067 3779 4109 merean-

2195 4151 2302 4196 tur.
2362 4141 2566 4196 Deinde
2611 4159 2644 4196 v
2697 4143 2852 4197 annis
2902 4143 2956 4197 in
3009 4143 3112 4198 hac
3153 4145 3541 4199 communione
3586 4145 3781 4199 duran-

2195 4240 2295 4296 tes,
2339 4233 2629 4288 oblationis
2676 4242 3018 4288 sacramenta
3055 4233 3388 4304 contingant.
3446 4234 3780 4289 Discutiatur

2195 4329 2451 4382 autemet
2498 4327 2608 4381 vita
2670 4333 2876 4389 eorum,
2913 4326 3089 4396 qualis
3127 4334 3372 4397 tempore
3427 4328 3779 4398 paenitudinis

2193 4420 2483 4484 exstiterit,
2509 4427 2566 4473 et
2595 4420 2671 4473 ita
2709 4419 3141 4474 misericordiam
3173 4424 3601 4489 consequantur.
3631 4419 3776 4487 Quod

2195 4509 2241 4564 si
2266 4507 2662 4579 inexplebiliter
2691 4508 2776 4564 his
2820 4508 3027 4563 hmsere
3046 4507 3383 4569 criminibus,
3416 4507 3488 4562 ad
3519 4510 3774 4579 agendam

2193 4601 2569 4671 paenitentiam
2615 4600 2878 4670 prolixius
2931 4607 3145 4670 tempus
3176 4599 3474 4654 insumunt.
3509 4599 3774 4669 Quotquot

2191 4698 2374 4745 autem
2418 4697 2634 4759 peracta
2680 4703 2752 4743 xx
2809 4701 3077 4742 annorum
3113 4691 3293 4752 mtate,
3320 4688 3377 4742 et
3429 4701 3634 4742 uxores
3687 4688 3771 4741 ba-

2193 4784 2402 4847 bentes,
2433 4782 2536 4836 hoc
2565 4788 2786 4851 peccato
2811 4779 3047 4851 prolapsi
3072 4787 3219 4844 sunt,
3251 4791 3359 4832 xxv
3408 4779 3573 4833 annis
3609 4776 3769 4847 pani-

2193 4874 2434 4928 tudinem
2461 4880 2730 4944 gerentes,
2779 4873 2836 4926 in
2876 4872 3257 4926 cummunione
3290 4870 3634 4940 recipiantur
3651 4883 3764 4925 ora-

2192 4967 2421 5021 tionum.
2453 4965 2512 5019 ln
2556 4972 2661 5035 qua
2707 4962 3074 5033 quinquennio
3123 4963 3504 5033 perdurantes,
3547 4961 3765 5017 tunde-

2192 5071 2341 5114 mum
2367 5055 2656 5113 oblationis
2691 5045 3030 5111 sacramenta
3073 5054 3397 5124 percipiunt.
3427 5053 3586 5121 Quod
3607 5053 3654 5108 si
3680 5050 3760 5122 qui

2189 5163 2388 5204 uxores
2416 5148 2676 5202 habentes
2703 5154 2757 5202 et
2792 5145 3238 5201 transcendentes
3263 5162 3297 5199 ι.
3349 5145 3510 5200 annis
3539 5145 3616 5199 ita
3643 5142 3758 5197 deli-

2185 5243 2424 5313 querint,
2453 5240 2520 5296 ad
2559 5240 2765 5296 exitum
2801 5239 2926 5293 vita
2959 5237 3359 5293 communionis
3387 5237 3625 5308 gratiam
3647 5249 3758 5291 eon-

2185 5342 2498 5407 sequantur.

2570 5423 2648 5478 De
2673 5423 2920 5478 ebrietate
2940 5428 2989 5475 et
3016 5420 3385 5491 fornicatione.

2257 5521 2561 5573 lnenrtatur
2593 5515 2716 5585 quis
2760 5530 2790 5569 a
2841 5512 2984 5577 vino,
3021 5512 3431 5577 sive~cervisia,
3459 5520 3645 5566 contra
3687 5510 3755 5564 in-

2187 5613 2475 5668 terdictum
2541 5606 2836 5662 Salvatoris
2886 5613 2941 5660 et
2995 5602 3363 5675 apostolorum
3423 5601 3561 5672 ejus.
3614 5597 3748 5667 Quod

2189 5722 2279 5791 55,
2306 5725 2375 5780 al.
2415 5723 2534 5779 H9.
2565 5721 2831 5778 Caeterum
2855 5721 2920 5775 de
2943 5719 3028 5774 bis
3053 5725 3109 5774 et
3131 5715 3398 5791 similibus
3417 5714 3637 5791 consule
3656 5711 3748 5768 Be—

2190 5788 2412 5855 rardum
2443 5795 2512 5850 ad
2531 5803 2650 5849 can.
2679 5793 2768 5879 16,
2797 5799 2962 5847 causa
2990 5791 3081 5858 26,
3111 5789 3408 5861 quastione
3436 5788 3490 5842 7.
