4022 6448
97 5525 108 5535 .
189 5476 399 5538 teatzq

245 389 330 446 7M
365 383 371 392 ’

1437 381 1640 440 LIBER
1680 382 2261 448 NBNITENTIAMS.

3375 401 3480 460 τοι

244 507 282 560 si
327 508 507 556 votum
548 498 802 555 habuerit
843 497 1171 565 'sauetitatis,
1230 513 1299 552 ιι.
1355 497 1547 554 diebus
1577 499 1634 554 in
1673 503 1816 570 pane
1838 504 1893 566 Α
1915 504 2129 570 cibum,
2161 505 2242 562 vel
2271 507 2504 578 aliquam
2532 477 2910 581 parvisslmlm
2946 514 3328 584 refectionem,
3375 518 3479 576 nisi

241 607 290 653 et
308 609 438 665 aqua
463 592 676 662 culpam
726 591 896 648 diluat
926 609 941 647 :
973 591 1142 648 laicus
1178 605 1308 647 vero
1356 605 1431 648 vn
1477 593 1665 649 diebus
1691 609 1805 664 pus-

239 689 414 745 niteat.
452 684 749 755 Episcopus
769 683 972 740 faciens
993 684 1425 748 fornicationem,
1456 685 1802 755 degradetur,

239 787 378 834 etxu
405 775 559 830 annis
585 776 868 844 paeniteat.
901 775 1211 847 Presbyter,
1256 785 1348 831 aut
1385 775 1664 842 diaconus,
1691 776 1802 831 for-

236 867 552 925 nicationem
581 865 786 922 faciens
829 867 1127 922 naturalem
1160 879 1182 907 ο
1210 868 1434 937 praelato
1462 877 1589 923 ante
1619 885 1808 926 mona~

237 959 314 1015 chi
345 966 525 1012 votum
557 966 666 1012 tres
701 972 870 1012 annos
916 958 1208 1026 poeniteat,
1243 960 1455 1013 veniam
1493 961 1640 1014 omni
1671 961 1805 1016 hora

233 1055 416 1119 roget:
453 1047 938 1118 superpositionem
985 1048 1037 1103 in
1090 1064 1414 1120 unaquaque
1468 1049 1800 1106 hcbdomada

233 1140 403 1208 faciat,
434 1142 677 1212 exceptis
705 1141 1170 1212 quinquagesimae
1201 1142 1410 1198 diebus.

741 1231 816 1285 De
851 1233 1065 1286 minutis
1087 1235 1278 1287 causis.

295 1323 350 1380 Si
389 1323 513 1394 quis
551 1339 680 1379 casu
728 1321 1006 1396 negligens
1046 1325 1371 1380 sacriﬁcium
1421 1323 1618 1396 perdit,
1645 1322 1804 1377 relin-

227 1431 387 1488 quens
416 1413 568 1480 foris,
591 1424 645 1470 et
665 1414 732 1469 ab
763 1415 943 1485 aliquo
973 1415 1284 1481 devoratur,
1320 1433 1385 1470 x1.
1419 1411 1606 1470 diebus
1631 1415 1803 1490 poeni-

226 1513 360 1570 teat;
395 1504 479 1559 sin
507 1505 535 1544 ι)
570 1519 720 1570 vero,
747 1521 946 1559 annum
977 1522 1142 1560 unum
1170 1507 1447 1575 poeniteat.
1480 1505 1535 1560 Si
1567 1520 1803 1559 commu-

224 1594 485 1650 nicaverit
509 1595 764 1667 ignorans
789 1596 1334 1662 excommunicatum,
1379 1593 1566 1651 diebus
1596 1613 1661 1652 ιιι.
1688 1611 1803 1666 pte-

220 1689 406 1745 niteat.
447 1689 504 1746 Si
529 1690 651 1761 quis
672 1699 864 1762 sponte
912 1689 1392 1745 communicaverit
1432 1691 1800 1746 excommuni-

216 1791 357 1847 cato,
385 1781 577 1845 Verbo,
603 1781 688 1837 vel
716 1781 1000 1846 relatione,
1026 1781 1111 1835 vel
1138 1781 1277 1846 cibo,
1308 1773 1392 1836 vel
1421 1795 1569 1852 potu,
1598 1798 1664 1835 xi.
1683 1781 1798 1837 dies

215 1873 265 1928 in
296 1889 440 1943 pane
465 1882 519 1928 et
546 1883 707 1943 adua,
744 1884 800 1930 et
827 1869 938 1930 sale
958 1870 1236 1943 poeniteat.
1264 1867 1319 1929 Si
1345 1873 1668 1929 sacriﬁcium
1692 1882 1800 1928 ter—
1825 1860 1872 1919 Β

211 1973 438 2020 ratenus
467 1967 612 2022 cadit
643 1978 664 2005 ο
700 1965 1016 2039 negligendo
1036 2008 1050 2032 ,
1089 1965 1451 2037 superposilio
1485 1965 1597 2020 ﬁat.
1625 1965 1680 2020 Si
1709 1983 1797 2021 ce-

211 2055 409 2110 ciderit
439 2058 766 2113 sacriﬁcium
795 2059 862 2114 de
889 2075 1048 2112 manu
1088 2057 1363 2112 olferentis
1395 2066 1718 2122 terratenus,
1743 2066 1798 2113 et

211 2164 313 2204 non
339 2149 617 2204 invenitur
640 2151 839 2220 aliquid
874 2170 886 2204 :
917 2167 1092 2214 omne,
1127 2147 1485 2220 quodcunque
1517 2147 1791 2205 inventum

210 2238 392 2306 fuerit,
445 2240 683 2308 inloco,
721 2243 775 2297 in
830 2257 937 2312 quo
989 2242 1264 2306 ceciderit,
1315 2242 1660 2297 comburetur
1695 2261 1706 2296 :
1742 2251 1796 2298 et

209 2332 342 2388 cinis
370 2332 473 2387 sub
505 2334 696 2388 altario
746 2323 1092 2400 recondatur,
1123 2342 1176 2388 et
1212 2333 1463 2390 sacerdos
1509 2334 1794 2391 dimidium

209 2438 402 2478 annum
429 2425 717 2494 pmniteat.

272 2515 380 2571 Pro
411 2517 574 2572 bonis
602 2518 760 2574 rebus
801 2515 995 2572 offerre
1038 2507 1326 2582 debemus;
1361 2531 1462 2586 pro
1492 2514 1667 2582 malis,
1699 2531 1794 2571 ne-

207 2625 498 2681 quaquam.
534 2609 842 2682 Presbyteri
884 2625 983 2682 pro
1027 2603 1140 2666 suis
1183 2601 1448 2681 episcopis
1479 2625 1583 2665 non
1610 2607 1794 2678 prohi-

204 2699 401 2756 bentur
423 2701 644 2758 oﬁ‘erre.
671 2704 773 2770 Qui
815 2703 1020 2773 praebet
1046 2703 1283 2758 dicatum
1313 2695 1578 2766 barbaris,
1607 2717 1666 2755 ιιι
1700 2717 1794 2756 an-

201 2798 299 2848 nos
319 2796 608 2864 paeniteat.
652 2795 754 2862 Qui
803 2793 1135 2850 monasteria
1177 2793 1498 2864 exspoliant,
1526 2791 1659 2848 falso
1710 2791 1793 2846 di-

205 2894 386 2940 centes
424 2901 486 2942 se
533 2886 774 2956 captivos
813 2875 1101 2950 redimere,
1133 2901 1192 2939 ιιι
1243 2900 1414 2939 annos
1443 2883 1784 2954 pteniteant:

202 2982 256 3030 et
300 2977 508 3041 omnia,
545 2982 666 3050 qua".
723 2975 1132 3044 abstraxerunt,
1188 2976 1515 3047 pauperibus
1565 2977 1783 3030 donent.

201 3057 302 3134 Qui
358 3079 586 3125 carnem
639 3061 952 3124 animalium
980 3111 995 3136 ,
1053 3073 1282 3140 quarum
1324 3063 1551 3124 mortem
1591 3070 1783 3135 nescit,

200 3159 516 3226 mand'ucat,
553 3159 766 3215 tertiam
803 3168 1010 3231 partem
1055 3154 1180 3215 anni
1226 3159 1504 3230 paeniteat.
1535 3157 1784 3214 Priorum

1910 609 2009 662 pro
2033 594 2229 652 viatico
2260 615 2274 652 :
2301 600 2478 668 pueri,
2504 610 2633 666 tres,
2667 599 2902 672 majores
2925 614 3001 660 vn
3017 641 3032 670 ,
3058 603 3243 664 clerici
3270 621 3340 666 ιι
3365 606 3481 662 dies

1907 684 2223 752 ptenitcant.

1979 773 2036 829 Si
2087 776 2142 830 in
2187 775 2380 840 farina,
2429 779 2513 834 vel
2557 779 2612 836 in
2660 780 2840 850 aliquo
2888 782 3034 839 sicco
3075 783 3229 851 cibo,
3272 787 3386 842 sive
3424 787 3479 842 in

1907 865 2082 931 melle,
2110 867 2195 922 vel
2221 869 2274 923 in
2313 868 2454 926 lacte
2472 911 2488 936 ,
2517 872 2755 928 bestiola:
2784 873 3072 930 immundae
3104 875 3471 947 inveniuntur,

1905 959 2046 1026 quod
2070 959 2214 1014 circa
2245 977 2471 1031 corpora
2501 977 2688 1018 eorum
2717 973 2817 1027 est,
2850 965 3187 1035 projiciatur.

1979 1051 2002 1089 ε
2039 1050 2142 1117 Qui
2178 1053 2553 1123 negligentiam
2580 1071 2706 1125 erga
2734 1057 3057 1112 sacriﬁcium
3086 1057 3294 1124 fecerit,
3319 1067 3377 1113 ut
3407 1059 3478 1115 sit

1903 1155 1934 1194 a
1965 1142 2237 1198 vermibus
2272 1154 2672 1215 consumptum,
2713 1156 2768 1201 et
2813 1147 2880 1201 ad
2924 1148 3148 1204 nihilum
3201 1149 3472 1214 deveniat,

1904 1245 1962 1288 ιιι
1994 1232 2434 1304 quadragesimus
2471 1237 2748 1304 poeniteat.
2785 1236 2840 1292 Si
2885 1239 3153 1308 integrum
3186 1240 3474 1304 invenerit,

1902 1327 1956 1374 et
1977 1321 2032 1375 in
2056 1337 2121 1376 eo
2144 1323 2306 1378 fuerit
2344 1326 2565 1390 vermis,
2595 1327 2965 1391 comburatur,
3005 1339 3062 1382 et
3089 1329 3167 1383 sic
3193 1330 3329 1384 cinis
3357 1330 3474 1399 ejus

1904 1413 2006 1468 sub
2034 1413 2191 1468 altari
2219 1416 2616 1482 abscondatur;
2663 1426 2717 1471 et
2746 1417 3022 1487 negligens
3062 1435 3130 1474 ιι.
3160 1419 3275 1474 dies
3304 1419 3476 1490 paeni-

1903 1511 2032 1560 teat.
2061 1506 2127 1561 Et
2151 1507 2196 1561 si
2226 1508 2501 1564 inventum
2530 1508 2719 1574 fuerit,
2752 1518 2813 1564 ut
2839 1526 3000 1580 supra
3020 1549 3034 1575 ,
3067 1512 3353 1565 mundetur
3385 1530 3397 1564 :
3427 1511 3476 1565 si

1902 1611 2072 1665 usque
2097 1597 2163 1650 ad
2193 1598 2362 1653 altare
2389 1608 2596 1678 tantum
2634 1601 2794 1654 fuerit
2849 1602 3091 1671 lapsum,
3151 1617 3476 1673 superpona-

1901 1695 2008 1740 tur.
2045 1685 2101 1742 Si
2125 1690 2189 1743 de
2217 1691 2383 1745 calice
2405 1691 2604 1761 aliquid
2633 1692 2935 1756 stillaverit,
2962 1709 3058 1762 per
3090 1695 3473 1764 negligentiam

1900 1779 1955 1834 in
1989 1789 2208 1846 terram,
2248 1782 2425 1853 lingua
2462 1783 2731 1838 lambatur
2775 1803 2786 1838 :
2841 1785 3018 1839 tabula
3055 1785 3276 1840 radatur
3306 1803 3319 1838 :
3351 1785 3473 1856 igne

1900 1876 2281 1940 comburatur;
2317 1884 2371 1932 et
2402 1892 2432 1931 ι⁴
2455 1876 2646 1932 diebus
2687 1879 2967 1947 pmniteat.
3016 1877 3072 1932 Si
3117 1893 3278 1950 super
3306 1878 3475 1932 altare

1900 1965 2188 2022 stillaverit
2237 1967 2407 2032 calix,
2466 1969 2685 2022 sorbeat
2732 1970 3000 2034 minister,
3054 1977 3108 2026 et
3158 1969 3474 2034 linteamen,

1899 2058 2041 2127 quod
2075 2058 2249 2129 tetigit
2279 2059 2420 2113 stilla
2442 2098 2456 2122 ,
2487 2059 2737 2113 abluatur
2763 2060 2934 2114 tribus
2961 2060 3196 2123 vicibus,
3222 2067 3276 2113 et
3304 2059 3476 2113 tribus

1898 2150 2088 2206 diebus
2110 2153 2388 2220 pteniteat.
2415 2150 2469 2206 Si
2488 2152 2799 2206 titubaverit
2815 2152 3068 2207 sacerdos
3086 2167 3248 2224 super
3275 2150 3478 2204 oratio—

1900 2259 2019 2298 nem
2043 2244 2396 2309 Dominicam,
2418 2261 2536 2315 quin
2552 2244 2767 2309 dicitur,
2787 2244 3089 2314 periculose
3112 2259 3215 2298 una
3236 2244 3374 2308 vice,
3390 2239 3474 2296 vel

1896 2338 2138 2407 psalmis,
2156 2355 2184 2392 ι
2202 2338 2452 2408 psalmis;
2480 2337 2715 2393 secunda
2738 2337 2875 2402 vice,
2896 2354 2923 2392 c
2948 2337 3119 2410 plagis
3146 2334 3471 2407 (paeniteat).

2406 2425 2539 2482 Item
2561 2427 2624 2482 de
2649 2423 2953 2482 homicidio.

1969 2519 2024 2576 Si
2059 2518 2177 2590 quis
2216 2521 2268 2574 in
2307 2520 2646 2590 expeditione
2694 2518 2908 2589 publica
2955 2511 3154 2573 occidit
3198 2514 3473 2572 hominem

1897 2599 2013 2668 sine
2041 2627 2230 2677 causa,
2263 2603 2465 2681 jejunet
2514 2601 2878 2665 hebdomadas
2917 2621 3030 2666 xxx.
3071 2602 3128 2663 Si
3159 2611 3338 2661 autem
3369 2605 3478 2661 for-

1897 2703 2039 2758 sitan
2081 2718 2139 2758 se
2163 2702 2521 2765 defendendo,
2553 2710 2646 2754 aut
2689 2710 2940 2771 parentes
2984 2715 3142 2764 suos,
3179 2701 3271 2752 aut
3315 2697 3472 2752 fatui-

1897 2796 2024 2850 liam
2054 2812 2204 2851 suam
2226 2837 2240 2862 ,
2282 2795 2480 2850 occidit
2505 2794 2740 2865 aliquem
2763 2835 2776 2860 ,
2826 2789 2914 2848 ille
2948 2809 3056 2848 non
3086 2793 3190 2848 erit
3235 2807 3378 2846 reus.
3414 2790 3474 2847 Si

1896 2888 2124 2944 voluerit
2163 2887 2432 2958 jejunare,
2469 2887 2520 2940 in
2569 2885 2714 2940 illius
2754 2882 3019 2956 potestate
3063 2886 3177 2950 eSt;
3228 2879 3355 2950 quia
3385 2898 3476 2937 co-

1893 2989 2044 3035 actus
2092 2981 2196 3034 hoc
2239 2978 2385 3033 fecit.
2432 2976 2489 3032 Si
2536 2975 2884 3032 homicidium
2922 2973 2975 3030 in
3015 2989 3146 3044 pace
3178 2967 3385 3037 fecerit,
3415 2975 3470 3027 et

1891 3085 1998 3124 non
2020 3070 2181 3125 fuerit
2205 3070 2355 3122 turba
2379 3084 2474 3138 per
2492 3075 2834 3137 potestatem,
2851 3075 2944 3120 aut
2964 3064 3260 3120 inimicitiae
3282 3073 3473 3130 causa,

1890 3170 1950 3218 ut
1981 3178 2067 3217 res
2112 3161 2226 3232 ejus
2256 3162 2472 3232 capiat,
2507 3158 2711 3229 jejunet
2758 3152 3125 3214 hebdomadas
3168 3174 3376 3219 xxvm,
3417 3163 3474 3212 et

200 3258 404 3309 statuta
431 3243 654 3309 Patrum
675 3269 1005 3324 promamus.
1031 3247 1192 3308 Pueri
1219 3249 1390 3308 solum
1415 3255 1785 3309 sermminan—
1813 3229 1857 3294 Ο
1889 3271 1975 3313 res
2009 3253 2123 3324 ejus
2153 3270 2312 3325 quem
2341 3253 2541 3308 occidit
2571 3252 2759 3306 reddat
2785 3250 2942 3305 uxori
2960 3292 2973 3316 ,
3003 3250 3086 3306 vel
3113 3249 3238 3306 ﬁliis
3260 3250 3396 3324 ejus.

201 3354 300 3414 tes,
348 3354 406 3403 et
459 3347 915 3418 transgredientes
961 3345 1209 3401 instituta
1266 3347 1560 3411 seniorum,
1613 3337 1785 3402 tribus

196 3439 733 3513 superpositionib‘us
758 3441 1133 3496 emendentur.
1181 3439 1435 3494 Osculum
1469 3434 1786 3508 simpliciter

192 3530 488 3596 facientes,
513 3548 589 3586 vn
625 3531 1164 3599 superpositionibus.
1207 3523 1340 3583 Cum
1377 3523 1785 3598 inquinamento

191 3632 386 3679 autem
446 3624 564 3678 sine
611 3621 880 3691 amplexu.
934 3629 1002 3676 xv
1051 3621 1574 3692 superpositionibus
1617 3621 1786 3677 corri-

186 3723 423 3785 gantur.

563 3803 640 3860 De
659 3803 1135 3877 dispensationibus
1161 3804 1430 3874 sacriﬁcii.

260 3897 370 3966 Qui
403 3911 517 3952 non
546 3897 684 3952 bene
721 3897 1038 3952 custodierit
1064 3896 1420 3961 sacriﬁcium,
1451 3904 1506 3951 et
1547 3907 1668 3951 mus
1693 3910 1783 3951 co-

189 3989 455 4053 mederit,
489 4004 556 4042 xl.
587 3989 776 4043 diebus
814 3990 1091 4058 poeniteat.
1123 3988 1221 4056 Qui
1269 3997 1446 4043 autem
1487 3988 1783 4059 perdiderit

190 4095 349 4134 suum
383 4078 628 4133 chrisma
652 4076 679 4115 ἀ
706 4094 756 4141 1.,
781 4086 873 4130 aut
899 4077 1071 4131 solum
1102 4079 1448 4141 sacrilicium,
1475 4078 1529 4130 in
1561 4078 1780 4147 regione

189 4169 463 4243 qualibet,
512 4177 571 4223 ut
607 4179 712 4223 non
761 4167 1085 4233 inVeniatur,
1130 4183 1190 4222 ιιι
1221 4170 1664 4240 quadragesimus
1699 4170 1781 4223 vel

192 4279 397 4318 annum
424 4275 598 4315 unum
624 4259 905 4330 pmniteat.
953 4257 1289 4314 Perfundens
1327 4259 1519 4328 aliquis
1557 4260 1780 4313 calicem

190 4372 356 4428 super
411 4355 625 4421 altare,
678 4353 892 4425 quando
945 4350 1265 4407 auferuntur
1317 4351 1661 4417 linteamina,
1707 4363 1779 4407 vii

190 4447 382 4503 diebus
417 4443 702 4519 poeniteat.
736 4444 792 4500 Si
831 4439 1089 4501 ceciderit
1138 4456 1161 4483 θ
1192 4440 1244 4499 in
1276 4453 1534 4508 stramen,
1566 4457 1638 4498 vn
1666 4444 1782 4499 dies

186 4541 480 4610 pceniteat.
509 4537 743 4594 Vomens
770 4535 902 4610 [Αι.,
928 4535 1167 4610 sumens]
1184 4535 1508 4592 sacriﬁcium
1524 4544 1778 4608 gravatus

190 4637 484 4690 saturitate
538 4635 762 4699 ventris,
805 4643 872 4687 ιιι⁴
904 4625 1091 4689 diebus
1145 4651 1157 4686 :
1202 4631 1247 4686 si
1292 4629 1345 4684 in
1383 4629 1400 4668 ί
1434 4630 1608 4702 ignem
1650 4645 1776 4700 pro-

181 4724 401 4795 jecerit,
452 4743 527 4782 xx
575 4725 762 4779 diebus
813 4726 1092 4794 pmniteat.
1148 4724 1416 4778 Diaccnus
1457 4722 1778 4777 obliviscens

187 4813 526 4872 oblationem
550 4815 744 4870 offerre
769 4817 884 4869 sine
909 4815 1235 4876 linteamine,
1265 4814 1435 4868 donec
1455 4809 1773 4876 offeruntur,

186 4909 447 4966 similiter
502 4909 782 4982 paeniteat.
837 4906 937 4973 Qui
983 4906 1254 4974 acceperit
1291 4904 1616 4959 sacriﬁcium
1656 4911 1778 4973 post

258 5058 286 5087 ι
315 5043 564 5100 Ρηειαιο
587 5052 706 5096 ante
739 5035 979 5097 monachi
1002 5049 1196 5095 votum.
1238 5035 1470 5093 Deerant
1498 5028 1585 5090 illa
1615 5033 1778 5090 verba

186 5115 242 5171 in
267 5118 468 5171 codice
499 5112 791 5168 Stewartii.

257 5189 287 5228 ιι
317 5187 376 5241 Id
404 5196 518 5248 est,
554 5186 723 5238 sinon
753 5200 900 5238 cum.

259 5269 279 5296 ε
318 5256 417 5312 Sic
456 5245 751 5328 Gregorius
793 5255 842 5306 i-n
882 5251 1108 5328 iudiciis
1148 5249 1262 5304 suis
1297 5267 1308 5302 :
1349 5267 1367 5299 σ
1506 5249 1628 5328 quis
1674 5249 1778 5303 Eu-

186 5328 542 5389 cbaristiam,
566 5319 618 5378 id
640 5332 741 5387 est,
768 5323 1090 5377 sacriﬁcium
1117 5334 1278 5375 causa
1307 5319 1642 5389 negligentim
1661 5329 1778 5388 per-

187 5399 416 5462 diderit,
447 5405 615 5450 unum
643 5409 842 5448 annum
874 5393 957 5446 vel
989 5403 1098 5448 tres
1135 5390 1775 5462 qiia_{lt'agesiiiiaspinni-

408 5459 519 5522 thd
546 5466 592 5520 si
633 5466 687 5519 iu
712 5473 911 5518 terram
941 5478 1101 5517 causa
1133 5459 1470 5531 negligentia:
1493 5459 1769 5526 ceciderit,

187 5556 217 5594 ι.
243 5539 504 5593 Psalmos
533 5542 727 5590 cantet.
768 5554 786 5586 ›

255 5609 283 5648 ἀ
325 5609 450 5662 Non
481 5605 758 5676 legendum
784 5602 936 5674 quasi
960 5615 989 5656 ι,
1020 5601 1144 5655 anui
1174 5599 1505 5676 paenitentia?
1535 5600 1774 5670 assigna-

191 5688 410 5743 rentur,
460 5671 559 5732 nec
592 5676 769 5730 littera
804 5671 834 5730 ι.
864 5689 1148 5729 numerum
1196 5673 1466 5743 denotat;_
1489 5671 1770 5742 legendum

187 5741 514 5870 mammae,
560 5747 717 5803 debet
763 5753 944 5802 autem
990 5743 1078 5800 hic
1115 5741 1338 5814 intelligi
1385 5741 1525 5812 palla
1552 5741 1769 5812 corpo-

189 5833 249 5870 ra
273 5833 342 5870 IS.

189 5833 342 5876 rans.

2339 3343 2414 3397 De
2441 3341 2803 3413 paenitentibus
2828 3343 3004 3414 «gris.

1957 3437 2014 3499 Si
2042 3438 2165 3506 quis
2208 3435 2678 3506 adpaanitentiam
2718 3431 2902 3498 venit,
2946 3439 3001 3487 et
3042 3429 3306 3504 aegritudo
3347 3444 3472 3487 eve-

1885 3533 2048 3597 nerit,
2079 3541 2133 3586 et
2172 3545 2277 3584 non
2307 3528 2548 3600 potuerit
2584 3526 2911 3596 adimplere,
2949 3526 3089 3596 quod
3131 3517 3206 3582 illi
3246 3523 3470 3580 manda-

1886 3634 1999 3686 tum
2035 3633 2120 3679 est
2146 3639 2175 3678 a
2223 3623 2523 3686 sacerdote,
2572 3621 2899 3689 suscipiatur
2936 3615 3003 3674 ad
3041 3625 3282 3673 sanctam
3318 3632 3466 3671 com-

1886 3719 2217 3775 munionem.
2272 3717 2340 3771 Et
2385 3716 2430 3771 si
2480 3714 2710 3770 voluerit
2757 3728 2880 3768 eum
2923 3707 3184 3767 Dominus
3235 3703 3466 3775 saivare,

1883 3810 2084 3882 ieiunet
2107 3818 2312 3883 postea.
2345 3809 2401 3865 Si
2437 3808 2558 3880 quis
2587 3823 2694 3862 non
2735 3807 2996 3877 poenitet,
3029 3813 3084 3860 et
3122 3801 3348 3860 forsitan
3380 3819 3470 3860 ce-

1883 3905 2078 3962 ciderit
2124 3903 2178 3957 in
2217 3902 2612 3972 aegritudinem,
2643 3908 2698 3958 et
2728 3898 3004 3970 quaesierit
3043 3897 3463 3962 communicare,

1868 4016 1990 4055 non
2033 3997 2403 4070 prohibeatur.
2444 3994 2550 4050 Sed
2593 3995 2715 4049 date
2758 3993 2808 4049 ei
2853 4000 3098 4048 sanctam
3134 3988 3468 4068 communio-

1882 4109 2040 4159 nem,
2075 4102 2129 4147 et
2157 4094 2410 4147 mandata
2456 4090 2572 4158 illi,
2608 4090 2738 4145 utsi
2779 4088 3044 4160 placuerit
3080 4077 3468 4141 misericordia;

1881 4182 1997 4248 Dei,
2030 4192 2084 4238 et
2127 4182 2364 4236 evaserit
2411 4181 2476 4235 de
2511 4184 2626 4250 ipsa
2667 4178 3004 4250 aegritudine,
3048 4175 3236 4245 postea
3283 4169 3465 4226 omnia

1882 4275 2164 4331 confessus
2190 4275 2279 4340 sit,
2313 4282 2367 4328 et
2399 4274 2478 4327 sic
2506 4273 2788 4342 pmniteat.

2247 4363 2324 4416 De
2356 4360 2823 4417 cxcommunicatis
2848 4367 3087 4412 mortuis.

1956 4454 2015 4509 Si
2042 4453 2164 4523 quis
2203 4452 2702 4508 excommunicatns
2729 4449 2891 4504 fuerit
2918 4454 3190 4512 mortuus,
3230 4441 3319 4517 qui
3353 4441 3463 4513 jam

1885 4546 1956 4602 sit
1988 4546 2291 4610 confessus,
2329 4551 2383 4599 et
2421 4559 2527 4598 non
2556 4541 2814 4606 occurrit,
2869 4539 2964 4595 sed
3011 4538 3296 4608 occupavit
3338 4551 3462 4591 eum

1882 4653 2048 4702 mors,
2083 4639 2196 4692 sive
2225 4638 2280 4691 in
2305 4636 2414 4702 via,
2468 4635 2581 4689 sive
2609 4634 2661 4687 in
2695 4634 2882 4698 domo;
2934 4631 2980 4686 si
3027 4638 3109 4686 est
3156 4629 3353 4698 aliquis
3395 4643 3462 4683 ex

1878 4731 2194 4802 parentibus
2237 4727 2353 4798 ejus
2377 4769 2391 4794 ,
2424 4744 2523 4798 pro
2553 4743 2618 4782 eo
2645 4725 2849 4796 aliquid
2888 4721 3078 4778 oﬁ‘erat
3119 4723 3184 4777 ad
3216 4729 3461 4778 sanctum

1880 4822 2067 4886 altare,
2118 4830 2211 4876 aut
2259 4819 2327 4874 ad
2384 4817 2805 4888 redemptionem
2848 4815 3207 4888 captivorum,
3251 4817 3344 4866 aut
3392 4810 3459 4865 ad

1881 4913 2452 4972 commemorationem
2479 4905 2672 4965 animae
2697 4901 2830 4977 ejus.

1955 5044 2115 5097 e'Vel
2142 5045 2186 5097 si
2236 5041 2475 5096 ceciderit
2521 5041 2841 5110 sacriﬁcium
2881 5040 3024 5094 intra
3059 5053 3314 5110 mensam:
3364 5033 3455 5110 Sic

1880 5115 2048 5170 codex
2077 5113 2345 5176 Menardi;
2381 5111 2570 5166 melius
2602 5105 2778 5165 tamen
2821 5113 2875 5164 in
2903 5119 3150 5164 stramen.
3192 5107 3246 5159 ln
3277 5105 3456 5159 Poeni-

1881 5185 2092 5242 tentiali
2143 5199 2244 5237 ms.
2284 5175 2412 5236 bibl.
2454 5179 2795 5246 Colliertinre,
2839 5193 2892 5234 ιι.
2943 5175 3098 5240 1548,
3139 5176 3448 5246 legitur.....

1881 5256 1944 5308 de
1970 5267 2126 5307 manu
2163 5252 2482 5321 sacriﬁcium
2513 5252 2752 5308 ceciderit
2789 5254 2845 5305 in
2885 5260 3134 5310 stramen,
3159 5253 3234 5300 VII
3268 5246 3449 5300 diebus

1879 5327 2311 5398 pmgtiteataquo
2337 5323 2600 5398 ceciderit.
2819 5387 2822 5391 ι
2899 5385 2930 5398 η
2972 5381 3004 5398 η
3168 5383 3266 5398 ﬂ”
3390 5377 3422 5398 ﬂ

1959 5377 2143 5451 {illinc
2171 5377 2521 5450 omittuntur
2550 5393 2602 5448 in
2653 5387 2771 5444 aliis
2816 5381 3113 5442 Codicibus.
3168 5383 3301 5442 Vide
3341 5377 3443 5439 ezii-

1882 5463 2080 5521 tionem
2110 5463 2318 5520 Morini.

1955 5541 1978 5577 ε
2019 5538 2216 5591 Eadem
2240 5535 2352 5589 fere
2378 5534 2539 5588 habet
2563 5532 2788 5600 Gregor.
2819 5524 2882 5581 lll
2903 5528 2955 5600 in
2981 5525 3204 5600 iudiciis
3226 5527 3450 5595 cap.98,

1879 5624 1997 5678 quae
2033 5609 2152 5662 vide
2189 5606 2392 5678 Concil.
2423 5612 2555 5678 tum.
2595 5598 2694 5678 Vl,—
2717 5616 2838 5670 pag.
2884 5598 3039 5678 “$3:
3076 5598 3233 5652 Multa
3273 5607 3449 5678 tanien

1880 5667 1968 5734 hic
2007 5679 2151 5733 circa
2203 5672 2601 5730 Enchal'is'tiam
2640 5667 2927 5726 0bSer'Vare
2960 5669 3216 5742 iubentur
3244 5683 3274 5724 a
3315 5667 3450 5725 Grc-

1877 5751 2028 5822 gorio
2055 5743 2273 5806 omissa.
