4022 6478
530 378 658 442 716-

1151 496 1228 552 De
1249 497 1482 553 incestis.

598 589 658 650 Si
683 589 806 662 quis
831 589 1040 660 accepit
1068 587 1235 644 tiliam
1263 589 1450 644 uxoris
1473 603 1606 654 suae,
1635 586 1781 642 hunc
1808 598 1913 640 non
1951 591 2106 654 pote-

531 681 636 739 stis
655 679 922 749 judicare,
953 679 1056 734 nisi
1079 679 1232 751 prius
1255 689 1594 750 separentur.
1630 677 1922 746 Postquam
1949 691 2107 745 sepa-

530 773 634 828 rati
664 771 896 836 fuerint,
928 771 1220 840 unicuique
1248 786 1433 826 eorum
1478 771 1719 839 imponat
1743 770 2108 825 hebdomadas

533 879 624 918 ιιιν
649 871 706 917 et
747 863 942 917 iterum
973 876 1248 931 nunquam
1275 877 1333 917 se
1353 860 1597 931 jungant.
1633 859 1688 915 Si
1716 869 1896 916 autem
1924 861 2107 916 volue-

533 954 642 1009 rint
686 954 890 1008 nubere
927 953 1042 1008 sive
1089 952 1191 1015 vir,
1245 951 1359 1008 sive
1408 951 1620 1014 mulier,
1653 959 1974 1020 potestatem
2016 952 2108 1006 ha-

533 1047 661 1102 beat
695 1064 708 1100 :
741 1046 836 1101 sed
884 1060 992 1100 non
1027 1043 1138 1110 illa,
1166 1059 1286 1114 qua:
1309 1043 1530 1099 dimisit.
1584 1042 1640 1096 Si
1671 1043 1790 1110 quis
1841 1042 2112 1113 acceperit

533 1146 838 1208 cognatam,
875 1144 969 1189 aut
996 1149 1303 1195 novercam,
1337 1143 1431 1188 aut
1467 1132 1714 1188 avunculi
1745 1133 1962 1188 viduam
2006 1152 2018 1186 :
2056 1141 2112 1188 et

534 1227 612 1292 hi,
643 1229 733 1298 qui
758 1242 980 1283 uxorem
1004 1227 1175 1296 patris
1201 1226 1286 1281 sui
1313 1267 1327 1290 ,
1360 1225 1444 1280 vel
1483 1239 1726 1280 sororem
1765 1228 1948 1280 uxoris
1976 1239 2108 1290 suas,

536 1319 736 1389 grande
773 1318 1036 1388 judicium
1081 1326 1194 1384 est;
1242 1317 1498 1373 canonice
1539 1316 1844 1371 damnetur.
1887 1315 2114 1386 Propter

535 1409 948 1465 fornicationem
980 1417 1160 1464 autem
1197 1408 1349 1462 multi
1389 1407 1637 1462 nesciunt
1679 1422 1962 1461 numerum
1997 1421 2115 1460 mu-

533 1499 746 1562 lierum,
779 1517 901 1557 cum
925 1502 1123 1572 quibus
1152 1499 1403 1556 fornicati
1427 1510 1574 1567 sunt,
1600 1498 1677 1554 illi
1699 1497 1946 1570 jejunent
1977 1495 2112 1554 heb-

537 1591 795 1649 domadas
823 1611 874 1650 ι..

1103 1686 1182 1741 De
1217 1685 1544 1757 idolothytis.

607 1775 666 1832 Si
688 1777 830 1848 quis,
861 1777 988 1834 dum
1013 1777 1193 1834 infans
1219 1788 1326 1844 est,
1354 1794 1449 1850 per
1477 1776 1838 1848 ignorantiam
1865 1783 2117 1847 gustave-

537 1871 609 1926 rit
631 1871 696 1925 de
727 1870 832 1936 his,
856 1886 976 1940 qua:
1009 1871 1210 1927 fuerint
1235 1871 1396 1926 idolis
1426 1871 1724 1934 immolata,
1753 1879 1847 1924 aut
1877 1869 2118 1925 mortici-
2144 1860 2192 1920 B

539 1977 689 2026 num,
717 1970 811 2014 aut
857 1961 1058 2030 aliquid
1098 1960 1456 2016 abominabile
1487 1981 1500 2014 :
1529 1958 1740 2029 jejunet
1766 1958 2118 2015 hebdomadis

543 2067 624 2106 ιιι.
665 2051 723 2108 Si
750 2054 871 2123 quis
904 2055 1155 2109 nesciens
1195 2053 1543 2108 manducavit
1569 2053 1728 2108 idolis
1758 2051 2118 2118 immolatum,

543 2153 638 2199 aut
663 2145 1030 2210 morticinum,
1053 2145 1268 2201 dabitur
1294 2145 1370 2200 illi
1393 2146 1567 2209 venia,
1593 2145 1850 2215 quoniam
1871 2145 2121 2202 nesciens

541 2237 642 2293 hoc
671 2237 800 2294 fecit
826 2255 840 2294 :
868 2247 1048 2296 tamen
1071 2238 1282 2310 jejunet
1306 2239 1661 2294 hebdomadis
1690 2253 1770 2293 ιιι.

941 2353 1022 2408 De
1051 2354 1194 2424 furto
1223 2370 1317 2424 per
1344 2355 1720 2408 necessitatem.

609 2442 670 2499 Si
697 2445 818 2515 quis
857 2457 954 2515 per
981 2446 1363 2501 necessitatem
1395 2446 1596 2500 furavit
1632 2444 1837 2500 cibaria
1862 2485 1878 2512 ,
1917 2444 2006 2502 vel
2030 2461 2121 2502 ve-

536 2547 695 2604 stem,
725 2540 842 2594 sive
864 2539 1264 2609 quadrupedem
1293 2553 1391 2608 per
1419 2538 1639 2606 famem,
1673 2548 1765 2594 aut
1786 2555 1885 2609 per
1905 2539 2123 2595 nudita-

538 2638 665 2693 tem,
695 2629 850 2684 venia
876 2629 952 2684 illi
981 2629 1160 2685 datur.
1193 2628 1406 2697 Jejunet
1433 2630 1786 2686 hebdomadis
1807 2646 1881 2685 iv.
1909 2628 1969 2685 Si
1999 2630 2122 2685 red-

537 2721 766 2788 diderit,
808 2737 915 2777 non
987 2723 1191 2794 cogatis
1226 2721 1492 2791 jejunare.
1553 2721 1612 2777 Si
1659 2723 1782 2792 quis
1825 2721 2117 2788 caballum,

537 2820 630 2866 aut
665 2813 888 2878 bovem,
938 2823 1031 2868 aut
1065 2815 1370 2884 jumentum
1396 2854 1411 2879 ,
1461 2812 1544 2868 vel
1569 2827 1791 2868 vaccam
1836 2813 2118 2880 furaverit,

539 2902 653 2958 sive
696 2903 920 2970 cibaria,
950 2903 1035 2959 vel
1067 2919 1186 2975 quae
1216 2913 1386 2959 totam
1425 2903 1687 2959 familiam
1727 2903 1993 2972 nutriunt,
2036 2900 2115 2972 je.

534 2995 689 3064 junet
715 3005 778 3052 ut
803 3010 983 3068 supra.

1131 3087 1211 3144 De
1239 3088 1518 3144 adulterio.

613 3176 672 3234 Si
706 3179 904 3234 mulier
950 3179 1224 3252 deceperit
1271 3183 1463 3237 matris
1505 3195 1616 3236 sum
1656 3181 1914 3236 maritum
1956 3198 1970 3235 :
2026 3180 2087 3236 ill

542 3284 650 3326 non
692 3279 870 3340 potest
903 3271 1160 3344 judicari,
1190 3274 1362 3330 donec
1391 3274 1660 3344 relinquat
1686 3288 1833 3329 eum.
1873 3272 2007 3328 Cum
2035 3288 2122 3328 se-

540 3363 714 3433 parati
743 3361 981 3430 fuerint,
1007 3362 1216 3434 jejunet
1243 3364 1601 3421 hebdomadis
1640 3379 1752 3419 xxv.
1803 3361 1860 3418 Si
1896 3363 2019 3432 quis
2047 3362 2126 3418 le-

541 3455 782 3528 gitimam
825 3455 1033 3512 habens
1079 3471 1328 3521 uxorem,
1380 3457 1647 3512 dimiserit
1693 3471 1813 3512 eam
1853 3464 1910 3512 et
1963 3455 2126 3511 aliam

541 3545 776 3611 duxerit,
824 3545 914 3600 illa
944 3562 1106 3618 quam
1150 3547 1324 3612 duxit,
1352 3562 1460 3602 non
1501 3558 1586 3602 est
1622 3547 1782 3601 illius.
1817 3545 1935 3602 Non
1971 3563 2126 3602 man-

542 3637 724 3701 ducet,
768 3652 944 3709 neque
976 3637 1151 3704 bibat,
1192 3653 1368 3708 neque
1405 3639 1625 3697 omnino
1665 3639 1719 3692 in
1759 3651 2010 3694 sermone
2056 3637 2128 3694 sit

509 3795 516 3800 _
545 3740 668 3781 cum
697 3727 819 3793 illa,
848 3729 975 3798 quia
1007 3728 1148 3782 male
1175 3729 1382 3799 accepit
1401 3770 1416 3794 ,
1450 3745 1626 3799 neque
1651 3745 1774 3784 cum
1810 3729 2126 3798 parentibus

541 3819 704 3873 illius.
732 3819 834 3887 lpsi
859 3827 1038 3875 tamen
1061 3821 1106 3875 si
1132 3822 1491 3886 consenserit,
1520 3822 1629 3876 sint
1651 3820 2121 3877 exeommunicati.

547 3906 608 3962 Si
656 3908 851 3963 mulier
902 3910 1137 3964 suaserit
1180 3909 1405 3966 alterius
1453 3910 1694 3966 mulieris
1745 3911 2019 3974 maritum,
2056 3911 2128 3966 sit

543 4000 1012 4055 exeommunicata
1061 4014 1091 4052 a
1133 3999 1478 4056 Christianis.
1523 3999 1581 4055 Si
1621 4001 1743 4072 quis
1782 4000 2126 4056 Christianus

542 4091 910 4149 Christianum
951 4093 1148 4150 viderit
1196 4092 1594 4163 ambulantemj,
1646 4093 1730 4149 vel
1779 4093 2126 4150 oberrantem

543 4191 822 4256 parentem
848 4201 1028 4251 suum,
1055 4201 1289 4256 eumque
1322 4185 1644 4250 vendiderit,
1672 4185 1761 4241 ille
1791 4201 1899 4242 non
1931 4194 2016 4241 est
2045 4186 2128 4240 di-

543 4289 683 4346 gnus
731 4276 873 4330 inter
907 4274 1246 4331 Christianos
1293 4275 1534 4345 requiem
1571 4275 1799 4342 habere,
1831 4276 2003 4332 donec
2040 4290 2126 4331 re-

547 4367 718 4422 dimat
750 4381 893 4422 eum.
944 4365 1002 4422 Si
1034 4375 1218 4424 autem
1252 4381 1361 4423 non
1399 4369 1637 4439 potuerit
1666 4367 1908 4424 invenire
1947 4368 2125 4426 locum

542 4456 634 4510 ubi
666 4456 754 4521 sit,
785 4458 1018 4528 pretium
1046 4458 1188 4528 quod
1216 4461 1444 4530 accepit,
1477 4460 1569 4515 det
1596 4475 1694 4531 pro
1724 4460 1836 4525 illo,
1867 4469 1925 4516 et
1959 4460 2126 4518 alium

525 4546 775 4600 redimat
804 4547 872 4602 de
897 4550 1171 4613 servitute,
1205 4559 1261 4606 et
1280 4549 1490 4622 jejunet
1508 4551 1860 4608 hebdomadis
1884 4567 2076 4608 xxvui.
2144 4565 2198 4626 D

925 4657 1005 4713 De
1029 4661 1327 4730 paenitentia
1361 4663 1727 4733 trigamorum.
1756 4713 1760 4717 .

617 4741 674 4798 Si
709 4743 994 4815 cujuslibet
1031 4749 1263 4806 hominis
1302 4762 1513 4807 mortua
1561 4752 1726 4808 fuerit
1767 4769 1928 4818 uxor,
1960 4754 2122 4811 habet

544 4844 865 4908 potestatem
890 4839 1134 4912 accipere
1159 4841 1386 4898 alteram
1413 4861 1426 4897 :
1457 4843 1708 4900 similiter
1735 4854 1789 4899 et
1821 4845 2034 4899 mulier.
2063 4844 2120 4901 Si

545 4926 762 4982 tertium
789 4931 1077 5001 acceperit,
1097 4930 1305 5002 jejunet
1329 4933 1690 4990 hebdomadas
1710 4944 1842 4990 tres.
1868 4933 1925 4990 Si
1955 4951 2122 5008 quar-

543 5025 660 5074 tum
688 5028 783 5076 aut
813 5023 1060 5092 quintum
1092 5025 1365 5096 acceperit
1395 5025 1757 5082 hebdomadas
1781 5042 1896 5084 xxi.

882 5135 960 5191 De
985 5153 1044 5192 eo
1071 5137 1162 5209 qui
1192 5154 1247 5192 se
1281 5140 1450 5209 ipsum
1489 5137 1781 5193 laniaverit.

616 5225 676 5282 Si
701 5227 825 5298 quis
852 5242 1036 5284 eomas
1064 5243 1190 5284 suas
1230 5229 1448 5290 incidit,
1482 5236 1576 5282 aut
1613 5227 1808 5284 faciem
1849 5245 2002 5286 suam
2043 5229 2122 5286 la-

544 5319 778 5374 niaverit
802 5334 923 5374 eum
949 5319 1157 5392 gladio,
1193 5328 1286 5375 aut
1314 5319 1560 5391 ungulis,
1593 5330 1714 5390 post
1753 5329 1986 5377 mortem
2024 5337 2120 5393 pa-

546 5420 759 5466 rentum
777 5411 984 5484 jejunet
1011 5411 1377 5471 hebdomadas
1405 5429 1488 5469 ιιι.
1515 5413 1582 5468 Et
1601 5423 1884 5486 postquam
1904 5413 2118 5487 jejuna-

545 5504 705 5568 verit,
728 5503 809 5558 sic
837 5505 1218 5560 communicet.

1150 5617 1228 5674 De
1252 5619 1512 5690 veneﬁcis.

619 5705 913 5767 Herbarius
954 5709 1056 5776 vir,
1103 5719 1200 5766 aut
1243 5709 1456 5776 mulier,
1513 5707 1888 5764 interfectores
1943 5705 2120 5764 infati-

491 5833 496 5836 -
549 5797 716 5864 tium,
757 5799 811 5856 in
843 5807 1152 5858 extremum
1182 5802 1308 5858 vita:
1343 5816 1469 5857 eum
1502 5800 1732 5868 venerit,
1771 5799 1818 5857 si
1843 5799 2121 5873 quasierit
2177 5873 2183 5878 _

1498 381 1898 442 HALITGARII
1933 376 2249 438 EPISCOPI
2283 375 2698 434 CAMEBACEN
2705 375 2806 434 SlS

2131 492 2186 553 Α
2209 489 2582 560 paenitentiam
2605 503 2730 544 cum
2749 488 2898 544 luctu
2924 504 2990 546 ac
3015 489 3143 546 tletu
3170 491 3558 564 laerymarum,
3595 491 3646 547 si
3674 506 3802 550 ees-

3688 380 3817 434 704

2207 579 2426 645 saverit,
2458 579 2714 650 suscipite
2742 593 2904 646 eum;
2928 578 3139 650 jejunet
3167 580 3523 637 hebdomadis
3552 598 3607 638 ι..

2793 692 2872 747 De
2907 695 3202 764 suffocatis.

2279 785 2336 840 Si
2369 786 2552 852 canis,
2575 794 2669 841 aut
2692 786 2911 856 vulpes,
2955 789 3072 843 sive
3105 789 3385 861 accipiter,
3413 789 3619 860 aliquid
3646 806 3802 846 mor-

2207 873 2536 930 tifieaverint
2564 894 2576 930 :
2605 875 2716 930 sive
2747 877 2811 932 de
2849 875 3021 944 fuste,
3072 880 3186 935 sive
3235 881 3301 936 de
3350 880 3558 952 lapide,
3593 881 3710 936 sive
3737 881 3805 936 de

2209 968 2429 1038 s--gitta,
2454 983 2572 1036 qure
2597 967 2801 1023 ferrum
2825 985 2930 1024 non
2953 972 3139 1035 habet,
3163 980 3434 1026 mortuum
3457 970 3658 1026 fuerit:
3686 973 3804 1027 htec

2209 1059 2391 1114 omnia
2438 1058 2696 1115 sullocata
2742 1071 2868 1118 sunt
2907 1082 2918 1117 :
2959 1079 3068 1118 non
3116 1065 3533 1121 manducentur.
3579 1064 3654 1122 Et
3701 1065 3800 1136 qui

2211 1154 2690 1236 manducaverint,‘
2705 1154 2911 1226 jejunet
2942 1158 3298 1214 hebdomadis
3320 1173 3417 1213 vn.

2815 1271 2896 1325 De
2923 1271 3190 1328 laceratis.

2287 1360 2488 1432 Siquis
2519 1362 2712 1434 sagitta
2754 1365 3029 1433 percussit
3071 1380 3292 1419 cervum
3333 1365 3445 1421 sive
3491 1365 3644 1420 aliud
3682 1367 3802 1422 ani-

2213 1451 2347 1515 mal,
2374 1459 2428 1505 et
2456 1458 2578 1520 post
2604 1451 2748 1506 diem
2779 1453 2997 1506 tertium
3034 1453 3312 1507 inventum
3337 1451 3526 1518 fuerit,
3554 1463 3615 1507 et
3649 1453 3806 1511 forsi-

2218 1552 2312 1598 tan
2340 1559 2410 1599 ex
2437 1558 2502 1598 eo
2530 1545 2710 1614 lupus,
2742 1560 2932 1607 ursus,
2963 1546 3235 1601 canisaut
3263 1546 3449 1617 vulpes
3472 1550 3803 1620 gustaverit,

2217 1649 2380 1689 nemo
2407 1635 2714 1692 manducet.
2744 1637 2810 1691 Et
2836 1637 2928 1707 qui
2961 1638 3365 1692 manducaverit
3385 1680 3401 1704 ,
3424 1638 3640 1707 jejunet
3674 1641 3806 1695 heb-

2219 1727 2466 1782 domadis
2488 1743 2560 1782 tv.
2583 1727 2641 1784 Si
2666 1729 2865 1798 gallina
2889 1729 2944 1784 in
2967 1737 3132 1800 puteo
3158 1738 3371 1785 mortua
3397 1730 3587 1796 fuerit,
3614 1741 3805 1801 puteus

2220 1827 2533 1874 evaeuetur.
2571 1818 2628 1874 Si
2658 1820 2836 1874 sciens
2863 1836 2928 1875 ex
2959 1835 3025 1875 eo
3062 1819 3303 1885 biberit,
3346 1818 3561 1891 jejunet
3608 1821 3806 1877 bebdo-

2219 1910 2376 1963 mada
2403 1925 2442 1963 ι.
2471 1908 2529 1963 Si
2575 1924 2694 1964 mus
2722 1919 2778 1964 et
2811 1909 3040 1981 gallina,
3084 1919 3178 1964 aut
3220 1910 3428 1981 aliquid
3453 1911 3728 1966 ceciderit
3755 1912 3804 1966 in

2219 2000 2437 2066 vinum,
2475 2000 2540 2056 de
2566 2001 2671 2056 hoc
2699 2001 2877 2057 nullus
2919 2002 3087 2056 bibat.
3122 2001 3179 2056 Si
3208 2003 3260 2056 in
3286 2001 3498 2068 oleum,
3553 2014 3651 2057 aut
3705 2002 3801 2058 mel

2220 2091 2496 2156 ceciderit,
2526 2091 2703 2146 oleum
2734 2091 3070 2161 expendatur
3097 2091 3151 2145 in
3181 2091 3458 2146 lucernam
3481 2134 3498 2157 ,
3544 2093 3600 2147 in
3644 2094 3801 2148 medi-

2220 2183 2422 2247 cinam,
2449 2181 2534 2237 vel
2567 2182 2620 2236 in
2648 2181 2809 2236 aliam
2840 2183 3246 2238 necessitatem.
3272 2182 3329 2237 Si
3353 2184 3526 2254 piscis
3558 2195 3801 2240 mortuus

2218 2277 2384 2333 fuerit
2416 2277 2471 2332 in
2499 2277 2728 2346 piscina,
2759 2291 2867 2331 non
2895 2277 3271 2332 manducetur.
3300 2275 3366 2330 Et
3393 2278 3488 2347 qui
3517 2280 3802 2335 manduca.

2215 2371 2378 2435 verit,
2407 2368 2611 2438 iejunet
2650 2368 3014 2424 hebdomadas
3040 2384 3113 2422 iv.
3159 2366 3218 2422 Si
3254 2384 3454 2439 porcus
3495 2371 3581 2425 vel
3610 2372 3802 2442 gallina

2221 2459 2629 2516 manducaverit
2658 2459 2724 2515 de
2755 2475 2983 2529 corpore
3006 2460 3260 2524 hominis,
3285 2476 3392 2516 non
3427 2464 3799 2529 manducetur,

2220 2567 2396 2622 neque
2425 2562 2675 2608 servetur
2702 2553 2770 2607 ad
2801 2567 2988 2608 semen
3008 2592 3023 2617 ,
3057 2553 3150 2608 sed
3178 2553 3461 2608 occidatur
3493 2563 3552 2608 et
3586 2556 3799 2608 canibus

2221 2644 2488 2700 tradatur.
2520 2642 2577 2699 Si
2611 2642 2770 2715 lupus
2821 2643 3142 2698 laeeraverit
3177 2643 3411 2710 animal,
3437 2655 3495 2700 et
3537 2657 3797 2700 mortuum

2220 2736 2418 2800 fuerit,
2467 2751 2629 2792 nemo
2660 2737 2970 2792 manducet.
2997 2736 3065 2791 Et
3098 2736 3146 2792 si
3187 2737 3383 2792 vixerit
3431 2746 3659 2808 postea,
3689 2753 3798 2792 cum

2221 2829 2384 2886 homo
2407 2829 2690 2895 occiderit,
2719 2829 3094 2884 manducetur.

2674 2940 2754 2997 De
2779 2941 2996 3014 pollutis
3018 2941 3357 2998 animalibus.

2293 3034 2420 3091 Sive
2445 3049 2570 3090 cum
2605 3050 2799 3106 capra,
2843 3036 2958 3092 sive
2996 3051 3119 3091 eum
3154 3050 3382 3106 pecore,
3411 3043 3510 3090 aut
3547 3051 3673 3092 cum
3707 3037 3798 3092 alio

2225 3127 2444 3184 animali
2475 3129 2519 3184 si
2551 3129 2861 3200 peccaverit
2885 3130 3076 3195 homo,
3108 3145 3270 3185 nemo
3300 3130 3801 3208 manducet‘carnes

2090 3196 2121 3236 ³
2147 3208 2192 3272 C
2222 3219 2359 3290 ejus,
2383 3235 2558 3290 neque
2586 3235 2750 3277 cocus
2776 3220 2914 3291 ejus,
2947 3223 3040 3276 sed
3067 3221 3345 3276 occidatur
3367 3229 3424 3275 et
3444 3201 3676 3275 canibus
3698 3228 3800 3276 tra-

2225 3313 2400 3368 datur.
2447 3310 2503 3367 Si
2555 3313 2678 3382 quis
2723 3313 2955 3368 voluerit
2999 3314 3130 3368 dare
3172 3312 3584 3383 eleemosynam
3623 3313 3690 3368 de
3726 3311 3800 3368 his

2222 3405 2469 3478 pecuniis
2494 3421 2615 3477 qua:
2641 3405 2862 3462 fuerunt
2889 3409 2954 3462 de
2981 3405 3195 3477 praeda,
3223 3407 3270 3462 si
3286 3405 3402 3478 jam
3430 3406 3800 3477 paenitentiam

2225 3499 2354 3570 egit,
2382 3505 2706 3568 potestatem
2735 3498 2916 3554 habet.

2226 3615 2303 3671 De
2328 3615 2752 3672 reconciliatione
2772 3617 3134 3689 paenitentiam
3157 3617 3313 3672 tertia
3336 3613 3436 3689 [et]
3457 3617 3646 3688 quinta
3673 3613 3795 3683 feria

2829 3698 2950 3742 ante
2989 3688 3206 3759 pascha.

2295 3799 2354 3854 In
2408 3801 2598 3871 primis
2651 3801 2782 3855 dicit
2834 3800 3098 3870 psalmum
3145 3815 3267 3856 cum
3313 3799 3615 3869 antiphona
3652 3816 3664 3851 :
3705 3794 3797 3851 Cor

2225 3896 2481 3949 mundum
2508 3913 2628 3950 creo
2653 3897 2706 3950 in
2734 3912 2832 3961 me,
2864 3895 3092 3960 Deus,et
3118 3895 3362 3966 spiritum
3393 3903 3599 3948 rectum
3623 3892 3798 3945 innare

2225 3987 2282 4040 in
2309 3986 2590 4041 visceribus
2620 3986 2769 4041 meis.

2911 4055 3118 4110 Oratio.

2300 4146 2442 4201 Deus
2490 4146 2712 4202 humani
2751 4146 2964 4218 generis
3010 4145 3400 4217 benignissime
3456 4143 3711 4200 conditor
3751 4150 3798 4197 et

2226 4236 2732 4292 misericordissime
2767 4235 3115 4302 reformator,
3151 4235 3242 4306 qui
3276 4236 3330 4313 in
3360 4236 3796 4290 reconciliatione

2227 4329 2502 4401 lapsorum
2523 4371 2535 4390 .
2565 4331 2728 4384 etiam
2777 4328 3150 4384 misericordia
3179 4336 3270 4382 tua
3306 4327 3520 4398 primus
3565 4327 3791 4397 indigeo,

2227 4422 2433 4478 servire
2463 4421 2741 4478 ell'ectibus
2770 4421 2957 4492 gratiae
2981 4431 3106 4487 tum,
3126 4436 3222 4492 per
3246 4419 3613 4475 ministerium
3635 4432 3797 4473 sacer-

2227 4512 2406 4568 dotale
2431 4512 2667 4576 voluisti,
2693 4521 2751 4567 ut
2779 4525 3028 4569 cessante
3055 4515 3252 4568 merito
3274 4510 3563 4582 supplicis,
3591 4509 3797 4572 mirabi-

2222 4604 2326 4660 lior
2348 4605 2502 4660 fieret
2529 4604 2813 4660 clementia
2839 4605 3235 4676 Redemptoris.

2937 4717 3077 4772 Alia.

2295 4810 2644 4882 Omnipotens
2666 4809 2992 4880 sempiterne
3015 4808 3155 4864 Deus
3173 4804 3457 4863 conﬁtenti
3480 4805 3582 4860 tibi
3605 4800 3793 4858 famulo

2212 4915 2340 4971 'tuo,
2371 4921 2470 4978 pro
2508 4913 2596 4960 tua
2632 4904 2832 4975 pietate
2873 4909 3096 4972 peccata
3135 4899 3342 4964 relaxa,
3368 4907 3429 4952 ut
3459 4911 3571 4952 non
3602 4896 3652 4950 ei
3687 4893 3795 4965 plus

2223 5006 2417 5054 noceat
2445 4995 2792 5052 conscientia:
2823 5001 3006 5048 reatus
3048 4992 3114 5047 ad
3155 5005 3372 5063 poenam
3419 5004 3588 5061 quam
3635 4983 3795 5042 indul-

2225 5088 2404 5161 gentia
2431 5096 2532 5143 tua:
2561 5087 2780 5156 pietatis
2808 5085 2981 5156 prosit
3006 5084 3074 5138 ad
3105 5081 3338 5137 veniam.

2792 5198 2950 5264 Item,
2980 5198 3230 5252 aliorum.
3308 5249 3312 5254 ,

2293 5315 2644 5387 Omnipotens
2672 5315 2997 5384 sempiterne
3026 5312 3188 5378 Deus,
3209 5309 3300 5381 qui
3330 5315 3680 5379 peccatorum
3718 5301 3795 5355 in-

2224 5409 2554 5482 dulgentiam
2583 5410 2634 5463 in
2673 5405 3013 5462 confessione
3043 5403 3204 5459 celeri
3245 5398 3513 5472 posuisti,
3544 5405 3794 5452 succurre

2222 5503 2408 5575 lapsis,
2441 5503 2700 5557 miserere
2727 5497 2990 5555 confessis
3016 5515 3028 5552 :
3055 5505 3115 5551 ut
3141 5511 3278 5565 quos
3307 5493 3632 5549 delictorum
3653 5498 3794 5544 cate-

2221 5609 2294 5651 na
2329 5593 2629 5665 constrigit,
2653 5591 2966 5664 magnitudo
2991 5597 3095 5645 tua:
3129 5589 3349 5659 pietatis
3376 5582 3643 5641 absolvat.

2692 5706 2875 5762 Oratio
2906 5721 3062 5777 super
3088 5705 3320 5775 infirmo.

2264 5812 2266 5815 '
2293 5800 2434 5857 Deus
2453 5801 2548 5872 qui
2574 5799 2776 5884 famulo
2813 5808 2905 5856 tuo
2933 5797 3180 5854 Ezechiae
3209 5794 3491 5867 terquinos
3517 5803 3690 5860 annos
3715 5783 3789 5840 ad
