4022 6450
248 407 353 470 705

1458 413 1664 472 LIBER
1697 413 2276 472 PtENITENTlALlS.
2331 447 2336 450 -

3401 415 3507 474 706

241 532 416 588 vitam
457 529 702 597 donasti,
747 529 822 586 ita
866 537 922 586 et
968 531 1114 586 hunc
1153 529 1413 586 famulum
1450 539 1605 586 tuum
1637 543 1670 587 a
1694 531 1834 588 lecto
1859 532 1914 594 Α
1937 531 2099 587 debet
2130 532 2184 586 in
2210 544 2351 604 pane
2369 536 2426 585 et
2453 541 2625 600 aqua,
2650 544 2682 585 ι
2703 527 2942 598 psalmos
2971 538 3153 587 cantet
3177 529 3332 588 ﬂexis
3362 533 3511 604 geni-

239 621 582 695 agritudinis
603 621 803 692 eripias
832 623 900 678 ad
934 623 1182 680 salutem.
1207 622 1313 679 Per
1339 623 1645 678 Dominum.

239 751 513 802 QUALITER
549 752 666 792 ILLE
705 752 874 793 ANNUS
909 754 1281 794 OBSERVANDUS
1314 754 1427 804 SIT,
1469 753 1558 802 QUI
1599 754 1652 793 IN
1691 754 1824 794 ΡΔΝΕ

313 841 385 882 Εἰ·
424 843 561 892 ΑΩΠΔ
602 841 779 884 Αωουι
829 844 1122 886 ιιίροχιτυιι
1170 846 1225 886 IN
1275 845 1626 886 ωιτεητιλ
1681 845 1825 887 JBJU'

315 934 546 976 NLNDUS.

651 1011 739 1069 Ea:
761 1011 1114 1070 Panitentiali
1137 1015 1396 1073 Romano.

313 1106 644 1164 Posuitentia
666 1109 826 1164 unius
854 1109 1006 1174 anni,
1037 1114 1127 1181 qui
1159 1111 1215 1165 in
1248 1125 1390 1180 pane
1421 1118 1477 1165 et
1512 1124 1652 1181 aqua
1683 1108 1826 1180 jeju-

241 1201 456 1257 nandus
486 1208 587 1265 est,
625 1201 747 1256 talis
767 1217 888 1257 esse
908 1203 1078 1269 {debet
1110 1222 1123 1257 :
1171 1198 1227 1257 in
1257 1217 1582 1274 unaquaque
1621 1203 1826 1258 hebdo-

241 1292 406 1347 mada
431 1299 542 1347 tres
569 1292 704 1358 dies,
727 1292 782 1347 id
807 1300 914 1359 est,
940 1294 1234 1350 secundam
1261 1293 1475 1360 feriam,
1498 1302 1748 1366 quartam
1769 1302 1826 1349 et

243 1392 456 1440 sextam
482 1383 536 1438 in
564 1399 704 1455 pane
727 1393 784 1440 et
809 1401 948 1456 aqua
964 1384 1192 1456 jejunet.
1219 1387 1288 1441 Et
1309 1398 1421 1442 tres
1443 1387 1559 1443 dies
1579 1427 1595 1454 ,
1622 1387 1677 1442 id
1707 1395 1821 1455 est,

244 1478 466 1533 tertiam
494 1477 706 1545 feriam,
738 1479 986 1549 quintam
1015 1488 1071 1536 et
1099 1480 1383 1536 sabbatum
1411 1497 1442 1536 a
1466 1481 1614 1548 vino,
1642 1481 1829 1537 medo-

243 1584 338 1638 ne,
359 1570 581 1635 mellita,
609 1572 862 1636 cervisia,
886 1587 917 1626 a
939 1587 1134 1638 carne,
1165 1580 1221 1628 et
1243 1573 1503 1644 sagimine
1519 1614 1533 1639 ,
1558 1580 1614 1628 et
1644 1587 1824 1639 caseo,

241 1669 301 1716 et
330 1663 470 1727 ovis,
497 1670 553 1718 et
575 1662 882 1728 abdomine,
916 1670 971 1718 et
997 1663 1285 1734 pinguibus
1312 1663 1552 1733 piscibus
1577 1678 1638 1718 se
1664 1663 1829 1718 absti-

241 1762 392 1810 neat.
417 1753 700 1810 Manducet
729 1762 907 1809 autem
931 1753 1172 1809 minutos
1201 1754 1491 1824 pisciculos
1509 1795 1524 1818 ,
1547 1753 1592 1809 si
1621 1754 1828 1810 habere

240 1854 456 1916 potest;
485 1846 571 1900 sin
600 1855 803 1911 autem,
832 1845 992 1900 unius
1021 1845 1234 1917 generis
1273 1845 1505 1916 piscem,
1532 1844 1823 1915 legumina,

240 1946 302 1994 et
325 1938 498 2003 olera,
522 1947 579 1994 et
600 1954 758 2009 poma
794 1938 1062 2003 comedat,
1092 1946 1146 1993 et
1172 1937 1459 1993 cervisiam
1479 1937 1647 1992 bibat.
1676 1937 1743 1990 Et
1771 1937 1827 1991 in

240 2027 546 2083 Dominicis
575 2029 780 2091 diebus.
814 2036 870 2083 et
895 2028 949 2084 in
980 2026 1160 2082 Natali
1181 2026 1417 2092 Domini,
1451 2025 1570 2080 illos
1592 2042 1646 2080 tv
1671 2025 1823 2092 dies;

243 2129 305 2178 et
327 2120 384 2175 in
413 2120 714 2190 Epiphania
744 2120 980 2185 Domini,
1005 2135 1022 2173 ι
1045 2119 1215 2184 diem;
1249 2127 1302 2173 et
1328 2119 1382 2173 in
1409 2117 1616 2172 Pascha
1654 2131 1829 2187 usque

245 2213 306 2270 in
346 2222 596 2269 octavum
639 2211 819 2267 diem:
848 2221 902 2267 et
949 2212 1006 2267 in
1053 2210 1382 2268 Ascensione
1423 2210 1636 2266 Domini
1674 2217 1731 2265 et
1773 2209 1829 2265 in

243 2302 570 2362 Pentecoste
595 2319 650 2359 tv
672 2303 812 2370 dies,
841 2311 896 2358 et
927 2302 982 2357 in
1008 2302 1174 2357 missa
1203 2301 1261 2356 S.
1287 2299 1513 2356 Joannis
1532 2301 1791 2372 Baptistae
1811 2342 1827 2367 ,

245 2406 305 2455 et
332 2406 533 2454 sanctae
554 2396 769 2463 Mariae,
803 2404 858 2451 et
901 2395 1186 2450 duodecim
1215 2393 1618 2464 apostolorum,
1645 2401 1702 2448 et
1733 2393 1830 2447 Mi-

247 2490 453 2548 chaelis
476 2531 490 2556 ,
522 2497 578 2544 et
605 2488 780 2543 sancti
818 2487 1086 2555 Remigii,
1115 2494 1170 2540 et
1200 2485 1445 2539 omnium
1493 2492 1828 2549 sanctorum,

247 2592 306 2643 et
333 2584 504 2639 sancti
533 2581 768 2642 Martini,
793 2588 847 2635 et
873 2581 930 2634 in
960 2579 1255 2634 festivitate
1279 2576 1421 2632 illius
1441 2576 1636 2639 sancti,
1661 2576 1754 2646 qui
1776 2577 1832 2631 in

248 2678 562 2749 episcopatu
586 2673 816 2730 celebris
851 2673 1079 2728 habetur
1107 2689 1120 2726 :
1155 2671 1208 2725 in
1247 2669 1334 2725 his
1364 2667 1690 2740 supradictis
1721 2667 1834 2722 die-

247 2768 353 2825 bus
374 2768 537 2823 faciat
565 2765 889 2822 charitatem
910 2778 1032 2819 cum
1055 2761 1266 2817 czeteris
1284 2758 1633 2824 Christianis,
1651 2758 1706 2812 id
1726 2764 1829 2825 est,

251 2863 441 2920 eodem
485 2860 608 2916 cibo
647 2866 703 2914 et
742 2866 873 2928 potu
911 2864 1096 2912 utatur
1135 2870 1242 2925 quo
1279 2862 1334 2908 et
1374 2853 1472 2907 illi.
1519 2851 1625 2907 Sed
1654 2858 1833 2906 tamen

251 2953 571 3010 ebrietatem
597 2958 654 3006 et
682 2950 887 3006 ventris
924 2946 1314 3004 distensionem
1340 2959 1555 3015 semper
1579 2943 1634 2999 in
1653 2941 1832 3000 omni-

247 3045 357 3102 bus
378 3053 588 3101 caveat.

697 3113 782 3168 Ex
805 3112 985 3168 eodem
1019 3108 1392 3166 Paenitentiali.

331 3209 435 3266 Iste
458 3223 632 3264 annus
652 3205 921 3262 secundus
945 3211 1030 3259 est
1053 3202 1234 3258 abillo
1255 3201 1346 3272 qui
1372 3201 1425 3255 in
1449 3215 1589 3272 pane
1613 3208 1669 3255 et
1692 3212 1832 3268 aqua

256 3301 629 3360 observandus
661 3307 775 3365 est,
804 3307 929 3370 post
970 3298 1118 3353 illum
1139 3295 1485 3368 jejunandus.
1522 3295 1626 3364 Qui
1666 3294 1834 3350 etiam

260 3396 472 3453 dandus
501 3403 586 3451 est
612 3394 700 3450 his
731 3392 825 3463 qui
853 3393 1000 3447 viros
1025 3389 1422 3446 ecclesiasticos
1464 3395 1660 3458 sponte
1691 3385 1837 3442 occi-

259 3488 397 3544 dunt
419 3503 434 3541 :
463 3497 518 3542 et
538 3487 592 3541 in
612 3484 998 3541 consuetudine
1020 3483 1220 3537 habent
1241 3479 1618 3536 sodomiticum
1640 3477 1837 3541 scelus,

258 3588 320 3636 et
347 3587 629 3650 peccatum
663 3583 855 3630 contra
894 3582 1145 3628 naturam
1172 3589 1185 3625 :
1217 3579 1273 3627 et
1300 3572 1356 3625 in
1379 3568 1626 3627 ecclesiis
1669 3567 1844 3624 homi-

259 3669 409 3726 cidia
433 3674 623 3738 sponte
646 3664 1008 3728 committunt,
1041 3669 1097 3716 et
1121 3660 1211 3732 qui
1238 3660 1343 3716 alia
1375 3655 1682 3729 hujusmodi
1720 3672 1846 3728 per-

257 3761 620 3834 petraverint.
643 3758 972 3814 Paenitentia
1000 3757 1145 3811 illius
1179 3755 1305 3810 anui
1344 3755 1474 3809 talis
1499 3769 1618 3809 esse
1641 3753 1801 3808 debet
1827 3768 1841 3806 :

219 3917 226 3924 ,
260 3864 330 3912 ut
351 3856 487 3912 duos
515 3855 630 3910 dies
648 3894 662 3918 ,
692 3853 746 3908 id
774 3859 885 3917 εει,
933 3849 1225 3906 secundam
1253 3855 1309 3902 et
1331 3855 1581 3918 quartam
1621 3844 1810 3900 feriam
1828 3884 1844 3911 ,

263 3954 480 4005 sextam
509 3957 830 4014 unaquaque
866 3936 1202 3996 hebdomada
1228 3935 1432 4008 iejunet
1454 3949 1624 4006 usque
1645 3935 1714 3989 ad
1749 3950 1846 3991 ve-

263 4054 514 4114 speram;
545 4048 602 4094 et
630 4046 760 4092 tunc
785 4033 994 4090 reficiat
1022 4048 1081 4088 se
1105 4032 1252 4087 sicco
1290 4031 1412 4086 cibo
1435 4070 1448 4093 ,
1481 4029 1534 4084 id
1569 4037 1678 4094 est,
1709 4042 1849 4100 pane

265 4144 324 4190 et
349 4130 709 4205 leguminibus
745 4127 928 4191 siccis,
959 4126 1052 4182 sed
1081 4125 1250 4181 coctis
1281 4131 1375 4179 aut
1395 4122 1594 4194 pomis,
1627 4129 1721 4176 aut
1739 4122 1851 4177 ole-

265 4225 420 4282 ribus
449 4222 632 4278 crudis
657 4239 669 4274 :
703 4234 870 4274 unum
890 4217 1057 4288 eligat
1093 4230 1157 4270 ex
1201 4214 1288 4268 his
1322 4213 1526 4276 tribus,
1555 4219 1611 4266 et
1635 4219 1848 4276 utatur;

265 4325 329 4374 et
360 4315 648 4373 cervisiam
685 4312 857 4378 bibat,
882 4309 975 4366 sed
1000 4307 1202 4364 sobrie.
1231 4306 1300 4360 Et
1325 4314 1537 4360 sextam
1576 4303 1769 4358 feriam
1798 4303 1854 4357 in

263 4423 407 4482 pane
436 4415 492 4462 et
519 4420 661 4476 aqua
684 4403 970 4466 observet;
1001 4407 1057 4454 et
1095 4407 1206 4454 tres
1244 4395 1691 4467 quadragesimus
1713 4391 1858 4463 jeju-

267 4510 364 4557 uet
392 4518 404 4554 :
434 4513 598 4554 unam
633 4506 758 4552 ante
785 4493 1032 4550 Natalem
1060 4490 1295 4556 Domini,
1339 4489 1636 4544 secundam
1664 4529 1680 4553 ,
1728 4496 1856 4542 ante

264 4593 510 4656 Pascha;
533 4588 769 4651 tertiam,
806 4593 929 4657 post
951 4583 1328 4639 Pentecosteu.
1359 4579 1427 4634 Et
1465 4579 1520 4633 in
1554 4577 1640 4633 his
1679 4577 1849 4632 tribus

266 4678 698 4752 quadragesimis
720 4674 926 4746 jejunet
962 4673 1098 4729 duos
1139 4672 1254 4727 dies
1285 4671 1352 4726 ad
1383 4684 1581 4724 nonam
1624 4668 1681 4722 in
1723 4667 1850 4723 heb-

266 4772 518 4837 domade,
548 4777 604 4825 et
627 4769 694 4824 de
717 4768 860 4824 sicco
883 4766 1004 4821 cibo
1025 4763 1294 4826 comedat,
1323 4769 1383 4815 ut
1411 4774 1572 4831 supra
1602 4765 1846 4813 notatum

217 4899 220 4932 ς
266 4874 374 4920 est.
405 4863 469 4917 Et
498 4869 707 4918 sextam
746 4857 936 4912 feriam
969 4853 1176 4923 jejunet
1220 4853 1275 4906 in
1316 4865 1456 4921 pane
1499 4859 1553 4905 et
1592 4864 1749 4918 aqua.
1787 4846 1847 4902 In

213 5000 218 5003 ‹
267 4955 483 5012 festivis
517 4961 698 5009 autem
729 4950 919 5006 diebus
942 4948 994 5004 in
1023 4945 1287 5016 superiori
1313 4944 1492 5014 capite
1516 4940 1850 4997 enumeratis

267 5061 459 5110 utatur
486 5050 608 5105 cibo
626 5054 684 5104 et
715 5054 842 5117 potu
868 5058 977 5116 quo
1004 5052 1058 5097 et
1083 5037 1269 5096 caeteri
1299 5035 1612 5091 Christiani.
1644 5032 1751 5088 Sed
1774 5039 1850 5086 ta-

271 5159 398 5201 men
437 5141 757 5198 ebrietatem
795 5145 852 5193 et
889 5133 1096 5189 ventris
1132 5129 1518 5187 distensionem
1560 5140 1773 5196 semper
1798 5125 1854 5179 in

270 5235 526 5295 omnibus
548 5239 759 5290 caveat.

213 5406 219 5411 _
273 5346 420 5417 Quid
465 5345 571 5401 illis
613 5341 873 5416 agendum
900 5339 991 5411 qui
1035 5342 1294 5390 statutum
1331 5332 1598 5404 jejunium
1642 5326 1857 5400 implere

217 5427 220 5430 ’
943 5415 1220 5458 neaueunt.

217 5427 220 5430 ’
943 5422 1220 5478 nequeunt.

245 5488 248 5490 ⁷
351 5509 452 5580 Qui
483 5514 662 5581 potest
683 5502 932 5576 jejunare
959 5506 1014 5554 et
1054 5495 1278 5568 implere
1303 5494 1447 5565 quod
1483 5492 1540 5547 in
1580 5489 1856 5547 Paeniten-

275 5605 398 5663 tiali
426 5603 691 5674 scriptum
713 5605 815 5662 est,
841 5597 1042 5653 bonum
1061 5600 1165 5657 est,
1190 5598 1245 5645 et
1264 5589 1375 5644 Deo
1403 5587 1606 5659 gratias
1633 5583 1854 5640 referat.

277 5699 389 5769 Qui
415 5704 596 5754 autem
620 5709 727 5750 non
751 5696 946 5763 potest,
973 5701 1070 5758 per
1093 5679 1522 5739 misericordiam
1551 5677 1647 5732 Dei
1685 5674 1862 5732 consi-

263 5766 417 5852 lium
453 5791 645 5847 damus
669 5785 816 5843 tale:
847 5789 908 5838 ut
933 5795 1032 5844 nec
1065 5776 1192 5847 sibi,
1232 5789 1337 5831 nec
1353 5770 1515 5850 alicui
1537 5782 1762 5827 necesse
1792 5766 1864 5822 sit

283 5829 1040 5956 ζξῗινεᾘῖζεῖᾘεενζιιξιῖε.
1068 5829 1415 5926 ὖὲἆυῆὸάίε
1441 5865 1602 5934 quem
1616 5843 1892 5932 jejunus
1921 5851 1925 5855 ’
1969 5855 2150 5910 menta
2197 5849 2564 5917 componunt:
2596 5845 2676 5906 ut,
2722 5834 2880 5893 aliter
2921 5829 3168 5893 vulnera,

1925 614 2050 691 bus,
2079 627 2125 682 si
2151 634 2328 697 potest
2354 625 2470 682 fieri
2490 667 2505 692 ,
2532 624 2586 680 in
2611 623 2870 688 ecclesia,
2904 622 2988 679 vel
3018 624 3071 680 in
3103 627 3208 681 alio
3230 626 3348 683 loco
3371 641 3508 683 con-

1923 719 2190 784 venienti,
2243 727 2299 775 et
2336 735 2503 774 unum
2546 731 2840 790 pauperem
2874 724 3083 788 pascat.
3119 716 3214 772 Vel
3247 717 3292 774 si
3325 717 3514 774 tandiu

1923 813 2078 870 ﬂexis
2103 815 2330 886 genibus
2353 823 2502 870 stare
2529 828 2638 868 non
2661 819 2868 885 potest,
2892 827 2998 866 Lxx
3023 810 3264 882 psalmos
3298 820 3516 870 erectus

1924 913 2142 972 cantet,
2187 914 2243 961 et
2288 920 2582 976 pauperem
2624 912 2834 975 pascat.
2881 903 2981 958 Vel
3029 903 3234 959 centies
3287 903 3517 973 genibus

1923 995 2099 1060 ﬂexis,
2117 997 2324 1052 centies
2344 995 2561 1052 veniam
2584 1002 2751 1066 petat.
2767 992 2866 1049 Vel
2891 1002 3003 1051 tres
3023 994 3275 1051 denarios
3297 995 3352 1050 in
3378 994 3518 1050 elec-

1923 1101 2207 1158 mosynam
2239 1086 2463 1154 tribuat,
2486 1085 2571 1142 vel
2600 1093 2712 1142 tres
2740 1100 3010 1157 pauperes
3046 1093 3258 1156 pascat.
3282 1083 3386 1152 Qui
3421 1101 3519 1140 au-

1927 1185 2036 1232 tem
2069 1193 2236 1232 unum
2276 1177 2419 1232 diem
2459 1176 2513 1231 in
2563 1191 2703 1247 pane
2733 1184 2787 1231 et
2824 1192 2966 1246 aqua
3008 1174 3361 1244 jejunandum
3408 1175 3513 1230 ali-

1925 1282 2033 1338 quo
2058 1268 2446 1338 praedictorum
2477 1266 2717 1336 quinque
2760 1266 3045 1322 modorum
3074 1265 3368 1322 redemerit
3392 1306 3408 1332 ,
3439 1281 3511 1321 eo

1927 1359 2032 1421 die,
2062 1370 2292 1431 excepto
2321 1359 2480 1424 vino,
2507 1373 2674 1414 carne
2717 1364 2774 1412 et
2817 1358 3120 1427 sagimine,
3159 1364 3340 1412 sumat
3371 1357 3517 1428 quod

1927 1449 2123 1520 placet.

1929 1560 2029 1634 De}
2050 1561 2276 1616 remedio
2316 1563 2471 1617 unius
2517 1560 2878 1684 hebdomlthe,
2926 1573 2991 1614 ea:
3032 1559 3212 1614 eodem
3255 1557 3515 1614 Paeniten-

2649 1642 2724 1684 ιτα
2749 1649 2786 1684 ι.

2649 1642 2786 1686 tiali.

1999 1722 2106 1778 Pro
2131 1739 2237 1778 una
2269 1724 2606 1779 hebdomada
2634 1737 2796 1792 quam
2826 1721 2882 1775 in
2911 1733 3054 1791 pane
3073 1729 3127 1776 et
3150 1735 3288 1791 aqua
3303 1718 3517 1790 jejuna-

1928 1812 1991 1869 re
2018 1813 2202 1878 debet,
2236 1830 2330 1870 ccc
2372 1815 2611 1885 psalmos
2653 1815 2878 1886 genibus
2923 1812 3076 1867 ﬂexis
3124 1813 3393 1868 decantet.
3423 1810 3522 1866 Vel

1855 1887 1903 1948 Β
1931 1907 2049 1962 sine
2078 1923 2312 1978 genuum
2343 1906 2572 1962 ﬂexione
2596 1923 2656 1962 ιιι
2683 1906 2942 1976 psalteria
2980 1905 3190 1961 intente
3221 1911 3424 1960 cantet.
3449 1901 3520 1957 Et

1928 2006 2216 2069 postquam
2235 1997 2500 2068 psallerit,
2525 2004 2752 2067 excepto
2781 1997 2924 2060 vino,
2955 2010 3120 2051 carne
3142 2002 3198 2050 et
3228 1993 3514 2065 sagimine,

1928 2098 2114 2147 sumat
2144 2089 2289 2159 quod
2311 2088 2462 2144 velit.
2839 2094 2848 2100 ’

2348 2180 2659 2236 Remedium
2691 2180 2849 2235 unius
2877 2178 3093 2233 mensis.

1997 2276 2184 2332 Primo
2210 2273 2354 2348 [pro]
2378 2289 2485 2330 uno
2513 2288 2723 2338 mense,
2746 2287 2907 2342 quem
2929 2272 2984 2326 in
3019 2284 3162 2341 pane
3191 2277 3247 2324 et
3274 2283 3414 2339 aqua
3437 2265 3520 2337 je-

1924 2365 2123 2435 junare
2156 2365 2337 2428 debet,
2366 2363 2604 2434 psalmos
2628 2361 2776 2415 mille
2805 2360 3067 2414 ducentos
3087 2358 3314 2430 genibus
3335 2355 3485 2411 ﬂexis
3504 2395 3520 2421 ,

1931 2457 2017 2511 vel
2045 2456 2163 2512 sine
2192 2469 2430 2526 genuum
2456 2452 2687 2508 ﬂexione
2713 2451 2859 2506 mille
2876 2492 2892 2516 ,
2918 2465 3132 2506 ncnxxx
3166 2448 3405 2519 psalmos
3431 2446 3526 2501 de-

1929 2556 2136 2604 cantet.
2161 2547 2230 2601 Et
2248 2545 2396 2601 omni
2413 2544 2521 2609 die,
2552 2545 2597 2599 si
2625 2544 2774 2608 velit,
2799 2551 2855 2598 et
2877 2557 2984 2597 non
3009 2549 3191 2612 potest
3225 2539 3522 2603 abstinere,

1934 2639 2216 2695 reﬁciatur
2249 2638 2320 2692 ad
2368 2643 2576 2692 sextam
2607 2653 2621 2689 :
2655 2634 2762 2690 nisi
2805 2641 3060 2703 quartam
3089 2631 3284 2687 feriam
3325 2637 3382 2682 et
3408 2642 3529 2684 sex-

1934 2740 2086 2786 tam:
2125 2730 2225 2784 has
2247 2727 2458 2799 jejunet
2492 2727 2561 2782 ad
2605 2739 2830 2780 nonam.
2875 2724 2946 2780 Et
2989 2738 3022 2777 a
3070 2735 3268 2785 carne,
3304 2727 3360 2775 et
3388 2717 3530 2789 sagi-

1934 2824 2102 2888 mine,
2128 2831 2183 2878 et
2202 2822 2330 2877 vino
2351 2828 2523 2877 totum
2551 2834 2789 2874 mensem
2815 2832 2874 2872 se
2901 2816 3194 2870 abstineat.
3219 2813 3402 2868 Alium
3426 2827 3527 2867 au-

1936 2921 2044 2970 tem
2085 2914 2266 2968 cibum
2313 2918 2438 2982 post
2487 2908 2923 2964 decantationem
2951 2904 3286 2976 psalmorum
3325 2907 3526 2979 sumat.

1933 3004 2042 3062 Isto
2066 3005 2278 3068 ordine,
2307 3010 2455 3057 totus
2478 3000 2568 3056 ille
2593 3014 2769 3054 annus
2789 2996 3137 3053 redimendus
3159 3001 3262 3050 est.

2065 3095 2145 3150 De
2173 3093 2282 3149 alia
2307 3091 2678 3162 redemptione,
2705 3105 2770 3143 ea:
2792 3087 2974 3143 eodem
3009 3083 3392 3140 Ptenitentiali.

2008 3189 2111 3258 Qui
2133 3203 2264 3244 vero
2296 3186 2535 3258 psalmos
2572 3199 2680 3238 non
2711 3181 2896 3245 novit,
2925 3188 2982 3236 et
3004 3176 3255 3248 jejunare
3285 3190 3394 3231 non
3430 3191 3525 3247 po-

1939 3289 2066 3347 test,
2109 3295 2208 3352 pro
2253 3294 2362 3334 uno
2403 3291 2545 3332 anno
2577 3289 2737 3344 quem
2784 3271 2840 3326 in
2868 3284 3006 3342 pane
3027 3276 3083 3325 et
3115 3282 3255 3338 aqua
3278 3263 3527 3336 jejunare

1940 3351 2121 3439 debet,
2145 3374 2236 3428 det
2262 3371 2658 3439 eleemosynam
2679 3351 3010 3435 pauperibus
3045 3374 3156 3414 xxu
3193 3357 3414 3414 solidos.
3456 3354 3524 3409 Et

1941 3479 2132 3522 omnes
2162 3469 2350 3518 sextas
2377 3458 2545 3513 ferias
2585 3456 2640 3511 in
2675 3467 2816 3525 pane
2841 3459 2897 3506 et
2932 3463 3074 3518 aqua
3112 3445 3342 3518 jejunet.
3383 3443 3452 3498 Et
3478 3441 3532 3497 in

1947 3557 2125 3612 tribus
2152 3548 2585 3624 quadragesimis
2612 3545 2758 3601 illius
2789 3541 2940 3607 anni,
2969 3538 3326 3609 quantitatem
3344 3531 3536 3624 ,quod

1946 3648 2051 3706 sibi
2073 3623 2410 3718 praeparatur
2435 3642 2490 3696 in
2513 3639 2652 3700 cibo,
2684 3635 2771 3692 vel
2809 3634 2864 3689 in
2905 3639 3068 3704 potu,
3100 3627 3231 3684 illud
3268 3623 3533 3718 aestimet,

1947 3711 2134 3811 quanti
2162 3711 2324 3808 pretii
2349 3747 2468 3788 esse
2501 3728 2672 3801 possit
2696 3744 2709 3780 :
2735 3735 2790 3781 et
2813 3721 3160 3779 medietatem
3195 3715 3340 3771 illius
3375 3711 3535 3785 pretii

1949 3805 2240 3888 distribuat
2264 3828 2320 3882 in
2358 3825 2761 3894 eleemosynam
2801 3813 3128 3890 pauperibus
3154 3851 3172 3878 ,
3213 3818 3269 3865 et
3314 3805 3532 3864 assidue

1949 3933 2073 3983 oret
2105 3923 2295 3978 Deum.

2101 4031 2168 4071 ne
2209 4023 2569 4068 PRESBYTEBIS
2609 3999 2871 4078 [ouonur]
2912 4013 3084 4054 rana
3122 4007 3389 4048 EXEIPLA.
3467 4075 3470 4078 Α

2175 4104 2260 4159 Ex
2285 4100 2506 4158 concilio
2534 4110 2728 4166 magno
2755 4090 2852 4146 sub
2880 4086 3145 4142 Ludovico
3177 4098 3314 4152 rege.

2025 4196 2084 4253 Si
2105 4195 2227 4266 quis
2245 4192 2527 4264 presbyter
2550 4187 2675 4241 vitae
2703 4196 2814 4237 sua:
2843 4177 3120 4250 negligens
3140 4169 3325 4242 pravis
3346 4168 3532 4266 excin-

1954 4289 2060 4361 plis
2079 4257 2220 4341 mala
2249 4257 2316 4338 de
2340 4257 2691 4348 stt—suspicari
2728 4267 3074 4361 permiserit,
3107 4273 3162 4361 et
3199 4259 3430 4361 populus
3460 4257 3539 4320 ab

1957 4351 2212 4451 episcopo
2241 4375 2551 4444 juramento
2588 4381 2682 4422 seu
2716 4365 2898 4418 hanno
2943 4351 3372 4414 Christianitatis
3405 4362 3537 4405 cou-

1959 4445 2184 4530 strictus
2207 4465 2486 4524 infamiam
2505 4460 2623 4531 ejus
2647 4452 2998 4529 patefecerit,
3019 4457 3076 4504 et
3105 4445 3238 4502 certi
3260 4448 3540 4501 accusato-

1959 4583 2049 4624 res
2066 4562 2314 4640 criminis
2338 4557 2454 4629 ejus
2482 4552 2776 4617 defuerint,
2805 4547 3162 4603 admoneatur
3190 4539 3367 4611 primo
3391 4531 3542 4591 scor-

1953 4663 2056 4718 sim
2085 4628 2154 4715 ab
2174 4657 2429 4728 episcopo
2458 4671 2472 4706 :
2505 4647 2698 4707 deinde
2729 4644 2829 4700 sub
2855 4641 3065 4697 duobus
3084 4635 3168 4693 vel
3188 4634 3360 4728 tribus
3392 4628 3542 4685 testi.

1951 4755 2072 4819 bus,
2101 4751 2147 4807 si
2173 4727 2280 4805 non
2303 4739 2694 4804 emendaverit,
2715 4737 2770 4792 in
2797 4740 3066 4791 conventu
3092 4727 3536 4819 presbyterorum

1950 4805 2234 4916 episcopus
2271 4852 2396 4894 eum
2439 4832 2655 4904 publica
2706 4823 3078 4894 increpatione
3127 4816 3434 4916 admoneat:
3480 4805 3540 4861 Si

1950 4898 2080 4988 vero
2108 4898 2283 4999 neque
2312 4927 2392 4982 sic
2519 4917 2786 4981 correxit,
2825 4915 2892 4968 ab
2931 4910 3106 4968 oﬂicio
3149 4898 3529 4999 suspendatur,

1952 5042 2123 5097 usque
2163 4989 2232 5080 ad
2277 5023 2494 5091 dignam
2537 5010 2987 5097 satisfactionem,
3035 5018 3103 5058 ne
3151 4995 3380 5070 populus
3411 4989 3541 5097 fide-

1953 5087 2085 5172 lium
2114 5116 2170 5169 in
2209 5127 2276 5167 eo
2306 5087 2618 5166 scandalum
2643 5103 2901 5175 patiatur.
2945 5096 3003 5153 Si
3047 5101 3227 5149 autem
3255 5087 3540 5175 accusato-

1957 5223 2045 5265 res
2086 5203 2312 5274 legitimi
2341 5198 2562 5265 fuerint,
2587 5196 2680 5268 qui
2712 5193 2830 5264 ejus
2874 5188 3104 5246 crimina
3131 5173 3436 5257 manifestis
3461 5172 3544 5225 in-

1939 5301 2115 5360 diciis
2140 5272 2372 5372 probare
2402 5292 2811 5355 contenderint,
2848 5293 2905 5341 et
2946 5285 3061 5352 ipse
3085 5272 3402 5372 negaverit,_
3415 5276 3545 5372 tunc

1959 5397 2076 5468 ipse
2101 5359 2225 5450 cum
2269 5391 2433 5447 sociis
2455 5387 2573 5458 ejus
2603 5383 2846 5456 ejusdem
2872 5372 3087 5468 ordinis
3103 5383 3205 5468 sex
3227 5365 3276 5423 si
3317 5359 3484 5463 valet,
3511 5373 3542 5412 a

1961 5451 2189 5542 drimine
2210 5496 2268 5537 se
2286 5451 2566 5551 expurget.
2587 5451 2854 5528 Diaconos
2878 5477 3031 5527 vero,
3045 5460 3091 5516 si
3106 5456 3294 5514 eodem
3311 5451 3542 5551 crimine

1963 5585 2250 5636 accusatus
2279 5543 2486 5636 fuerit:
2504 5564 2852 5634 semetipsum
2893 5569 3016 5611 cum
3052 5550 3224 5608 tribus
3248 5543 3542 5636 examinet.

2031 5633 2331 5724 Diversitas
2369 5633 2649 5730 culparum
2695 5633 3066 5707 diversitatem
3107 5639 3239 5696 facit
3278 5633 3546 5730 paeniten-

1969 5761 2185 5818 tiarum.
2225 5755 2362 5810 Nam
2388 5725 2775 5820 tet—corporum
2818 5736 3017 5798 medici
3062 5735 3276 5793 diversa
3309 5725 3549 5786 medica-

3214 5823 3372 5880 aliter
3405 5828 3547 5876 mor-
