4022 6448
527 408 634 476 707

520 626 696 698 gines,
740 622 899 681 aliter
924 622 1343 690 confracliones,
1389 622 1548 679 aliter
1578 624 1980 681 combustiones
2007 630 2103 681 cu-

520 706 662 772 rent.
708 712 787 770 Ita
832 722 889 772 et
933 714 1205 785 spiritales
1238 715 1436 772 medici
1484 715 1712 772 diversis
1755 717 2100 773 curationum

519 806 809 878 generibus
858 806 1165 863 animarum
1212 806 1436 862 vulnera
1483 818 1677 863 curare
1723 807 1940 863 debent.
1989 807 2101 864 Sed

518 897 643 967 quia
690 896 806 952 haec
837 908 1137 977 paucorum
1181 901 1265 950 est
1311 895 1378 950 ad
1424 908 1621 965 purum
1663 905 1860 951 cuncta
1899 910 2101 968 cogno-

518 1005 690 1056 scere,
735 999 792 1046 et
819 1004 1032 1057 curare,
1076 994 1132 1046 et
1158 989 1389 1056 mederi,
1420 997 1580 1062 atque
1614 994 1682 1046 ad
1719 992 1987 1064 integrum
2018 1006 2100 1048 sa‘

516 1081 645 1140 lutis
678 1091 877 1139 statum
912 1098 1192 1150 revocare,
1229 1080 1352 1139 ideo
1375 1081 1605 1139 solerter
1633 1083 1985 1140 admonemus
2010 1085 2100 1140 do-

516 1185 665 1233 ctum
701 1190 972 1261 quemque
1016 1175 1356 1232 sacerdotem
1397 1174 1621 1241 Christi,
1653 1183 1714 1230 ut
1748 1191 1858 1232 non
1899 1192 1967 1232 ex
1999 1190 2098 1232 suo

516 1283 697 1334 sensu,
725 1267 819 1323 sed
848 1265 1141 1323 secundum
1172 1281 1438 1322 canonum
1469 1270 1674 1322 statuta
1696 1274 1751 1321 et
1780 1266 2099 1325 traditiones

512 1356 734 1414 Patrum
754 1358 1003 1414 universa
1022 1357 1291 1429 disponat,
1320 1366 1376 1414 et
1392 1359 1880 1415 contradictionem
1900 1361 2099 1417 utrius—

513 1465 618 1522 que
668 1463 830 1506 sexus
855 1489 871 1514 ,
918 1457 1157 1517 atatem,
1205 1465 1486 1521 personas,
1516 1459 1927 1521 paupertatem,
1968 1467 2097 1507 cau-

511 1555 645 1603 sam,
675 1547 878 1596 statum
921 1538 1183 1611 cujusque
1210 1540 1589 1610 paenitentiam
1621 1540 1853 1611 agentis,
1893 1541 2097 1611 ipsum-

512 1647 615 1704 que
640 1648 736 1689 cor
776 1631 1093 1703 paenitentis
1132 1632 1414 1703 inspiciat;
1458 1640 1514 1687 et
1541 1633 1837 1689 secundum
1866 1634 2003 1702 haec,
2036 1641 2097 1690 ut

509 1725 682 1789 visum
699 1724 803 1781 sibi
818 1723 1002 1794 fuerit,
1021 1730 1083 1780 ut
1095 1723 1598 1797 sapiensmedicus,
1624 1724 1841 1798 singula
1866 1741 2095 1801 quaeque

507 1816 783 1890 dijudlcet.

702 1947 773 1993 ΕΧ
808 1948 986 2005 υιςτιξι
1021 1947 1183 2011 BSA'l‘I
1219 1945 1509 1997 HIERONYII
1547 1944 1895 1995 PBESBYTERI.

507 2020 616 2081 Cur
639 2041 863 2080 canones
897 2024 1117 2096 singulis
1144 2010 1453 2096 criminibus
1480 2021 1694 2087 modum
1721 2039 1826 2078 non
1849 2010 2100 2096 praescri-l

1226 2094 1368 2148 bant

578 2187 886 2245 Mansuram
925 2192 1107 2241 autem
1148 2184 1411 2255 temporis
1441 2183 1494 2239 in
1530 2184 1738 2256 agenda
1768 2184 2089 2255 poenitentia

504 2295 611 2338 non
641 2279 776 2349 satis
815 2286 1001 2353 aperte
1038 2276 1324 2359 pmilgunt
1363 2291 1598 2332 canones
1635 2292 1736 2347 pro
1763 2292 2091 2348 unoquoque

502 2373 749 2441 crimine,
776 2379 838 2428 ut
863 2371 928 2428 de
955 2366 1184 2443 singulis
1209 2369 1393 2437 dicant
1414 2369 1648 2440 qualiter
1668 2370 2089 2440 unumquodque

504 2466 901 2522 emendandum
943 2446 1169 2530 sit,‘sed
1208 2465 1383 2541 magis
1426 2463 1483 2531 in
1525 2464 1753 2529 arbitrio
1793 2464 2087 2520 sacerdotis

503 2555 855 2629 intelligentia
876 2555 1289 2633 relinquendum
1312 2562 1576 2624 statuunt,
1602 2556 1729 2626 quia
1752 2557 1892 2626 apud
1916 2556 2089 2612 Deum

502 2665 610 2704 non
641 2658 749 2703 tam
779 2646 923 2702 valet
949 2661 1203 2713 mensura
1243 2646 1502 2717 temporis
1531 2662 1696 2716 quam
1727 2646 1950 2712 doloris,
1986 2661 2089 2702 nec

500 2738 829 2807 abstinentia
858 2742 1066 2793 tantum
1091 2737 1337 2805 ciborum
1365 2750 1527 2807 quam
1556 2736 1902 2801 mortiﬁcatio
1931 2737 2089 2792 vitio-

500 2846 642 2891 rum.
680 2828 910 2902 Propter
936 2829 1079 2911 quod
1111 2834 1352 2899 tempora
1380 2828 1717 2898 poenitentiae
1746 2828 1851 2886 fide
1878 2838 1932 2885 et
1958 2846 2088 2885 con-

498 2920 809 2978 versatione
834 2918 1214 2997 pmnitentium
1250 2917 1612 2974 abbrevianda
1648 2918 1998 2991 praecipiunt,
2031 2925 2087 2975 et

500 2996 1180 3095 negligentia-protelanda
1218 3009 1551 3066 existimant.
1585 3011 1789 3067 Tamen
1826 3027 1926 3082 pro
1964 3011 2083 3082 qui-

500 3106 729 3163 busdam
757 3100 929 3174 culpis
957 3102 1097 3163 modi
1127 3102 1458 3173 pmnitentiaa
1488 3110 1614 3159 sunt
1642 3103 1901 3174 impositi,
1927 3101 2083 3177 juxta

500 3213 636 3273 quos
656 3204 864 3263 caetera:
891 3195 1283 3269 perpendenda:
1306 3201 1433 3250 sunt
1461 3194 1653 3265 culpae,
1677 3208 1800 3249 cum
1826 3193 1898 3249 sit
1924 3190 2082 3249 facile

498 3303 596 3362 per
625 3283 842 3351 eosdem
868 3285 1057 3363 modos
1084 3284 1382 3347 vindicum
1410 3292 1465 3340 et
1495 3298 1781 3339 censuram
1811 3298 2082 3339 canonum

498 3372 834 3449 existimare.

577 3508 811 3563 merus
842 3507 941 3561 Leo
978 3507 1110 3551 rm
1146 3505 1373 3555 onninus
1408 3505 1672 3551 EPISCOPIS
1706 3488 1844 3563 (cap.
1897 3490 2006 3564 il).

646 3586 723 3651 iis
749 3585 1073 3656 confessione
1094 3586 1450 3658 pauitantia“
1477 3602 1581 3649 non
1605 3582 1942 3658 publicanda.

567 3699 1221 3770 illamlprtesumptionem
1249 3715 1412 3769 quam
1440 3714 1615 3770 nuper
1640 3707 1832 3755 contra
1866 3707 2079 3771 aposto-

495 3791 658 3847 licam
691 3789 936 3860 regulam
969 3789 1164 3860 agnovi
1203 3804 1235 3861 ῃ
1268 3789 1591 3859 quihusdam
1633 3790 1820 3859 illicita
1850 3806 2080 3867 usurpa-

496 3881 645 3935 tione
671 3879 962 3945 committi,
982 3879 1157 3935 modis
1174 3879 1427 3933 omnibus
1447 3880 1723 3934 constituo
1746 3880 2075 3949 submoveri.

497 3972 575 4027 De
601 3970 923 4053 poenitentia
952 3970 1159 4026 scilicet
1181 3986 1301 4040 qua:
1325 3985 1357 4025 a
1381 3969 1630 4037 ﬁdelibus
1654 3973 1985 4041 postulatur,
2010 3989 2080 4028 ne

497 4065 563 4120 de
608 4062 946 4134 singulorum
996 4076 1196 4133 genere
1243 4072 1593 4133 peccatorum
1637 4064 1833 4131 libellis
1877 4066 2078 4136 scripta

493 4153 760 4227 professio
800 4152 1107 4224 publicator
1146 4154 1623 4221 conscientiarum,
1674 4154 1906 4210 sulliciat
1948 4157 2078 4229 solis

493 4244 866 4305 sacerdotibus
905 4245 1135 4301 indicari
1163 4242 1507 4315 confessione
1545 4254 1778 4309 secreta.
1817 4248 2076 4317 Quamvis

492 4338 637 4392 enim
677 4336 958 4406 plenitudo
995 4335 1120 4390 fidei
1153 4336 1402 4393 videatur
1438 4353 1559 4395 esse
1596 4338 1908 4407 laudabilis,
1955 4356 2075 4412 quae

491 4436 715 4500 propter
745 4427 843 4482 Dei
871 4427 1126 4482 timorem
1154 4429 1296 4497 apud
1336 4428 1586 4487 homines
1613 4432 1937 4499 erubescere
1963 4447 2075 4497 non

1499 412 1901 479 HALITGARH
1935 408 2247 482 EPISCOPI
2284 386 2812 481 cumcuius

520 536 671 602 bum,
716 530 879 590 aliter
920 538 1185 602 tumores,
1227 531 1387 591 aliter
1409 528 1743 607 putredines,
1776 532 1934 590 aliter
1969 535 2102 593 cali-
2125 537 2180 601 Α

3687 426 3791 492 708

2564 551 2634 591 ει
2672 549 2851 591 υιοτιε
2886 548 3077 592 SANC'I'I
3113 551 3418 593 Δυασετιιει.

2204 624 2273 682 Ut
2323 627 2633 682 canonicum
2680 627 2964 704 remedium
3010 628 3209 683 occulte
3250 630 3505 700 confessis
3548 633 3790 704 primitus

2847 698 3131 761 indicatur.

2273 812 2332 869 Si
2357 813 2480 883 quis
2510 814 2779 870 incestum
2802 812 3014 869 occulte
3039 815 3404 882 commiserit,
3434 826 3491 872 et
3515 822 3785 880 sacerdoti

2200 906 2597 963 confessionem
2625 906 2835 963 occulte
2865 907 3065 977 egerit,
3100 908 3371 963 indicetur
3403 910 3453 964 ei
3485 914 3785 972 remedium

2199 1000 2523 1056 canonicum
2572 1000 2718 1070 quod
2762 999 2948 1056 subire
2994 998 3270 1057 debuisset
3313 1001 3361 1056 si
3407 1003 3529 1073 ejus
3578 1003 3786 1064 facinus

2198 1092 2532 1162 publicatum
2570 1092 2780 1148 fuisset.
2827 1093 3027 1157 Verum
3067 1094 3195 1163 quia
3233 1092 3367 1149 latet
3408 1097 3782 1165 commissum,

2200 1185 2358 1240 detur
2381 1184 2433 1239 ei
2461 1199 2493 1239 a
2524 1184 2806 1253 sacerdote
2832 1184 3144 1252 consilium,
3172 1192 3234 1241 ut
3257 1185 3421 1243 saluti
3448 1189 3652 1244 anima
3679 1205 3786 1247 sua

2197 1290 2299 1347 pro
2324 1275 2537 1343 occulta
2574 1276 2895 1347 paenitentia
2919 1276 3170 1347 proﬁciat
3197 1295 3211 1332 :
3245 1278 3350 1335 hoc
3373 1287 3484 1347 est,
3518 1288 3583 1335 ut
3610 1282 3786 1353 gravis

2197 1374 2283 1423 ter
2308 1381 2368 1422 se
2396 1381 2464 1422 ex
2497 1370 2664 1423 corde
2698 1367 2993 1437 deliquisse
3016 1367 3344 1435 conﬁteatur
3375 1389 3391 1426 :
3426 1387 3531 1443 per
3555 1371 3778 1442 jejunis,

2159 1460 2164 1465 ’
2196 1467 2251 1514 et
2282 1458 2677 1530 eleemosynas,
2706 1460 3049 1531 vigiliasque,
3082 1470 3250 1533 atque
3282 1479 3471 1527 sacras
3509 1466 3782 1522 cntinuos

2196 1565 2321 1607 cum
2364 1551 2622 1621 lacrymis
2662 1558 2734 1611 se,
2764 1568 2999 1624 purgare
3036 1555 3349 1619 contendat,
3391 1563 3449 1613 et
3492 1556 3577 1612 sic
3614 1572 3676 1613 se
3713 1559 3779 1616 ad

2195 1659 2348 1716 spem
2373 1644 2547 1700 veniae
2566 1658 2667 1715 pre
2694 1644 3068 1709 misericordia
3090 1647 3373 1717 pervenire
3393 1648 3658 1705 conﬁdat.

2491 1772 2561 1813 ex
2596 1770 2857 1813 DECRETIS
2893 1773 2967 1813 pa
3003 1773 3150 1814 rem
3192 1758 3330 1832 (cap.
3369 1759 3480 1833 lli).

2115 1887 2167 1950 Β
2194 1848 2280 1905 Ne
2306 1849 2606 1922 poenitentes
2632 1858 2753 1905 ante
2778 1852 3279 1950 consummationem
3306 1853 3626 1924 paenitentia
3650 1872 3774 1911 coin-

2836 1923 3124 1981 muniunt.

2261 2030 2595 2087 Ptnnitentes
2639 2046 2748 2087 non
2794 2031 2991 2089 debent
3032 2033 3437 2091 communicare
3474 2042 3607 2092 ante
3654 2052 3773 2093 enn-

2191 2124 2608 2180 summationem
2632 2124 2987 2195 poenitentia).
3013 2123 3166 2194 Quod
3190 2129 3517 2197 ptenitentes
3541 2144 3574 2184 a
3598 2131 3771 2186 conri-

2189 2214 2314 2281 viis,
2354 2223 2411 2270 et
2443 2215 2800 2282 ornamentis,
2838 2223 2999 2288 atque
3038 2216 3158 2273 alba
3185 2223 3337 2274 veste
3375 2219 3656 2276 abstinere
3689 2222 3771 2276 de-

2188 2306 2382 2375 beant;
2421 2316 2476 2362 et
2511 2307 2789 2366 discordes
2824 2310 2893 2366 ab
2927 2308 3158 2366 ecclesia
3184 2309 3480 2383 pellantur,
3511 2312 3688 2369 donec
3712 2310 3771 2368 ad

2187 2412 2381 2472 pacem
2406 2396 2650 2455 redeant.
2907 2398 2910 2405 ’

2610 2528 2682 2569 EI
2715 2528 2979 2579 DECRETIS
3009 2528 3144 2572 ιῦιιι
3180 2531 3349 2575 ΡΔΡΕ.

2190 2602 2345 2685 Quod
2383 2604 2453 2676 sit
2479 2605 2800 2689 simoniacus
2837 2608 3134 2689 quicunque
3158 2604 3646 2689 reconciliationem
3687 2620 3772 2689 pro

2222 2690 2437 2733 munere
2461 2676 2540 2732 vel
2559 2676 2728 2748 dignis
2751 2676 3134 2749 negaverit,'uel
3152 2677 3380 2748 indignis
3406 2676 3739 2732 concesserit.

2258 2786 2331 2844 Ut
2361 2802 2521 2853 nemo
2548 2788 2993 2861 presbyterorum
3022 2786 3266 2853 xenium,
3298 2785 3382 2841 vel
3412 2786 3775 2857 quodcunque

2187 2879 2612 2955 emolumentum
2661 2878 2979 2955 temporale,
3028 2878 3137 2941 imo
3186 2876 3572 2933 detrimentum
3612 2875 3775 2945 spitio

2136 2961 2153 2969 ’
2187 2970 2315 3037 tale,
2364 2990 2395 3028 a
2440 2988 2761 3043 quocunque
2800 2971 3015 3042 publice
3052 2977 3312 3043 peccante
3339 2967 3423 3025 vel
3463 2969 3773 3023 incestuoso

2186 3064 2443 3135 accipiat,
2489 3072 2551 3119 ut
2594 3064 2848 3137 episcopo
2890 3062 2979 3123 vel
3024 3061 3289 3127 ministris
3329 3060 3446 3128 ejus
3482 3067 3771 3129 peceatum

2184 3157 2330 3221 illius
2359 3156 2587 3215 reticeat
2614 3174 2627 3210 :
2660 3171 2762 3219 nec
2788 3170 2888 3226 pro
2925 3162 3176 3235 respectu
3210 3153 3467 3226 cujusque
3498 3165 3771 3223 personat,

2110 3239 2157 3303 C
2186 3256 2282 3304 aut
2304 3247 2809 3319 consanguinitatis,
2849 3246 2934 3307 vel
2968 3245 3376 3313 familiaritatis,
3404 3242 3593 3299 alienis
3615 3258 3773 3298 cont-

2184 3344 2469 3406 municans
2507 3344 2776 3419 peccatis,
2821 3342 2925 3403 hoc
2970 3342 3250 3423 episcopos
3297 3340 3627 3409 innotescere
3689 3338 3774 3392 de-

2184 3439 2418 3490 treCtet:
2448 3449 2550 3490 nec
2576 3450 2607 3489 a
2631 3449 2901 3513 quoquam
2931 3432 3229 3520 ptnnitente
3258 3439 3350 3487 aut
3385 3430 3601 3515 gratiam
3619 3468 3641 3494 ,
3681 3435 3774 3483 aut

2181 3524 2443 3593 favorem,
2475 3533 2568 3589 aut
2589 3541 2784 3593 munus
2811 3524 3091 3609 suscipere
3116 3532 3439 3596 prtesumat;
3469 3529 3560 3587 aut
3580 3519 3773 3574 minus

2181 3619 2342 3690 digne
2381 3619 2733 3690 ptenitentem
2776 3618 2844 3673 ad
2884 3617 3383 3683 reconciliationem
3421 3612 3693 3681 adducat,
3724 3611 3772 3668 ei

2181 3711 2548 3775 testimonium
2586 3708 3042 3769 reconciliationis
3080 3709 3219 3766 ferat
3259 3729 3274 3766 :
3318 3709 3404 3775 vel
3434 3722 3771 3778 .ouocnnque

2178 3801 2368 3870 livore,
2406 3802 2571 3869 alium
2616 3801 2915 3879 quemlibet
2956 3800 3172 3873 dignius
3216 3801 3563 3875 poenitentem
3602 3814 3633 3852 a
3685 3815 3769 3854 re-

2180 3894 2558 3959 conciliatione
2604 3903 2900 3959 removeat,
2954 3892 3081 3967 quia
3129 3894 3233 3963 hoc
3279 3891 3672 3961 simoniacam,
3717 3896 3771 3945 et

2178 3986 2289 4059 Deo
2316 3994 2369 4045 et
2392 3986 2703 4051 hominibus
2731 3985 3065 4053 contrarium
3093 3995 3196 4041 est.

2464 4113 2535 4161 sit
2572 4114 2828 4161 nscnn'rts
2864 4116 3002 4165 sucu
3040 4115 3185 4165 eis;
3225 4098 3364 4170 (ean.
3400 4097 3475 4171 5).

2433 4190 2517 4249 Ne
2544 4191 2658 4266 quis
2686 4193 3039 4262 poen'tentiam
3066 4190 3311 4257 morienti
3334 4198 3491 4262 neget.

2245 4307 2305 4363 Si
2349 4307 2473 4376 quis
2514 4307 2802 4377 presbyter
2844 4306 3219 4377 penitentiam
3263 4301 3611 4375 abnegaverit
3646 4318 3769 4363 uo-

2173 4398 2463 4461 rientibus,
2494 4412 2622 4452 reus
2654 4404 2738 4452 est
2766 4397 3264 4467 animarumpquia
3297 4395 3556 4455 Dominus
3580 4393 3761 4451 dicit:

491 4486 767 4579 vereatur,
797 4522 997 4579 nmen,
1040 4515 1169 4585 quia
1188 4486 1309 4573 .non
1336 4486 1579 4579 omnium
1613 4486 1919 4587 huiusmodi
1948 4486 2074 4587 sunt
2175 4489 2514 4587 Qummmq"?
2549 4487 2634 4541 die
2669 4502 2945 4587 ff’"”"“‘_‘
2975 4487 3136 4558 tum
3164 4494 3426 4587 Ρ⁸⁴ξ⁶⁶ξ⁰¹⁸ν
3450 4486 3559 4587 ﬁt“
3599 4486 3760 4547 τίνα’

489 4615 737 4679 peccata,
773 4616 837 4661 ut
878 4621 964 4672 ea,
1008 4607 1103 4691 qui
1144 4608 1519 4676 ptenitentiam
1557 4618 1807 4681 poscunt,

490 4707 674 4757 meant
712 4698 1025 4770 publicare,
1066 4709 1383 4765 amoveatur
1423 4701 1797 4772 improbabilis
1834 4717 2067 4759 CODSUC-r

488 4792 661 4847 tudo:
694 4803 762 4845 ne
793 4788 979 4847 multis
1021 4804 1053 4845 a
1100 4791 1434 4860 manentia:
1473 4792 1727 4857 remediis
1753 4801 2064 4861 arceantur,

487 4880 616 4938 dum
644 4889 740 4935 aut
761 4879 1107 4946 erubescunt,
1134 4891 1229 4943 aut
1253 4887 1504 4949 metuunt
1526 4881 1758 4937 inimicis
1787 4883 1900 4938 suis
1921 4882 2064 4940 facta

485 4985 583 5029 sua
629 4972 892 5041 reserari,
938 4973 1137 5041 quibus
1183 4983 1408 5045 possunt
1455 4974 1630 5046 legum
1678 4978 2066 5037 constitutione

482 5062 725 5134 percelli.
765 5061 1159 5126 Suﬁcit‘eaim
1205 5063 1297 5132 illa
1349 5063 1617 5127 confessio
1660 5082 1780 5143 quae
1828 5068 2064 5136 primum

483 5152 715 5210 Domino
749 5152 995 5219 dicitur,
1032 5160 1163 5219 tutae
1201 5154 1365 5223 etiam
1400 5157 1667 5229 sacerdoti
1708 5159 1798 5235 qui
1827 5174 1928 5231 pro
1967 5161 2065 5216 de-

482 5245 626 5302 lictis
662 5245 1041 5321 pmnitentium
1085 5245 1405 5317 deprecator
1448 5249 1677 5315 accedit.
1723 5250 1874 5313 Tune
1918 5253 2063 5315 enim

481 5336 667 5407 slum
690 5337 765 5397 ad
788 5338 935 5408 amni
945 5337 1169 5405 tentiam
1188 5345 1447 5411 poterunt
1467 5343 1783 5415 provocari.
1809 5343 1853 5398 si
1880 5343 2063 5419 populi

482 5428 711 5485 auribus
733 5442 845 5489 non
868 5427 1172 5498 publicauit
1191 5430 1524 5499 conscientia
1549 5432 1878 5507 conﬁtentis.
1960 5426 1969 5431 “

716 5546 787 5591 sx
818 5550 1080 5595 amris
1108 5555 1359 5613 avsntsqt
1391 5557 1537 5601 nam
1574 5544 1714 5615 (cap.
1742 5545 1822 5618 5).

554 5624 626 5685 Ut
667 5628 971 5701 presbyteri
1013 5633 1082 5690 de
1116 5635 1346 5691 occultis
1385 5638 1628 5708 peccatis
1663 5637 1913 5708 iussione
1947 5642 2062 5712 epi-

483 5719 632 5790 δουρί
656 5720 983 5790 inhiantes
1008 5727 1381 5795 massiliam,
1408 5738 1488 5800 et,
1508 5731 1653 5789 sicut
1670 5733 2055 5804 suprascripsi-

481 5826 624 5882 tnus,
650 5811 989 5872 inﬁrmant!»
1016 5818 1298 5893 absolvant
1320 5831 1380 5878 et
1399 5824 1819 5895 communicat.

1851 4623 1959 4666 non
2095 4591 2150 4655 ῃ
2173 4589 2221 4635 et
2245 4596 2347 4634 non
2374 4580 2644 4634 morietur.
2675 4581 2813 4635 Vera
2841 4581 2986 4636 enim
3009 4579 3294 4639 conversio
3324 4580 3381 4634 in
3411 4577 3612 4634 ultimo
3632 4586 3765 4633 tern-

2174 4687 2307 4743 pore
2332 4686 2452 4727 esse
2474 4677 2671 4741 potest,
2698 4671 2825 4740 quia
2854 4672 3114 4727 Dominus
3139 4685 3249 4726 non
3274 4670 3448 4729 solum
3473 4666 3759 4739 ισειψονίθν

2174 4762 2267 4819 sed
2294 4762 2471 4819 cordis
2498 4762 2774 4833 inspector
2799 4770 2901 4818 est.

2660 4875 2744 4931 Ea:
2767 4876 2987 4932 concilio
3011 4874 3283 4932 Toletano.

2241 4989 2493 5061 Episcopi
2542 4987 2596 5043 in
2642 4987 2989 5060 protegendis
3035 4987 3245 5061 populis
3297 5002 3361 5042 ac
3404 4984 3760 5051 defendendis

2170 5066 2477 5150 impositam
2512 5080 2614 5135 sibi
2656 5096 2843 5141 curam
2883 5096 2991 5135 non
3035 5082 3327 5153 alubiganl.
3366 5078 3606 5159 ideoque
3629 5079 3757 5132 dum

2168 5169 2507 5255 conspiciunt
2550 5179 2798 5240 potentes
2837 5186 2902 5239 ac
2936 5170 3147 5241 iudices
3189 5185 3487 5255 pauperum
3529 5182 3757 5250 oppres-

2166 5251 2317 5323 sores
2344 5260 2597 5319 existere,
2635 5262 2785 5330 prius
2814 5275 2908 5317 eos
2930 5260 3251 5317 sacerdotali
3282 5251 3649 5314 admonitione
3674 5271 3760 5312 re-

2166 5350 2460 5423 dargu’ant;
2490 5358 2546 5406 et
2574 5351 2618 5406 si
2660 5352 3082 5424 contempserint
3107 5351 3418 5415 emendari,
3444 5362 3633 5406 eorum
3668 5350 3759 5403 in-

2166 5444 2450 5511 solentiam
2476 5443 2619 5513 regis
2644 5442 2865 5499 auribus
2893 5440 3163 5509 intiment,
3194 5451 3254 5497 ut
3276 5458 3413 5523 quos
3441 5442 3758 5498 sacerdota-

2163 5534 2232 5595 lis
2252 5534 2546 5595 admonitio
2570 5550 2675 5589 non
2698 5532 2863 5589 ﬂectit
2886 5532 2953 5589 ad
2969 5534 3252 5607 justitiam,
3278 5533 3479 5607 regalis
3507 5537 3757 5605 potestas

2163 5628 2232 5698 ab
2257 5625 2600 5701 improbitate
2626 5633 2893 5693 coerceat.
3516 5614 3529 5621 ’

2624 5738 2700 5809 με
2728 5738 2854 5809 sui.
2884 5756 2988 5811 non
3010 5738 3274 5823 legitimis.

2232 5829 2357 5905 run
2408 5845 2536 5899 vero
2584 5846 2652 5899 es
2704 5828 3075 5909 huiume
3126 5830 3468 5919 vitassem".
3522 5826 3751 5913 saviun-
