4022 6446
234 353 328 411 729

465 471 536 512 EX
568 470 826 511 DECRETIS
849 469 1098 509 EVARIST!
1131 469 1298 518 PAPE,
1328 469 1446 508 CAP.
1474 469 1526 507 ν.

294 570 362 626 Ut,
406 569 703 641 presbyteri
752 568 817 622 de
858 567 1082 641 occultis
1119 565 1358 641 peccatis
1397 565 1642 635 jussione
1682 565 1793 641 epi-

228 645 363 713 scopi
402 636 720 713 pceni‘tentes
769 639 1146 713 reconcilient;
1189 645 1272 701 et,
1307 637 1446 690 sicut
1475 636 1791 713 suprascri-

228 707 441 789 psimus,
469 710 803 766 inﬁrmantes
833 709 1112 763 absolvant
1135 717 1191 762 et
1218 707 1634 762 communicent.

593 838 662 877 EX
689 837 866 877 DlCTlS
891 837 1078 876 ΞΛΜ]τί
1113 835 1416 876 AUGUSTINI.

231 917 292 975 Ut
331 915 635 972 canonicum
679 915 972 1038 remedii”;
1005 914 1205 969 occulte
1252 914 1502 984 confessis
1546 915 1789 985 primitus

864 1002 918 1038 in
960 996 1142 1038 zcetur.

864 996 1142 1039 indicetur.

289 1085 343 1140 Si
371 1083 493 1153 quis
521 1083 798 1153 incestum,
818 1081 1028 1136 occulte
1061 1081 1412 1153 commiserit,
1441 1087 1494 1134 et
1524 1079 1790 1153 sacerdoti

223 1151 605 1213 confessionem
650 1152 861 1208 occulte
896 1153 1086 1222 egelit,
1124 1152 1389 1222 indicetur
1414 1153 1462 1206 ei
1491 1151 1790 1205 remedium

219 1225 531 1282 canonicum
560 1224 701 1292 quod
730 1225 912 1277 subire
939 1221 1211 1276 debuisset
1238 1223 1283 1276 si
1312 1221 1429 1290 ejus
1460 1221 1668 1275 facinus
1693 1237 1783 1291 pu-

218 1299 467 1352 blicatum
508 1293 714 1348 fuisset.
743 1294 939 1347 Verum
972 1296 1096 1362 quia
1127 1293 1258 1347 latet
1292 1294 1668 1357 commissum,
1697 1293 1792 1346 de-

217 1377 299 1422 tur
338 1366 384 1420 ei
418 1382 449 1419 a
485 1365 764 1420 sacerdote
797 1364 1100 1425 consilium,
1145 1374 1204 1416 ut
1240 1362 1399 1417 saluti
1447 1365 1640 1416 anima:
1679 1378 1790 1416 sua:

215 1453 308 1510 pro
335 1436 543 1510 occulta
569 1435 882 1510 pcenitentia
909 1434 1178 1510 proficiat,
1208 1436 1311 1488 hoc
1336 1442 1440 1496 est,
1467 1443 1524 1510 ut.
1537 1433 1791 1510 graviter

216 1503 269 1562 se
302 1521 365 1561 ex
413 1503 585 1561 corde
624 1505 913 1572 deliquisse
953 1504 1277 1559 conﬁteatur
1314 1521 1328 1558 :
1359 1519 1456 1573 per
1479 1503 1703 1573 jejunia,
1737 1511 1792 1557 et

212 1577 591 1646 eleemosynas,
613 1576 950 1645 vigiliasque,
976 1584 1137 1646 atque
1161 1590 1350 1646 sacras
1366 1575 1643 1646 orationes
1666 1589 1789 1628 cum

211 1644 460 1718 lacrymis
498 1661 556 1700 se
583 1644 1188 1718 purgare__contendat,
1217 1653 1270 1698 et
1311 1644 1490 1718 sicgse
1528 1645 1596 1699 ad
1638 1659 1788 1713 spem

209 1714 374 1772 venite
398 1732 497 1789 pro
523 1714 894 1770 misericordia
924 1716 1207 1785 pervenire
1237 1714 1494 1770 conﬁdat.

545 1845 615 1882 EX
649 1843 911 1882 DECRETIS
940 1843 1010 1881 PII
1039 1843 1209 1892 PAPxE,
1235 1842 1356 1881 CAP.
1382 1843 1435 1880 Χ.

206 1919 288 1975 Ne
311 1921 614 1991 paenitentes
642 1930 764 1974 ante
791 1921 1287 2000 consummationem
1314 1918 1630 1990 paenitentiw
1653 1935 1790 1973 com-

858 1999 1140 2044 muntcent.

267 2079 602 2135 Pcenitentes
644 2095 750 2135 non
800 2081 998 2135 debent
1045 2082 1446 2136 communicare
1487 2090 1614 2136 ante
1657 2097 1786 2137 con-

206 2151 618 2222 summationem
659 2150 1005 2222 paenitentize.
1036 2154 1188 2218 Quod
1231 2153 1555 2222 pmnitentes
1590 2169 1620 2206 a
1657 2169 1786 2207 con-

205 2221 375 2281 viviis,
403 2228 459 2274 et
489 2221 840 2286 ornamentis,
867 2231 1026 2290 atque
1060 2223 1180 2275 alba
1215 2221 1363 2276 veste
1395 2224 1669 2277 abstinere
1699 2224 1785 2278 de-

206 2290 387 2355 beant;
427 2300 507 2357 et,
535 2291 812 2346 discordes
837 2292 905 2346 al)
931 2291 1162 2348 ecclesia
1188 2293 1477 2363 pellantur,
1507 2294 1678 2349 donec
1717 2294 1786 2350 ad

203 2375 386 2431 pacem
419 2363 668 2417 redeant.

503 2467 573 2506 EX
602 2468 864 2508 DECRETIS
888 2468 1030 2508 LUC“
1068 2469 1238 2518 PAPL,
1263 2469 1383 2508 CAP.
1418 2469 1471 2507 ν.

204 2541 348 2608 Quod
371 2545 440 2597 sit
464 2544 786 2617 simoniacus
816 2585 831 2610 ,
861 2546 1155 2615 quicunque
1186 2544 1659 2617 reconciliationem
1688 2563 1784 2617 pro

266 2630 502 2695 munere,
527 2616 602 2668 vel
629 2616 802 2686 dignis
854 2617 1138 2686 negaverit,
1173 2615 1253 2669 vel
1307 2617 1538 2686 indignis
1579 2615 1788 2672 conces-

265 2694 407 2737 εει-ιι.

271 2772 338 2848 Ut
364 2789 531 2830 nemo
571 2777 1012 2848 presbyterorum
1063 2775 1281 2848 xenium
1305 2775 1388 2830 vel
1424 2777 1786 2847 quodcunque

200 2843 622 2900 emolumentum
648 2843 962 2915 temporale,
980 2847 1089 2900 imo
1113 2843 1495 2900 detrimentum
1520 2843 1780 2916 spiritale,

201 2929 587 2987 a_quocunque
637 2917 854 2987 publice
883 2925 1142 2987 peccante
1171 2916 1257 2970 vel
1287 2918 1593 2973 incestuoso
1635 2921 1781 2973 acci-

197 2983 325 3065 piat,
363 2995 424 3040 ut
450 2983 708 3057 episcopo
743 2987 826 3042 vel
858 2983 1130 3065 ministris
1153 2988 1268 3057 ejus
1306 2997 1588 3058 peccatum
1638 2988 1782 3042 illius

201 3057 453 3118 reticeat;
504 3072 601 3111 nec
629 3072 728 3126 pro
751 3069 995 3126 respectu:
1047 3057 1321 3126 cujusque
1373 3073 1642 3127 personae,
1684 3066 1780 3112 aut

200 3127 697 3196 consanguinitatis,
739 3129 822 3182 vel
851 3127 1256 3192 familiaritatis,
1305 3128 1498 3183 alienis
1528 3144 1778 3183 commu-

681 343 1018 402 JEREMIAS
1057 340 1488 400 SENONENSIS
1522 340 2134 400 ARCHIEPISCOPUS.
2174 373 2246 384 —
2279 342 2556 399 NOTITIA
2595 339 2981 401 HISTOBICA.

1813 459 1866 520 A

3359 341 3466 405 730

2311 473 2379 510 EX
2411 472 2667 511 DECRETXS
2697 474 2831 513 JULII
2875 476 3038 516 ΡΑΡΕ.

2143 543 2224 600 Ne
2252 547 2366 617 quis
2396 547 2752 617 paenitentiam
2775 551 3020 603 morienti
3047 562 3213 623 neget.

1963 638 2019 694 Si
2047 641 2166 708 quis
2212 641 2494 710 presbyter
2541 642 2914 712 pcenitcntiam
2960 644 3310 712 abnegaverit
3358 663 3470 703 mo—

1890 711 2177 773 rientibus,
2210 726 2333 766 reus
2360 720 2444 766 est
2468 711 2792 771 animarum.
2834 713 2958 782 quia
2991 711 3250 771 Dominus
3290 718 3463 772 dicit:

1888 797 2200 851 quacunque
2226 782 2310 854 die
2355 798 2629 854 conversus
2657 783 2815 852 fuerit
2861 794 3138 852 peccator,
3170 787 3273 841 vita
3315 789 3466 854 viret,

1890 861 1938 903 et
1971 868 2074 904 non
2099 853 2370 906 morietur.
2399 853 2535 906 Vera
2562 853 2706 906 enim
2735 855 3018 908 conversio
3047 856 3098 909 in
3123 855 3309 911 ultimo
3333 853 3470 912 tem-

1889 935 2021 998 pore
2049 937 2172 998 esse
2193 930 2391 998 potest,
2421 922 2548 991 quia
2579 923 2837 979 Dominus
2866 939 2971 979 non
2989 926 3160 980 solum
3185 929 3465 998 temporis,

1889 992 1984 1046 sed
2007 992 2187 1048 cordis
2209 993 2483 1062 inspector
2513 1002 2618 1048 est.

2348 1101 2416 1138 EX
2446 1100 2690 1140 CONCILIO
2711 1101 3009 1142 TOLETANO.

1958 1174 2207 1248 Episcopi
2227 1175 2288 1248 in
2315 1177 2662 1246 protegendis
2679 1179 2887 1248 populis
2917 1195 2979 1232 ac
3000 1177 3348 1233 defendendis
3370 1179 3471 1232 im-

1887 1247 2116 1318 positam
2139 1247 2238 1300 sibi
2257 1262 2442 1300 curam
2467 1263 2572 1318 non
2598 1247 2890 1318 ambigunt.
2912 1249 3161 1318 Ideoque,
3191 1249 3316 1304 dum
3344 1266 3472 1305 con-

1889 1317 2120 1389 spiciunt
2149 1325 2396 1389 potentes
2432 1334 2494 1371 ac
2514 1316 2729 1384 judices
2753 1316 3070 1389 pauperum
3118 1335 3470 1389 Oppressores

1889 1387 2141 1453 existere,
2180 1388 2331 1458 prius
2377 1404 2470 1442 eos
2515 1387 2836 1442 sacerdotali
2867 1387 3232 1444 admonitione
3285 1393 3470 1444 redaro

1889 1467 2092 1526 guant;
2123 1467 2198 1522 et,
2227 1460 2272 1512 si
2299 1459 2720 1527 contempserint
2743 1460 3019 1514 emendari
3052 1502 3065 1524 ,
3099 1475 3285 1514 eorum
3316 1460 3472 1514 inso-

1889 1527 2108 1600 lentiam
2138 1529 2281 1600 regis
2319 1529 2541 1600 auribus
2565 1529 2834 1593 intiment,
2865 1540 2923 1581 ut
2951 1546 3089 1600 quos
3111 1530 3466 1586 sacerdotalis

1889 1598 2184 1672 admonitio
2211 1616 2320 1672 non
2353 1599 2518 1654 ﬂectit
2568 1601 2636 1654 ad
2662 1600 2930 1669 justitiam
2954 1598 2983 1667 ,“
3002 1602 3202 1672 regalis
3229 1610 3470 1672 potestas

1888 1668 1956 1723 ab
1992 1669 2338 1738 improbitate
2365 1679 2633 1725 coerceat.

2338 1759 2416 1812 De
2443 1760 2568 1828 filiis
2596 1777 2699 1815 non
2738 1760 3002 1831 legitimis.

1810 1817 1858 1877 Β
1960 1848 2081 1903 Filii
2110 1864 2242 1904 vero
2267 1865 2335 1904 ex
2376 1817 2744 1917 hujuscemodi
2776 1817 3057 1920 vituperali
3088 1850 3472 1921 conjunctione
3518 1842 3527 1852 l

1889 1927 2013 1973 ante
2040 1921 2347 1990 conjugiqu
2377 1921 2556 1975 minus
2582 1921 2876 1976 laudabiles
2901 1925 3170 1990 procreati
3196 1923 3262 1975 ad
3287 1924 3468 1978 eccle-

1888 1990 2163 2044 siasticam
2218 1991 2538 2060 dignitatem
2600 1992 2747 2045 nullo
2804 1993 2963 2044 modo
3015 2002 3460 2059 promoveantur.

1886 2060 2000 2131 Nec,
2019 2060 2091 2131 de
2126 2060 2218 2113 tali
2237 2060 2487 2131 conjugio
2511 2062 2755 2131 generati
2781 2061 3162 2116 ecclesiasticis
3190 2063 3470 2118 ordinibus

1887 2130 2244 2200 applicentur,
2273 2132 2377 2185 nisi
2411 2130 2550 2186 forte
2569 2146 2663 2186 eos
2684 2141 2776 2185 aut
2809 2131 3046 2185 maxima
3079 2132 3334 2187 Ecclesia:
3363 2133 3470 2187 uti-

1884 2200 2008 2254 litas
2027 2210 2081 2272 et
2119 2202 2414 2256 necessitas
2454 2201 2726 2272 postulet,
2757 2211 2853 2257 aut
2887 2203 3110 2258 evidens
3148 2202 3470 2259 meritorum

1884 2271 2238 2342 praeregativa
2274 2271 2634 2327 commendet.
3007 2276 3014 2282 '

2175 2379 2246 2416 EX
2276 2378 2534 2417 DECRETIS
2555 2377 2734 2417 IIYGINI
2759 2377 2928 2427 PAPE,
2955 2377 3074 2417 CAP.
3102 2378 3176 2417 IV.

1957 2451 2017 2507 Si
2046 2461 2250 2507 motum
2283 2452 2446 2508 fuerit
2480 2453 2671 2516 altare,
2703 2455 2879 2507 denuo
2917 2462 3267 2509 consecretur
3289 2454 3467 2510 eccle-

1885 2523 1997 2605 sia.
2026 2522 2083 2576 Si
2137 2524 2685 2605 parietesmutantur
2711 2563 2726 2590 ,
2769 2534 2826 2578 et
2881 2538 2990 2578 non
3017 2524 3214 2590 altare,
3263 2524 3472 2581 salibus

1886 2602 2096 2648 tantum
2120 2602 2482 2649 exorcizetur.

2029 2679 2160 2746 Quae
2185 2680 2505 2736 consuetudo
2529 2682 2585 2736 in
2607 2680 2846 2736 Ecclesia
2879 2683 2947 2737 sit
2969 2683 3324 2760 concedenda.

1955 2774 2036 2858 Ex
2064 2775 2295 2858 ltegesto
2335 2774 2730 2858 S._.Gr.egorii,
2772 2785 2892 2845 cap.
2933 2775 3021 2830 65.
3062 2775 3181 2858 Nos
3221 2775 3462 2844 quidem,

1876 2843 2034 2913 juxta
2062 2843 2258 2900 seriem
2289 2843 2576 2900 relationis
2596 2855 2792 2899 vestra:
2820 2843 3335 2911 (consuetudinem,
3365 2861 3470 2916 qua

1887 2925 2065 2989 tamen
2083 2925 2282 2989 contra
2312 2916 2469 2970 fidem
2518 2916 2843 2971 catholicam
2893 2917 3030 2971 nihil
3080 2916 3470 2989 us_urpare_di-

1882 2985 2180 3056 gnoscitur,
2236 2987 2513 3040 immotam
2548 3003 2670 3042 esse
2719 2989 3086 3042 concedimus.
3138 2985 3252 3040 Hoc
3300 2987 3468 3056 etiam

1881 3054 1982 3128 pro
2007 3057 2364 3112 aedificatione
2393 3058 2636 3111 omnium
2675 3057 3039 3112 Ecclesiarum
3067 3099 3080 3123 ,
3110 3065 3174 3128 et
3198 3054 3469 3128 profutili-

1885 3127 1995 3183 tate
2028 3128 2195 3182 totius
2220 3128 2423 3198 populi,
2450 3128 2604 3182 nobis
2635 3129 2838 3198 placuit
2870 3136 3058 3182 utnon
3100 3127 3276 3182 solum
3307 3127 3360 3198 in
3387 3128 3468 3181 ci-

197 3193 380 3250 nicans
400 3177 697 3267 upeccatis;
717 3198 818 3254 hoc
834 3201 1085 3268 episcopo
1108 3177 1448 3253 innolescere
1475 3202 1774 3266 detrectet;
1809 3177 1852 3239 C
1889 3199 2163 3269 vitalibus,
2205 3177 2310 3252 sred‘
2327 3177 2491 3252 etiam
2535 3199 2589 3252 in
2618 3177 2869 3253 ormnibus
2892 3197 3469 3269 parochiis,_verbum

198 3277 296 3318 nec
321 3282 350 3319 a
379 3283 654 3337 quoquam
677 3271 971 3338 ptenitente
997 3281 1092 3323 aut
1119 3270 1371 3339 gratiam,
1395 3279 1489 3323 aut
1516 3271 1776 3336 favorem,

200 3345 291 3391 aut
324 3353 529 3421 munus
583 3340 856 3421 suscipere
898 3348 1227 3421 prtesnmat,
1272 3350 1362 3421 aut
1410 3341 1594 3421 minus
1619 3341 1779 3421 digne

195 3407 552 3475 pmnitentem
599 3409 663 3461 ad
703 3407 1194 3464 reconciliationem
1245 3409 1516 3473 adducat,
1548 3411 1596 3463 ei
1627 3407 1782 3464 testi-

198 3478 441 3548 moniuru
486 3479 936 3534 reconciliationis
965 3480 1100 3533 ferat
1131 3494 1145 3532 :
1189 3479 1271 3531 vel
1310 3519 1324 3540 ,
1365 3494 1690 3548 quocunque
1717 3479 1781 3532 li-

195 3546 537 3624 vore,_alium
573 3549 869 3616 quemlibet
899 3550 1112 3624 dignius
1139 3548 1495 3624 paenitentiam
1532 3565 1561 3602 a
1591 3546 1782 3624 respn-

194 3615 484 3687 ciliatione
501 3615 779 3687 removeat
803 3658 818 3680 ,
849 3615 981 3687 quia
1016 3621 1116 3673 hoc
1141 3615 1519 3684 simoniacum,
1563 3627 1618 3674 et
1668 3619 1780 3674 Deo

191 3692 249 3736 et
277 3683 594 3740 hominibus
631 3683 962 3742 contrarium
987 3699 1088 3744 est.

1887 3268 2118 3323 faciendi
2151 3271 2405 3323 daremus
2461 3271 2791 3340 presbyteris
2836 3267 3179 3338 potestatem.
3213 3267 3293 3322 ita
3331 3277 3387 3322 ut
3420 3267 3466 3323 si

1885 3342 2175 3419 presbyter
2227 3340 2406 3407 aliqua
2434 3340 2748 3419 infirmitate
2777 3355 2871 3409 per
2902 3341 3275 3419 seipsuru-non
3306 3345 3472 3419 pote—

1883 3408 1955 3462 rit
1985 3408 2279 3477 priedicare
2312 3449 2326 3472 ,
2362 3418 2670 3463 sanctorum
2699 3408 2920 3462 Patrum
2972 3409 3205 3463 llOﬂlllltE
3235 3424 3264 3462 a
3286 3408 3470 3462 diaco-

1882 3481 2045 3532 nibus
2079 3480 2393 3534 recitentnr.
2438 3478 2496 3532 Si
2523 3480 2668 3533 enim
2717 3480 2861 3549 digni
2911 3489 3037 3533 sunt
3066 3479 3278 3532 diaconi
3329 3493 3468 3546 quos

1882 3549 2136 3620 Citri~tus
2163 3550 2214 3602 in
2271 3550 2565 3619 Evangelio
2614 3549 2864 3619 dignatus
2889 3557 2975 3603 est
3032 3549 3233 3620 legere,
3293 3563 3465 3620 quare

1884 3618 2090 3700 indigni
2119 3617 2448 3727 j9udicentur'
2468 3617 2782 3675 sanctorum
2831 3617 3198 3690 expositiones
3252 3619 3468 3690 publice

1887 3700 2122 3727 ΡΩΡΙΙΩΡΩ

1885 3700 2149 3743 recrtare!

193 3795 3448 3832 Μ

193 3821 3446 3848 ﬂ

1399 3900 1566 3944 ANNO
1611 3901 1843 3946 DOMINI
1888 3901 2260 3947 DCCCXXVII.

1249 4059 2451 4230 JEREMIAS

1296 4291 1723 4348 SENONENSIS
1761 4293 2368 4350 ABCHIEPISCOPUS.

907 4440 1350 4523 NOTITIA
1424 4444 1978 4524 HISTORIGA
2054 4445 2163 4526 IN
2238 4443 2783 4526 JEREMIAM.

1519 4577 1612 4640 (Ex
1647 4576 1799 4627 Gallia
1821 4578 2134 4644 Christiana.)

256 4735 800 4821 ῌθΐετεῃᾶὲτίιις-ξςιι
828 4738 1178 4821 cancellaritts
1201 4750 1319 4821 erat
1341 4739 1604 4821 Ieremias
1625 4762 1768 4803 anno
1793 4751 1847 4812 D
1874 4749 1931 4803 S.
1963 4749 2238 4805 Columba;
2258 4792 2271 4811 ,
2312 4766 2474 4820 quam
2505 4755 2880 4806 antecessores
2910 4749 2991 4806 sui
3015 4765 3188 4821 nuper
3214 4751 3463 4821 perdide-

195 4806 504 4884 j3_imperii
543 4808 718 4884 Caroli
753 4809 958 4884 Magni,
991 4825 1055 4864 ex
1094 4809 1405 4884 Corbeiensi
1451 4816 1765 4884 diplomate.

194 4873 315 4931 Inde
363 4873 671 4934 monachus
713 4889 768 4934 et
807 4873 1174 4934 tliesaurarius
1209 4873 1549 4939 Centnlensi's
1587 4885 1643 4940 S.
1675 4887 1770 4940 Ri-

193 4948 356 5025 gharii
419 4951 770 5025 monasterii,
819 4949 1014 5004 timore
1074 4949 1502 5025 Normannorum
1559 4958 1649 5025 qui
1716 4959 1770 5013 in

195 5014 505 5091 Pontivensi
550 5036 684 5091 pago
733 5030 856 5073 tunc
887 5023 1156 5091 temporis
1197 5014 1604 5091 grassabantur,
1648 5027 1773 5081 reli-

194 5089 344 5167 quius
373 5106 402 5144 a
427 5089 641 5167 Carolo
667 5091 851 5167 Magno
870 5089 1106 5167 Contube
1127 5089 1352 5167 donatas
1376 5109 1556 5167 secum
1581 5113 1770 5167 aspor-

193 5159 323 5212 tavit
346 5170 400 5213 et
424 5160 674 5215 Senonas
701 5159 765 5214 ad
797 5164 1182 5216 monasterium
1215 5164 1270 5216 S.
1309 5161 1583 5222 Columbae
1608 5159 1768 5222 detu-

197 5223 270 5306 lit.
297 5229 382 5283 cui
426 5246 554 5306 cum
584 5230 896 5306 Ci-uttileusi
917 5247 945 5284 a
978 5241 1215 5302 tempore
1247 5233 1526 5306 Gu‘ell'onis
1559 5239 1771 5294 abbatis

200 5300 365 5375 iuerat
392 5302 648 5375 societas.
677 5300 898 5375 Durnibi
930 5300 1262 5375 moraretur,
1295 5304 1482 5375 Magno
1505 5322 1645 5362 anno
1671 5311 1775 5365 818

198 5366 469 5434 defuncto,
489 5371 648 5425 homo
659 5371 872 5429 nobilis.
890 5387 988 5425 nec
1003 5373 1173 5428 solum
1190 5366 1485 5439 claustivali,
1503 5380 1595 5432 sed
1610 5380 1775 5434 etiam

199 5439 741 5514 szecularipraﬂitus
788 5443 1100 5514 prudentia,
1135 5445 1287 5514 valde
1333 5445 1589 5514 eloquens
1622 5458 1676 5504 et
1721 5450 1775 5504 in

199 5509 336 5581 omni
380 5511 719 5581 philosophia
768 5509 1080 5577 studiosus,
1134 5512 1397 5569 Jeremias
1439 5509 1469 5568 a
1519 5518 1666 5572 clero
1714 5529 1770 5574 et

199 5575 350 5644 plebe
381 5575 635 5655 universa
658 5582 858 5655 electus
886 5591 965 5655 est
998 5575 1452 5655 archiepiscopus.
1479 5587 1771 5643 Ordinatus

202 5657 378 5702 autem
410 5652 463 5727 in
502 5653 784 5727 ecclesiam
806 5655 880 5727 _S.
911 5653 1189 5727 Stephani,
1221 5652 1491 5710 transtulit
1519 5658 1772 5727 reliquias

204 5729 335 5784 quas
394 5724 460 5774 de
516 5735 700 5777 sancto
758 5725 1008 5778 Richario
1066 5725 1347 5780 detulerat.
1409 5728 1540 5782 Cum
1591 5724 1772 5786 autem

203 5786 358 5845 valde
388 5789 674 5851 familiaris
699 5803 843 5852 esset
864 5799 998 5868 regi,
1024 5797 1254 5854 obtinuit
1276 5799 1344 5855 ab
1373 5814 1437 5855 eo
1465 5807 1524 5854 ut
1557 5799 1774 5859 abbatia

1872 4829 2026 4880 rant,
2067 4830 2213 4875 esset
2249 4822 2350 4876 sub
2394 4823 2620 4875 tuitione
2667 4821 3054 4890 archiepiscopi
3107 4822 3455 4886 Senonensis,

1870 4892 2013 4944 unde
2056 4892 2396 4960 suspicamur
2436 4893 2504 4945 ab
2539 4891 2781 4945 Hariulfo
2820 4893 3023 4946 dietum
3069 4890 3308 4958 ejusdem
3355 4891 3459 4945 loci

1872 4961 2154 5032 abbatem,
2189 4963 2254 5015 de
2284 4977 2391 5029 quo
2430 4961 2731 5032 nehilum,
2755 4963 2970 5030 quidem
3018 4963 3156 5032 apud
3193 4961 3455 5032 Clarium,

1872 5032 1974 5084 nisi
2011 5031 2146 5084 forte
2177 5041 2352 5085 rector
2393 5031 2553 5085 fuerit
2580 5032 2677 5085 sub
2708 5031 2908 5086 Jacobo
2940 5031 3134 5086 abbate
3173 5031 3454 5085 canonico.

1872 5100 1917 5154 A.
1976 5102 2307 5155 Froloberto
2356 5100 2412 5155 S.
2464 5101 2609 5156 Petri
2668 5104 2862 5158 abbate
2918 5103 3207 5172 requisitos
3262 5100 3457 5156 cellam

1873 5173 2011 5240 apud
2059 5171 2332 5225 Arvernos
2371 5173 2422 5226 in
2470 5173 2728 5228 honorem
2760 5173 2817 5228 S.
2861 5171 3004 5226 Petri
3045 5171 3452 5225 aedilicavit'an.

1884 5241 2103 5323 girciter
2276 5243 2328 5297 in
2349 5245 2568 5323 proprio
2584 5240 3085 5323 ejusriem'ctenobii
3103 5240 3272 5323 tundo
3294 5255 3454 5306 quem

1884 5311 2294 5367 Thcodechildis
2315 5311 2430 5380 ejus
2451 5311 2726 5370 conditrix
2754 5323 2808 5367 et
2837 5311 3057 5366 Basolus
3089 5311 3456 5380 Arvernorum

1877 5397 2062 5454 comes
2103 5385 2180 5454 ad
2232 5378 2495 5454 stipendia
2549 5384 2933 5454 monachorum
2971 5381 3075 5454 Aei_
3084 5378 3454 5454 contulerant.

1878 5451 2051 5507 Locus
2098 5449 2403 5510 Mauria'cns
2443 5457 2647 5518 dictus,
2677 5456 2744 5507 ab
2784 5451 3016 5506 Jeremia
3056 5449 3309 5513 Novicns,
3341 5450 3456 5520 pri-

1875 5538 2025 5578 scum
2055 5523 2316 5581 hactenus
2344 5526 2663 5578 vocabulum
2699 5524 2912 5578 retinet.
2946 5520 3058 5575 Illic
3092 5521 3338 5576 monachi
3369 5535 3460 5576 re-

1875 5593 2088 5660 gulares
2133 5611 2197 5649 ex
2247 5595 2461 5649 abbatia
2496 5593 2534 5648 S
2605 5593 2748 5646 Petri
2793 5591 3020 5645 instituti
3067 5592 3168 5647 sub
3210 5591 3458 5648 custodia

1877 5661 2191 5720 Frodoberti
2225 5664 2434 5733 abbatis
2463 5663 2683 5731 ejusque
2717 5677 3123 5727 successorum,
3159 5663 3250 5733 qui
3293 5663 3448 5733 villas

1876 5742 1931 5788 et
1958 5735 2214 5788 ecclesias
2255 5732 2428 5804 eidem
2471 5733 2696 5788 abitalia:
2737 5734 2788 5787 in
2817 5733 3119 5803 Aquitania:
3159 5731 3309 5804 pagis
3338 5731 3442 5786 Ar-

1878 5805 2100 5862 vernico
2129 5815 2202 5877 _et
2246 5803 2619 5861 Lemoviceusi
2666 5804 2938 5879 subjectas
2981 5803 3450 5862 administrarent.
