4022 6470
167 391 258 458 737‘
1684 376 1865 436 VITA.
3278 375 3384 434 758

168 521 344 591 Sigone
385 509 535 572 duce,
566 517 727 577 quem
750 516 817 558 ex
847 499 1080 578 lavacro.
1107 505 1308 555 saneta:
1335 495 1705 568 regeneratio-
1734 497 1788 558 Α
1811 493 1930 549 nuit
1969 492 2183 591 docere
2205 500 2384 591 recta;
2414 498 2507 547 aut
2535 489 2844 591 consolatus
2868 497 2954 546 est
2990 491 3384 591 dolentes,_aut

166 585 246 669 nis
259 607 577 670 susceperat,
617 594 915 666 honoriﬁce
945 600 1224 662 susceptus
1264 599 1366 647 est.
1396 589 1524 645 Post
1550 605 1710 659 quem
1811 589 2068 658 prtecepit
2114 587 2272 643 ﬁdem
2303 588 2410 643 Deo
2455 597 2656 642 aeterno
2698 593 2753 641 et
2799 585 3126 652 immortali,
3165 589 3388 659 regique

166 694 479 773 Eginhardus
513 690 618 744 hoc
639 687 943 742 coenobium
978 700 1075 754 per
1106 694 1310 753 septem
1341 683 1510 737 ferme
1541 683 1713 736 tenuit
1812 684 2031 731 terreno
2063 678 2374 733 inviolatam
2404 693 2622 734 servare
2659 696 2671 731 :
2706 693 2826 748 qua:
2861 677 3024 731 etiam
3055 677 3110 730 in
3152 681 3266 736 suis
3303 697 3390 738 ac.

164 767 334 850 annos.
369 781 518 851 Quod
563 780 775 834 demum
818 777 961 831 ultro
1007 775 1354 838 derelictum,
1404 772 1585 828 divina
1633 772 1716 843 (ut
1813 769 1956 823 tibus
2004 769 2211 840 primus
2264 770 2557 840 adimplere
2601 769 2831 825 curavit.
2881 767 3225 840 Quaacunque
3259 788 3391 828 vero

163 878 292 939 credi
325 875 402 930 fas
430 869 535 940 est)
578 867 818 935 iussione
858 881 922 921 ac
951 864 1321 937 gloriosissimi
1368 861 1715 934 imperatoris
1813 874 1880 915 ex
1916 861 2078 915 rebus
2111 860 2440 916 transitoriis
2471 860 2730 931 possedit,
2770 859 2903 914 nihil
2932 860 3109 932 magni
3157 861 3393 916 :estima-

162 965 394 1030 Ludovici
423 961 702 1034 largitione
730 960 958 1014 domnus
986 955 1281 1026 Ansegisus
1312 953 1378 1009 ad
1407 953 1715 1025 gubernan-
1813 950 1926 1016 vit,
1969 951 2061 1006 sed
2106 953 2288 1022 potius
2325 953 2588 1008 caducum
2629 965 2749 1008 esse
2794 951 3038 1007 credidit.
3070 952 3194 1007 Ideo
3231 969 3395 1024 gazas

161 1063 273 1120 dum
299 1053 534 1125 suscepit
560 1066 700 1106 anno
735 1050 849 1121 jam
884 1063 1044 1120 supra
1075 1056 1278 1102 taxato.
1310 1044 1464 1112 Quod
1495 1051 1606 1098 tam
1635 1056 1717 1098 so-
1815 1055 1943 1096 suas
1993 1043 2346 1098 monasteriis
2391 1058 2455 1098 ac
2487 1043 2670 1112 egenis
2711 1043 3040 1099 distribuere
3089 1045 3391 1116 satagebat,

160 1151 270 1209 lerti
297 1146 469 1204 studio
503 1156 820 1212 summaque
861 1139 1122 1196 industria
1158 1133 1479 1201 nobilitavit,
1517 1144 1577 1189 ut
1619 1151 1718 1189 no-
1814 1131 2190 1189 thesaurizans
2235 1134 2339 1189 sibi
2374 1135 2659 1190 thesauros
2705 1135 2760 1190 in
2802 1135 2960 1202 cmlo,
3005 1152 3113 1207 quo
3157 1136 3244 1192 fur
3285 1154 3394 1194 non

158 1258 247 1297 vus
280 1233 708 1307 Wandregisilus
755 1230 901 1287 credi
937 1237 1140 1299 posset,
1169 1236 1264 1282 aut
1297 1227 1461 1282 etiam
1491 1241 1718 1297 magnus
1819 1225 2196 1294 appropiaret,
2245 1241 2422 1295 neque
2466 1227 2611 1281 tinea
2641 1228 2942 1282 devoraret.
2988 1227 3256 1284 Vitiorum
3299 1246 3399 1301 per

157 1327 338 1403 prmsul
387 1325 689 1382 Ansbertus
745 1321 1040 1396 redivivam
1089 1320 1158 1374 ad
1200 1319 1375 1374 lucem
1437 1331 1718 1388 regressus
1819 1312 1999 1366 omnia
2029 1312 2191 1384 fugax
2233 1315 2478 1370 exstitit:
2516 1316 2747 1370 aliorum
2791 1332 2920 1371 vero
2955 1332 3130 1387 neque
3170 1321 3398 1377 acerbus

156 1423 262 1479 fore
287 1428 592 1491 putaretur.
625 1415 826 1470 Verum
861 1413 1004 1469 sicut
1030 1411 1108 1466 illi
1139 1411 1194 1465 in
1225 1409 1449 1465 exordio
1482 1408 1565 1463 sui
1592 1406 1720 1462 :edi-
1821 1404 2203 1471 reprehensor,
2237 1421 2412 1475 neque
2452 1407 2702 1461 curiosus
2732 1415 3022 1462 scrutator.
3054 1407 3274 1465 Cunctis
3303 1411 3400 1467 de-

157 1512 282 1568 liciis
320 1508 762 1566 nobilitaverunt.
811 1503 1067 1560 cleruma
1096 1509 1387 1565 auxerunt,
1419 1497 1722 1567 disciplinis
1821 1495 1985 1564 nique
2030 1497 2326 1568 benignus,
2372 1498 2427 1552 in
2473 1498 2717 1554 adversis
2761 1498 2984 1564 ﬁrmus,
3030 1499 3086 1552 in
3131 1501 3406 1570 prosperis

156 1600 522 1659 ecclesiasticis
572 1598 920 1652 imbuerunt:
951 1596 1026 1650 ita
1072 1593 1175 1648 iste
1223 1592 1400 1646 diruta
1430 1589 1723 1646 emendare

156 1694 368 1759 studuit,
394 1708 460 1748 ac
489 1697 756 1745 vetustate
793 1694 1110 1755 consumpta
1136 1685 1190 1740 in
1218 1683 1411 1754 majori
1456 1681 1723 1754 elegantia

152 1785 430 1856 reparavit.
454 1783 675 1839 Clerum
709 1780 1043 1836 nobilissime
1071 1777 1245 1842 auxit,
1274 1791 1339 1830 ac
1368 1773 1603 1846 regulari
1633 1789 1722 1828 or-

1825 1595 2017 1644 cautus
2051 1596 2107 1643 et
2139 1589 2378 1644 humilis.
2409 1587 2638 1645 Iustitiae
2663 1598 2940 1661 postremo
2960 1590 3218 1646 virtutem
3246 1608 3410 1663 quam

1824 1681 2111 1751 magniﬁce
2131 1683 2384 1749 tenuerit,
2406 1690 2673 1738 testantur
2692 1683 3014 1754 legationes,
3037 1683 3235 1754 quibus
3252 1685 3410 1755 jussu

1825 1768 2190 1839 Augustorum
2248 1769 2564 1839 frequenter
2619 1771 2834 1826 functus
2885 1778 3021 1824 est:
3065 1770 3300 1827 maxime
3348 1787 3414 1827 ea

152 1877 264 1935 dine
291 1875 593 1932 secundum
622 1873 826 1944 egregii
864 1870 1042 1926 Patris
1067 1868 1345 1924 Benedicti
1388 1881 1634 1922 normam
1664 1873 1724 1919 ut
1751 1864 1798 1924 B
1825 1876 1947 1931 quae
1990 1869 2232 1930 tempore
2281 1861 2463 1916 damni
2507 1861 2766 1916 Ludovici
2815 1861 2995 1932 magni
3045 1860 3414 1930 imperatoris,

151 1971 306 2025 vitam
357 1969 647 2040 degerent,
696 1965 1066 2036 multipliciter
1104 1963 1421 2018 decertavit.
1472 1961 1606 2015 Nam
1657 1976 1724 2016 ex

151 2058 345 2115 desidia
385 2060 630 2127 priorum
675 2057 918 2120 Patrum,
964 2054 1056 2125 qui
1098 2055 1277 2127 gregis
1309 2053 1411 2108 sibi
1450 2052 1726 2108 commissi

152 2163 326 2204 curam
377 2147 559 2201 minus
600 2147 791 2201 devote
830 2151 1143 2217 gesserunt,
1187 2151 1361 2198 status
1409 2142 1567 2196 almae
1616 2141 1725 2196 Re-

151 2240 275 2312 gula:
312 2237 560 2309 praedicti
598 2235 775 2291 Patris
815 2235 1094 2291 Benedicti
1134 2233 1250 2304 jam
1298 2234 1452 2304 quasi
1498 2248 1726 2288 casurus

151 2332 426 2386 videbatur
467 2347 480 2385 :
513 2329 638 2384 licet
677 2328 755 2382 illi
794 2329 886 2399 qui
931 2328 1160 2383 Domino
1202 2326 1512 2381 militabant
1559 2341 1727 2380 cano-

151 2409 498 2486 nico’ordine,
523 2417 1075 2490 irreprehensibiliter
1097 2427 1575 2472 conversarentur.
1592 2416 1731 2472 Con-

153 2510 337 2581 tigerat
373 2511 526 2566 enim
563 2509 633 2565 ob
662 2509 950 2572 incuriam,
979 2516 1041 2562 ut
1066 2508 1180 2578 jam
1210 2507 1342 2573 dixi,
1380 2508 1732 2578 praelatorum

151 2601 234 2670 qui
259 2617 322 2657 ea
370 2617 498 2673 quae
545 2599 764 2670 Regula:
799 2600 1095 2654 auctoritas
1129 2615 1299 2654 sacrae
1334 2602 1464 2655 dare
1513 2601 1735 2655 manda-

153 2693 258 2759 bat,
282 2692 732 2764 parvipendendo
759 2691 1023 2762 impertiri
1075 2691 1399 2747 distulerant
1426 2710 1439 2744 :
1473 2692 1568 2747 sed
1597 2707 1736 2764 pra:-

152 2780 319 2837 dictus
348 2781 845 2838 reverendissimus
874 2780 1036 2836 Pater
1068 2781 1368 2852 Ansegisus
1413 2781 1519 2837 hoc
1560 2783 1736 2838 modis

150 2874 395 2929 omnibus
438 2873 660 2941 sategit,
698 2883 761 2926 ut
790 2872 846 2926 in
887 2873 1175 2943 pristinum
1215 2882 1417 2929 statum
1455 2890 1520 2929 ac
1562 2875 1736 2945 legem

152 2975 516 3036 recuperaret,
553 2964 710 3035 juxta
747 2963 889 3034 quod
921 2964 1252 3020 voluntatem
1283 2967 1466 3021 domui
1503 2967 1739 3038 impera-

152 3057 277 3110 toris
302 3071 472 3126 super
500 3055 604 3110 hoc
638 3063 863 3110 noverat
897 3073 910 3108 :
944 3063 1000 3110 et
1038 3071 1157 3125 qua:
1193 3056 1410 3127 Regula:
1441 3058 1736 3115 auctoritas

152 3145 274 3202 dare
316 3147 646 3211 mandabat,
682 3145 866 3217 largiri
910 3147 1083 3202 modis
1122 3147 1372 3203 omnibus
1413 3164 1521 3203 non
1569 3149 1738 3221 negli-

1819 1948 1976 2018 jussu
2017 1951 2261 2022 ejusdem
2290 1951 2538 2021 partibus
2577 1967 2773 2007 marem
2809 1951 3114 2021 Hispanicm
3141 1952 3416 2008 celebrata

1825 2051 1911 2098 est
1951 2043 2214 2098 adversus
2263 2043 2636 2099 Gautselmum
2683 2044 2965 2100 custodem
3010 2044 3200 2100 limitis
3250 2045 3412 2100 illius.

1827 2134 1959 2188 Erat
1995 2134 2140 2189 enim
2171 2134 2226 2188 in
2270 2150 2521 2191 sermone
2550 2135 2888 2201 verissimus,
2929 2137 2985 2191 in
3017 2124 3136 2192 ﬁdei
3165 2137 3413 2193 ﬁrmissi~

1827 2239 1971 2290 mus,
2004 2224 2056 2278 in
2085 2225 2242 2280 bonis
2266 2225 2524 2294 operibus
2565 2235 2867 2296 promptus,
2902 2226 2954 2282 in
2981 2226 3190 2296 judicio
3213 2227 3417 2297 justus,

1830 2313 1885 2370 in
1911 2315 2139 2371 consilio
2166 2317 2443 2387 providus,
2477 2316 2534 2370 in
2560 2317 2804 2372 bonitate
2831 2319 3176 2389 conspicuus,
3214 2319 3266 2373 in
3296 2319 3418 2373 cha-

1833 2410 1994 2464 ritate
2023 2409 2339 2479 pneclarus,
2366 2409 2469 2465 ﬁde
2495 2411 2817 2476 catholicus,
2843 2411 3198 2483 eleemosynis
3240 2410 3412 2478 dives,

1832 2502 1962 2572 vigil
2012 2501 2250 2572 ingenio,
2302 2490 2599 2573 promptus.
2645 2503 2891 2573 eloquio,
2938 2503 3172 2575 ﬂagrans
3220 2505 3418 2560 studio.

1835 2592 1978 2649 Utile
2020 2609 2216 2665 nempe
2259 2610 2357 2650 vas
2397 2595 2451 2650 in
2482 2581 2650 2651 domo
2671 2597 2908 2662 Domini,
2937 2597 3048 2652 Deo
3073 2595 3259 2652 sedule
3298 2610 3418 2651 ser-

1832 2685 2008 2752 viens,
2052 2695 2302 2742 errantes
2340 2687 2643 2758 corrigens,
2689 2695 2964 2743 correctos
3009 2687 3221 2754 fovens,
3252 2687 3423 2744 obsti-

1834 2785 1991 2831 natos
2027 2792 2310 2848 spernens,
2340 2778 2570 2833 humiles
2616 2793 2830 2850 semper
2860 2779 3106 2850 diligens,
3151 2779 3266 2850 regi
3310 2787 3422 2832 ter-

1837 2883 1970 2922 reno
2031 2869 2340 2940 subjectus,
2387 2869 2607 2926 Christo
2654 2871 2981 2927 dominatori
3036 2871 3278 2927 omnium
3324 2870 3424 2926 de-

1834 2967 2013 3015 votus.
2049 2961 2052 2964 ’

1907 3050 1960 3104 6.
2001 3050 2273 3118 Quantum
2305 3067 2433 3108 vero
2475 3054 2530 3110 in
2562 3053 2950 3111 ecclesiasticis
2984 3053 3132 3110 curis
3177 3055 3421 3113 intentus

1836 3141 2023 3209 fuerit,
2059 3153 2328 3200 testantur
2383 3146 2664 3202 innumera
2717 3147 2776 3222 in
2808 3147 3072 3203 coenobiis
3117 3147 3234 3218 ejus
3283 3164 3427 3206 cura:

149 3244 312 3305 geret.
349 3237 598 3306 Denique
633 3252 700 3292 ex
742 3237 982 3292 Luxovio
1020 3240 1287 3304 coenobio,
1316 3241 1460 3310 quod
1508 3242 1564 3296 in
1605 3240 1736 3296 Gal-
1763 3235 1809 3299 C
1840 3238 2072 3293 subditis
2108 3238 2176 3293 ab
2203 3245 2320 3308 ipso
2346 3239 2560 3295 collata.
2605 3240 2664 3294 In
2703 3239 3028 3296 Luxoviensi
3055 3257 3288 3312 namque
3315 3256 3428 3299 ea:-

149 3323 343 3382 liarum
373 3328 542 3383 terris
570 3329 626 3383 in
665 3328 925 3400 religione
954 3345 1018 3384 ac
1047 3332 1280 3400 regulari
1314 3331 1600 3402 disciplina
1629 3349 1738 3388 non

148 3421 376 3481 inferius
403 3439 582 3494 usque
608 3424 676 3479 ad
709 3439 948 3495 praesens
983 3424 1214 3490 videtur,
1243 3425 1543 3480 monachos
1569 3425 1742 3479 Deum

148 3515 431 3580 timentes,
483 3518 742 3585 virosque
795 3516 1081 3587 religiosos
1129 3531 1313 3571 secum
1350 3517 1456 3571 huc
1494 3516 1744 3582 adduxit,

147 3606 233 3672 qui
263 3614 325 3661 et
351 3607 537 3676 legem
573 3606 735 3660 istinc
764 3605 1156 3659 monachorum
1181 3604 1464 3669 docerent,
1489 3611 1545 3659 et
1571 3620 1748 3659 exem-

144 3695 230 3765 pla
265 3698 518 3753 salubria
547 3697 930 3751 ostenderent:
961 3695 1088 3750 licet
1109 3695 1238 3750 olim
1263 3711 1296 3750 a
1326 3697 1446 3750 viro
1468 3695 1616 3766 justo
1647 3695 1748 3750 Be-

142 3789 373 3844 nedicto
422 3785 766 3842 Fossatensis
813 3785 1046 3842 cmnobii
1076 3786 1288 3852 abbate,
1322 3786 1520 3841 eruditi
1552 3787 1607 3840 in
1645 3787 1749 3842 hac

145 3879 525 3949 philosophia,
567 3877 683 3934 fore
711 3879 1045 3946 viderentur,
1079 3881 1169 3949 qui
1198 3879 1446 3950 plurimis
1473 3880 1662 3935 diebus
1692 3880 1748 3935 in

148 3974 249 4029 hoc
307 3973 653 4028 monasterio
708 3981 1125 4038 conversantes,
1172 3956 1436 4027 nonnulla
1496 3973 1746 4044 exempla

151 4067 418 4123 doctrina:
468 4075 523 4120 et
565 4066 824 4121 bonitatis
861 4082 971 4121 suae
1014 4067 1142 4122 istic
1191 4067 1542 4136 reliquerunt.
1576 4066 1742 4134 Nam,

151 4167 208 4213 ut
234 4174 366 4213 vere
401 4157 602 4222 fatear,
630 4174 739 4212 non
771 4157 993 4212 inferius
1025 4157 1268 4214 Francizr
1292 4175 1387 4213 seu
1415 4158 1601 4213 Callia:
1632 4175 1748 4213 mo-

151 4248 407 4303 nasteriis
439 4247 588 4302 istud
623 4247 679 4301 in
707 4246 855 4301 omni
885 4247 1142 4316 religione
1178 4247 1597 4317 comparabatur
1638 4264 1748 4302 cu:-

151 4339 395 4394 nubium.

211 4431 271 4483 '5.
313 4429 432 4486 Nec
462 4430 697 4497 mirum,
741 4429 788 4486 si
837 4438 1079 4502 tempore
1105 4429 1271 4485 'dncis
1319 4429 1508 4501 optimi
1551 4429 1750 4485 milites

153 4517 354 4576 Christi
404 4535 509 4591 per
565 4522 710 4576 viam
765 4523 968 4593 regiam
1030 4523 1382 4587 incederent,
1429 4523 1556 4577 licet
1604 4539 1749 4578 nunc

1841 3333 2004 3387 nobio
2032 3332 2147 3387 hcec
2171 3333 2308 3388 dona
2335 3333 2531 3388 obtulit
2563 3347 2578 3386 :
2610 3349 2828 3389 crucem
2855 3349 3076 3390 auream
3098 3334 3324 3390 miriﬁce
3353 3334 3428 3390 fa-

1842 3432 2008 3489 ctam,
2061 3427 2290 3494 gemmis
2317 3426 2726 3496 pretiosissimis
2757 3427 3087 3496 decoratam,
3137 3427 3428 3483 habentem

1843 3515 2097 3570 baculum
2140 3526 2365 3586 argento
2415 3525 2752 3588 coopertum,
2810 3534 2971 3588 quem
3008 3535 3192 3575 secum
3239 3519 3430 3576 solitus

1845 3611 1965 3658 erat
1987 3604 2040 3659 in
2063 3605 2258 3663 itinere
2280 3607 2550 3678 bajulare;
2575 3607 2910 3664 oﬂ‘ertorium
2933 3625 3161 3665 aureum
3186 3626 3308 3666 cum
3341 3625 3430 3680 pa-

1849 3701 1972 3748 tena
2020 3710 2116 3749 sua
2160 3711 2325 3752 aurea
2371 3712 2537 3766 opere
2586 3698 2861 3763 mirabili,
2899 3699 3101 3756 calices
3145 3708 3431 3771 argenteos

1847 3791 1958 3840 tres
1986 3785 2296 3852 deauratos,
2329 3788 2630 3859 anaglyﬁco
2656 3804 2817 3859 opere
2837 3800 3118 3860 patratos:
3159 3793 3430 3860 hanapum

1849 3886 2164 3948 argenteum
2187 3880 2392 3949 optimo
2420 3873 2584 3950 opere
2624 3880 2851 3948 factum,
2891 3883 3180 3940 habentem
3208 3884 3432 3939 limaces

1849 3984 2042 4025 aureos
2090 3980 2342 4040 quatuor,
2397 3972 2452 4026 in
2502 3972 2668 4029 fundo
2713 3961 2953 4030 exterius
3004 3975 3104 4031 sibi
3150 3989 3430 4040 annexos;

1847 4063 2187 4132 aquamanile
2237 4075 2292 4120 et
2341 4081 2559 4121 urceum
2601 4077 2917 4138 argenteum
2970 4068 3203 4123 mirabili
3243 4081 3428 4136 opere.

1847 4153 2033 4210 Altare
2076 4157 2129 4210 in
2159 4157 2362 4213 honore
2390 4169 2663 4228 perpetua
2691 4159 2916 4230 virginis
2948 4159 3131 4212 Maria:
3160 4156 3432 4212 decoravit

1853 4249 2030 4301 tabula
2071 4249 2270 4319 lignea,
2314 4267 2476 4320 quam
2520 4251 2846 4320 imaginibus
2891 4251 3166 4322 argenteis
3209 4249 3437 4309 diversis

1851 4339 2147 4406 cooperuit.
2199 4339 2277 4394 De
2314 4341 2650 4394 vestimentis
2678 4355 2832 4407 vero,
2879 4341 3130 4396 rodinum
3169 4341 3434 4412 optimum

1851 4444 2038 4494 unum,
2071 4429 2316 4500 planetas
2337 4429 2553 4485 casulas
2568 4431 2836 4501 quinque;
2869 4431 3126 4488 eindados
3152 4431 3436 4489 duodecim

1853 4521 2052 4577 coloris
2076 4523 2274 4578 diversi
2303 4537 2320 4590 ;
2350 4523 2670 4579 dalmaticas
2699 4523 2842 4590 tres';
2872 4524 3033 4596 pallia
3059 4525 3281 4581 fundata
3302 4541 3436 4595 sex;

152 4613 352 4672 Christi
390 4617 642 4672 charitas
670 4633 777 4672 non
814 4619 886 4672 sit
913 4617 1228 4689 refrigerata
1258 4637 1269 4671 :
1301 4635 1420 4673 cum
1451 4618 1638 4688 utique
1678 4619 1752 4674 si-
1774 4585 1829 4646 Β
1855 4622 2029 4684 tapeta
2061 4613 2265 4684 optima
2283 4624 2406 4700 octo
2437 4634 2449 4669 :
2481 4616 2776 4700 Ecclesiam
2807 4619 2978 4674 sancti
3011 4617 3159 4674 Petri
3189 4619 3437 4678 altiorem

151 4705 327 4775 gnifer
371 4707 742 4762 sanctissima:
777 4708 1077 4778 disciplina:
1127 4709 1270 4764 idem
1321 4711 1610 4775 existeret,
1659 4711 1752 4780 qui

1852 4707 1906 4760 in
1945 4705 2150 4761 fabrica
2197 4722 2312 4772 sua,
2372 4697 2557 4763 muros
2598 4697 2863 4774 exultans,
2911 4711 3166 4777 reddidit,
3211 4727 3276 4767 ac
3313 4727 3437 4769 cum

153 4799 408 4853 omnibus
442 4797 746 4852 imitandus
792 4801 1107 4868 apparebat.
1149 4800 1467 4870 Quicunque
1505 4801 1649 4854 enim
1690 4801 1752 4856 il-
1851 4799 2018 4854 clavis
2066 4797 2260 4888 ferreis
2299 4814 2421 4854 eam
2464 4802 2764 4870 cooperuit.
2813 4802 3090 4857 Porticum
3144 4811 3436 4872 prmterea,

153 4886 261 4944 lum
287 4890 556 4945 audiebat
589 4889 1018 4958 praecipientem,
1049 4905 1158 4944 non
1191 4892 1550 4961 redarguebat
1597 4891 1754 4946 aliter
1852 4904 1972 4960 quae
2000 4886 2151 4943 vadit
2170 4889 2236 4944 de
2262 4891 2493 4945 ecclesia
2531 4892 2677 4945 beati
2707 4891 2853 4946 Petri
2893 4893 2962 4947 ad
2994 4892 3252 4949 Sanctum
3290 4893 3437 4947 Mar-

153 4990 501 5048 Operantem.
562 4979 958 5034 Testimonium
1015 4980 1275 5045 veritati,
1326 4996 1432 5035 non
1500 4981 1752 5036 amicitia:
1851 4979 2046 5043 tinum,
2093 4979 2160 5031 de
2190 4993 2330 5032 novo
2360 4978 2521 5042 fecit;
2553 4987 2609 5033 et
2635 4995 2767 5056 eam
2801 4983 3123 5051 cooperiens
3166 4981 3440 5039 scindulas

156 5073 438 5130 reddebat.
487 5071 780 5128 Sermones
818 5072 936 5142 ejus
965 5073 1125 5128 utiles
1171 5072 1346 5144 magis
1387 5089 1548 5143 quam
1591 5072 1752 5129 faceti

156 5177 276 5222 esse
303 5175 630 5224 noverant:
673 5183 703 5222 a
728 5168 912 5223 verbis
946 5183 1160 5239 quoque
1199 5169 1446 5240 turpibus
1489 5169 1756 5225 omnimo-

157 5257 245 5313 dis
271 5259 613 5325 abstinebat,
643 5260 823 5316 sciens
854 5261 982 5330 quia
1012 5260 1230 5317 licentia
1257 5277 1446 5316 eorum
1476 5263 1756 5332 impuden-

155 5340 300 5406 tiam.
321 5345 799 5421 nutrit.‘Quatuor
826 5367 1041 5423 quoque
1070 5353 1321 5416 virtutes,
1347 5354 1545 5424 quibus
1572 5352 1752 5408 omnis

157 5432 320 5500 homo
347 5433 628 5516 praecipue
654 5444 811 5501 inniti
837 5443 1017 5510 debet,
1041 5445 1097 5499 in
1127 5459 1192 5500 eo
1222 5442 1598 5514 refulgebant:
1627 5459 1752 5512 pru-

157 5533 342 5591 dentia
384 5535 660 5598 videlicet,
691 5535 970 5600 fortitudo,
1001 5536 1377 5606 temperantia,
1409 5544 1570 5605 atque
1593 5534 1752 5602 justi-

158 5624 231 5677 tia
255 5639 273 5678 :
295 5640 494 5681 sermo
519 5641 710 5698 nempe
737 5625 852 5694 ejus
881 5641 1146 5698 nusquam
1179 5626 1356 5681 inanis
1385 5626 1614 5691 exstitit,
1641 5626 1750 5682 imo

155 5717 395 5774 subditis
421 5719 530 5776 sibi
555 5719 783 5790 aliisque
808 5727 901 5774 aut
933 5719 1106 5775 suasit
1141 5719 1280 5774 bona
1305 5733 1486 5790 agere,
1515 5727 1609 5773 aut
1637 5734 1754 5774 mo-

1856 5068 1971 5140 ejus
2001 5068 2196 5124 ferreis
2225 5069 2396 5124 clavis
2430 5069 2626 5124 afﬁxit.

1929 5163 1960 5216 7
1997 5163 2052 5216 In
2095 5163 2197 5216 hoc
2246 5161 2408 5232 igitur
2446 5162 2845 5223 Fontanellensi
2888 5167 3137 5224 coenobio
3181 5167 3297 5221 haec
3321 5181 3441 5221 mu-

1856 5267 1987 5309 nera
2036 5252 2283 5306 contulit.
2326 5252 2636 5310 Portionem
2677 5272 2927 5328 magnam
2974 5257 3104 5328 ligni
3147 5255 3440 5313 salutiferae

1857 5350 2036 5408 crucis
2060 5348 2352 5406 Dominicaa
2380 5350 2646 5408 inclusam
2677 5369 2830 5420 auro,
2861 5353 3004 5422 quod
3033 5353 3262 5407 rotundo
3285 5352 3442 5407 scheo

1857 5451 2003 5497 mate
2052 5439 2344 5496 formatum
2387 5451 2523 5510 erat,
2562 5441 2784 5512 ejusque
2827 5443 2882 5496 in
2911 5442 3087 5497 medio
3125 5442 3440 5513 crystallum

1856 5535 2114 5604 positum,
2145 5535 2218 5590 ita
2244 5543 2302 5589 ut
2329 5535 2499 5606 ﬁgura
2525 5535 2652 5605 ligni
2684 5543 2882 5590 sancta“:
2909 5535 3086 5589 crucis
3109 5535 3442 5593 intuentibus

1857 5626 2003 5700 intus
2032 5636 2334 5697 appareret.
2367 5627 2519 5692 Quod
2549 5636 2738 5695 postea
2775 5628 3232 5701 praepedientibus.
3251 5644 3443 5700 pecca-

1858 5717 1948 5782 tis,
1981 5717 2094 5773 sive
2123 5719 2229 5772 alio
2249 5716 2490 5787 quolibet
2523 5731 2650 5771 casu
2681 5717 2749 5772 de
2779 5716 3120 5790 frontispicio,
3147 5719 3272 5784 lecti
3311 5735 3438 5790 pro-

227 5861 256 5893 ι
294 5849 355 5906 ld
391 5859 488 5908 est
523 5868 809 5913 numerum
846 5853 1202 5919 clericorum,
1228 5865 1338 5923 quo
1375 5852 1593 5910 nomine
1634 5853 1885 5910 monachi
1909 5855 2111 5927 passim
2142 5869 2209 5913 eo
2239 5863 2480 5939 tempore
2504 5853 2862 5942 donabantur.
