4022 6460
578 324 686 387 239

1500 311 1564 374 s.
1601 309 1920 373 mssarsr
1954 304 2248 369 ABBATIS
2280 284 2907 400 summasumma

3736 304 3847 369 πω

570 438 795 501 tectoris
827 434 1000 497 nostri
1030 433 1178 494 beati
1211 415 1612 505 Wandregesili
1636 428 1785 485 fures
1813 427 2153 485 sustulerunt
2179 431 2230 490 Α
2255 434 2442 479 contra
2492 423 2765 478 lulianum
2808 418 3124 477 haereticum
3170 414 3437 476 volumen
3461 433 3673 489 unum;
3716 419 3847 483 item

570 533 846 609 perforata
863 528 1097 586 maceria
1115 524 1352 582 basilica:
1368 522 1553 579 Sancti
1579 520 1749 577 Petri.
1774 519 1927 586 Quod
1953 516 2154 571 factum

571 638 657 684 est
679 623 853 696 pridie
877 619 1057 677 Nonas
1076 612 1415 682 Decembris,
1446 613 1748 677 Dominica,
1777 610 2003 680 expletis
2035 615 2158 678 post

575 716 781 775 obitum
819 711 1060 782 ejusdem
1091 707 1311 779 gloriosi
1348 705 1528 761 Patris
1563 702 1837 759 mensibus
1869 698 2062 765 tribus,
2103 704 2159 754 et

582 808 774 864 diebus
802 802 1096 859 sexdecim.
1144 797 1379 854 Calicem
1413 810 1637 851 aureum
1670 792 1900 848 miriﬁce
1931 788 2153 857 factum,

575 901 711 958 duas
729 898 860 953 hinc
883 893 1008 951 inde
1025 888 1318 949 habentem
1341 886 1582 952 ansulas,
1622 885 1851 958 gemmis
1877 883 2157 955 pretiosis-

575 992 729 1050 simis
755 991 1091 1047 decoratum.
1117 985 1209 1056 qui
1235 989 1428 1054 pensat
1454 980 1685 1045 libram;
1715 977 1943 1033 alterum
1964 990 2159 1048 argen-

579 1092 745 1147 teum,
786 1077 1083 1149 anaglylico
1126 1089 1287 1144 opere
1313 1071 1534 1137 factum,
1568 1071 1748 1142 Operis
1774 1067 2002 1125 mirandi
2034 1082 2158 1122 cum

574 1178 771 1246 patena
808 1187 904 1226 sua
939 1175 1239 1239 argentea;
1270 1162 1609 1220 oﬂ'ertorium
1651 1170 1963 1235 argenteum
2009 1159 2155 1231 ejus-

574 1267 700 1323 dem
746 1262 951 1328 calicis,
1000 1260 1204 1315 habens
1251 1257 1485 1330 efﬁgiem
1532 1253 1750 1310 miriﬁci
1799 1253 2018 1324 operis;
2053 1251 2158 1306 alia

572 1354 848 1414 oll‘ertoria
892 1359 1150 1424 argentea
1194 1364 1317 1405 cum
1363 1346 1578 1418 patenis
1633 1344 1903 1416 argenteis
1947 1357 2159 1397 earum-

575 1452 732 1515 dem;
766 1449 1026 1503 coronam
1064 1441 1321 1512 majorem
1370 1445 1683 1509 argenteam
1737 1450 1862 1491 cum
1909 1432 2155 1504 lampada

573 1556 672 1597 sua
710 1548 962 1609 argentea
1002 1532 1263 1604 Optimam
1309 1530 1491 1583 unam.
1538 1527 1672 1581 ltem
1718 1523 2021 1596 lampadam
2070 1538 2159 1578 ar-

572 1637 823 1705 genteam
873 1640 1079 1688 unam;
1132 1614 1463 1678 thuribulum
1523 1625 1838 1688 argenteum
1891 1615 2155 1705 optimum

574 1732 786 1784 unum;
828 1711 1153 1771 candelabra
1199 1717 1463 1781 argentea
1495 1707 1603 1762 tria
1644 1705 1898 1762 habentia
1952 1704 2154 1760 solidos

2260 516 2455 570 librum
2508 512 2856 583 epistularum
2886 509 3128 580 ejusdem
3182 511 3249 565 ad
3284 511 3549 576 diversos,
3586 512 3849 574 volumen

2259 621 2466 670 unum;
2529 605 2656 658 item
2715 602 2956 673 ejusdem
3003 602 3198 657 librum
3245 601 3338 672 qui
3392 602 3628 669 dicitur,
3698 601 3851 664 Unda

2259 696 2476 761 malum,
2525 694 2777 750 volumen
2825 709 3022 758 unum;
3059 694 3185 749 item
3230 693 3425 747 librum
3452 694 3705 764 ejusdem
3760 695 3850 765 qui

2257 787 2636 860 praetitulatur,
2664 787 2731 842 de
2742 786 2997 841 Doctrina
3021 785 3615 851 Christiana,volumen
3635 803 3845 853 unum;

2258 879 2455 936 librum
2487 879 2672 933 decem
2709 876 3049 933 Chordarum
3075 877 3356 949 ejusdem;
3381 875 3623 945 ejusdem
3683 894 3848 949 super

2260 969 2555 1042 Epistulam
2586 967 2846 1037 Joannis;
2888 969 3022 1025 item
3051 954 3314 1024 adversus
3342 968 3624 1039 epistolam
3657 967 3851 1029 funda-

2254 1064 2428 1119 menti
2452 1063 2704 1118 volumen
2733 1078 2902 1118 unum
2928 1078 2943 1127 ;
2979 1061 3263 1116 bomiliare
3291 1058 3551 1129 ejusdem,
3588 1061 3847 1123 volumen

2258 1173 2446 1212 unum.
2478 1156 2879 1227 Expositionem
2908 1155 3055 1210 beati
3089 1154 3363 1209 Ambrosii
3398 1155 3452 1209 in
3482 1154 3643 1210 Luca:
3668 1155 3846 1212 Evan-

2259 1247 2478 1320 gelium,
2518 1246 2771 1302 volumen
2817 1261 3018 1311 unum;
3068 1245 3431 1316 Epistolarum
3481 1244 3736 1315 ejusdem
3786 1246 3845 1304 ad

2259 1339 2532 1405 diversos,
2589 1338 2842 1394 volumen
2890 1353 3092 1404 unum;
3157 1338 3286 1392 item
3334 1336 3580 1407 ejusdem
3642 1337 3843 1399 librum

2261 1431 2354 1502 qui
2397 1429 2594 1485 dicitur
2629 1430 2697 1485 de
2724 1429 2872 1485 Bono
2900 1430 3114 1495 mortis,
3154 1429 3405 1484 volumen
3458 1446 3660 1495 unum;
3722 1432 3842 1488 item

2259 1520 2501 1593 ejusdem
2522 1519 2802 1593 deJoseph
2834 1537 2898 1576 ac
2921 1521 3201 1578 duodecim
3234 1519 3569 1577 Patriarcbis
3594 1522 3841 1585 volumen

2258 1629 2443 1667 unum.
2478 1612 2837 1682 Epistolarum
2864 1613 3004 1667 beati
3032 1611 3341 1685 Hieronymi
3373 1612 3623 1669 volumen
3642 1631 3837 1683 unum;

2260 1702 2607 1776 epistolarum
2653 1706 2827 1761 sancti
2858 1703 2997 1759 Sixti
3039 1703 3289 1775 Episcopi
3336 1704 3592 1761 volumen
3640 1723 3839 1776 unum,

571 1807 885 1880 nonaginta,
930 1803 988 1862 id
1034 1810 1139 1867 est,
1191 1796 1613 1869 unumquodque
1673 1796 1939 1867 triginta;
1980 1793 2155 1864 sigilla
2183 1786 2232 1850 B
2260 1797 2620 1853 Historiarum
2663 1795 2882 1863 Josepbi
2929 1795 3180 1852 volumen
3228 1813 3433 1863 unum;
3467 1810 3493 1837 ιι
3520 1797 3681 1869 Tagii
3717 1798 3839 1856 Sen»

574 1916 742 1956 aurea
764 1892 994 1956 miriﬁca
1021 1909 1145 1949 cum
1180 1889 1433 1961 pretiosis
1458 1886 1725 1958 lapidibus
1756 1901 1982 1941 numero
2008 1886 2155 1951 duo;

571 2003 797 2045 urceum
822 1992 1137 2056 argenteum
1164 1994 1289 2035 cum
1310 1976 1641 2049 aquamanili
1667 1975 1930 2046 Optimum
1955 1987 2152 2039 unum;

575 2092 778 2149 cuppas
810 2075 1013 2129 vitreas
1049 2085 1183 2126 auro
1211 2077 1433 2125 ornatas
1459 2068 1614 2132 duas,
1650 2066 1941 2121 eburneam
1992 2079 2157 2119 unam

574 2165 803 2224 miriﬁce
832 2163 1053 2218 factam.
1097 2158 1333 2233 Pyxidas
1372 2157 1642 2211 eburneas
1683 2154 1855 2221 duas;
1886 2155 2157 2223 hanapmn

570 2261 803 2318 vitreum
822 2257 1086 2328 optimum
1106 2266 1272 2309 unum
1297 2267 1312 2317 ;
1344 2259 1576 2320 quatuor
1609 2247 1889 2319 evangelia
1910 2246 1966 2300 in
1991 2260 2160 2298 mem-

571 2348 745 2409 brano
769 2358 1040 2421 purpureo
1066 2360 1133 2401 ex
1165 2355 1299 2397 auro
1328 2339 1569 2395 scribere
1608 2336 1774 2407 jussit
1805 2335 2044 2390 Romana
2069 2332 2159 2387 lit-

571 2449 730 2507 tera;
761 2455 830 2496 ει
874 2438 1069 2509 quibus
1096 2430 1354 2496 Matthzei,
1391 2429 1614 2485 Joannis
1645 2436 1700 2484 et
1723 2428 1882 2483 Luca:
1919 2425 2158 2495 comple-

576 2532 687 2599 vit,
742 2529 857 2595 sed,
896 2526 1293 2583 interveniente
1341 2532 1517 2579 morte
1560 2517 1823 2590 ejusdem,
1890 2516 2157 2588 reliquum

572 2624 947 2698 imperfectum
970 2621 1252 2678 remansit.
1283 2614 1685 2675 Lectionarium
1713 2613 1876 2669 etiam
1906 2613 1961 2666 in
1985 2624 2157 2666 mem-

572 2716 744 2777 brano
773 2726 1044 2789 purpureo
1074 2713 1325 2770 similiter
1346 2711 1589 2767 scribere
1609 2706 1797 2777 jussit,
1839 2706 2156 2761 decoratum

573 2811 773 2868 tabulis
801 2810 1091 2873 eburneis;
1125 2805 1563 2877 antiphonarium
1608 2800 1858 2858 similiter
1896 2800 1950 2855 in
1988 2813 2156 2854 mem-

573 2906 745 2961 brano
785 2916 1055 2975 purpureo
1094 2898 1365 2970 argenteis
1413 2895 1680 2965 scriptum
1726 2891 1947 2957 litteris,
1997 2905 2157 2946 orna-

574 3005 797 3067 tumque
826 2993 1023 3050 tabulis
1050 2992 1323 3048 eburneis.
1358 2989 1432 3044 De
1459 2986 1803 3042 vestimentis
1826 3000 1959 3040 vero
1983 2981 2157 3039 eccle-

577 3085 817 3143 siasticis
863 3084 1093 3156 largitus
1116 3089 1201 3137 est
1231 3079 1412 3151 pallia,
1457 3092 1577 3149 qua:
1615 3076 1871 3131 dicuntur
1912 3073 2153 3141 fundata,

577 3176 717 3244 tria;
744 3147 1018 3230 stauracia
1045 3171 1187 3238 duo;
1218 3168 1517 3240 stragulum
1547 3165 1900 3238 Hispanicum
1942 3178 2148 3231 unum;
2180 3147 2225 3212 C

572 3266 774 3342 tapetia
795 3273 1068 3338 quatuor;
1095 3260 1412 3318 dalmaticas
1438 3259 1815 3316 ministrorum
1851 3256 2153 3313 ministerio

573 3370 724 3433 aptas
768 3375 901 3427 sex;
957 3372 1176 3414 roccum
1226 3351 1662 3412 subdiaconalem
1701 3365 1900 3416 unum;
1931 3364 2154 3405 coccum

571 3466 782 3519 unum;
835 3449 1076 3507 tunicam
1125 3445 1519 3504 sacerdotalem
1558 3442 1732 3499 Indici
1782 3441 1983 3497 coloris
2029 3455 2154 3497 cum

560 3544 892 3602 vestimento
911 3544 1118 3616 integro
1139 3555 1302 3596 unam
1327 3558 1342 3608 ;
1374 3540 1619 3611 planetas
1647 3535 1859 3592 casulas
1889 3542 2152 3607 quatuor;

572 3634 784 3691 casulas
813 3634 943 3690 item
983 3650 1051 3690 ex
1077 3632 1296 3690 cindato
1334 3628 1501 3685 indici
1530 3627 1728 3683 coloris
1758 3634 1910 3692 tres;
1964 3623 2155 3680 viridis

573 3725 772 3781 coloris
819 3739 888 3780 ex
928 3725 1145 3780 cindato
1173 3724 1304 3778 item
1341 3729 1492 3787 tres;
1527 3721 1655 3775 item
1682 3718 1835 3774 rubei
1882 3717 1997 3772 sive
2022 3732 2151 3771 san-

573 3814 752 3885 guinei
782 3813 977 3869 coloris
1002 3829 1067 3869 ex
1097 3808 1312 3868 cindato
1339 3825 1536 3875 unam;
1567 3809 1825 3864 blatteam
1849 3808 1979 3863 item
2005 3821 2157 3861 casu—

572 3905 683 3962 lam
721 3921 927 3972 unam;
966 3921 1163 3978 cappas
1206 3903 1483 3959 Romanas
1501 3901 1658 3967 duas,
1707 3916 1871 3955 unam
1898 3899 2152 3954 videlicet

574 4008 644 4053 ex
670 3996 839 4053 rubeo
866 3995 1081 4052 cindato
1110 4004 1163 4050 et
1192 3994 1421 4050 ﬁmbriis
1447 3994 1709 4049 viridibus
1741 3992 1795 4046 in
1821 3992 2047 4046 circuitu
2072 4006 2156 4045 or-

573 4097 781 4154 natam,
813 4086 1037 4142 alteram
1066 4102 1135 4142 ex
1161 4101 1293 4141 cane
1318 4084 1559 4154 pontico,
1602 4098 1761 4155 quem
1791 4083 1980 4155 vulgus
2018 4083 2155 4137 Ben-

571 4192 729 4234 vrum
772 4184 1065 4247 nuncupat,
1114 4176 1363 4232 similiter
1390 4175 1618 4231 ﬁmbriis
1647 4174 1729 4229 sui
1759 4173 1959 4229 coloris
1985 4175 2152 4228 deco-

571 4270 749 4325 ratam
784 4266 844 4323 in
892 4269 1063 4334 orbe;
1101 4264 1329 4323 linteum
1366 4267 1633 4339 optimum
1662 4282 1869 4332 unum;
1903 4265 2153 4322 facister-

571 4362 717 4434 gium
756 4360 925 4434 {forte
962 4358 1323 4432 facitbrglum]
1372 4361 1639 4430 optimum
1684 4374 1888 4426 unum;
1930 4358 2156 4413 fanones

2261 1889 2573 1954 tentiarum,
2624 1888 2873 1943 volumen
2926 1904 3132 1953 unum;
3164 1880 3594 1959 Excerptionum
3646 1888 3838 1949 Paterii

2258 1976 2327 2034 de
2362 1978 2543 2033 Veteri
2590 1994 2654 2035 ac
2683 1977 2833 2035 Novo
2863 1976 3209 2036 Testamento
3257 1995 3325 2035 ex
3370 1979 3660 2050 Opusculis
3702 1983 3836 2041 beati

2259 2066 2502 2141 Gregorii
2533 2070 2691 2140 Papae
2720 2070 2968 2127 volumen
2997 2072 3047 2126 1.
3088 2072 3245 2143 Evipi
3291 2088 3358 2128 ex
3385 2074 3677 2145 Opusculis
3708 2077 3835 2135 beati

2256 2160 2541 2231 Augustini
2569 2163 2817 2219 similiter
2843 2160 3091 2219 volumen
3122 2164 3174 2220 l.
3204 2164 3452 2237 Gregorii
3478 2167 3531 2222 in
3554 2178 3712 2238 parte
3738 2184 3837 2227 me-

2258 2253 2345 2309 dia
2356 2253 2477 2310 Job.
2495 2256 2602 2310 vol.
2622 2254 2673 2309 l.
2687 2254 2906 2310 Librum
2928 2255 3194 2328 Fulgentii
3209 2259 3446 2330 episcopi
3461 2258 3839 2332 Carthagine»

2257 2346 2335 2403 sis
2382 2348 2488 2404 vol.
2527 2348 2574 2403 l.
2620 2346 2841 2404 Librum
2886 2347 3145 2406 Ferrandi
3180 2350 3397 2406 diaconi
3428 2350 3689 2406 Ecclesiae
3713 2349 3838 2407 Car-

2260 2442 2593 2513 thaginensis
2639 2441 2749 2498 vol.
2783 2442 2834 2496 1.
2866 2442 3023 2500 Bedce
3054 2443 3107 2498 in
3134 2440 3394 2498 Genesim
3429 2443 3713 2513 Expositio
3738 2442 3838 2499 vol.

2259 2532 2311 2589 1.
2362 2533 2617 2603 Ejusdem
2661 2530 2729 2588 de
2750 2541 3005 2602 computo
3040 2548 3103 2589 ac
3129 2534 3341 2588 ratione
3375 2543 3687 2604 temporum
3735 2531 3833 2587 vol.

2258 2625 2309 2680 1.
2340 2623 2712 2680 Collectaneos
2733 2624 2869 2679 duos
2908 2639 3073 2694 super
3101 2623 3227 2678 anni
3278 2623 3511 2689 circulo,
3540 2622 3699 2678 Pauli
3741 2624 3837 2677 dia-

2255 2716 2377 2772 coni
2402 2716 2674 2771 volumina
2702 2714 2729 2754 b
2754 2714 2890 2780 duo;
2921 2714 3089 2771 libros
3117 2714 3417 2785 glossarqu
3449 2715 3632 2779 duos;
3658 2713 3834 2769 librum

2255 2824 2523 2865 canonum
2551 2806 2887 2863 diversorum
2914 2805 3266 2861 conciliorum
3298 2805 3556 2860 volumen
3591 2820 3773 2859 unum.

2324 2903 2376 2959 9.
2405 2897 2657 2957 Edilicia
2687 2910 2868 2954 autem
2893 2898 3105 2970 publica
3133 2913 3197 2953 ac
3225 2898 3440 2968 privata
3478 2898 3550 2953 ab
3581 2898 3706 2968 ipso
3743 2910 3834 2952 oce-

2253 3001 2346 3066 pta
2375 3001 2430 3049 et
2454 2998 2827 3049 consummata
2856 2990 2972 3046 haec
2995 2995 3141 3045 sunt.
3170 2987 3228 3044 In
3248 2988 3447 3059 primis
3471 2988 3837 3045 dormitorium

2256 3082 2488 3139 fratrum
2546 3080 2942 3137 nobilissimum
3001 3079 3239 3137 construi
3297 3078 3447 3146 fecit,
3507 3079 3839 3153 longitudinis

2255 3174 2452 3248 pedum
2496 3174 2851 3250 ducentorum
2899 3180 3043 3239 octo,
3099 3172 3402 3229 latitudinis
3470 3188 3607 3230 vero
3670 3173 3839 3244 viginti

2254 3275 2482 3338 septem.
2506 3265 2679 3322 Porro
2718 3265 2895 3321 omnis
2930 3265 3048 3336 ejus
3088 3264 3296 3322 fabrica
3323 3264 3627 3336 porrigitur
3655 3264 3713 3319 in
3734 3262 3841 3320 alti-

2254 3357 2443 3414 tudine
2490 3356 2689 3429 pedum
2740 3356 3021 3426 sexaginta
3074 3362 3344 3426 quatuor:
3395 3356 3553 3426 cujus
3592 3354 3743 3411 muri
3780 3353 3840 3410 de

2254 3448 2404 3506 calce
2441 3448 2735 3504 fortissima
2760 3463 2825 3503 ac
2849 3448 3084 3513 viscosa,
3108 3462 3386 3519 arenaque
3413 3448 3526 3502 rufa
3561 3454 3623 3501 et
3646 3445 3835 3511 fossili,

2253 3541 2538 3615 lapideque
2568 3541 2747 3599 tofoso
2772 3557 2837 3597 ac
2872 3540 3102 3615 probato
3130 3541 3431 3598 constructi
3476 3548 3629 3598 sunt.
3681 3540 3839 3597 Habet

2253 3651 2470 3708 quoque
2497 3634 2759 3693 solarium
2817 3635 2871 3690 in
2920 3633 3101 3690 medio
3150 3634 3235 3690 sui
3286 3634 3605 3705 pavimento
3651 3636 3837 3704 optimo

2254 3728 2589 3791 decoratum,
2654 3726 2741 3782 cui
2798 3726 3028 3795 desuper
3084 3733 3169 3781 est
3222 3725 3445 3796 laquear
3500 3724 3836 3782 nobilissimis

2252 3818 2484 3890 picturis
2512 3827 2787 3874 ornatum.
2818 3816 3176 3874 Continentur
3205 3817 3259 3873 in
3283 3818 3397 3888 ipsa
3426 3817 3600 3874 domo
3625 3818 3836 3888 desuper

2252 3909 2506 3967 fenestra:
2552 3911 2757 3974 vitreae,
2810 3918 3111 3980 cunctaque
3171 3907 3290 3978 ejus
3338 3909 3577 3975 fabrica,
3630 3918 3837 3979 excepta

2253 4006 2513 4069 maceria,
2554 4005 2622 4063 de
2672 4005 2895 4059 materia
2931 4020 3231 4075 quercuum
3263 4004 3601 4060 durabilium
3630 4006 3834 4062 condita

2253 4106 2337 4150 est
2363 4114 2374 4149 :
2404 4096 2699 4166 tegulaeque
2746 4096 2916 4164 ipsius
2964 4096 3236 4152 universae
3264 4096 3435 4152 clavis
3468 4096 3666 4153 ferreis
3694 4098 3835 4152 deso-

2253 4202 2352 4257 per
2386 4184 2592 4241 allixm:
2637 4186 2800 4241 habet
2831 4202 3046 4241 sursum
3098 4187 3282 4243 trabes
3323 4197 3377 4243 et
3407 4187 3695 4244 deorsum.
3724 4188 3838 4244 Post

2254 4278 2399 4346 quod
2447 4277 2737 4332 aediﬁcavit
2787 4276 2950 4332 aliam
3005 4279 3226 4333 domum
3278 4295 3401 4348 quae
3438 4290 3672 4336 vocatur
3712 4280 3836 4338 reie-

2254 4369 2504 4433 ctorium,
2534 4384 2695 4438 quam
2726 4368 2802 4422 ita
2836 4383 2935 4438 per
2965 4370 3199 4425 medium
3234 4372 3474 4424 maceria
3504 4372 3574 4426 ad
3604 4373 3705 4429 hoc
3731 4386 3841 4428 eoo-

571 4450 982 4527 optimosrlmls,
1006 4452 1181 4508 unum
1214 4458 1348 4509 auro
1375 4452 1710 4519 decoratum,
1744 4452 1975 4507 alterum
2006 4462 2155 4507 stau-
2176 4519 2226 4531 ﬁ
2257 4469 2462 4516 structa
2490 4458 2729 4516 dividere
2769 4459 2920 4527 fecit,
2952 4470 3011 4516 ut
3033 4478 3135 4517 una
3167 4477 3295 4531 pars
3329 4461 3641 4528 refectui-ii,
3683 4464 3840 4520 alte].

572 4519 742 4612 ratio;
775 4519 903 4600 item
930 4544 995 4600 de
1020 4545 1241 4600 cindato
1262 4544 1398 4602 duos
1423 4562 1437 4611 ;
1465 4544 1766 4616 pulvinaria
1789 4545 1965 4599 serica
1994 4558 2155 4599 evan-

2257 4556 2397 4610 l'oret
2424 4552 2628 4609 cellarii
2655 4571 2669 4621 ;
2702 4540 2769 4610 de
2797 4542 2990 4610 eadem
3015 4519 3268 4609 videlicet
3309 4556 3548 4610 materia
3578 4519 3842 4626 similique

572 4634 756 4708 geticis
780 4634 968 4691 ol'llciis
982 4642 1130 4706 apta,
1160 4638 1387 4709 majora,
1411 4637 1546 4702 duo;
1572 4633 1771 4699 minus,
1794 4648 1961 4688 unum
1985 4650 2000 4701 ;
2041 4634 2155 4690 cin-

573 4724 696 4800 gula
724 4726 967 4785 Romano
1001 4744 1165 4800 opere
1203 4730 1347 4785 facta
1374 4743 1506 4784 auro
1534 4728 1790 4783 decorata
1814 4727 1920 4783 duo
1948 4744 1965 4794 ;
1994 4742 2152 4797 map-

571 4820 741 4894 pulas'
764 4818 923 4885 duas,
946 4820 1120 4876 stolas
1146 4822 1298 4876 duas.

643 4914 697 4969 8.
712 4911 789 4968 De
810 4912 964 4968 libris
979 4918 1157 4967 autem
1180 4913 1320 4967 hanc
1335 4909 1481 4967 dedit
1503 4908 1739 4982 copiam,
1766 4908 2151 4965 bibliothecam

571 5007 853 5078 optimam,
884 5005 1251 5060 continentem
1287 5004 1455 5060 Vetus
1482 5011 1539 5059 et
1580 5002 1788 5059 Novum
1829 4999 2148 5056 Testamen-

574 5107 690 5155 tum
735 5113 858 5154 cum
884 5095 1292 5169 praefationibus
1334 5110 1399 5150 ac
1438 5094 1609 5151 initiis
1657 5093 1921 5151 librorum
1968 5090 2149 5148 aureis

571 5190 772 5247 litteris
795 5189 1095 5255 decoratis;
1128 5187 1295 5244 libros
1307 5188 1383 5243 Ex
1390 5174 1718 5261 positionum
1734 5189 1842 5246 divi
1864 5183 2149 5259 Augustini

571 5280 630 5338 in
658 5280 911 5338 Genesim
960 5281 1029 5337 ad
1063 5280 1302 5337 litteram
1326 5280 1580 5337 'volumen
1605 5294 1771 5337 unum
1799 5295 1814 5344 ;
1862 5277 1993 5333 item
2038 5276 2148 5331 En-

573 5372 841 5429 chiridion
888 5374 1149 5446 ejusdem,
1180 5373 1432 5429 volumen
1459 5386 1626 5427 unum
1651 5388 1665 5436 ;
1696 5370 1937 5441 ejusdem
1968 5366 2151 5437 expla-

574 5465 855 5523 nationum
898 5467 955 5522 in
978 5481 1170 5547 omnes
1189 5467 1426 5538 psalmos
1445 5462 1721 5521 volumina
1749 5463 1883 5530 tria;
1914 5459 2152 5531 ejusdem

649 5651 677 5682 ι
700 5640 755 5697 is
783 5649 866 5697 est
913 5642 1112 5715 Tagius
1148 5659 1243 5700 seu
1290 5642 1477 5709 Talus,
1521 5642 1643 5699 aliis
1678 5640 1831 5715 Taio,
1872 5641 2151 5700 Caesarau-

578 5724 841 5788 aristaeus
858 5714 1163 5788 episcopus,
1183 5716 1275 5786 qui
1294 5731 1363 5788 ex
1384 5717 1538 5771 libris
1556 5716 1730 5771 sancti
1745 5714 1993 5788 Gregorii
2005 5732 2158 5788 papa

574 5784 736 5861 primi
761 5784 1069 5857 compilavit
1084 5784 1317 5860 quatuor
1342 5787 1512 5849 libros
1534 5784 1943 5843 sententiarum.

2255 4662 2511 4702 mensura
2538 4647 2681 4703 sicut
2723 4656 2778 4703 et
2820 4647 3239 4703 dormitorium:
3276 4663 3441 4719 quam
3484 4649 3656 4705 variis
3682 4650 3842 4720 picti-

2184 4804 2193 4811 η
2254 4738 2332 4794 ris
2358 4737 2603 4793 decorari
2641 4737 2695 4792 in
2724 4739 2961 4795 maceria
2997 4746 3053 4794 et
3083 4738 3137 4794 in
3167 4737 3408 4807 laqueari
3455 4736 3590 4795 fecit
3614 4757 3645 4795 a
3676 4738 3842 4794 lada-

2250 4830 2382 4886 lulfo
2407 4832 2623 4904 egregio
2648 4832 2856 4904 pictore
2880 4832 3290 4888 Cameracensis
3312 4831 3584 4889 ecclesia).
3616 4830 3843 4887 Tertiam

2252 4937 2446 4993 nempe
2491 4921 2619 4978 fecit
2663 4924 2881 4979 domum
2913 4923 3184 4994 egregiam
3212 4923 3482 4985 construi,
3534 4938 3702 4995 quam
3733 4936 3840 4977 ma-

2248 5011 2425 5083 jorem
2449 5022 2661 5078 vocant,
2705 5030 2824 5086 quze
2850 5015 2917 5071 ad
2942 5016 3211 5071 orientem
3243 5030 3402 5070 versa
3432 5015 3507 5070 ab
3538 5032 3649 5069 una
3673 5014 3845 5070 fronte

2255 5106 2520 5176 contingit
2546 5106 2946 5173 dormitorium,
2998 5106 3068 5163 ab
3101 5106 3274 5161 altera
3323 5103 3574 5163 adhaeret
3616 5105 3843 5164 refecto-

2256 5198 2376 5253 rio:
2429 5198 2520 5253 ubi
2565 5214 2836 5254 cameram
2883 5206 2940 5254 et
2996 5198 3346 5263 caminatam,
3393 5212 3613 5254 necnon
3639 5206 3700 5255 et
3748 5196 3845 5257 81h

2254 5290 2488 5363 plurima
2507 5291 2775 5349 aediﬁcare
2811 5290 3088 5347 mandavit
3117 5308 3130 5344 :
3174 5290 3268 5346 sed
3310 5290 3648 5347 adveniente
3676 5296 3851 5349 multo

2255 5381 2517 5453 ejusdem,
2546 5383 2650 5437 hoc
2691 5397 2825 5453 opus
2849 5398 2916 5438 ex
2959 5389 3114 5453 parte
3142 5380 3529 5453 imperfectum
3563 5381 3849 5438 remansit.

2258 5475 2386 5531 Haec
2432 5474 2538 5530 tria
2569 5474 2792 5546 egregia
2838 5482 2979 5531 tecta
3014 5475 3091 5531 ita
3124 5475 3420 5531 constituta
3445 5482 3619 5531 sunt:
3649 5472 3853 5530 donni-

2334 5653 2363 5695 ὶι
2391 5653 2594 5724 Nempe
2613 5652 2956 5725 humiliarum
2976 5653 3028 5708 in
3054 5652 3328 5725 evangelia
3363 5653 3534 5709 totius
3564 5653 3724 5725 anni,
3751 5664 3853 5722 qua

2263 5725 2333 5783 de
2359 5741 2419 5782 re
2442 5724 2668 5797 legenda
2689 5724 2868 5782 Caroli
2892 5724 3069 5797 Magni
3107 5724 3335 5796 epiStula
3362 5725 3433 5781 ad
3470 5724 3733 5780 Paulum.
