4022 6446
169 361 266 418 τη

1695 336 1876 391 “TA.

3315 343 3425 403 τη

169 441 349 510 {brium
391 439 645 499 videlicet
691 439 764 495 ab
809 452 918 494 una
952 434 1129 493 fronte
1174 446 1391 488 versum
1431 439 1514 487 est
1563 431 1734 502 pingiu
1764 436 1810 495 Α
1838 431 2144 497 aediﬁcavit,
2177 439 2301 488 ante
2331 431 2484 503 cujus
2525 448 2674 489 aram
2725 433 2964 492 tabulam
2991 440 3263 511 argenteis
3280 441 3441 499 ξι·-

171 533 580 613 septentrionali,
611 533 677 587 ab
709 532 877 586 altera
908 527 1152 592 australi,
1184 535 1240 580 et
1286 526 1526 578 adhaeret
1577 526 1645 578 ab
1671 542 1734 578 ea

169 632 388 692 basilicze
415 627 588 682 sancti
612 625 780 680 Petri.
829 624 1194 679 [lel'ectorium
1239 619 1492 674 similiter
1519 635 1736 674 versum

169 734 244 782 est
268 721 463 776 eisdem
512 718 725 788 plagis:
783 725 838 771 et
880 725 966 770 est
1014 714 1128 768 fere
1166 712 1475 782 contiguum
1523 728 1553 766 a
1583 720 1738 781 parte

167 799 453 874 meridiana
487 809 688 864 absidze
717 808 956 864 basilicae
984 806 1040 861 S.
1082 805 1246 859 Petri.
1291 804 1459 858 Porro
1499 803 1590 858 illa
1615 819 1736 857 ma-

163 911 242 981 jor
268 909 470 968 domus,
503 903 644 957 sicut
688 917 850 972 supra
882 901 1139 964 diximus,
1176 898 1244 952 ad
1291 897 1558 951 orientem
1604 911 1737 950 con-

167 1002 337 1056 stituta
366 1002 466 1050 est.
512 993 753 1048 Ecclesia
782 1000 962 1045 autem
992 989 1176 1045 Sancti
1207 989 1354 1044 Petri
1382 1005 1412 1042 a
1443 996 1598 1058 parte
1629 1003 1742 1042 me-

165 1089 359 1146 ridiana
381 1084 485 1138 sita
513 1090 618 1147 est,
642 1097 797 1135 versa
822 1089 999 1134 tamen
1027 1081 1093 1133 ad
1111 1080 1397 1132 orientem.
1425 1077 1545 1148 Ipsa
1569 1077 1738 1131 etiam

167 1196 194 1234 a
220 1186 365 1249 parte
390 1173 713 1230 occidentali
754 1172 975 1242 triginta
1032 1171 1229 1241 pedum
1283 1171 1336 1223 in
1384 1169 1739 1239 longitudine,

167 1286 222 1326 ac
245 1267 458 1323 totidem
492 1267 544 1319 in
566 1264 854 1318 latitudine
883 1262 1143 1325 accrevit,
1173 1267 1488 1314 mnstructo
1511 1259 1744 1328 desuper

166 1359 466 1419 caenaculo:
501 1373 662 1429 quam
693 1358 747 1411 in
780 1357 984 1411 honore
1037 1354 1248 1410 Domini
1303 1352 1400 1406 Dei
1448 1351 1743 1406 Salvatoris

163 1451 319 1508 nostri
367 1450 496 1506 Jesu
549 1449 754 1505 Christi
808 1447 1164 1503 dedicandam
1218 1444 1336 1500 fore
1384 1443 1741 1514 praeoptabat.

164 1546 260 1603 Sed
278 1555 330 1602 et
361 1548 536 1616 ipsum
567 1561 704 1617 opus
738 1551 963 1616 propter
1009 1552 1239 1598 mortem
1276 1540 1394 1610 ejus
1442 1549 1552 1595 tam
1579 1539 1743 1592 citam

163 1637 532 1709 imperfectum
586 1637 867 1692 remansit.
925 1635 984 1690 1n
1031 1635 1224 1690 eadem
1277 1642 1460 1688 autem
1519 1631 1743 1686 basilica

162 1729 337 1785 Saneti
388 1728 536 1783 Petri
569 1727 904 1799 pyramidem
957 1725 1386 1798 quadrangulam
1443 1710 1745 1778 altitudinis

158 1821 370 1891 triginta
398 1795 639 1888 quinque
683 1819 881 1888 pedum
908 1795 1150 1886 deiliguo
1189 1795 1427 1869 tornatili
1475 1813 1742 1882 composi-
1769 1795 1818 1855 Β

157 1913 280 1975 tam,
328 1911 385 1964 in
421 1909 656 1964 culmine
700 1909 869 1977 turris
914 1905 1156 1975 ejusdem
1194 1905 1438 1960 ecclesia:
1483 1901 1740 1960 collocari

154 2001 344 2072 iussit;
397 2018 561 2072 quam
615 2002 854 2073 plumbo,
911 2010 1125 2067 stanno,
1171 2015 1237 2054 ac
1279 2013 1447 2068 cupro
1481 1999 1740 2053 deaurato

157 2093 415 2164 cooperiri
453 2092 640 2160 jussit,
686 2094 898 2162 triaque
949 2092 1144 2146 ibidem
1191 2090 1347 2160 signa
1382 2089 1584 2160 posuit,
1609 2103 1739 2143 nam

158 2191 304 2239 antea
333 2183 500 2238 nimis
539 2183 743 2238 humile
774 2183 876 2236 hoc
919 2197 1054 2252 opus
1099 2188 1239 2235 erat.
1292 2181 1466 2250 Ipsam
1503 2193 1742 2248 namque

156 2275 362 2337 turrim,
394 2273 665 2342 simulque
704 2273 946 2327 absidam
997 2271 1189 2343 tegulis
1229 2270 1499 2341 plumbeis
1539 2287 1571 2324 a
1600 2284 1742 2324 novo

157 2365 411 2435 cooperiri
449 2363 637 2433 jussit.
666 2362 835 2418 Jussit
880 2371 1141 2433 praiterea
1185 2361 1348 2416 aliam
1374 2361 1608 2416 condere
1648 2361 1743 2415 do-

156 2472 291 2512 mum
310 2455 473 2525 juxta
500 2455 742 2510 absidam
773 2453 1009 2508 basilicae
1036 2452 1223 2506 Sancti
1254 2451 1402 2506 Petri
1432 2451 1500 2503 ad
1525 2451 1743 2521 plagam

156 2547 651 2618 septentrionalem,
682 2561 844 2616 quam
885 2543 1215 2605 Conventus,
1249 2543 1363 2596 sive
1398 2542 1595 2607 Curim,
1623 2557 1746 2610 quae

155 2637 330 2694 Grece
356 2637 694 2693 Beleuterion
735 2649 761 2676 α
806 2635 1024 2699 dicitur,
1056 2633 1314 2703 appellari
1344 2631 1587 2702 placuit;
1620 2644 1746 2700 pro-

155 2740 266 2802 pter
287 2731 434 2801 quod
466 2728 752 2784 consilium
777 2727 828 2780 in
851 2743 917 2782 ea
937 2727 1003 2780 de
1024 2726 1265 2795 qualibet
1287 2740 1344 2779 re
1367 2725 1746 2794 perquirentes

154 2825 440 2879 convenire
469 2821 696 2876 Fratres
739 2819 882 2874 soliti
913 2819 1042 2872 sint.
1073 2816 1151 2871 ibi
1181 2815 1414 2884 namque
1455 2814 1509 2868 in
1540 2813 1746 2884 pulpito

156 2915 306 2972 lectio
334 2916 582 2987 quotidie
608 2914 788 2970 divina
836 2913 1118 2977 recitatur,
1177 2911 1251 2965 ibi
1299 2909 1561 2980 quidquid
1591 2923 1748 2979 regu-

155 3007 277 3064 laris
298 3009 600 3064 auctoritas
630 3007 894 3078 agvndum
932 3004 1144 3071 suadet,
1159 3003 1519 3064 deliberatur.
1549 3002 1606 3056 lu
1640 3016 1744 3070 qua

156 3101 310 3154 etiam
337 3111 750 3154 monumentum
776 3097 1011 3152 nominis
1055 3095 1136 3151 sui
1178 3095 1432 3150 collocari
1473 3095 1658 3166 jussit,
1687 3101 1745 3148 ut

157 3190 280 3245 dum
339 3192 468 3246 vita:
517 3190 800 3261 prmsentis
853 3190 1144 3244 terminum
1202 3188 1377 3253 daret,
1434 3179 1817 3242 illicasuisC

155 3283 519 3353 deponeretur
548 3285 595 3337 δ.
627 3284 760 3338 item
793 3291 916 3337 ante
947 3281 1344 3344 dormitorium,
1377 3279 1748 3346 refectorium,

153 3381 204 3428 et
233 3375 458 3428 domum
494 3375 641 3428 illam
672 3389 836 3444 quam
880 3369 1142 3440 majorem
1174 3370 1593 3434 nominavimus,
1624 3385 1751 3439 por-

152 3465 292 3521 ticus
322 3467 587 3522 honestas
629 3482 752 3521 cum
782 3464 1012 3519 diversis
1059 3463 1232 3533 pogiis
1270 3461 1525 3516 aediﬁcari
1565 3462 1750 3528 jussit,

151 3560 350 3628 quibus
382 3561 570 3614 trabes
597 3558 874 3628 imposuit,
905 3572 969 3612 ac
1004 3555 1162 3623 juxta
1191 3571 1509 3611 mensuram
1534 3571 1751 3610 eorum-

149 3653 272 3707 dem
299 3662 573 3707 tectorum
603 3653 658 3705 in
698 3651 916 3720 longum
958 3649 1218 3704 extendit.
1260 3648 1317 3702 ln
1349 3649 1528 3704 medio
1572 3655 1753 3703 autem

147 3743 430 3814 porticus,
448 3758 566 3812 qua:
592 3750 717 3795 ante
742 3740 1121 3795 dormitorium
1145 3739 1246 3794 sita
1271 3739 1508 3805 videtur,
1531 3740 1750 3794 dommn

151 3835 480 3888 chartarum
527 3831 826 3888 constituit.
859 3831 1088 3912 Domum
1137 3846 1286 3896 vero,
1336 3847 1441 3900 qua
1490 3832 1754 3887 librorum

153 3928 305 3996 c0pia
357 3934 800 3990 conservaretur,
850 3941 969 3994 quae
1023 3923 1210 3979 Graece
1248 3925 1528 3996 pyrgiscos
1561 3936 1582 3962 α
1615 3926 1754 3980 dici-

157 4027 261 4085 tur,
295 4028 428 4073 ante
459 4018 804 4073 rel'ectorium
834 4017 1138 4085 collocavit,
1167 4017 1323 4088 cujus
1351 4017 1557 4089 tegulas
1583 4019 1752 4076 clavis

158 4108 350 4166 ferreis
377 4110 578 4180 conligi
614 4109 762 4165 fecit.

227 4283 312 4338 lO.
345 4283 404 4339 In
435 4283 771 4339 Flaviacensi
803 4297 1015 4353 quoque
1043 4281 1292 4338 cmnobio
1341 4298 1460 4352 quae
1495 4283 1753 4338 obtulerit

163 4377 318 4444 dona,
353 4378 463 4433 hoc
493 4378 546 4431 in
577 4376 693 4432 loco
723 4375 1108 4432 declarandum
1135 4375 1464 4430 censuimus.
1495 4375 1573 4430 lbi
1605 4391 1754 4428 nam-

164 4485 260 4539 que
288 4470 535 4541 gratuita
583 4468 916 4539 benignitate
962 4467 1190 4538 largitus
1217 4473 1303 4520 est
1329 4465 1525 4520 calices
1560 4481 1752 4536 argen-

162 4570 273 4618 teos
309 4563 566 4616 diversos
602 4561 826 4625 decem;
879 4558 1222 4629 aquamanile
1271 4568 1586 4629 argenteum
1630 4574 1753 4612 cum

164 4665 320 4706 urceo
351 4669 454 4706 suo
506 4659 804 4720 argenteo;
857 4648 1181 4704 candelabra
1226 4657 1481 4719 argentea
1528 4663 1754 4703 numero

163 4752 403 4810 septem;
438 4740 609 4812 pallia
639 4739 855 4794 diversa
897 4741 1020 4807 plus
1064 4738 1311 4792 minusve
1353 4739 1750 4810 quadraginta;

162 4833 387 4898 casulas,
455 4832 727 4902 planetas,
791 4844 854 4882 ac
907 4829 1156 4882 cindatos
1211 4827 1454 4882 diversos
1507 4829 1752 4899 triginta,

162 4939 381 4993 quarum
428 4924 646 4978 colores
691 4919 844 4976 oneri
882 4919 1096 4973 videtur
1142 4918 1471 4973 describere.
1504 4917 1754 4976 Fanones

164 5031 220 5070 ac
252 5017 420 5072 lintea
455 5032 569 5071 non
596 5021 890 5069 occurrunt
917 5011 1192 5069 memoria:
1235 5019 1365 5078 quot
1413 5009 1614 5066 fuerint
1655 5028 1756 5066 nu-

163 5122 329 5165 mero.
366 5109 427 5164 in
459 5111 672 5164 honore
716 5120 846 5160 vero
894 5113 1095 5160 sancta:
1146 5103 1426 5159 Trinitatis
1473 5104 1753 5162 basilicam

231 5322 257 5351 ι
291 5306 680 5383 Βουλευτήρμὸν,
727 5305 878 5360 locus
915 5303 969 5357 in
1015 5318 1122 5372 quo
1151 5309 1417 5383 tractatur
1435 5302 1748 5383 consilium.

167 5379 472 5443 Capitnlum
525 5370 687 5433 etiam
739 5387 874 5440 tum,
928 5383 988 5428 ut
1034 5370 1136 5428 nos
1181 5374 1385 5437 modo;
1429 5370 1752 5442 Capitolium

170 5453 406 5522 nonnulli
454 5448 815 5522 appellabant.
864 5445 1074 5522 Dictum
1111 5443 1412 5522 Capitulum
1441 5457 1489 5522 a_
1517 5444 1754 5513 capitulo

172 5520 406 5591 Regulae,
439 5514 585 5591 quod
613 5535 677 5573 eo
705 5518 904 5591 in__loco
929 5516 1027 5591 legi
1051 5515 1263 5591 solebat
1285 5515 1353 5566 ab
1380 5514 1753 5591 antiquonpost

169 5583 426 5647 Primam.
459 5583 636 5646 'Unde
665 5600 708 5642 et
752 5587 932 5640 Prima
959 5583 1088 5638 liora
1126 5586 1264 5654 apud
1304 5584 1556 5654 quosdam
1597 5583 1755 5655 Capi-

171 5667 332 5716 tulum
359 5673 715 5731 nuncupatur,
745 5677 809 5713 ex
842 5658 1040 5712 Ordine
1080 5657 1338 5731 “curatio.

239 5736 264 5774 δ
295 5739 440 5803 Ergo
483 5725 593 5802 jam
629 5741 741 5803 tum
783 5745 900 5803 mos
931 5738 1048 5781 erat
1079 5737 1136 5803 ut
1180 5728 1404 5803 abhatcs
1434 5726 1486 5803 in
1516 5725 1752 5803 capitulo

172 5796 590 5860 tuinuiareuiur.
623 5799 879 5874 Exemplo
905 5808 990 5856 est
1025 5799 1188 5854 etiam
1230 5796 1547 5854 Bertharius
1586 5799 1754 5854 abbas

1840 528 2055 597 giuibus
2099 529 2407 581 decoratam
2453 528 2757 592 collocavit,
2807 529 3017 600 ipsique
3059 548 3165 585 arae
3201 549 3424 590 crucem

1841 629 2150 690 argenteam
2179 621 2451 689 imposuit,
2499 622 2914 692 universamque
2949 623 3227 678 basilicam
3257 627 3425 682 variis

1841 716 2067 786 picturis
2119 714 2365 769 decorari
2408 712 2590 781 jussit.
2638 713 2870 768 Nomina
2911 721 3092 768 autem
3139 714 3425 784 librorum,

1841 822 1979 875 quos
2036 806 2139 875 ipsi
2191 805 2420 860 contulit
2470 805 2612 870 loco,
2665 806 2781 860 haec
2827 814 2972 860 sunt.
3025 805 3353 861 Pandectem
3395 823 3428 862 a

1842 901 2002 955 beato
2052 897 2381 970 Hieronymo
2434 914 2502 953 ex
2554 897 2781 953 Hebraeo
2827 899 2912 952 vel
2963 897 3156 956 Graeco
3213 899 3429 969 eloquio

1844 993 2172 1049 translatum
2219 1009 2233 1056 ;
2289 990 2527 1059 ejusdem
2607 991 2993 1061 expositionem
3042 992 3098 1046 in
3149 992 3431 1048 duodecim

1843 1087 2157 1157 prophetas,
2187 1093 2241 1139 et
2283 1092 2410 1139 sunt
2453 1084 2583 1138 tomi
2633 1085 2819 1154 viginti
2867 1085 2922 1138 in
2970 1083 3244 1138 volumine
3279 1097 3428 1151 uno;

1844 1177 2084 1246 ejusdem
2113 1177 2166 1230 in
2198 1176 2334 1230 Isaia
2375 1177 2635 1246 propheta
2659 1176 2782 1230 libri
2813 1176 3133 1240 octodecim,
3179 1175 3429 1230 volumen

1845 1287 2014 1326 unum
2039 1288 2053 1334 ;
2082 1268 2325 1337 ejusdem
2353 1269 2551 1322 librum
2577 1269 2950 1339 epistolarum,
2981 1268 3254 1323 volumina
3282 1269 3387 1323 duo
3411 1285 3427 1335 ;

1849 1363 1904 1418 in
1935 1361 2248 1417 Proverbiis
2273 1360 2581 1415 Salomonis
2627 1360 2868 1428 ejusdem
2915 1360 3169 1417 volumen
3219 1375 3427 1424 unum;

1848 1453 1905 1508 in
1933 1453 2207 1507 Danielem
2239 1452 2561 1521 prophetam
2588 1449 2832 1518 ejusdem
2857 1469 2870 1516 ;
2908 1451 2961 1504 i-n
2986 1451 3277 1521 Evangelia
3302 1450 3435 1504 Mat-

1848 1546 1978 1600 thtci
2005 1545 2270 1613 ejusdem,
2317 1545 2602 1599 continens
2638 1543 2693 1598 in
2731 1544 2920 1598 eodem
2967 1544 3187 1599 decreta
3231 1542 3436 1598 Gelasii

1847 1652 2002 1708 papa:
2030 1638 2096 1693 de
2126 1638 2283 1692 libris
2323 1636 2720 1706 recipiendiset
2741 1650 2848 1689 non
2870 1635 3231 1704 recipiendis;
3264 1642 3320 1688 et
3339 1649 3434 1688 ex-

1853 1729 2059 1798 oerptio
2074 1729 2255 1798 aliqua
2274 1729 2338 1782 de
2355 1728 2506 1781 libris
2519 1727 2824 1782 Exameron
2847 1727 3020 1782 sancti
3044 1725 3316 1782 Ambrosii
3331 1725 3437 1796 epi-

1845 1823 2017 1887 scopi,
2033 1820 2202 1873 codex
2217 1833 2383 1879 unus;
2408 1817 2573 1872 libros
2593 1818 2763 1872 sancti
2777 1817 3061 1886 Augustini
3084 1816 3174 1885 qui
3194 1816 3438 1887 prmtitu-

1843 1912 2023 1966 lantur
2063 1912 2129 1966 de
2154 1911 2384 1966 Civitatc
2411 1912 2525 1977 Dei,
2573 1926 2798 1966 numero
2843 1911 3065 1981 triginta
3093 1909 3179 1982 [L.
3214 1908 3426 1984 viginti]

1843 2004 1974 2069 duo,
2005 2003 2060 2056 in
2098 2003 2284 2058 codice
2308 2017 2416 2058 uno
2440 2019 2454 2067 ;
2484 2002 2727 2072 ejusdem
2751 2002 3147 2071 expositionem
3175 2001 3228 2055 in
3254 2001 3436 2054 Evan-

1843 2095 1982 2165 gelio
2001 2095 2176 2151 sancti
2199 2093 2444 2160 Joannis,
2472 2093 2724 2149 volumen
2749 2105 2945 2157 unum;
2968 2092 3265 2148 Homiliare
3292 2091 3437 2162 ejus-

1844 2193 1966 2248 dem
1987 2191 2270 2246 continens
2291 2205 2572 2246 sermones
2598 2204 2802 2254 CXLVII,
2825 2188 3073 2243 volumen
3103 2202 3270 2242 unum
3295 2204 3310 2253 ;
3342 2186 3434 2241 Li-

1845 2297 1974 2352 bros
1997 2294 2239 2362 ejusdem
2270 2309 2339 2347 xv
2365 2294 2432 2348 de
2451 2303 2643 2348 sancta
2668 2291 2934 2346 Trinitate
2954 2289 3206 2346 volumen
3227 2306 3394 2344 unum
3422 2306 3436 2354 ;

1847 2385 2194 2444 concordiam
2217 2385 2633 2454 Evangeliorum
2661 2384 2922 2454 ejusdem,
2953 2384 3196 2438 codicem
3237 2397 3435 2447 unum;

1846 2478 2087 2549 ejusdem
2125 2478 2190 2531 de
2241 2475 2497 2530 Doctrina
2544 2474 2873 2538 Christiana,
2915 2473 3158 2528 codicem
3203 2487 3373 2526 unum
3415 2488 3430 2538 ;

1845 2572 2257 2643 Expositionem
2309 2569 2539 2640 symboli
2591 2568 2831 2638 ejusdem
2864 2607 2879 2632 ,
2931 2566 3174 2622 codicem
3226 2579 3433 2631 unum;

1847 2667 2177 2738 quaestiones
2207 2664 2449 2734 ejusdem
2492 2663 2791 2732 octoginta,
2838 2660 3079 2716 codicem
3126 2675 3331 2724 unum;
3375 2658 3439 2712 de

1847 2760 2120 2828 baptismo
2165 2756 2514 2828 parvulorum
2557 2753 2798 2822 ejusdem
2829 2753 2895 2807 ad
2930 2751 3242 2806 Marcellum
3276 2749 3438 2805 libros

1849 2860 2000 2906 tres:
2031 2850 2097 2905 de
2125 2863 2378 2905 sermone
2411 2847 2624 2902 Domini
2673 2847 2724 2900 in
2753 2853 2940 2899 monte
2975 2843 3140 2898 libros
3168 2844 3302 2898 duos
3328 2858 3342 2908 ;
3375 2841 3440 2898 de

1848 2943 2185 3015 providentia
2216 2942 2314 2996 Dei
2341 2957 2504 2996 serm.
2536 2939 2559 2994 l
2593 2956 2607 3006 ;
2639 2942 2705 2994 de
2731 2938 2906 2993 Natali
2935 2937 3157 3010 proprio
3184 2951 3346 2991 serm.
3377 2936 3439 3002 1,

1848 3036 1930 3091 Ad
1982 3035 2324 3090 Flactianum
2354 3032 2565 3102 epistol.
2594 3031 2620 3071 ἀ
2665 3031 2868 3084 volum.
2912 3031 2935 3083 l
2967 3046 2980 3093 ;
3009 3029 3248 3098 ejusdem
3301 3029 3438 3084 Aca-

1850 3129 2180 3184 demicorum
2213 3126 2305 3180 lib.
2355 3132 2506 3190 tres;
2567 3121 2989 3194 Soliloquiorum
3022 3119 3115 3176 lib.
3168 3120 3342 3186 duos;
3373 3120 3440 3176 de

1849 3219 2267 3277 immortalitate
2299 3217 2498 3271 librum
2545 3231 2750 3281 unum;
2801 3215 2867 3269 de
2899 3201 3206 3283 quantitate
3249 3213 3440 3267 animm

1852 3314 1947 3369 lib.
1979 3327 2189 3377 unum;
2231 3310 2299 3366 de
2327 3309 2584 3380 Magistro
2629 3308 2721 3362 lib.
2752 3322 2960 3371 unum;
3011 3305 3076 3360 de
3125 3304 3315 3358 ordine
3347 3301 3439 3356 lib.

1854 3421 1932 3469 n;
1965 3404 2033 3459 de
2061 3401 2292 3457 videndo
2324 3402 2434 3455 Deo
2462 3400 2660 3454 librum
2690 3414 2726 3458 ι,
2756 3397 2863 3451 vol.
2900 3398 2924 3449 1
2955 3414 2969 3462 ;
3007 3395 3188 3450 libros
3219 3393 3439 3449 Confes.

1854 3498 2120 3568 ejusdem,
2149 3497 2393 3552 codicem
2421 3509 2590 3549 unum
2619 3511 2633 3560 ;
2657 3493 2856 3548 librum
2887 3491 2978 3561 qui
3017 3489 3216 3544 dicitur
3243 3488 3437 3542 Enchi~

1855 3601 2051 3663 ridion,
2101 3599 2221 3653 cod.
2269 3613 2475 3661 unum;
2510 3597 2563 3649 in
2605 3593 2837 3649 Psalmis
2875 3592 3264 3662 expositionem
3302 3592 3432 3662 ejus-

1855 3693 2000 3757 dem,
2029 3691 2272 3746 codiccm
2299 3703 2501 3753 unum;
2532 3686 2923 3755 expositionem
2970 3684 3145 3739 sancti
3174 3682 3441 3738 Ambrosii

1860 3795 1882 3822 ε
1917 3784 1970 3837 iu
1999 3782 2267 3852 Epistolas
2295 3777 2470 3846 Pauli,
2502 3779 2612 3834 vol.
2641 3795 2808 3833 unum
2835 3796 2848 3844 ;
2877 3777 3115 3849 Hisychii
3141 3776 3440 3849 presbyteri

1855 3880 1907 3933 in
1945 3876 2245 3931 chiticum
2275 3875 2371 3930 lib.
2414 3889 2511 3939 vn,
2539 3873 2661 3928 cod.
2693 3875 2713 3926 l
2745 3889 2758 3937 ;
2811 3871 3214 3942 Expositionem
3264 3869 3440 3925 sancti

1851 3977 2076 4034 Joannis
2104 3972 2685 4044 Constantinopolitani
2711 3971 2949 4042 episcopi
2991 3970 3044 4025 in
3089 3969 3437 4036 Matthaaum;

1851 4067 2230 4140 Apocalypsim
2259 4065 2434 4121 sancti
2480 4062 2725 4129 Joannis,
2777 4063 3142 4117 continentem
3185 4065 3348 4116 etiam
3378 4061 3441 4116 li-

1854 4169 2012 4223 brum
2045 4168 2220 4222 sancti
2251 4166 2440 4221 lsidori
2482 4165 2941 4229 Dill‘erentiarum,
2987 4165 3106 4219 cod.
3139 4180 3305 4218 unum
3332 4181 3346 4230 ;
3381 4164 3440 4218 S.

1856 4257 2046 4311 Hilarii
2076 4257 2315 4326 episc0pi
2364 4266 2552 4310 contra
2600 4255 2883 4308 hzereticos
2927 4253 3049 4307 cod.
3093 4270 3292 4321 unum;
3338 4253 3442 4310 ilo-

1857 4347 2130 4402 miliarum
2162 4347 2308 4402 beati
2353 4346 2603 4418 Gregorii
2655 4361 2805 4414 papa:
2851 4346 2904 4398 in
2948 4346 3244 4400 novissima
3288 4356 3442 4416 parte

1859 4439 2159 4495 Ezechielis
2183 4440 2459 4508 propheta:
2487 4439 2540 4492 in
2575 4438 2695 4492 cod.
2744 4453 2850 4493 uno
2876 4455 2891 4504 ;
2923 4438 3273 4507 epistolarum
3297 4438 3443 4508 ejus-

1780 4529 1833 4589 D
1859 4531 2002 4594 dem,
2033 4531 2154 4586 cod.
2188 4547 2353 4584 unum
2379 4547 2393 4593 ;
2433 4529 2838 4600 Expositionem
2868 4529 3024 4584 Beda:
3049 4533 3350 4603 presbyteri
3385 4533 3440 4587 in

1858 4623 2082 4677 Actibus
2105 4622 2491 4692 apostolorum,
2521 4622 2643 4676 cod.
2678 4638 2844 4676 unum
2869 4640 2883 4688 ;
2916 4623 2967 4677 in
2996 4633 3200 4693 septem
3227 4625 3442 4698 Episto-

1857 4715 1938 4770 las
1971 4718 2258 4771 canonicas
2287 4724 2341 4770 et
2376 4715 2757 4786 Apocalypsim
2800 4712 3026 4770 Joannis
3073 4717 3194 4770 cod.
3228 4733 3435 4785 unum;

1857 4815 2101 4886 ejusdem
2129 4815 2184 4869 in
2215 4815 2381 4868 Marci
2413 4814 2760 4883 Evangelium
2792 4815 2913 4869 cod.
2941 4830 3146 4879 unum;
3195 4817 3436 4885 ejusdem

1857 4911 1913 4966 in
1937 4909 2138 4965 Lucam
2166 4909 2549 4979 evangelistam
2590 4908 2710 4963 cod.
2752 4909 2776 4960 l
2808 4925 2822 4973 ;
2855 4908 3050 4963 librum
3076 4909 3437 4965 Testimonio-

1857 5028 1976 5066 rum
2008 5012 2196 5067 lsidori
2227 5013 2291 5066 de
2317 5009 2536 5064 Christo
2563 5019 2618 5064 et
2639 5009 2900 5077 Ecclesia,
2929 5011 3049 5066 cod.
3081 5025 3277 5075 unum;
3302 5009 3440 5080 ejus-

1856 5103 1980 5159 dem
2007 5101 2463 5174 Etymologiarum
2499 5102 2618 5156 cod.
2651 5117 2858 5169 unum;
2888 5101 3128 5158 eiusdem
3170 5100 3434 5156 Rotarum

1856 5307 2168 5380 Casincnsis
2198 5308 2256 5380 in
2281 5306 2536 5364 Chronici
2561 5307 2876 5380 Casincnsis
2901 5305 2993 5362 lib.
3033 5321 3094 5374 ιι,
3119 5321 3243 5380 pag.
3268 5305 3359 5362 Η.

1930 5390 1952 5455 ξ
1985 5379 2187 5455 ῃᾷργος
2219 5379 2426 5446 Graece,
2464 5381 2652 5434 Latine
2680 5379 2863 5433 turris.

1927 5449 1954 5490 ἀ
1983 5449 2116 5503 Non
2137 5460 2332 5505 exstat.

1932 5532 1955 5559 ε
1982 5521 2098 5575 lam
2131 5537 2260 5577 ergo
2286 5523 2482 5577 sreculo
2519 5537 2662 5576 nono
2688 5519 3061 5574 commentarii
3093 5518 3167 5574 illi
3198 5521 3248 5576 in
3290 5520 3434 5577 Pau-

1858 5590 1987 5655 lum,
2021 5609 2156 5662 quos
2191 5590 2386 5646 JuLani
2416 5608 2534 5646 esse
2574 5592 2731 5644 modo
2757 5597 2968 5644 constat
3008 5593 3142 5646 inter
3168 5594 3431 5656 eruditos.

1856 5663 2145 5717 Ambrosio
2193 5664 2586 5728 triuucbanmr,
2638 5662 2782 5734 quod
2829 5662 2994 5718 etiam
3027 5679 3095 5719 cx
3140 5663 3433 5724 lliucmaro

1856 5735 2082 5806 aliisque
2110 5743 2275 5806 patet.
2988 5749 2990 5751 ·
