4022 6508
500 367 604 424 7ιὸ

1421 357 1480 415 8.
1519 355 1838 413 ANSEGISI
1875 351 2167 410 ABBATIS
2203 347 2816 409 FONTANELLENSIS

3655 350 3777 408 ἰιι

495 497 522 526 ι
550 483 619 538 ad
645 480 954 537 Sisebutum
1001 493 1185 552 regem
1227 477 1389 532 cod.1
1419 493 1433 542 ;
1482 475 1737 546 Prosperi
1777 475 1804 514 ι)
1847 475 1913 529 de
1962 473 2080 528 Vita
2108 475 2160 533 Α
2185 471 2396 524 cantoris
2428 468 2801 523 mansionibus
2828 479 3122 537 pauperum
3156 461 3357 521 solidos
3380 465 3616 529 decem;
3651 470 3786 522 nni.

495 577 669 632 activa
697 581 752 629 et
782 572 1198 642 contemplativa
1235 571 1290 625 in
1318 569 1440 626 cod.
1478 569 1500 621 1
1533 585 1547 634 ;
1577 567 1967 636 Prognosticon
2000 563 2082 618 fu-

2183 575 2356 614 versae
2405 559 2622 615 familiae
2666 559 2830 628 hujus
2888 558 3124 612 ρωποι)ἱί
3169 557 3336 611 libras
3384 557 3779 628 quadraginta.

494 670 603 724 turi
639 667 821 722 sxeculi
849 667 969 720 cod.
1002 682 1020 720 ι
1048 682 1062 730 ;
1093 665 1509 735 disputationem
1539 662 1660 716 lidei
1704 662 1848 714 inter
1892 659 2079 713 Arium
2181 650 2511 706 Cmterorum
2547 650 2998 704 monasteriorum
3027 649 3243 703 nomina
3267 688 3285 714 ,
3316 648 3384 701 ad
3431 663 3558 715 qua:
3586 650 3782 702 eadem

493 759 807 815 haereticum
857 771 918 811 ac
973 754 1328 810 Athanasium
1384 752 1708 808 catholicum
1761 751 1812 804 in
1863 753 1983 805 cod.
2015 751 2076 816 l;

492 849 856 921 Epistolarum
902 847 1074 902 sancti
1109 844 1362 917 Cypriani
1415 843 1672 913 martyris
1709 842 1829 896 cod.
1865 841 1889 894 1
1922 858 1936 905 ;
1990 839 2083 893 Al-

493 941 640 996 cuini
697 940 762 994 de
814 936 1078 992 Trinitate
1128 935 1324 990 librum
1374 933 1428 987 in
1481 932 1667 987 codice
1698 932 1765 996 l;
1821 930 2082 1002 Regulam

493 1032 640 1086 beati
660 1030 843 1085 Basilii
860 1027 1119 1099 episcopi,
1138 1025 1396 1096 Regulam
1422 1023 1563 1078 beati
1581 1022 1856 1077 Benedicti
1872 1022 1924 1075 in
1955 1022 2076 1076 cod.

497 1123 570 1189 i;
624 1122 918 1177 Historiam
969 1117 1394 1174 ecclesiasticam
1460 1114 1679 1169 Eusebii
1731 1111 2082 1168 Caesariensis

497 1214 738 1285 episcopi
767 1214 822 1267 in
868 1211 988 1267 cod.
1031 1225 1176 1276 uno;
1223 1207 1548 1263 Chronicam
1588 1204 1826 1274 ejusdem
1875 1204 1928 1258 in
1957 1203 2078 1258 cod.

437 1354 446 1375 κ
495 1322 642 1372 uno;
675 1305 968 1361 Historiam
1005 1305 1134 1358 item
1164 1302 1595 1358 ecclesiasticam
1625 1300 1787 1354 trium
1814 1297 2079 1361 virorum,

496 1395 550 1451 id
589 1403 674 1451 est
716 1395 1023 1458 Zozomeni,
1066 1393 1397 1454 Theodoriti,
1455 1397 1509 1446 et
1551 1390 1819 1453 Socratis,
1853 1387 1908 1441 in
1957 1385 2079 1441 cod.

495 1501 639 1550 uno;
681 1486 930 1540 Canones
957 1485 1296 1539 diversorum
1339 1482 1562 1537 Patrum
1594 1481 1649 1534 in
1687 1479 1887 1534 Codice
1933 1493 2082 1543 uno;

503 1577 944 1634 Sacramentoria
973 1567 1417 1642 voluminaduo;
1451 1573 1758 1630 Cassiodori
1791 1573 1858 1626 de
1901 1571 2087 1625 Arith-

495 1669 694 1724 metica
718 1668 824 1722 vol.
855 1683 1064 1732 unum;
1114 1665 1353 1734 ejusdem
1402 1666 1455 1719 in
1501 1664 1744 1719 Psalmos
1795 1661 2087 1732 expositio-

495 1773 643 1822 nem,
690 1758 797 1812 vol.
838 1773 1042 1821 unum;
1093 1756 1449 1812 Homiliarum
1501 1754 1749 1825 Origenis
1797 1755 1853 1807 in
1901 1752 2084 1808 Veteri

2182 742 2396 813 largitio
2419 743 2779 812 eleemosyna:
2794 742 3125 811 pervenerit,
3147 741 3425 810 sigillatim
3439 741 3779 808 exprimam.

2250 831 2278 871 ἀ
2304 833 2386 887 Ad
2407 832 2802 887 Gcmmetieum
2832 829 3146 886 emnobium
3176 831 3350 886 libras
3374 847 3405 885 v
3433 830 3659 886 direxit.

2257 935 2279 962 ε
2305 923 2387 979 Ad
2413 924 2641 994 Logium
2673 922 2864 978 libram
2895 939 3085 976 unam.

2261 1017 2281 1055 ί
2311 1017 2393 1071 Ad
2418 1016 2767 1071 Fiscamnum
2796 1016 2992 1070 libram
3016 1032 3199 1071 unam.

2260 1111 2285 1149 ⁸
2316 1108 2397 1163 Ad
2419 1108 2617 1163 Villare
2647 1109 2842 1163 libram
2874 1124 3058 1162 unam.

2252 1199 2282 1240 ιι
2305 1199 2389 1254 Ad
2418 1199 2770 1270 Longogilum
2800 1198 2996 1253 libram
3023 1214 3210 1252 unam.

2260 1291 2276 1331 i
2310 1290 2390 1344 Ad
2417 1298 2667 1345 sanctum
2694 1289 3026 1344 Walericum
3058 1289 3250 1343 libram
3277 1305 3464 1344 unam.

2257 1379 2271 1430 i
2306 1380 2389 1435 Ad
2420 1381 2638 1435 beatum
2669 1379 2985 1434 Richarium
3016 1379 3184 1433 libras
3211 1381 3343 1434 duas
3372 1388 3428 1434 et
3466 1382 3662 1438 semis.

2256 1471 2284 1511 ιι
2313 1470 2396 1526 Ad
2422 1480 2691 1526 sanctum
2723 1470 3091 1525 Audomarum
3118 1471 3288 1525 libras
3315 1470 3451 1525 duas
3485 1481 3543 1527 et
3582 1474 3768 1529 semis.

2260 1561 2391 1618 1Ad
2430 1572 2677 1617 sanctum
2729 1562 3046 1616 Audoenum
3100 1563 3158 1616 in
3215 1562 3563 1634 Botbomago
3611 1565 3774 1621 libras

2195 1653 2456 1724 quinque.
2480 1653 2563 1707 Ad
2586 1661 2830 1708 sanctam
2864 1650 3086 1704 Mariam
3124 1651 3177 1704 in
3209 1653 3368 1706 domo
3409 1653 3660 1721 ejusdem
3691 1671 3775 1709 ec-

2189 1745 2368 1800 clesia:
2395 1743 2562 1798 libras
2587 1743 2723 1797 duas
2755 1760 2767 1795 :
2797 1741 2862 1796 ad
2892 1750 3138 1795 sanctum
3182 1741 3481 1796 Martinum.
3501 1732 3559 1796 in
3588 1743 3772 1798 eadem

497 1851 850 1906 Testamento
900 1848 1174 1904 volumina
1227 1849 1370 1913 duo;
1436 1847 1677 1917 ejusdem
1731 1847 1785 1899 in
1841 1835 2319 1899 PsalmosBurbe
2369 1844 2424 1891 et
2471 1836 2682 1890 caeteris
2737 1834 2918 1898 cellis,
2999 1832 3203 1888 solidos
3259 1835 3452 1904 viginti
3512 1836 3769 1908 quinque,

495 1945 905 2016 expositionem,
944 1945 1220 1999 volumina
1251 1945 1395 2009 duo;
1431 1945 1583 2000 Vitas
1629 1945 1916 1998 beatorum
1958 1956 2085 1996 con-

497 2037 765 2094 fessorum
797 2037 1132 2107 Hieronymi,
1184 2036 1495 2106 Augustini,
1545 2034 1794 2106 Gregorii
1843 2046 1864 2073 ο
1896 2051 1910 2099 ;
1948 2033 2084 2088 Item

499 2128 808 2200 passionem
841 2127 1013 2182 beatae
1057 2126 1334 2181 Columbae
1382 2127 1610 2198 virginis
1654 2128 1706 2181 in
1755 2127 1876 2181 cod.
1915 2141 2024 2180 uno
2065 2141 2080 2191 ;

498 2217 775 2272 Institutio
824 2231 888 2271 ac
930 2216 1178 2271 collectio
1227 2214 1510 2285 cujusdam
1551 2215 1618 2270 de
1646 2215 1756 2270 vita
1797 2215 2084 2281 canonica,

497 2309 604 2364 vol.
633 2309 657 2364 1
690 2325 704 2374 ;
730 2307 894 2364 Gesta
925 2306 1260 2362 Francorum
1290 2307 1343 2361 in
1372 2307 1491 2362 cod.
1545 2322 1690 2374 uno;
1729 2315 1784 2362 et
1811 2306 1944 2362 alios
1970 2306 2087 2376 plu-

500 2401 692 2463 rimos.
747 2413 980 2471 quorum
1016 2414 1162 2456 nunc
1215 2399 1436 2455 nomina
1483 2414 1593 2455 non
1638 2407 1932 2454 occurrunt
1976 2413 2088 2453 me-

501 2490 712 2545 morim.

571 2582 657 2635 ll.
689 2579 747 2634 ln
773 2579 1238 2653 eleemosynarum
1267 2595 1396 2636 vero
1421 2580 1799 2651 largitionibus
1824 2585 2087 2649 quantum

507 2668 771 2725 sollicitus
817 2671 1131 2736 exstiterit,
1184 2671 1299 2739 ipsa
1345 2669 1463 2740 ejus
1502 2686 1668 2740 opera
1719 2669 2090 2724 testimonium

500 2763 808 2834 perhibent.
848 2762 982 2817 Nam
1009 2763 1244 2832 quodam
1287 2770 1552 2831 tempore,
1585 2762 1637 2815 id
1663 2770 1747 2816 est
1777 2776 1920 2815 anno
1945 2759 2090 2830 regi-

501 2854 668 2908 minis
691 2854 774 2908 sui
797 2853 1008 2909 decimo
1031 2861 1246 2918 octavo,
1282 2852 1336 2906 in
1365 2853 1675 2923 passionem
1725 2851 1917 2906 incidit
1944 2850 2092 2904 illam

504 2963 671 3020 quam
696 2948 895 3004 medici
918 2947 1214 3018 paralysim
1247 2955 1444 3001 vocant
1470 2964 1482 2999 :
1511 2960 1744 3014 moxque
1771 2944 1978 2999 vocatis
1999 2943 2094 2998 do-

507 3040 751 3096 mesticis
779 3055 842 3094 ac
871 3039 1121 3094 ﬁdelibus
1156 3054 1253 3094 seu
1302 3039 1509 3092 intimis
1537 3038 1650 3092 suis
1681 3077 1694 3100 ,
1744 3037 1884 3091 hanc
1913 3050 2094 3090 rerum

509 3145 732 3186 suarum
745 3129 1197 3185 distributionem
1210 3129 1443 3200 gratuito
1459 3129 1640 3182 animo
1653 3127 1833 3183 facere
1856 3128 2086 3182 curavit.

511 3236 632 3292 qua:
661 3221 906 3292 clargitio
933 3236 1028 3276 seu
1069 3199 1395 3284 distributio,
1427 3219 1762 3288 ipsiusjussu
1793 3234 1856 3274 ac
1887 3217 2090 3288 suppli-
2115 3199 2160 3262 C

509 3312 723 3367 catione
753 3313 898 3367 edita
927 3319 1012 3366 est
1038 3327 1068 3364 a
1103 3310 1402 3366 venerabili
1441 3311 1560 3365 viro
1590 3309 1943 3365 Hildemanno
1971 3310 2090 3364 Bel-

510 3404 814 3458 lovacensis
843 3404 993 3458 urbis
1034 3405 1286 3473 episcopo
1310 3444 1325 3466 ,
1381 3401 1638 3470 adjuncto
1685 3403 2009 3472 Berteningo
2037 3409 2094 3456 et

511 3495 745 3550 Cerlone
776 3493 931 3548 laicis
961 3534 975 3558 ,
1008 3493 1274 3561 simulque
1317 3492 1572 3547 Landone
1605 3493 1890 3547 monacho.
1928 3490 2095 3559 Cujus

518 3595 698 3641 textus
727 3586 849 3640 talis
878 3593 982 3640 est.
1014 3585 1070 3638 ln
1109 3585 1211 3639 hoc
1242 3583 1627 3639 Fontinellensi
1657 3585 1905 3639 coenobio
1933 3583 2096 3653 largi-

513 3689 601 3734 tus
638 3687 722 3733 cst
766 3678 1048 3732 Fratribus
1097 3677 1263 3732 libras
1308 3677 1620 3746 nonaginta,
1669 3693 1794 3731 nam
1841 3678 2094 3733 omnibus

517 3774 673 3827 annis
701 3771 920 3841 triginta
964 3770 1018 3824 in
1047 3785 1214 3824 censu
1241 3769 1373 3826 dare
1421 3778 1825 3826 consueverat:
1881 3769 2097 3825 famulis

517 3865 670 3920 laicis
716 3864 883 3918 libras
921 3863 1147 3926 decem;
1205 3863 1423 3917 senibus
1461 3863 1517 3918 in
1546 3861 1637 3916 illo
1670 3861 2002 3917 xenodochio
2045 3869 2099 3917 et

592 3987 618 4047 9
651 3975 814 4030 Liber
838 3975 941 4047 iste
961 3989 1078 4047 Anon
1116 3982 1296 4029 exstat
1329 3974 1383 4030 in
1412 3976 1572 4032 editis
1602 3976 1858 4047 Operibus
1882 3976 2095 4042 lsidori,

521 4047 566 4102 si
591 4046 726 4100 bene
757 4043 997 4100 memini.

594 4117 621 4158 δ
671 4117 734 4170 Et
787 4117 876 4170 hic
926 4116 1062 4170 liber
1110 4129 1218 4170 non
1268 4124 1352 4171 est
1397 4117 1648 4188 Prosperi
1687 4157 1702 4182 ,
1760 4117 1855 4172 sed
1902 4116 2101 4173 Juliani

518 4187 773 4246 Pomerii.

565 4203 750 4245 omeru
759 4227 773 4242 .

595 4271 617 4298 ο
649 4257 851 4329 Nempe
880 4273 1000 4314 eam
1035 4273 1156 4328 quae
1193 4273 1224 4312 a
1262 4258 1427 4312 Paulo
1463 4259 1692 4313 diacono
1744 4259 1948 4328 scripta
1995 4266 2098 4313 est.

521 4331 656 4386 Nam
683 4329 918 4385 Joannes
945 4330 1207 4384 diaconus
1229 4329 1463 4383 nondum
1488 4330 1589 4384 hac
1617 4331 1683 4382 de
1705 4344 1762 4382 re
1788 4330 2099 4399 scripserat.

591 4403 620 4442 ά
657 4401 988 4460 Gemeticum
1011 4401 1317 4455 coenobium
1341 4402 1576 4454 virorum
1601 4400 1667 4453 ad
1690 4399 1996 4468 Sequanam
2025 4399 2104 4452 in-

522 4471 601 4527 fra
634 4473 1061 4540 Bothomagum,
1089 4487 1258 4540 pr0pe
1292 4470 1690 4537 Fontanellam,
1724 4471 1988 4524 hactenus
2016 4483 2106 4523 ce-

521 4543 890 4604 leberrimum,
916 4539 1396 4612 ivulgoilumiéges.

2129 4571 2182 4629 D

2184 1927 2508 1998 Ragnoardo
2557 1925 2799 1993 ejusdem
2828 1924 2977 1980 urbis
3025 1924 3434 1995 archiepiscopo
3472 1925 3649 1980 libras
3677 1926 3767 1980 de-

2188 2033 2353 2075 cem":
2395 2019 2648 2074 videlicet
2677 2028 2733 2073 ut
2763 2019 3000 2088 quinque
3025 2017 3355 2088 presbyteris
3380 2024 3438 2070 et
3467 2015 3610 2071 alias
3629 2017 3772 2086 quin-

2187 2125 2291 2181 que
2322 2109 2650 2180 pauperibus
2675 2117 2944 2179 erogaret.

2259 2204 2405 2260 mAd
2445 2204 2705 2259 Penthale
2746 2203 3137 2258 monasterium
3176 2202 3378 2260 solidos
3419 2203 3769 2273 quindecim:

2188 2299 2256 2355 ad
2281 2299 2524 2354 Penante
2550 2297 2752 2352 solidos
2778 2296 3106 2364 quindecim.

2261 2401 2288 2429 ιι
2319 2391 2400 2445 Ad
2428 2389 2693 2444 Pratellos
2714 2389 2984 2443 similiter.

2206 2465 2213 2476 '
2264 2483 2392 2538 °Ad
2420 2483 2682 2538 Ebroicas
2720 2482 2996 2537 civitatem
3018 2481 3211 2537 libram
3256 2497 3426 2538 unam
3461 2501 3474 2537 ε
3505 2483 3575 2537 ad
3619 2481 3776 2537 illam

2191 2589 2409 2631 crucem
2441 2574 2616 2629 sancti
2637 2573 2881 2627 Audoeni
2912 2572 3080 2627 libras
3106 2573 3260 2628 duas.

2264 2683 2292 2721 ρ
2319 2669 2402 2725 Ad
2430 2669 2712 2724 Lixovium
2739 2657 2936 2723 urbem
2958 2668 3155 2723 libram
3174 2682 3338 2724 unam
3363 2685 3375 2722 :
3409 2665 3479 2721 ad
3502 2665 3776 2721 Fontanas

2193 2765 2502 2822 coenobium
2535 2763 2736 2817 solidos
2766 2762 3073 2818 duodecim.

2265 2869 2293 2908 τι
2320 2857 2401 2911 Ad
2437 2857 2661 2927 Bajocas
2693 2856 2970 2911 civitatem
3023 2855 3193 2910 libras
3235 2854 3408 2908 duas:
3449 2852 3521 2907 ad
3551 2853 3778 2908 duorum

2196 2951 2558 3008 Gemellorum
2582 2951 2970 3004 monasterium
2999 2949 3166 3004 libras
3189 2948 3344 3002 duas.

2275 3053 2297 3080 ι’
2331 3042 2412 3096 Ad
2438 3050 2686 3097 sanetum
2723 3027 3013 3095 Martinum
3036 3040 3406 3095 Turonenscm
3433 3037 3609 3093 libras
3629 3036 3776 3107 quin-

2198 3148 2320 3204 que,
2353 3133 2459 3188 illis
2488 3133 2767 3188 canonicis
2791 3134 2847 3186 in
2876 3132 3037 3187 domo
3065 3133 3255 3187 libram
3283 3147 3475 3185 unam.

2267 3235 2289 3261 τ
2317 3223 2398 3278 Ad
2426 3223 2484 3279 8.
2514 3224 2825 3287 Annianum
2870 3224 3318 3279 Aurelianensem
3357 3222 3557 3278 libram
3595 3236 3776 3286 unam,

2191 3319 2299 3376 illis
2327 3321 2607 3375 canonicis
2633 3320 2686 3374 in
2713 3321 2872 3374 domo
2898 3320 3092 3375 libram
3124 3336 3310 3374 uiuam.

2264 3424 2285 3452 ³
2311 3412 2389 3466 Ad
2409 3420 2650 3467 sanctum
2669 3412 3016 3468 Benedictum
3044 3413 3098 3467 in
3116 3411 3564 3468 Floriacolibram
3593 3427 3780 3467 unam.

2265 3514 2286 3542 ο
2318 3503 2399 3558 Ad
2427 3501 2714 3557 Ferrarias
2745 3503 2913 3557 libras
2952 3503 3105 3556 duas.

2267 3605 2288 3632 ⁸
2320 3593 2402 3649 Ad
2451 3603 2699 3648 sanctum
2729 3592 3024 3649 Carilel‘um
3083 3595 3276 3650 libram
3309 3610 3474 3650 unam
3502 3603 3560 3650 et
3593 3595 3775 3650 semis.

2273 3686 2292 3721 ί
2319 3683 2400 3739 Ad
2422 3683 2751 3739 Curbionem
2774 3686 3165 3740 monasterium
3188 3685 3381 3740 libram
3419 3700 3610 3739 unam.

2268 3785 2296 3813 ιι
2327 3773 2406 3828 Ad
2432 3783 2678 3829 sanctam
2704 3773 3020 3830 Columbam
3055 3775 3108 3829 in
3143 3774 3376 3830 Senonis
3403 3815 3418 3839 ,
3454 3775 3565 3830 illis
3595 3790 3777 3828 mona-

2199 3865 2318 3922 ehis
2340 3866 2513 3920 libras
2555 3865 2727 3920 duas:
2766 3864 2872 3920 illis
2926 3866 3204 3921 canonicis
3231 3866 3286 3919 in
3315 3866 3516 3920 eadem
3569 3865 3781 3920 civitate

2270 3989 2308 4018 In
2348 3977 2608 4031 Penthale
2641 3979 3026 4032 monasterium
3053 3977 3213 4031 situm
3236 3986 3352 4031 erat
3394 3977 3462 4030 ad
3485 3977 3782 4030 'Lirizinum

2202 4048 2275 4174 sla
2300 4046 2535 4118 Limine)
2565 4064 2775 4103 amnem
2804 4048 2858 4102 in
2889 4047 3196 4118 Sequanam
3224 4048 3562 4109 inﬂuentem,
3597 4063 3627 4100 a
3651 4045 3785 4101 Chil-

2237 4121 2425 4174 eherto
2457 4133 2583 4174 rege
2608 4134 2706 4172 con
2731 4119 2884 4172 litum
2917 4119 2968 4172 in
2999 4119 3228 4174 gratiam
3269 4118 3325 4172 S.
3363 4117 3654 4172 Samsonis
3681 4117 3785 4174 eni-

2237 4121 2425 4174 eherto
2457 4133 2583 4187 rege
2608 4134 2706 4172 con
2731 4119 2884 4172 litum
2917 4119 2968 4172 in
2988 4117 3228 4188 gratiam
3269 4118 3325 4172 S.
3363 4117 3654 4188 Samsonis
3681 4117 3785 4188 epi-

2203 4189 2348 4258 scopi
2382 4185 2656 4250 Dolensis,
2695 4197 2754 4242 ut
2783 4185 3146 4258 exiejusVVita
3176 4197 3409 4242 constat.
3446 4186 3691 4258 Penante
3714 4185 3783 4240 ti-

2203 4261 2362 4314 detur
2407 4273 2526 4314 esse
2568 4258 2810 4325 ejusdem
2853 4257 3132 4314 Samsonis
3175 4258 3484 4312 cmuohium
3538 4257 3783 4320 Dolense,

2203 4331 2296 4384 ubi
2326 4329 2371 4383 is
2401 4330 2642 4399 sepultus
2665 4339 2778 4399 est,
2813 4327 3061 4382 Penetale
3088 4330 3288 4383 dictum
3326 4329 3378 4381 in
3409 4327 3516 4381 alia
3550 4326 3784 4399 ejusdem

2206 4400 2376 4455 sancti
2405 4397 2522 4454 Vita
2557 4401 2694 4470 apud
2721 4398 2982 4454 Joannem
3012 4414 3039 4453 a
3067 4399 3259 4462 Bosco,
3285 4413 3432 4453 nunc
3462 4397 3786 4452 cathedralis

2207 4470 2433 4525 ecclesia
2467 4470 2855 4525 Macloviensis.

2277 4551 2303 4576 η
2324 4539 2674 4610 ίΡνξιιρηθηεθ
2704 4541 3117 4602 monasterium,
3144 4538 3305 4610 vulgo
3337 4537 3580 4610 Préaux,
3612 4536 3786 4610 itidem

599 4624 622 4652 ε
649 4612 884 4682 ᾉΙλοείιιηι
915 4604 1482 4682 Ρευνῖιιρηριιιιιξῐηοτῒο
1507 4625 1773 4672 eversum,
1800 4610 1963 4682 silum
1987 4616 2108 4682 erat
2129 4604 2181 4678 ‘j'
2208 4611 2262 4664 in
2293 4609 2543 4664 Neustria
2567 4651 2580 4672 ,
2613 4610 2873 4682 hactenus
2907 4618 3182 4682 superest,
3224 4604 3291 4682 a'h
3331 4609 3491 4662 annis
3524 4604 3789 4662 sexcentis

525 4684 591 4737 ad
641 4680 945 4750 Sequanam
993 4697 1158 4750 prope
1208 4681 1674 4736 Calinuu'neccmn
1718 4680 2006 4750 oppidum,
2049 4680 2105 4732 in

523 4753 642 4808 loco
668 4752 757 4821 qui
788 4767 927 4805 nunc
953 4751 1212 4820 Logeusis
1237 4761 1422 4822 portus
1446 4752 1662 4805 dicitur.

600 4823 619 4862 ί
659 4819 869 4892 Insigne
910 4819 1326 4886 monasterium,
1359 4831 1486 4875 tunc
1522 4822 1821 4891 virginum,
1857 4835 2001 4874 nunc
2027 4819 2106 4874 vi-

522 4909 727 4950 torum.

597 4965 626 5007 ι
668 4963 896 5028 Villarc,
927 4963 1086 5028 vulgo
1130 4960 1516 5024 Montivilliers,
1558 4961 1767 5032 insigne
1801 4960 2105 5017 coenobium

521 5035 794 5106 virginum
820 5035 1289 5106 Benedictinarum
1311 5034 1376 5106 in
1409 5033 1626 5089 Calctis.

594 5103 633 5147 h'
660 5105 1060 5177 BeiLongogilo
1090 5104 1233 5177 nihil
1251 5104 1382 5177 mihi
1413 5103 1698 5158 succurrit.

602 5178 620 5218 ί
663 5174 721 5231 8.
755 5171 1013 5230 Walérici
1043 5172 1110 5226 ad
1135 5174 1269 5226 ostia
1305 5171 1568 5228 Somenm.

600 5245 614 5296 i
665 5245 724 5300 S.
760 5245 999 5301 Richarii
1027 5243 1368 5298 Ccntulensc.

596 5317 626 5356 ιι
668 5315 726 5372 8.
768 5315 1081 5371 Audomari.
1125 5313 1216 5368 Sic
1257 5327 1640 5382 nonnunquam
1678 5312 1960 5367 dicebatur
1995 5326 2112 5366 mo—

527 5387 828 5442 nasterium
857 5385 1151 5446 Sithieuse,
1180 5382 1332 5451 cujus
1357 5394 1514 5438 erant
1533 5385 1652 5437 dua:
1678 5383 1941 5445 ecclesiae,
1975 5382 2111 5436 San-

531 5459 602 5512 cti
624 5456 829 5511 Bertini
849 5465 902 5511 et
927 5453 1111 5510 Sancti
1137 5454 1450 5517 Audomari,
1474 5463 1699 5522 utraque
1722 5454 2110 5507 monachorum

531 5528 600 5580 ab
630 5527 803 5589 initio,
843 5542 982 5580 nunc
1013 5524 1239 5580 ecclesia
1270 5524 1452 5581 Sancti
1482 5523 1775 5579 Audomari
1805 5533 1887 5578 est
1922 5524 2108 5576 cathe—

533 5595 719 5658 dralis,
746 5597 845 5650 alia
877 5596 1283 5651 monachorum.

612 5663 630 5703 ι
672 5665 1048 5721 Monasterium
1094 5666 1278 5722 Sancti
1324 5666 1565 5721 Audoeni
1612 5665 1919 5720 etiamnunc
1968 5663 2113 5734 viget

535 5734 894 5806 Rothomagi,
938 5738 1030 5790 ubi
1073 5739 1299 5792 ecclesia
1346 5737 1671 5792 cathedralis
1717 5737 1886 5789 beatae
1933 5735 2116 5806 Mariae

537 5820 694 5936 suam?
740 5804 833 5888 est
908 5806 1026 5862 duae
1078 5818 1204 5865 sunt
1254 5809 1498 5866 ecclesiae
1550 5807 1874 5880 parteciales
1926 5804 2112 5863 Sancti

595 5893 655 5933 ar
681 5893 777 5934 nu.

595 5885 777 5934 arttni.

2209 4682 2566 4736 instauratum
2599 4681 2667 4733 ab
2698 4679 2988 4734 Humfredo
3019 4680 3182 4733 nobili
3208 4680 3344 4732 viro.

2280 4760 2305 4786 ο
2343 4750 2486 4804 Crux
2517 4749 2690 4804 sancti
2723 4751 2996 4813 Audoeni,
3033 4749 3154 4804 aliis
3184 4747 3578 4802 monasterium
3611 4742 3790 4802 Sancti

2207 4821 2504 4880 Lentlreili,
2533 4821 2586 4873 in
2611 4820 2832 4876 ditPcesi
2858 4819 3168 4874 Ebroiccnsi
3198 4819 3248 4872 in
3283 4817 3558 4872 Neustria.

2280 4902 2306 4941 P
2346 4890 2626 4954 Fontantc,
2668 4892 2800 4945 mihi
2840 4889 3049 4943 videtur
3084 4904 3203 4942 esse
3243 4888 3375 4941 illud
3415 4889 3561 4957 quod
3603 4887 3795 4942 dicitur

2205 4961 2588 5025 Fontanetum,
2624 4959 2914 5031 Fomenay,
2948 4959 3196 5014 dioecesis
3220 4957 3556 5026 Bajocensis,
3601 4972 3637 5010 a
3672 4971 3791 5012 sano

2208 5043 2297 5087 cto
2328 5032 2670 5086 Evremundo
2699 5032 2891 5085 abbate
2916 5038 3308 5084 constructum.

2279 5113 2306 5152 q
2347 5101 2710 5156 Duo-Gemelli
2755 5116 2918 5169 prope
2957 5099 3182 5168 Bajocas
3219 5098 3579 5169 quondama
3609 5103 3795 5151 sancto

2209 5171 2441 5225 Martino
2473 5171 2668 5225 abbate
2698 5167 3041 5233 verta'vensi,’
3067 5180 3124 5223 ut
3153 5169 3413 5230 creditur,
3444 5167 3790 5228 aediﬁcatum,

2209 5257 2458 5297 eversum
2485 5240 2654 5308 jacet.

2285 5322 2307 5348 ι’
2349 5306 2499 5366 Hine
2539 5319 2699 5382 patet,
2736 5309 3063 5382 monasteria
3111 5307 3294 5382 Sancti
3352 5306 3570 5382 Martini
3631 5307 3796 5382 Tum:

2211 5397 2401 5445 nense,
2438 5391 2491 5436 et
2520 5375 2704 5434 Sancti
2735 5380 2930 5434 Auiani
2964 5379 3374 5441 Aurelianense,
3405 5376 3521 5444 jam
3561 5385 3697 5431 tunc
3736 5375 3797 5427 ad

2213 5453 2502 5506 canonicos
2533 5465 2790 5504 conversa
2825 5449 3009 5504 fuisse.

2211 5547 2218 5566 τ
2285 5533 2305 5560 ι
2349 5523 2423 5576 De
2446 5521 2775 5576 Floriacensi
2804 5520 3132 5575 monasterio
3161 5519 3361 5571 dictum
3394 5516 3618 5585 szepius,
3642 5515 3720 5570 uti
3749 5519 3799 5568 et

2214 5593 2280 5648 de
2310 5592 2645 5646 Ferrariensi
2682 5600 2739 5648 et
2773 5591 2947 5647 sancti
2983 5589 3218 5653 Carileﬁ,
3255 5603 3376 5658 qua:
3413 5589 3684 5642 hactenus
3716 5600 3801 5640 su-

2284 5671 2457 5716 rsunt.

2212 5679 2311 5769 pe‘
2352 5733 2721 5787 Corbioncnse
2763 5732 3041 5788 dicebatur
3091 5727 3482 5784 monasterium
3533 5743 3566 5783 a
3609 5732 3804 5782 sancto

2214 5804 2557 5862 Launomaro
2586 5803 2929 5859 aediﬁcatum.

2286 5885 2318 5916 ιι
2353 5876 2655 5946 Supersunt
2705 5873 2844 5945 apud
2896 5872 3143 5931 Senonas
3190 5869 3522 5927 monasteria
3578 5867 3795 5926 Sancta
