4022 6494
199 408 304 469 7ιῦ

1725 387 1904 446 VITA.

3343 377 3448 433 740

200 524 366 581 libras
385 519 541 576 duas.
575 518 708 574 Item
727 517 792 572 ad
824 515 1086 572 Sanctum
1109 511 1332 568 Petrum
1358 507 1463 566 illis
1494 504 1774 564 monachis
1803 508 1857 568 Α
1954 500 1967 551 i
2008 499 2088 554 Ad
2119 498 2376 555 Sanctum
2406 495 2646 553 Salvium
2681 497 2739 550 in
2767 495 2940 566 Brago
2990 494 3190 551 solidos
3234 493 3447 552 decem.

200 616 254 671 in
281 613 472 670 eadem
496 609 631 664 urbe
657 609 854 664 libram
881 622 1066 662 unam.

278 718 304 748 α
329 705 388 760 In
405 701 752 758 Antisiodoro
786 699 918 756 urbe
949 699 1054 754 illis
1083 697 1357 756 canonicis
1382 695 1572 750 lilrrram
1594 709 1775 748 unam.

205 801 282 858 Ad
313 800 575 855 Sanctum
609 795 912 866 Remigium
957 793 1066 848 illis
1090 792 1370 848 monachis
1400 790 1668 844 similiter.
1699 787 1779 842 Ad

207 895 466 950 Sanctum
483 887 802 944 Heracleum
823 886 880 940 in
895 886 1085 940 eadem
1111 885 1244 938 urbe
1270 881 1538 937 similiter.
1567 881 1697 934 Item
1727 880 1780 933 in

206 981 551 1040 Antisiodoro
599 960 667 1033 ad
707 976 968 1032 Sanctum
997 973 1327 1032 Germanum
1354 971 1460 1028 illis
1501 969 1784 1025 monachis

207 1076 402 1132 libram
437 1087 622 1127 unam.

279 1166 308 1204 δ
334 1164 394 1219 In
433 1162 631 1217 Trecas
660 1159 763 1216 illis
783 1158 1064 1214 monachis
1092 1157 1162 1213 ad
1187 1157 1446 1213 Sanctum
1474 1155 1694 1210 Petrum
1719 1153 1785 1208 li-

209 1255 365 1311 bram
402 1269 587 1308 unam.

285 1355 307 1384 ε
338 1343 418 1399 Ad
446 1342 707 1399 Sanctam
727 1341 958 1400 Crucem
983 1341 1172 1399 Meldis
1197 1342 1304 1398 illis
1335 1335 1617 1397 monachis
1643 1337 1789 1394 simi-

213 1435 356 1492 liter.

287 1527 315 1568 (ι
344 1525 427 1582 Ad
469 1525 724 1584 Fossatos
747 1524 1149 1598 :monasterium
1174 1523 1280 1581 illis
1319 1523 1599 1581 monachis
1626 1522 1792 1577 libras

223 1621 376 1676 duas.

292 1724 316 1752 θ
345 1710 426 1767 Ad
459 1711 713 1768 Sanctam
766 1708 1096 1767 Genovefam
1141 1707 1380 1763 Parisios
1435 1706 1602 1762 libras
1635 1703 1790 1760 duas.

214 1797 299 1858 Ad
335 1802 593 1858 Sanctum
641 1802 971 1858 Germanum
1020 1799 1261 1854 Parisius
1322 1798 1489 1853 libras
1545 1805 1701 1852 tres:
1738 1796 1794 1850 in

1951 594 1978 633 ιι
2007 594 2090 648 Ad
2121 591 2311 647 Malam
2339 589 2725 646 monasterium
2749 586 2940 642 libram
2972 603 3132 642 unam

1957 683 1974 723 ι
2011 683 2092 738 Ad
2125 682 2381 738 Sanctum
2398 680 2685 736 Vedastum
2718 679 2771 733 in
2801 677 3065 732 Atrebato
3094 677 3261 733 libras
3290 680 3447 736 duas.

1953 787 1992 814 ιιι
2022 774 2102 828 Ad
2133 773 2484 829 Cameracum
2515 771 2680 825 libras
2709 770 2860 826 duas.
2893 768 2976 825 Ad
3016 768 3274 825 Sanctum
3304 769 3452 827 Gau-

1884 865 2122 936 gericum
2150 865 2340 918 libram
2365 877 2543 917 unam.

1957 968 1982 994 ιι
2007 957 2090 1011 Ad
2121 955 2403 1010 Corbeiam
2434 955 2601 1008 libras
2631 953 2885 1023 quinque.

1959 1054 1983 1081 ο
2023 1045 2105 1101 Ad
2122 1043 2381 1100 Sanctum
2403 1043 2632 1114 Eligium
2656 1043 2708 1096 in
2727 1042 2984 1097 Noviomo
3011 1043 3228 1098 civitate
3258 1043 3454 1101 libram

1885 1151 2069 1191 unam.
2126 1134 2258 1189 llem
2306 1133 2375 1188 ad
2421 1133 2666 1188 eamdem
2702 1135 2889 1188 urbem
2937 1135 3214 1189 canonicis
3262 1134 3458 1190 libram

1887 1244 2048 1283 unam
2057 1268 2070 1280 .

1961 1333 1988 1372 ι)
2013 1321 2148 1376 Item
2186 1319 2252 1375 ad
2286 1318 2596 1375 Suessionis
2635 1319 2911 1376 civitatem
2959 1321 3238 1377 canonicis
3267 1320 3460 1376 libram

1890 1434 2077 1474 unam.
2108 1417 2188 1472 Ad
2227 1425 2476 1474 sanctum
2525 1414 2835 1485 Crispinum
2880 1415 3080 1472 solidos
3132 1417 3462 1486 quindecim.

1892 1511 1973 1565 Ad
1997 1518 2240 1564 sanctum
2268 1507 2581 1562 Medardum
2611 1507 2892 1563 monachis
2920 1507 3113 1562 libram
3139 1523 3332 1576 unam;
3363 1507 3471 1564 illis

1896 1600 2399 1657 sanctimonialibus
2428 1599 2594 1655 libras
2626 1607 2756 1655 tres.

1970 1703 1997 1742 (ι
2023 1691 2106 1747 Ad
2146 1691 2370 1746 Rhemis
2429 1690 2534 1746 illis
2565 1691 2845 1748 canonicis
2895 1690 3090 1747 libram
3140 1707 3304 1748 unam
3341 1711 3353 1747 :
3405 1693 3475 1748 ad

1900 1781 2161 1838 Sanctum
2187 1781 2562 1854 Remigiumin
2591 1781 2779 1838 eadem
2808 1782 2940 1839 urbe
2968 1783 3251 1838 monachis
3278 1782 3476 1839 libram

213 1891 410 1946 eadem
431 1893 568 1946 urbe
587 1891 694 1946 illis
712 1891 988 1946 canonicis
1007 1890 1199 1945 libram
1227 1904 1409 1943 unam.
1440 1887 1523 1942 Ad
1549 1895 1796 1942 sanctum
1825 1894 1873 1954 Β
1902 1891 2087 1931 unam-

211 1981 540 2053 Dionysium
560 1981 727 2038 libras
752 1982 1009 2054 quinque.
1056 1980 1139 2036 Ad
1167 1980 1355 2037 Calam
1401 1978 1795 2035 monasterium

217 2071 395 2129 libras
424 2071 580 2128 duas.

297 2163 318 2202 ί
345 2163 430 2219 Ad
494 2163 750 2218 Sanctum
798 2163 1096 2219 Lucianum
1150 2161 1258 2218 illis
1306 2161 1589 2219 monachis
1633 2161 1800 2218 libras

218 2255 377 2311 duas.
407 2254 640 2312 Belloaci
667 2255 772 2311 illis
809 2255 1088 2312 canonicis
1113 2255 1307 2310 libram
1349 2271 1536 2310 unam.
1561 2255 1644 2311 Ad
1670 2253 1802 2309 Fla-

219 2349 437 2406 viacum
488 2349 594 2404 illis
635 2349 911 2404 canonicis
945 2348 1109 2403 libras
1165 2348 1496 2418 quindecim.
1547 2347 1628 2404 Ad
1667 2362 1802 2418 Opus

224 2445 554 2501 famulorum
581 2459 770 2500 eorum
791 2445 959 2500 libras
983 2445 1190 2499 decem.
1215 2442 1575 2500 Hildcmanno
1595 2443 1807 2512 episeo-

223 2555 296 2611 po
318 2539 384 2594 ad
396 2537 744 2610 presbyteros
768 2547 824 2594 et
847 2551 1112 2609 pauperes
1141 2535 1308 2592 libras
1337 2537 1544 2592 decem.
1561 2535 1644 2589 Ad
1671 2534 1804 2590 Ora-

226 2631 428 2686 torium
458 2630 848 2686 monasterium
896 2627 1098 2683 solidos
1143 2626 1475 2697 quindecim.
1507 2625 1590 2680 Ad
1615 2625 1810 2681 Fonta-

227 2721 415 2777 nidum
438 2720 829 2776 monasterium
860 2717 1062 2774 solidos
1079 2719 1287 2773 decem.
1317 2715 1401 2772 Ad
1427 2714 1666 2772 Insulam
1691 2731 1808 2771 mo-

228 2813 527 2870 nasterium
559 2812 760 2868 solidos
784 2811 994 2866 decem.

307 2906 332 2945 8
361 2903 442 2958 Ad
481 2902 816 2972 Andelagum
844 2901 1235 2958 monasterium
1272 2901 1476 2958 solidos
1501 2899 1805 2958 duodecim.

305 2997 332 3038 ιι
361 2995 443 3052 Ad
470 2993 769 3050 Malardum
797 2995 993 3051 vallem
1030 2995 1231 3052 solidos
1264 2995 1474 3051 decem.

312 3089 329 3128 i
362 3086 445 3142 Ad
473 3085 717 3142 Resbace
736 3086 1124 3141 monasterium
1146 3084 1344 3142 libram
1362 3101 1527 3144 unam
1543 3093 1598 3141 et
1620 3085 1804 3141 semis.

232 3195 507 3252 Columbae
541 3200 596 3248 et
631 3191 814 3248 Sancti
847 3192 993 3249 Petri
1021 3192 1226 3248 ordinis
1256 3191 1450 3248 nostri.
1485 3191 1542 3247 8.
1576 3193 1807 3263 Remigii

232 3251 574 3344 cpeiiobium,
605 3263 748 3344 quod
776 3264 989 3344 itidem
1009 3264 1063 3318 in
1095 3263 1253 3344 hujus
1283 3263 1521 3344 civitatis
1550 3251 1808 3344 suburbio
1835 3251 1882 3314 C

233 3339 398 3394 situm
437 3343 578 3402 erat,
609 3334 726 3404 jam
759 3334 1092 3391 destructum
1131 3343 1236 3400 est,
1276 3341 1475 3404 praeter
1513 3336 1812 3390 oratorium

235 3409 399 3464 modo
426 3404 734 3477 parmciale.

309 3491 335 3520 ι
372 3472 704 3532 Antisiodori
748 3489 878 3531 vero
915 3473 1305 3531 monasterium
1335 3472 1520 3530 Sancti

235 3551 502 3606 hactenus
530 3545 799 3601 subsistit.

311 3620 338 3660 δ
376 3617 623 3673 Cellense
649 3615 1038 3670 monasterium
1053 3609 1241 3668 Sancti
1263 3613 1407 3668 Petri
1435 3614 1575 3682 apud
1597 3611 1816 3678 Trecas,

234 3691 305 3745 de
334 3701 444 3758 quo
476 3685 648 3758 infra,
685 3684 776 3738 ubi
803 3685 878 3758 _de
912 3684 1262 3741 translatione
1298 3685 1475 3740 sancti
1500 3683 1822 3742 Frodoberti

233 3752 477 3819 abbatis,
506 3755 768 3809 hactenus
796 3752 968 3810 ﬂoret.

315 3839 337 3865 ο
379 3825 570 3880 Meldis
601 3825 908 3882 ccenobium
941 3824 1154 3882 Sancta:
1189 3823 1400 3892 Crucis,
1443 3841 1588 3883 nunc
1627 3826 1824 3886 dicitur

236 3896 429 3955 Sancti
460 3894 708 3951 Faronis.

309 3969 337 4008 ἀ
380 3967 705 4038 Fossatense
732 3981 863 4038 vero
891 3965 1078 4038 Sancti
1108 3965 1312 4034 Mauri,
1342 3969 1407 4024 de
1436 3983 1543 4038 quo
1575 3969 1820 4034 inferius,

239 4040 334 4096 ubi
359 4039 426 4093 de
452 4037 806 4093 translatione
827 4035 885 4092 S.
911 4036 1106 4105 Mauri,
1129 4038 1196 4094 ab
1225 4054 1332 4094 uno
1353 4035 1549 4096 sazc'ulo
1576 4041 1822 4096 saeculari

241 4121 363 4181 toga
389 4109 642 4181 donatum
669 4117 771 4181 est.

319 4177 343 4218 ε
379 4179 533 4248 Apud
568 4179 805 4234 Parisios
846 4178 1058 4234 Sanctae
1102 4177 1387 4235 Genovefa:
1432 4183 1825 4238 monasterium

242 4259 331 4306 est
362 4249 763 4322 canonicoer
806 4249 1131 4322 regularium
1175 4249 1380 4322 ordinis
1425 4253 1598 4322 sancti
1646 4252 1828 4322 Augu-

243 4321 374 4376 stini
399 4337 412 4372 :
445 4319 628 4375 Sancti
656 4317 911 4374 Germani
937 4326 992 4390 et
1019 4318 1204 4374 Sancti
1228 4319 1468 4390 Dionysii
1495 4317 1824 4378 monasteria

244 4392 510 4461 hactenus
539 4390 720 4461 vigent
745 4390 844 4461 sub
874 4389 1062 4461 ordine
1089 4398 1294 4461 nostro.

326 4460 346 4500 τ
383 4461 514 4516 Item
554 4458 816 4515 Bellovaci
844 4458 1154 4530 cinnobium
1192 4458 1375 4515 Sancti
1415 4459 1672 4530 Luciani;
1712 4471 1826 4518 tum

245 4531 597 4587 Flaviacense
618 4530 800 4586 Sancti
828 4529 1125 4594 Geremari,
1151 4531 1229 4585 sic
1251 4531 1453 4586 dictum
1477 4547 1507 4585 a
1530 4530 1824 4588 Geremaro

246 4603 550 4658 conditore.
615 4601 684 4655 At
737 4600 1075 4666 Oratorium,
1132 4598 1329 4667 Oroer,
1387 4600 1572 4657 Sancti
1623 4604 1824 4658 Ebrulli

246 4672 549 4743 quondam,
585 4679 770 4743 postea
808 4669 1020 4743 Sanctae
1053 4670 1452 4743 Angadrismae,
1493 4673 1827 4729 destructum

245 4740 356 4805 est,
403 4742 479 4796 uti
525 4740 1001 4796 et'Fontanidum.
1050 4741 1431 4796 Monasterium
1478 4743 1655 4800 Insula
1700 4745 1830 4800 illud

248 4814 430 4882 ipsum
453 4813 701 4882 estquod
731 4811 789 4866 8.
818 4810 1143 4882 Geremarus
1173 4813 1539 4868 construxisse
1564 4831 1831 4870 memora-

250 4880 342 4938 tur
370 4883 426 4936 in
456 4881 623 4951 ipsius
649 4883 818 4936 Actis.
865 4880 1116 4948 Ejusdem
1146 4882 1459 4937 monasterii
1501 4886 1830 4941 mentionem

249 4953 387 5007 facit
422 4951 760 5017 Ilincmarus,
790 4951 1116 5004 Rhemorum
1142 4951 1393 5018 antistes,
1428 4953 1481 5006 in
1508 4955 1731 5018 epistola
1763 4957 1832 5010 ad

251 5024 607 5077 llincmarum
640 5021 1051 5076 Laudunensem
1086 5021 1252 5076 relata
1295 5022 1347 5075 in
1388 5021 1600 5077 concilii
1641 5025 1834 5079 Duzia-

250 5094 434 5164 censis
469 5103 620 5162 parte
661 5109 730 5164 tt,
771 5107 888 5164 cap.
933 5090 988 5145 ὅ.
1035 5090 1414 5164 Μοηαειενὶιιηι
1457 5094 1597 5164 quod
1641 5095 1835 5149 dicitur

252 5163 390 5227 lsla,
421 5161 479 5216 in
507 5163 757 5227 parochia
786 5161 1104 5226 Belt-acenst',
1133 5171 1237 5218 etc.

333 5236 358 5307 ἕ
397 5232 733 5307 Andelagum
772 5232 1168 5307 monasterium
1201 5232 1496 5307 virginum,
1535 5235 1694 5307 vulgo
1731 5238 1837 5291 Αη-

252 5303 426 5372 deley,
465 5303 533 5358 ad
561 5301 867 5374 sequanam
896 5310 1129 5374 quatuor
1156 5301 1323 5360 leucis
1349 5319 1512 5374 supra
1542 5301 1837 5361 Rothoma-

254 5389 498 5456 κειται-ει
553 5372 695 5430 Beda
745 5372 1050 5430 Venerabili
1105 5373 1379 5430 laudatum
1395 5372 1429 5442 ,‘
1463 5373 1577 5443 jam
1626 5377 1836 5446 pridem

251 5453 487 5501 corruit.

328 5516 359 5556 ιι
401 5514 480 5568 De
518 5514 756 5570 Malardo
789 5514 925 5570 valle
952 5514 1084 5570 nihil
1121 5515 1516 5571 observandum
1546 5519 1834 5573 succurrit.

338 5588 354 5626 i
399 5585 737 5642 Rcsbacense
780 5585 834 5640 in
875 5585 1055 5656 Brigio
1096 5596 1291 5653 tractu,
1339 5585 1548 5652 Rebais,
1587 5589 1836 5644 abbatem

257 5656 496 5728 primum
529 5657 715 5728 habuit
741 5667 985 5728 sanctum
1016 5657 1249 5726 Agilum.

337 5725 350 5776 i
400 5727 586 5801 Sancti
624 5725 788 5783 Salvii
826 5727 880 5782 in
911 5725 1110 5801 ΔΒιτιςρ,
1133 5744 1221 5801 an
1246 5726 1311 5801 _S.
1351 5729 1514 5784 Salvii
1551 5730 1605 5784 in
1643 5732 1838 5801 oppido

261 5797 598 5870 Monstrolio,
627 5813 739 5870 non_
757 5797 998 5867 expedio.
1027 5797 1142 5870 sti
1172 5801 1217 5854 si
1246 5799 1527 5870 legendum
1556 5803 1627 5856 sit
1659 5797 1839 5856 Sdncti

259 5867 559 5926 Saluatoris
610 5869 664 5924 in
707 5867 882 5939 Brago
919 5883 1014 5924 seu
1051 5867 1278 5954 Borajaco
1303 5867 1388 5930 'ad
1431 5869 1735 5943 Sequanam
1783 5875 1838 5930 in

749 5959 1028 6025 PATROL.
1080 5958 1214 6035 CV.

1561 3474 1818 3530 Germani

1976 1964 2110 2020 ι’Αό
2163 1963 2422 2020 Sanctum
2474 1964 2784 2020 Memmium
2827 1965 2882 2019 in
2935 1964 3231 2020 Catalauno
3283 1964 3476 2020 libram

1902 2071 2087 2112 unam.
2119 2054 2201 2111 Ad
2229 2055 2477 2111 eamdem
2502 2057 2693 2111 urbem
2725 2056 2922 2111 solidos
2956 2072 3047 2110 xv.

1975 2158 1998 2186 ε
2030 2146 2112 2202 Ad
2140 2146 2320 2202 Altum
2355 2147 2593 2204 Montem
2640 2148 3031 2203 monasterium
3061 2189 3074 2214 ,
3111 2164 3218 2220 quo
3263 2157 3484 2205 sanctus

1902 2237 2206 2294 Ansbertus
2261 2239 2535 2308 quondam
2586 2239 2777 2294 exsilio
2839 2237 2941 2294 fuit
2988 2241 3264 2305 introsus,
3323 2249 3485 2310 atque

1906 2330 2197 2389 consortiis
2232 2330 2357 2385 inde
2380 2337 2600 2400 ereptus
2627 2330 2899 2394 humanis,
2927 2331 3125 2385 solidos
3152 2331 3482 2400 quindecim.

1986 2427 2005 2461 τ
2035 2423 2118 2478 Ad
2135 2421 2460 2477 Malbodium
2489 2421 2796 2476 cmnobium
2826 2421 3020 2476 libram
3045 2439 3231 2477 unam.

1981 2527 2011 2556 ιι
2037 2513 2120 2570 Ad
2148 2514 2508 2570 Castrilocum
2532 2515 2922 2570 monasterium
2952 2515 3220 2572 similiter.

1981 2619 2010 2648 ν
2033 2609 2115 2665 Ad
2143 2609 2376 2665 Laubias
2397 2609 2784 2666 monasterium
2823 2609 3017 2666 libram
3036 2626 3224 2667 unam.

1983 2717 2012 2746 κ
2040 2703 2123 2760 Ad
2154 2703 2341 2758 Indam
2367 2702 2675 2759 coenobium
2702 2702 2870 2760 libras
2904 2704 3058 2761 duas.
3096 2705 3180 2761 Ad
3220 2704 3492 2778 Lingonas

1912 2795 2018 2852 illis
2044 2795 2324 2852 canonicis
2345 2795 2539 2852 libram
2566 2811 2749 2850 unam.

1983 2900 2014 2940 γ
2042 2891 2122 2946 Ad
2156 2890 2459 2946 Luxovium
2491 2890 2659 2946 libras
2686 2891 2875 2962 viginti
2907 2893 3162 2964 quinque,
3191 2896 3244 2951 id
3266 2905 3350 2952 est
3375 2897 3492 2967 ipso

1912 2982 2242 3039 monasterio
2270 2981 2436 3037 libras
2454 2982 2658 3037 decem.
2708 2980 2790 3038 Ad
2819 2983 3093 3041 Fontanas
3131 2986 3324 3042 cellam
3345 2988 3493 3058 ejus-

1911 3075 2034 3130 dem
2064 3073 2300 3130 coznobii
2352 3073 2548 3128 libram
2578 3088 2741 3128 unam
2777 3082 2832 3130 et
2857 3076 3040 3133 semis.
3069 3077 3151 3132 Ad
3179 3077 3493 3134 Cusantiam
3537 3099 3541 3104 ·

1912 3205 2052 3300 pago
2080 3187 2400 3272 Senonensi2
2425 3187 2491 3243 de
2516 3202 2623 3257 quo
2653 3188 2708 3242 in
2736 3187 2858 3243 Vita
2885 3191 3056 3273 sancti
3089 3191 3324 3274 Paterni.

2051 3259 2190 3327 Quid
2223 3267 2292 3314 Sit
2331 3267 2492 3313 etiam
2527 3257 2673 3311 Mala
2717 3269 3102 3316 monasterium
3143 3279 3352 3327 ignoro.
3395 3263 3441 3316 Ν

2527 3289 2673 3311 mutu
2717 3289 3102 3316 llll’lldDWl'lUlll
3143 3289 3352 3316 ΙΕΙΙυΙύ.
3395 3289 3488 3316 λῚῧ⁶

1987 3279 2014 3300 ι
2051 3279 2190 3327 υυια
2223 3279 2292 3314 διι
2331 3279 2492 3313 ῡιιίιῐιι
2527 3279 2673 3311 mata
2717 3279 3102 3316 monaswrtum
3143 3279 3352 3333 Ignoro.
3395 3279 3488 3320 ΠΕ·

1917 3347 2024 3404 que
2059 3331 2204 3404 enim
2235 3331 2301 3404 de
2333 3328 2899 3404 monasterioMalasc-i
2918 3332 3183 3404 _dimccsis
3212 3332 3499 3388 Carcasso-

1919 3398 2127 3466 riensis,
2154 3400 2299 3469 quod
2327 3399 2489 3454 modo
2515 3398 2873 3453 Montis-Olivi
2902 3399 3118 3465 dicitur,
3152 3405 3296 3458 hunc
3322 3404 3497 3460 locum

1920 3470 2300 3524 explicandum
2327 3484 2446 3524 esse
2469 3476 2628 3524 nuto:
2665 3484 2732 3522 an
2762 3469 2827 3524 de
2850 3469 3273 3524 Malmundariu?

1920 3487 1986 3528 ex
2031 3474 2300 3526 licandum
2327 3484 2446 3524 esse
2469 3476 2628 3538 puto;
2665 3484 2732 3522 an
2762 3474 2827 3524 de
2850 3474 3273 3528 Malmundario?

1990 3487 2025 3581 ς
2062 3541 2254 3596 Sancti
2303 3538 2522 3595 Vedasti
2569 3539 2785 3594 abbatia
2840 3541 3104 3598 hactenus
3149 3543 3378 3601 celebris
3422 3555 3500 3602 est

1923 3613 2064 3665 anud
2090 3611 2395 3665 Atrebates.

2295 3619 2395 3661 tes.

1923 3619 2064 3684 apud
2090 3619 2395 3665 Atrebates.

1996 3692 2036 3714 ⁸·
2077 3680 2262 3737 Sancti
2292 3679 2576 3755 Gaugerici
2607 3689 2688 3736 est
2714 3683 2996 3755 collegiata
3041 3685 3376 3755 saecularium
3415 3704 3493 3743 ca-

1921 3755 2252 3828 nonicprutn
2263 3751 2490 3806 ecclesia
2516 3751 2820 3828 Cameraci,
2847 3751 3003 3826 vulgo
3018 3754 3363 3828 ~Sm'nt—Gery.

1998 3835 2029 3898 ’ξ
2061 3823 2304 3898 corbeite
2337 3823 2975 3898 monasteriumuillustiie
3016 3826 3266 3881 laudatur
3304 3823 3502 3898 passim

1925 3897 1980 3952 in
2005 3894 2156 3950 Actis
2179 3894 2350 3948 sancti
2379 3894 2690 3960 Adalhardi,
2726 3895 2916 3963 Walze,
2942 3897 3215 3953 Paschasii
3246 3894 3502 3956 Radberti

1926 3967 2204 4027 abbatum,
2236 3972 2290 4018 et
2321 3964 2494 4019 sancti
2519 3964 2825 4021 Anscharii.

1997 4045 2022 4109 ξ’
2048 4036 2431 4109 Monasteriqu
2461 4032 2643 4090 Sancti
2672 4037 2828 4109 Eligii
2852 4038 2904 4092 in
2928 4039 3060 4094 urbe
3083 4038 3342 4096 Noviomo
3364 4059 3505 4097 nunc

1926 4125 1958 4164 a
1985 4106 2350 4161 fundamentis
2379 4107 2712 4160 instauratur
2734 4106 2990 4164 a'nostris
3017 4110 3158 4163 intra
3190 4111 3396 4166 urbem.

1998 4189 2024 4228 ρ
2059 4177 2298 4248 Abbatiae
2327 4174 2510 4248 Sancti
2538 4177 2769 4248 Crispini
2803 4187 2857 4234 et
2883 4172 3068 4233 Sancti
3099 4179 3332 4234 Medardi
3366 4181 3500 4235 viro-

1927 4265 2069 4311 rum,
2090 4263 2152 4301 ac
2176 4246 2392 4300 Sancta:
2399 4246 2587 4317 Mariae
2609 4246 2878 4317 virginum
2901 4249 3162 4304 hactenus
3185 4250 3506 4306 subsistunt.

1996 4329 2026 4369 τι
2059 4318 2361 4388 ltemapud
2392 4316 2627 4388 Rhemos
2657 4316 2840 4388 Sancti
2872 4318 3121 4388 Remigii.

2005 4399 2027 4426 ι’
2064 4386 2374 4442 Catalaunis
2415 4387 2629 4442 abbatia
2669 4385 2854 4444 Sancti
2901 4385 3136 4444 Memmii
3167 4399 3249 4446 est
3285 4393 3508 4448 canoni-

1929 4473 2119 4529 corum
2149 4457 2495 4529 regularium.

2003 4541 2031 4606 s_
2063 4526 2422 4606 Altu_s_'-_llloi_is,
2447 4526 2612 4606 _vulgo
2644 4526 2935 4606 Haurrtont,
2961 4531 3036 4606 ad
3054 4530 3212 4606 Sabis
3241 4531 3314 4606 (la
3346 4531 3504 4589 Sam-

1852 4607 1906 4667 D
1931 4599 2039 4672 bro)
2067 4593 2218 4672 _ll_uvii
2245 4599 2416 4672 initia,
2447 4593 2707 4672 hactenus
2732 4593 2931 4656 militat
2956 4602 3057 4657 sub
3079 4593 3270 4659 ordine
3297 4614 3507 4660 nostro.

2008 4669 2028 4708 ί
2066 4669 2417 4734 Malbodium,
2463 4669 2772 4740 Maubeuge,
2819 4688 2925 4727 una
2969 4673 3165 4730 abhinc
3208 4674 3380 4741 leuca,
3427 4685 3513 4731 est

1931 4741 2272 4799 saacularium
2297 4741 2679 4794 canonicarum
2701 4757 2795 4797 seu
2821 4743 3244 4808 domicellarum.
3271 4762 3390 4808 quae
3413 4746 3510 4800 do-

1932 4763 2272 4799 δωεωπιυω
2297 4763 2679 4794 υᾰιιιυιιιυλιινιιιιι
2701 4763 2795 4797 5811
2821 4763 3244 4808 uomtceuarum,
3308 4763 3390 4800 ua:
3413 4763 3510 4800 (10·

1932 4812 2358 4937 ωυῗϊῗιὶιέιδῑρτο
2391 4811 2564 4866 sacris
2597 4811 2898 4883 virginibus
2935 4829 2966 4868 a
3001 4813 3160 4869 beata
3196 4763 3512 4885 Algegunde

1932 4899 2033 4938 con
2074 4900 2146 4938 ia
2264 4921 2278 4934 .

1963 4899 2146 4938 onuita
2176 4899 2278 4937 est.

1932 4901 1962 4940 ο
2006 4966 2031 4992 ιι
2058 4953 2212 5024 Idem
2236 4951 2522 5024 dicendum
2545 4949 2610 5024 de
2635 4950 3012 5009 Castrilocensi
3032 4953 3510 5024 Parthenoue,_qui

1933 5023 2075 5093 apud
2115 5030 2326 5077 montes
2353 5019 2646 5074 Hannonia:
2686 5039 2715 5075 a
2754 5033 2940 5080 sancta
2969 5023 3319 5081 Waldetrude
3348 5019 3511 5078 Alde-

1934 5094 2126 5166 gundjs
2154 5105 2339 5166 sorore
2366 5098 2705 5166 constructus
2731 5102 2834 5166 est.

2005 5173 2032 5200 ν
2072 5162 2372 5217 Laubiensc
2409 5162 2474 5215 ad
2519 5159 2704 5217 Sabim
2739 5164 3001 5222 hactenus
3035 5166 3245 5222 insigne
3281 5173 3366 5220 est
3399 5181 3512 5221 mo-

1935 5234 2264 5296 nasterium,
2300 5231 2366 5286 de
2399 5248 2506 5302 quo
2536 5231 2592 5286 in
2621 5233 2770 5290 Actis
2803 5246 3112 5291 sanctorum
3145 5231 3428 5291 Landelini
3454 5246 3511 5290 et

1937 5305 2110 5361 sancti
2140 5301 2381 5358 Ursmari
2407 5301 2636 5359 abbatis.

2011 5388 2038 5457 ξι
2073 5374 2150 5429 De
2174 5373 2385 5457 ludensi
2413 5389 2579 5457 prope
2603 5374 2941 5457 Aquasgrani
2977 5377 3082 5457 sito
3116 5375 3319 5432 dictum
3347 5384 3432 5433 est
3455 5377 3510 5432 in

1938 5445 2061 5501 Vita
2092 5444 2260 5501 sancti
2284 5444 2556 5500 Benedicti
2588 5444 2815 5501 Ληίτιηὲ
2839 5445 3068 5502 abbatis.

2010 5527 2038 5591 γ
2077 5515 2337 5591 ιυκοχίο,
2355 5516 2556 5570 celebri
2577 5516 2837 5591 hactenus
2858 5518 3186 5591 monasterio
3203 5516 3259 5591 in
3273 5515 3506 5591 Vosago,

1939 5587 2196 5643 suberant
2228 5586 2482 5640 Fontanre
2520 5594 2573 5638 et
2614 5585 3003 5656 Anagranates,
3034 5585 3342 5652 Fontat’nes,
3374 5585 3514 5644 Ahe-

1940 5676 2088 5730 gray,
2122 5660 2380 5730 hactenus
2419 5656 2687 5725 prioratus
2723 5655 3031 5730 a_Luxovio
3065 5658 3375 5730 pendentes.
3408 5659 3511 5716 Cu-

1941 5726 2136 5793 santia,
2185 5727 2442 5789 Cusance,
2471 5726 2870 5797 monasterium
2913 5726 3179 5797 quondam
3215 5731 3282 5784 ab
3322 5741 3511 5785 sancto

1942 5800 2294 5856 Ermenl‘redo
2323 5796 2631 5869 conditum3
2671 5796 3049 5869 subtlittimque
3077 5800 3337 5864 Luxovio,
3371 5815 3514 5857 nunc.

1941 5882 2023 5930 est
2052 5873 2321 5945 prioratus
2349 5868 2572 5925 abbatia:
2595 5866 2777 5926 Sancti
2809 5866 3013 5926 Claudii
3045 5870 3332 5939 subjectus.

2997 5961 3074 6024 24
