4022 6446
478 345 578 404 7M

1753 345 2126 404 FREDEGISI
2160 341 2451 405 ABBATIS

3627 341 3737 398 753

498 473 3729 526 Μ

1647 645 1813 691 ANNO
1857 646 2087 691 DOMINI
2129 646 2454 692 DCCCXXXI
2465 646 2518 692 Υ.

1432 829 2792 973 FREDEGISUS

1081 1095 1334 1161 ABBAS
1375 1095 1872 1160 MONASTERII
1917 1094 2203 1157 SANCTI
2243 1095 2586 1159 MARTINI
2630 1095 3137 1162 TURONENSIS.

1876 1239 2341 1257 “

1470 1333 1962 1422 NOTITIA
2037 1332 2394 1418 HISTO
2407 1330 2710 1416 RICA.

1401 1490 1564 1557 (Apud
1582 1490 1882 1556 Fabricium,
1901 1489 2134 1544 Biblioth.
2152 1494 2288 1544 med.
2313 1497 2366 1545 et
2387 1491 2478 1544 int.
2501 1489 2822 1556 Latinitatis.)

536 1712 824 1798 lired.egis,
855 1713 968 1768 sive
988 1711 1340 1783 Fredegisus,
1366 1709 1548 1767 Caroli
1578 1710 1704 1836 Μειῖ

536 1801 577 1836 c1
625 1784 707 1836 Pu
754 1784 935 1836 clarus
980 1792 1186 1836 aetate.
1235 1799 1264 1836 a
1318 1781 1617 1836 Theodulfo

469 1785 577 1841 vici
625 1781 935 1840 Pii'clarus
980 1781 1188 1848 aetate,
1235 1799 1264 1836 a
1318 1781 1617 1837 Theodulfo
1660 1781 2034 1836 Aurelianeusi

465 1853 564 1912 lib.
598 1871 659 1911 lli
689 1853 998 1910 Carminum
1027 1853 1330 1908 celebratur
1360 1854 1445 1907 his
1477 1853 1718 1907 versibus
1745 1852 1866 1917 175,
1891 1853 1993 1906 176
2023 1869 2036 1906 :

589 1946 700 1996 Stet
718 1944 864 1994 lexita
888 1944 1072 1994 docens
1101 1942 1342 2004 Fredegis
1366 1946 1576 1994 sociatus
1599 1943 1784 2005 UfuISo,

651 2008 840 2055 (Silarus
865 2017 1075 2066 uterque
1100 2007 1232 2063 artis,
1257 2007 1427 2054 ductus
1451 2013 1662 2067 uterque
1687 2008 1839 2056 bene.

534 2074 620 2156 Ad
652 2091 772 2156 quae
793 2077 956 2156 verba
982 2077 1098 2156 haec
1122 2086 1274 2156 notat
1303 2075 1668 2156 Sirmondus‘;
1695 2075 1770 2156 (α)
1799 2094 1815 2126 ι
1847 2075 2043 2132 Exstat

465 2144 686 2218 Aleuini
708 2147 775 2218 ad
797 2145 1143 2218 Fredegisum
1177 2147 1321 2218 hunc
1350 2145 1584 2218 libellus,
1603 2147 1675 2216 (b)
1701 2144 1752 2198 in
1784 2161 1890 2214 quo
1921 2163 2044 2216 pro-

462 2216 660 2287 positis
684 2215 752 2270 ab
778 2232 843 2271 eo
872 2217 937 2271 de
968 2215 1066 2270 SS.
1102 2215 1370 2270 Triuitate
1398 2215 1791 2286 quaestionibus
1822 2215 2045 2286 respon-

464 2286 598 2357 det;
642 2286 820 2341 fuerat
856 2287 998 2342 enim
1035 2287 1205 2356 ipsius
1238 2287 1534 2357 discipulus
1557 2327 1571 2350 ,
1603 2295 1662 2341 ut
1700 2296 1758 2357 et
1799 2287 2039 2342 Ol'ulsus.

463 2355 660 2428 Ijxstat
688 2357 963 2428 Fredegisi
993 2355 1206 2428 quoque
1237 2355 1406 2426 ipsius
1436 2357 1650 2428 diaconi
1679 2356 1747 2412 de
1778 2357 1959 2412 Nihilo
1989 2368 2045 2413 et

463 2426 728 2498 Tenebris
755 2426 980 2498 epistola
1007 2426 1244 2498 nondum
1269 2428 1411 2482 edita
1431 2468 1444 2491 ,
1471 2427 1624 2498 cujus
1653 2428 1756 2482 hoc
1778 2438 1861 2483 est
1887 2443 2042 2483 exor-

463 2497 612 2553 dium
640 2516 652 2553 :
683 2517 700 2550 ι
731 2497 992 2554 omnibus
1038 2497 1286 2554 ﬁdelibus
1309 2506 1364 2552 et
1388 2497 1570 2554 domui
1601 2499 1774 2552 nostri
1807 2499 2043 2554 serenis-

468 2585 490 2618 α
524 2569 644 2624 simi
683 2570 942 2640 principis
976 2570 1155 2626 Caroli
1190 2570 1246 2624 in
1286 2585 1441 2624 sacro
1473 2568 1589 2640 ejus
1615 2569 1818 2639 palatio
1856 2569 2040 2624 consi-

470 2656 490 2690 ι
526 2639 823 2705 stentihus,
860 2639 1184 2710 Fredegisus
1222 2641 1503 2708 diaconus.
1536 2639 1808 2710 Agitatam
1850 2640 2042 2694 diutis—

465 2727 485 2760 ι
520 2710 656 2766 sime
677 2726 709 2766 a
735 2709 1146 2784 quamplurihus
1173 2711 1526 2780 quaestionem
1556 2709 1620 2765 de
1648 2709 1849 2775 Nihilo,
1882 2719 1988 2765 etc.
2013 2730 2032 2763 ι

503 2821 609 2904 ,(α.)
645 2823 798 2880 Tom.
836 2824 877 2878 ll
908 2823 1139 2894 Operum
1172 2822 1476 2904 Sirmoudi,
1523 2836 1647 2891 pag.
1680 2820 1846 2902 ’1066.
1884 2821 1952 2874 Et
1983 2821 2040 2907 in

457 2889 793 2974 Bibliotheca
825 2893 1461 2974 PatrumLAugdun‘eus‘t,
1487 2902 1618 2974 tolm.
1655 2890 1948 2974 leLpag:
1982 2894 2036 2945 b.

528 2907 793 2949 bttotneca
825 2907 1453 2978 PatrumLuguuneusn,
1487 2907 1618 2946 tom.
1656 2907 1792 2952 MV.
1825 2907 1948 3013 pag.
1982 2907 2036 2945 ο.

528 2964 603 3044 (ἐξ)
643 2963 820 3044 Qpera
857 2963 1235 3044 A_lcutni,toni‘.
1271 2963 1334 3044 Cl
1361 2961 1572 3044 .Patrool.
1596 3001 1612 3044 ,_
1638 2961 1739 3016 col.
1917 2962 2039 3044 dem

453 3030 910 3118 Frid’ugisuSJHad
959 3031 1706 3118 quem_§lcui‘ni_epistolatu
1750 3032 1818 3086 de
1862 3031 2038 3086 tribus

453 3102 748 3176 generibus
773 3102 1056 3161 Visionum
1083 3103 1254 3158 edidit
1279 3102 1597 3157 Dacherius.

1699 1712 1754 1766 ni
1784 1721 1840 1788 e_t_
1859 1711 2039 1788 Ludo-‘-
2064 1715 2118 1775 Α
2140 1709 2407 1788 Abbatem
2430 1721 2506 1788 po

2064 1625 2162 1645 ,—

2509 1713 2624 1760 stea
2665 1703 2831 1758 fuisse
2865 1699 3183 1756 monasterii
3212 1697 3400 1755 Sancti
3430 1697 3655 1756 Martini
3683 1712 3733 1758 et

2152 1769 2539 1836 cancellari'um
2557 1816 2572 1840 ,
2597 1790 2666 1830 ex
2690 1771 2859 1828 variis
2887 1770 3144 1827 Ludovici
3171 1769 3562 1841 diplomatibus
3589 1787 3733 1828 com-

2189 1861 2369 1905 crtum
2399 1857 2500 1902 est.
2541 1863 2561 1900 ἱ

2153 1866 2369 1921 portum
2399 1866 2500 1902 εει.
2541 1866 2561 1900 3

2217 1918 2455 1989 Epistola
2487 1913 2902 1989 haecFredegisi
2934 1911 3215 1989 de_Nihilo
3264 1920 3320 1968 et
3366 1912 3641 1989 Tenebris
3670 1916 3735 1968 ad

2144 1982 2400 2067 proceres
2432 1987 2620 2058 palatii
2660 1985 2730 2067 (ς)
2770 1982 2876 2067 qua
2912 1984 3143 2067 probare
3171 1982 3451 2067 contendit
3493 1983 3733 2067 nihilum

2147 2052 2203 2116 ct
2231 2052 2481 2116 tenebras
2504 2074 2624 2114 esse
2651 2052 2853 2124 aliquid
2871 2095 2885 2120 ,
2912 2052 3128 2124 vulgata
3155 2064 3240 2110 est
3265 2069 3297 2108 a
3320 2052 3569 2119 Baluzio,
3599 2064 3726 2109 tom.

2144 2131 2166 2187 Ι
2200 2131 2496 2186 Miscellau.
2518 2170 2532 2194 ,
2565 2143 2687 2198 pag.
2717 2125 2853 2189 £03,
2886 2125 3010 2180 408.

2217 2195 2581 2272 Epistolaiad'
2621 2195 2966 2272 Agohardum
2999 2195 3348 2272 intercidit:
3385 2195 3729 2272 _s_ed_exstat

2143 2265 2415 2354 Agoiwardi
2441 2271 2578 2325 liber
2598 2265 2788 2354 contra
2816 2266 3147 2354 ohjecltioues
3170 2265 3457 2354 Fredegisi
3482 2265 3728 2354 abbatis;

2145 2337 3589 2487 manassias.senatus;saga.
3608 2335 3721 2487 ,ξς-ς

2143 2483 2270 2539 280.
2309 2483 2634 2558 Tractatque
2672 2481 2742 2558 de_
2775 2478 3336 2558 variis‘incommolis
3361 2477 3727 2558 locutionibus

2144 2570 2266 2623 quae
2301 2547 2633 2624 objiciuntur
2660 2549 2746 2605 vel
2780 2548 3134 2606 defendenda:
3172 2548 3551 2618 suscipiuntur
3588 2547 3733 2602 ultre

2145 2626 2411 2695 citroque.

2217 2821 2289 2894 (c)
2326 2819 2857 2894 Hilduinum,_sacri‘
2891 2819 3081 2890 palatii
3127 2819 3462 2894 antistitem,
3519 2819 3728 2894 Walam

2145 2889 2424 2957 abbatem,
2459 2904 2587 2962 etc.
2609 2889 2711 2962 Adi
2732 2889 2950 2962 eosdem
2992 2905 3270 2962 proceres,
3310 2890 3591 2962 Agobardi
3623 2892 3731 2962 epi-

2145 2962 2288 3018 stola
2313 2973 2467 3088 ἑὲὁη.
2518 2961 2638 3018 XIV
2683 2959 3034 3018 Bibliotheca:
3069 2959 3294 3017 Patrum
3327 2959 3726 3032 Lugdunensis,

2147 3049 2274 3104 pag.
2783 3067 2796 3077 ο

451 3228 3716 3257 mm

1592 3349 2576 3503 FBEDEGISI

467 3653 548 3728 ,ω
633 3596 1404 3806 EPISTOLA
1499 3517 1697 3726 DE
1799 3599 2360 3730 NIHILO
2456 3604 2660 3732 ET
2759 3607 3546 3744 TENEBRIS

1471 3855 1605 3932 AD
1679 3850 2186 3930 PROCERES
2265 3856 2718 3939 PALATII.

1775 4029 1977 4094 (Baiuz.,
2005 4029 2212 4083 liiseell.
2249 4032 2370 4094 sac.)

527 4248 791 4309 Omnibus
839 4246 1086 4304 ﬁdelibus
1132 4253 1187 4301 et
1235 4243 1418 4301 domui
1469 4244 1647 4299 nostri
1698 4243 2032 4299 serenissimi
2065 4249 2109 4306 Β
2137 4244 2308 4300 videri
2357 4261 2461 4302 non
2505 4255 2702 4316 potest.
2745 4245 3010 4314 Quocirca
3057 4245 3383 4317 relinquitur
3422 4257 3483 4302 ut
3521 4247 3718 4318 aliquid

455 4344 715 4417 principis
746 4341 924 4397 Caroli
963 4342 1015 4395 in
1054 4354 1209 4395 sacro
1237 4337 1353 4408 ejus
1379 4337 1579 4408 palatio
1609 4336 2036 4392 consistentibus

455 4436 784 4507 Fredigysus
805 4435 1082 4489 diaconus.

525 4526 800 4597 Agitatam
829 4523 1132 4578 diutissime
1159 4537 1188 4575 a
1245 4522 1650 4594 quampluribus
1679 4520 2034 4590 quaestionem

457 4618 525 4674 de
553 4617 754 4682 nihilo,
787 4633 946 4686 quam
992 4617 1349 4671 indiscussam
1383 4617 1912 4684 inesamiuatamqne
1941 4630 2034 4669 ve-

457 4709 560 4764 luti
591 4707 980 4781 impossibilem
1011 4708 1078 4762 ad
1107 4707 1484 4778 explicandum
1518 4707 1887 4776 reliquerunt,
1923 4721 2037 4760 me-

455 4819 579 4858 cum
615 4800 800 4856 sedulo
831 4799 1072 4864 volvens,
1101 4808 1265 4868 atque
1301 4806 1661 4868 pertractans,
1704 4796 1918 4850 tandem
1958 4797 2036 4850 vi-

456 4903 576 4946 tum
622 4891 754 4946 mihi
799 4888 900 4944 fuit
933 4889 1155 4960 aggredi
1183 4905 1197 4953 ;
1237 4903 1465 4958 eamque
1499 4887 1657 4942 nodis
1692 4888 2033 4942 vehementi-

454 4983 592 5049 bus,
626 4986 823 5056 quibus
860 4983 1143 5038 videbatur
1180 4981 1452 5051 implicata
1476 5021 1490 5047 ,
1530 4981 1792 5051 disruptis
1827 4981 2033 5035 absolvi

453 5086 619 5146 atque
652 5074 914 5141 euodavi,
955 5077 1314 5142 deterosoque
1354 5073 1536 5128 nubilo
1574 5074 1627 5127 in
1665 5074 1837 5128 lucem
1876 5073 2034 5127 resti-

455 5167 531 5222 tui
561 5185 574 5234 ;
614 5167 889 5223 memoria:
921 5180 1137 5236 quoque
1173 5164 1512 5234 posteritatis
1548 5164 1758 5218 cunctis
1793 5165 1847 5218 in
1887 5162 2031 5218 futu-

457 5278 575 5317 rum
611 5262 822 5319 saaculis
867 5262 1233 5317 mandandum
1278 5261 1521 5330 prmvidi.
1566 5260 1802 5327 Quzestio
1850 5270 2032 5316 autem

454 5354 760 5423 hujusmodi
795 5363 909 5419 est,
952 5355 1158 5409 nihilne
1191 5353 1393 5422 aliquid
1424 5353 1523 5417 sit,
1557 5368 1624 5407 an
1657 5369 1786 5407 non.
1824 5353 1881 5408 Si
1911 5354 2033 5422 quis

453 5448 819 5516 responderit,
845 5448 1073 5504 Videtur
1095 5446 1228 5500 mihi
1257 5445 1391 5500 nihil
1418 5459 1558 5509 esse,
1583 5445 1699 5514 ipsa
1727 5443 1844 5513 ejus
1870 5460 2030 5515 quam

2139 4357 2258 4397 esse
2286 4344 2553 4397 videatur.
2585 4342 2642 4397 Si
2675 4357 2804 4397 vero
2834 4341 3139 4411 huiusmodi
3167 4341 3262 4400 ﬁat
3293 4341 3599 4410 responsio,
3631 4341 3717 4395 V'i-

2138 4435 2298 4488 detur
2337 4435 2467 4488 mihi
2499 4435 2632 4488 nihil
2669 4450 2768 4489 nec
2802 4434 3003 4504 aliquid
3039 4447 3188 4500 esse,
3221 4433 3348 4488 huic
3379 4434 3713 4504 responsioni

2136 4524 2460 4581 obtiaudum
2491 4535 2602 4590 est,
2635 4527 2869 4594 primum
2902 4525 3109 4579 ratione
3131 4565 3144 4589 ,
3175 4526 3227 4578 in
3255 4535 3522 4596 quantum
3549 4525 3714 4579 homi-

2137 4619 2222 4672 nis
2259 4617 2396 4671 ratio
2436 4618 2657 4686 patitur.
2690 4615 2884 4670 deinde
2916 4615 3275 4678 auctoritate,
3306 4631 3414 4670 non
3447 4616 3712 4685 qualibet,

2137 4711 2228 4764 sed
2261 4710 2469 4763 ratione
2498 4709 2793 4775 duntaxat,
2822 4725 2940 4779 qua:
2969 4710 3080 4765 sola
3109 4710 3406 4766 auctoritas
3431 4718 3549 4776 est,
3580 4709 3714 4763 sola—

2136 4818 2239 4872 que
2279 4802 2611 4857 immobilem
2646 4804 2856 4858 obtinet
2896 4803 3226 4858 ﬁrmitatem.
3258 4802 3501 4873 Agamus
3539 4802 3716 4871 itaque

2137 4895 2366 4949 ratione.
2407 4893 2579 4950 Omne
2619 4896 2800 4963 itaque
2839 4909 3034 4948 nomen
3065 4895 3275 4947 ﬁnitum
3307 4892 3513 4962 aliquid
3552 4892 3716 4962 signi-

2136 4985 2298 5051 ﬁcat,
2330 4995 2390 5040 ut
2420 4987 2614 5051 homo,
2648 4985 2814 5056 lapis,
2849 4983 3070 5054 lignum.
3103 4985 3228 5039 Haec
3262 4985 3408 5040 enim
3449 4983 3541 5038 ubi
3575 4983 3713 5038 dicta

2136 5076 2371 5142 fuerint,
2418 5076 2578 5132 simul
2621 5092 2710 5131 res
2755 5091 2891 5146 quas
2939 5076 3141 5131 fuerint
3171 5074 3479 5147 signiﬁcant
3515 5074 3715 5130 intelli-

2135 5169 2330 5237 gimus.
2369 5167 2580 5238 Quippe
2617 5168 2852 5224 hominis
2885 5183 3082 5224 nomen
3120 5179 3319 5239 praeter
3353 5167 3710 5223 diﬁ‘erentiam

2136 5260 2369 5328 aliquam
2396 5260 2629 5328 positum
2655 5260 3119 5317 universalitatem
3143 5261 3424 5316 hominum
3447 5259 3708 5329 designat.

2133 5350 2294 5422 Lapis
2329 5359 2383 5405 et
2424 5351 2625 5422 lignum
2656 5365 2809 5408 suam
2841 5354 3090 5410 similiter
3117 5351 3529 5425 generalitatem
3561 5365 3708 5405 com-

2135 5447 2462 5518 plectuntur.
2499 5447 2669 5519 igitur
2707 5450 2841 5505 nihil
2881 5451 2946 5505 ad
2986 5451 3037 5504 id
3071 5450 3211 5520 quod
3243 5448 3515 5520 signiﬁcat
3545 5445 3709 5500 refer-

452 5543 606 5606 putat
631 5539 846 5607 negatio
872 5537 1146 5607 compellit
1171 5550 1293 5590 eum
1326 5535 1482 5590 fateri
1516 5535 1718 5606 aliquid
1747 5550 1867 5590 esse
1897 5535 2030 5588 nihil
2079 5611 2103 5614 μ
2141 5549 2248 5595 tur.
2291 5541 2371 5596 Ex
2409 5542 2513 5596 hoc
2545 5543 2708 5597 etiam
2747 5544 3010 5614 probatur
3045 5559 3152 5598 non
3184 5558 3343 5613 posse
3374 5540 3578 5611 aliquid
3606 5553 3708 5594 non

453 5632 582 5688 dum
620 5633 779 5699 dicit,
822 5633 1046 5690 Videtur
1081 5633 1214 5688 mihi
1263 5632 1398 5687 nihil
1445 5648 1586 5686 esse.
1621 5631 1773 5698 Quod
1811 5630 1915 5685 tale
1945 5639 2030 5684 est
2061 5611 2106 5672 (ἶ
2137 5649 2276 5689 esse.
2319 5633 2451 5688 item
2498 5634 2664 5690 aliud.
2713 5611 2901 5691 omnis
2943 5611 3265 5706 signiﬁcatio
3310 5640 3394 5689 est
3426 5630 3569 5701 quod
3607 5636 3707 5683 est.

453 5725 608 5794 quasi
637 5725 814 5791 dicat,
845 5725 1069 5782 Videtur
1097 5726 1228 5781 mihi
1255 5724 1388 5780 nihil
1420 5725 1672 5794 quiddam
1703 5739 1846 5780 esse.
1875 5723 2028 5791 Quod

454 5817 499 5872 si
551 5818 748 5890 aliquid
793 5839 912 5880 esse
960 5826 1172 5880 videtur
1211 5831 1269 5878 ut
1313 5837 1419 5878 non
1472 5821 1541 5876 sit
1582 5821 1817 5889 quodam
1867 5818 2028 5875 modo

2137 5725 2282 5780 Nihil
2310 5736 2488 5782 autem
2517 5728 2720 5799 aliquid
2745 5728 3032 5799 signiﬁcat.
3057 5728 3224 5801 Igitur
3249 5726 3384 5781 nihil
3410 5724 3527 5793 ejus
3549 5720 3713 5792 signi-

2137 5817 2320 5876 ﬁcatio
2348 5829 2430 5876 est
2462 5821 2592 5892 quid
2620 5828 2734 5889 est,
2767 5819 2820 5876 id
2847 5829 2962 5892 est,
2995 5822 3074 5877 rei
3104 5819 3406 5878 existentis.
3440 5815 3713 5893 Quoniam
