4022 6446
263 458 362 516 755

1288 457 1506 516 EPIST.
1548 460 1637 518 DE
1672 457 1906 519 NIHILO
1944 459 2035 517 ET
2077 459 2437 518 TENEBRIS.

3383 472 3492 530 ’154

257 584 381 627 vero
407 565 473 622 ad
501 565 971 624 demonstrandum
999 570 1142 640 quod
1173 585 1280 627 non
1311 571 1486 628 solum
1514 573 1715 643 aliquid
1745 574 1817 628 sit
1842 576 1894 636 Α
1918 575 2149 645 perculsi
2190 575 2475 632 formidine
2517 576 2881 649 ineptissimas
2919 579 3149 638 ulterius
3188 584 3353 643 v'oces
3393 589 3488 645 ad-

256 658 413 724 nihil,
442 657 536 712 sed
581 658 746 714 etiam
788 676 1040 732 magnum
1081 661 1366 732 quiddam,
1400 665 1591 734 paucis
1637 673 1818 721 actum

255 759 336 808 est
360 750 593 815 ratione,
627 765 750 805 cum
781 759 958 808 tamen
991 755 1199 824 possint
1225 755 1532 826 hujusmodi
1571 758 1816 828 exempla

255 840 526 896 innumera
559 838 793 910 proferri
824 842 877 896 in
910 845 1148 900 medium
1167 885 1183 911 ,
1213 845 1279 899 ad
1308 846 1546 901 divinam
1577 849 1817 903 auctori-

253 940 410 986 tatem
440 945 722 986 recurrere
751 931 916 998 libet,
948 949 1067 1004 quae
1095 943 1178 990 est
1204 935 1430 991 rationis
1458 937 1732 992 munimen
1763 945 1818 993 et

251 1021 438 1080 stabile
483 1022 906 1079 ﬁrmamentum.
960 1023 1237 1095 Siquidem
1281 1027 1531 1082 universa
1575 1027 1814 1083 Ecclesia

249 1111 496 1167 divinitus
526 1113 736 1168 erudita
754 1156 769 1180 ,
799 1130 918 1185 qua:
947 1132 977 1171 e
1007 1115 1210 1172 Christi
1241 1117 1409 1174 latere
1438 1127 1556 1174 orta
1577 1159 1594 1185 ,
1625 1134 1814 1174 sacra-

247 1205 463 1260 tissimte
488 1205 670 1261 carnis
697 1205 812 1275 ejus
837 1208 1032 1278 pabulo
1061 1209 1393 1280 pretiosique
1421 1210 1697 1282 sanguinis
1721 1226 1817 1282 po-

247 1293 361 1350 culo
391 1294 618 1349 educata
637 1336 651 1361 ,
681 1297 749 1351 ab
781 1297 912 1367 ipsis
941 1299 1208 1356 cunabilis
1237 1311 1572 1356 secretorum
1609 1312 1816 1374 myste-

245 1385 338 1441 riis
373 1386 652 1453 instituta,
688 1389 1010 1447 inconcussa
1045 1392 1152 1448 ﬁde
1186 1400 1373 1448 tenere
1405 1395 1692 1450 conﬁtetur
1735 1396 1818 1451 di-

243 1476 421 1530 vinam
460 1480 763 1548 potentiam
803 1491 1082 1552 operatam
1123 1499 1245 1540 esse
1274 1500 1342 1539 ex
1382 1485 1552 1540 nihilo
1583 1496 1814 1554 terram,

242 1581 462 1637 aquam,
491 1583 648 1635 aera,
676 1579 732 1625 et
756 1571 935 1642 ignem
956 1613 970 1638 ,
1001 1573 1176 1630 lucem
1206 1589 1452 1645 quoque,
1479 1583 1534 1630 et
1562 1577 1814 1648 angelos,

240 1666 400 1728 atque
429 1660 665 1715 animam
696 1662 951 1719 hominis.
984 1664 1254 1737 Erigenda
1285 1675 1369 1722 est
1396 1667 1560 1738 igitur
1585 1669 1651 1723 ad
1679 1670 1815 1724 tanti

237 1746 489 1804 culminis
524 1753 907 1810 auctoritatem
950 1759 1150 1814 mentis
1189 1761 1369 1827 acies,
1400 1778 1520 1833 qua:
1545 1763 1694 1817 nulla
1723 1779 1814 1818 ra-

233 1839 381 1896 tione
421 1845 658 1909 cassari,
701 1845 864 1902 nullis
904 1852 1242 1920 argumentis
1278 1853 1482 1918 refelli,
1514 1854 1672 1909 nullis
1712 1870 1810 1925 po-

1920 683 2106 724 versus
2133 684 2196 724 ea
2220 667 2451 738 jaculari
2479 685 2586 725 non
2615 673 2868 727 audeant.
2901 672 3182 744 Siquidem
3225 677 3490 740 Dominus

1919 779 2041 820 cum
2069 781 2168 836 pro
2198 766 2481 824 afflictione
2506 771 2689 842 populi
2718 770 2885 828 Israel
2914 774 3089 846 plagis
3119 779 3490 835 severioribus

1919 857 2213 928 castigaret
2260 860 2564 931 Egyptum,
2625 866 2864 921 tenebris
2915 882 3034 922 eam
3082 869 3310 925 involvit
3355 873 3491 928 adeo

1917 948 2108 1016 Spissis
2135 958 2194 1004 ut
2218 953 2428 1021 palpari
2466 955 2713 1024 quirent,
2747 965 2802 1014 et
2842 974 2951 1016 non
2993 961 3169 1016 solum
3210 964 3492 1022 obtutibus

1918 1039 2201 1095 hominum
2249 1043 2426 1098 visum
2474 1046 2868 1117 adimentibus,
2917 1052 3011 1108 sed
3056 1054 3221 1110 etiam
3265 1071 3364 1126 pro
3407 1058 3491 1113 sui

1918 1132 2280 1189 crassitudine
2310 1151 2567 1193 manuum
2611 1143 2774 1197 tactui
2816 1142 3177 1214 subiacerent.
3221 1147 3492 1220 Quidquid

1916 1225 2061 1280 enim
2115 1229 2262 1300 tangi
2310 1230 2630 1303 palparique
2675 1245 2890 1306 potest,
2945 1253 3062 1295 esse
3111 1255 3334 1298 necesse
3384 1251 3489 1299 est.

1918 1316 2187 1388 Quidquid
2211 1336 2330 1376 esse
2354 1338 2575 1380 necesse
2598 1336 2702 1392 est,
2731 1343 2838 1384 non
2866 1343 2986 1386 esse
3013 1330 3342 1403 impossibile
3369 1343 3486 1391 est:

1918 1421 1983 1461 ac
2023 1423 2119 1477 per
2157 1411 2260 1465 hoc
2299 1413 2552 1469 tenebras
2575 1431 2682 1470 non
2711 1432 2831 1474 esse
2860 1418 3191 1491 impossibile
3220 1431 3335 1490 est,
3365 1424 3491 1494 quia

1917 1514 2039 1556 esse
2080 1517 2300 1559 necesse
2328 1515 2412 1562 est
2438 1509 2581 1577 quod
2609 1523 2674 1565 ex
2705 1525 2771 1566 eo
2796 1512 2941 1582 quod
2963 1520 3051 1568 est
3075 1513 3340 1586 palpabile
3366 1530 3493 1586 pro—

1916 1589 2103 1645 batum
2119 1602 2221 1648 est.
2245 1593 2379 1651 Illud
2406 1612 2618 1668 quoque
2634 1603 3072 1670 prmtereundum‘
3093 1618 3200 1659 non
3222 1613 3324 1672 est,
3348 1606 3492 1676 quod

1918 1698 2040 1738 cum
2069 1687 2308 1742 omnium
2335 1690 2588 1746 dominus
2617 1693 2759 1749 inter
2788 1693 2961 1750 lucem
2991 1703 3047 1752 et
3077 1697 3326 1754 tenebras
3355 1698 3493 1754 divi-

1916 1775 2124 1832 sionem
2155 1779 2392 1846 faceret,
2425 1781 2599 1838 lucem
2629 1785 2913 1856 appellavit
2941 1786 3083 1842 diem
3105 1827 3122 1854 ,
3151 1797 3209 1843 et
3237 1787 3490 1844 tenebras
3543 1827 3547 1830 -

1916 1878 2150 1925 noctem.
2183 1871 2239 1926 Si
2269 1875 2413 1928 enim
2443 1877 2549 1930 diei
2581 1893 2774 1932 nomen
2816 1879 3085 1950 signiﬁcat
3125 1881 3324 1951 aliquid
3344 1922 3361 1950 ,
3394 1898 3496 1939 no-

232 1941 346 1988 test
369 1934 580 1991 viribus
607 1937 930 2009 impugnari.
962 1942 1089 1999 Haec
1117 1945 1260 2000 enim
1291 1954 1376 2001 est
1405 1962 1523 2016 quae
1553 1947 1806 2016 praedicat

1915 1961 2016 2015 ctis
2056 1977 2252 2018 nomen
2292 1981 2399 2020 non
2435 1976 2614 2037 potest
2643 1970 2846 2038 aliquid
2865 1934 2982 2026 bon
3009 1934 3335 2042 signiﬁcare.
3366 1973 3492 2030 Dies

231 2041 294 2082 ea
324 2043 448 2098 quae
478 2029 622 2084 inter
653 2041 934 2089 creaturas
958 2036 1131 2104 prima
1161 2038 1285 2110 (Sic
1309 2039 1363 2092 in
1386 2038 1508 2109 ms.)
1538 2039 1714 2109 prima
1746 2055 1809 2094 ac

230 2116 503 2187 praecipua
549 2126 674 2173 sunt
714 2123 1091 2179 rcstimandum
1135 2141 1243 2181 non
1287 2135 1389 2182 est.
1435 2127 1644 2200 Quippe
1683 2145 1807 2185 cum

231 2221 396 2262 unum
440 2207 634 2262 horum
663 2225 785 2284 quae
815 2227 881 2267 ex
911 2227 975 2270 eo
1004 2216 1184 2286 genita
1213 2226 1341 2272 sunt
1370 2219 1628 2274 aestimari
1669 2221 1813 2277 sicut

231 2308 313 2355 est
336 2301 598 2356 aestimari
624 2317 730 2357 non
756 2305 944 2373 possit.
979 2305 1111 2373 Quis
1136 2309 1279 2363 enim
1306 2308 1695 2365 elementorum
1721 2326 1814 2366 na-

232 2402 406 2447 turam
440 2409 508 2448 ex
537 2410 660 2449 asse
692 2398 913 2453 metitus
938 2400 1066 2453 est?
1101 2399 1232 2466 Quis
1260 2401 1403 2456 enim
1434 2401 1568 2457 lucis
1594 2403 1812 2458 nomine

234 2493 322 2539 aut
352 2485 613 2556 angelicae
645 2488 918 2560 (naturae)
947 2489 1212 2545 velamine
1241 2493 1596 2548 substantiam
1628 2511 1691 2550 ac
1718 2511 1813 2549 na-

233 2586 404 2632 turam
447 2579 809 2650 complexus?
853 2579 910 2636 Si
954 2598 1083 2653 ergo
1123 2584 1239 2639 haec
1270 2601 1391 2656 quae
1417 2588 1674 2658 proposui
1710 2577 1813 2643 hu-

232 2684 387 2725 mana
413 2671 630 2725 ratione
670 2672 1130 2742 comprehendere
1151 2676 1510 2744 nequivimus,
1539 2679 1808 2748 quomodo

230 2761 598 2817 obtinebimus
639 2772 900 2834 quantum
956 2765 1181 2834 qualeve
1224 2769 1294 2823 sit
1335 2769 1464 2824 illud
1515 2772 1658 2827 unde
1698 2773 1814 2829 ori-

230 2853 405 2923 ginem
453 2869 736 2927 genusque
782 2855 1002 2911 ducunt.
1059 2856 1308 2913 Poteram
1363 2869 1540 2915 autem
1599 2871 1656 2917 et
1705 2863 1810 2917 alia

229 2945 554 3015 quamplura
603 2945 892 3015 subjicere.
948 2946 1056 3002 Sed
1107 2949 1421 3007 docibilium
1467 2968 1808 3026 quorumque

226 3044 542 3112 pectoribus
571 3045 702 3100 satis
727 3043 810 3099 his
836 3044 1166 3102 insinuatum
1199 3048 1486 3105 credimus.

585 3191 675 3249 DE
724 3193 1095 3264 TENEBBIS,
1134 3195 1234 3254 AN
1273 3197 1448 3255 SINT.

1913 2064 2094 2109 autem
2125 2055 2298 2111 lucem
2340 2058 2629 2128 signiﬁcat.
2673 2060 2787 2115 Lux
2820 2077 2949 2118 vero
2987 2078 3244 2136 magnum
3286 2065 3491 2136 aliquid

1912 2153 2014 2200 est.
2051 2144 2186 2212 Quid
2214 2163 2344 2218 ergo
2372 2151 2606 2205 tenebras
2628 2191 2643 2216 ,
2673 2151 2881 2209 nihilne
2920 2154 3294 2227 signiﬁcativae
3329 2164 3488 2224 sunt,

1912 2246 2040 2293 cum
2079 2237 2158 2294 eis
2193 2240 2516 2296 vocabulum
2557 2243 2736 2298 noctis
2764 2245 2832 2300 ab
2858 2245 3050 2302 eodem
3081 2247 3358 2303 conditore
3388 2248 3490 2303 im-

1913 2341 2159 2398 pressum
2189 2338 2306 2396 est,
2337 2332 2431 2400 qui
2460 2332 2581 2396 luce
2609 2333 3022 2404 appellationem
3053 2337 3160 2392 diei
3196 2339 3490 2409 imposuit,

1914 2422 2286 2491 cassandaque
2341 2432 2423 2479 est
2474 2423 2656 2480 divina
2708 2429 3048 2484 auctoritas?
3096 2428 3254 2486 Nullo
3308 2433 3488 2489 modo.

1915 2509 2050 2566 Nam
2101 2513 2299 2568 cmlum
2339 2523 2394 2569 et
2435 2525 2638 2572 terram
2675 2517 2889 2574 facilius
2930 2528 3014 2576 est
3060 2521 3292 2578 transire
3327 2537 3490 2593 quam

1917 2604 2297 2659 auctoritatem
2325 2606 2563 2661 divinam
2593 2623 2622 2662 a
2654 2624 2751 2664 suo
2781 2617 2924 2665 statu
2953 2612 3269 2682 permutari.
3295 2612 3491 2669 Condi~

1916 2701 2003 2748 tor
2043 2695 2246 2767 etenim
2285 2697 2447 2752 rebus
2484 2713 2620 2768 quas
2659 2701 2902 2757 condidit
2930 2703 3151 2757 nomina
3180 2703 3490 2775 impressit,

1914 2791 1977 2838 ut
2000 2799 2100 2840 suo
2123 2802 2350 2858 quaeque
2377 2791 2598 2846 nomine
2623 2806 2712 2848 res
2738 2793 2881 2849 dicta
2912 2796 3090 2866 agnita
3121 2793 3278 2852 foret.
3309 2795 3492 2869 Neque

1916 2892 2030 2932 rem
2056 2879 2353 2947 quamlibet
2380 2883 2583 2952 absque
2607 2885 2866 2940 vocabulo
2893 2885 3179 2952 formavit,
3207 2902 3308 2944 nec
3331 2902 3492 2944 vocas
3529 2962 3537 2967 _

1914 2967 2100 3024 bulum
2143 2970 2343 3041 aliquid
2386 2973 2574 3028 statuit
2601 2975 2704 3031 nisi
2735 2976 2822 3032 cui
2853 2984 3182 3033 statueretur
3205 2979 3485 3036 existeret.
3523 3057 3530 3062 ἦ

1914 3059 2068 3126 Quod
2092 3063 2135 3116 si
2159 3061 2318 3128 foret,
2341 3065 2665 3122 omnimodis
2686 3067 2962 3124 videretur
2981 3069 3488 3143 superfluum,quod

1914 3150 2084 3206 Deum
2116 3152 2312 3211 fecisse
2341 3155 2496 3212 nefas
2523 3166 2607 3212 est
2637 3158 2762 3214 dici.
2797 3158 2854 3214 Si
2882 3169 3063 3216 autem
3093 3160 3245 3218 nefas
3270 3172 3353 3218 est
3383 3162 3504 3219 dici

1916 3243 2086 3300 Deum
2131 3245 2347 3316 aliquod
2395 3249 2652 3306 statuisse
2697 3250 3060 3321 superfluum,
3103 3267 3300 3310 nomen
3346 3253 3492 3326 quod

293 3323 567 3392 Quoniam
605 3328 691 3385 his
731 3329 970 3388 breviter
1006 3332 1168 3390 dictis
1198 3335 1482 3391 commode
1509 3336 1672 3392 ﬁnem
1701 3337 1805 3393 im-
1836 3321 1882 3384 C
1915 3333 2056 3390 Deus
2086 3335 2343 3405 imposuit
2369 3340 2609 3395 tenebris
2637 3339 2785 3395 nullo
2814 3343 2970 3399 modo
2999 3343 3171 3400 videri
3199 3321 3381 3416 potest
3406 3361 3493 3402 su-

217 3415 410 3483 posui,
435 3431 563 3472 mox
587 3419 655 3472 ad
676 3434 738 3474 ea
760 3423 1090 3490 expedienda
1120 3424 1478 3480 intentionem
1506 3428 1664 3482 retuli
1688 3445 1808 3498 quae

218 3506 459 3562 curiosis
495 3508 790 3566 lectoribus
833 3529 940 3567 non
985 3514 1262 3569 immerito
1297 3517 1620 3572 videbantur
1647 3519 1810 3590 digna

215 3609 341 3652 esse
381 3599 635 3667 quaesitu.
682 3600 779 3655 Est
819 3603 1036 3672 quidem
1068 3607 1424 3673 quorumdam
1454 3609 1668 3678 opinio,
1701 3627 1807 3665 non

213 3700 342 3740 esse
375 3687 654 3754 tenebras,
676 3698 732 3744 et
755 3699 815 3744 ut
840 3691 949 3746 sint
975 3693 1304 3764 impossibile
1329 3713 1468 3753 esse.
1493 3700 1622 3766 Quae
1645 3718 1808 3772 quam

213 3773 383 3829 facile
410 3775 586 3832 refelli
616 3781 788 3849 possit
814 3795 983 3837 sacra:
1013 3782 1307 3854 Scriptura:
1332 3791 1656 3847 auctoritate
1685 3809 1809 3862 pro-

212 3863 328 3919 lata
382 3865 439 3920 in
494 3869 762 3937 medium,
810 3873 1050 3943 prudens
1092 3875 1265 3932 lector
1303 3890 1578 3949 agnoscet.
1625 3884 1808 3955 Itaque

213 3955 345 4024 quid
390 3954 518 4010 libri
561 3957 787 4015 Genesis
829 3962 1058 4019 historia
1093 3966 1220 4022 inde
1265 3972 1464 4026 sentiat
1503 3954 1800 4033 videamus.

215 4048 305 4103 Sic
356 4049 509 4104 enim
558 4051 776 4122 inquit:
825 4054 895 4109 Et
946 4057 1170 4113 tcnebrw
1219 4072 1369 4117 erant
1415 4082 1570 4138 super
1613 4067 1803 4136 facient

213 4141 392 4213 abyssi
425 4141 598 4214 (Gen.
629 4148 705 4218 ι).
739 4147 871 4215 Quae
901 4151 947 4205 si
980 4168 1087 4207 non
1116 4165 1301 4221 erant,
1333 4172 1438 4226 qua
1472 4175 1806 4230 consequen-

216 4235 287 4289 tia
317 4237 529 4292 dicitur
558 4239 685 4309 quia
713 4244 909 4297 erant?
935 4244 1035 4311 Qui
1069 4246 1202 4301 dicit
1228 4252 1481 4305 tenebras
1508 4266 1660 4317 esse,
1689 4269 1803 4306 rem

215 4329 610 4385 constituendo
646 4333 818 4401 ponit.
866 4333 968 4400 Qui
1011 4345 1191 4390 autem
1234 4354 1340 4392 non
1373 4355 1528 4406 esse,
1563 4358 1674 4396 rem
1706 4358 1803 4397 ne-

213 4421 388 4489 gando
437 4422 598 4475 tollit.
651 4423 802 4478 Sicut
843 4441 966 4481 cum
1003 4428 1264 4495 dicimus,
1311 4431 1483 4487 Homo
1525 4443 1637 4492 est.
1687 4451 1804 4490 rem

213 4507 264 4562 id
295 4519 384 4566 est
414 4514 697 4569 hominem
732 4519 1130 4575 constituimus.
1163 4521 1297 4576 Cum
1327 4524 1588 4590 dicimus,
1624 4526 1799 4582 Homo

211 4617 313 4656 n'~n
337 4616 441 4669 est,
473 4622 591 4660 rem
622 4610 865 4675 negando
892 4610 945 4665 id
974 4622 1056 4666 est
1081 4614 1353 4669 hominem
1383 4617 1636 4673 tollimus.
1661 4619 1796 4674 Nam

207 4706 284 4748 ve‘
303 4697 429 4750 bum
475 4699 800 4754 substantia:
830 4701 931 4756 hoc
961 4703 1122 4758 habet
1152 4705 1203 4758 in
1233 4717 1423 4762 natura
1467 4720 1527 4763 ut
1573 4712 1794 4765 cuicun-

208 4800 307 4852 que
336 4787 650 4855 subjectum
685 4788 847 4844 fuerit
869 4791 1115 4859 junctum
1147 4796 1262 4849 sine
1297 4813 1395 4867 neg
1422 4799 1581 4854 itione
1604 4842 1618 4865 ,
1646 4800 1796 4871 ejus-

208 4874 324 4931 dem
355 4879 413 4932 dt
428 4880 608 4934 claret
637 4881 1016 4936 substantiam.
1048 4882 1218 4954 Igitur
1244 4887 1297 4938 in
1326 4902 1390 4941 eo
1421 4891 1560 4957 quod
1592 4892 1796 4947 dictum

208 4977 284 5021 est
324 4969 580 5024 Tenebrw
609 4981 758 5024 erant
802 4989 958 5042 super
997 4973 1185 5042 faciem
1227 4977 1433 5045 abyssi.
1469 4994 1555 5035 res
1598 4985 1797 5038 consti-

210 5065 316 5111 tutz.
348 5071 431 5114 est
453 5102 467 5126 ,
496 5077 665 5130 quam
692 5064 760 5116 ab
785 5079 903 5118 esse
935 5049 1078 5118 nulla
1110 5068 1324 5136 negatio
1353 5080 1568 5139 separat
1598 5082 1689 5126 aut
1719 5075 1797 5128 di-

206 5150 356 5204 vidit.
401 5152 544 5207 ltem
592 5152 813 5206 tenebrre
861 5154 1157 5224 subjectum
1199 5166 1281 5212 est
1320 5171 1468 5215 erant
1513 5164 1798 5219 declarati-

206 5253 352 5294 vum.
387 5241 653 5300 Declarat
695 5244 838 5297 enim
881 5245 1226 5314 praedicando
1267 5251 1519 5306 tenebras
1561 5255 1796 5324 quodam

209 5334 366 5387 modo
400 5348 550 5388 esse.
586 5332 725 5387 Ecce
760 5334 962 5388 invicta
1002 5338 1294 5393 auctoritas
1334 5341 1544 5396 ratione
1573 5345 1798 5399 comita-

209 5431 280 5480 ta.
315 5426 459 5480 ratio
487 5438 708 5495 quoque
733 5429 1110 5483 auctoritatem
1137 5430 1408 5494 confessa,
1433 5450 1599 5489 unum
1629 5437 1798 5492 idem-

207 5532 309 5588 que
340 5518 684 5588 praadicant,
715 5518 924 5573 scilicet
951 5521 1203 5576 tenebras
1232 5538 1369 5579 csse.
1405 5523 1510 5580 Sed
1540 5541 1661 5580 cum
1693 5528 1793 5583 ista

209 5611 441 5682 exempli
477 5626 645 5664 causa
679 5612 853 5680 posita
891 5613 959 5666 ad
1001 5613 1480 5672 demonstrandum
1510 5636 1631 5690 quae
1660 5638 1798 5691 pra:-

209 5702 494 5770 posuimus
545 5701 832 5768 sufficiant,
870 5711 1051 5759 tamen
1092 5715 1152 5760 ut
1193 5708 1337 5763 nulla
1385 5713 1793 5771 contradicendi

210 5795 431 5850 occasio
463 5795 677 5851 aemulis
701 5797 1056 5870 relinquatur,
1088 5797 1349 5857 faciamus
1375 5804 1583 5874 palam,
1617 5822 1790 5877 pauca

212 5883 393 5942 divina
433 5886 749 5946 testimonia
790 5898 1144 5963 aggregantes
1173 5907 1204 5948 c
1230 5893 1506 5963 pluribus,
1563 5912 1791 5967 quorum

1911 3425 2196 3494 perfluum.
2238 3428 2393 3494 Quod
2436 3431 2483 3486 si
2521 3447 2630 3486 non
2668 3441 2752 3488 est
2794 3433 3158 3504 superfluum,
3183 3446 3270 3494 est
3295 3453 3491 3495 secun-

1913 3519 2039 3572 dum
2066 3521 2306 3575 modum.
2339 3522 2394 3577 Si
2425 3540 2553 3581 vero
2585 3527 2882 3583 secundum
2924 3529 3177 3598 modum,
3207 3539 3266 3588 et
3301 3547 3492 3589 neces-

1913 3609 2054 3664 saria
2073 3649 2088 3675 ,
2120 3611 2247 3681 quia
2277 3627 2341 3667 eo
2371 3613 2437 3668 ad
2465 3615 2888 3686 dignoscendam
2919 3633 3034 3674 rem
3066 3634 3200 3691 opus
3226 3629 3344 3676 erat
3371 3637 3492 3694 qua!

1911 3715 2011 3770 per
2041 3702 2095 3757 id
2124 3702 2476 3773 significatur.
2519 3703 2747 3763 Constat
2783 3709 2970 3781 itaque
2997 3709 3167 3766 Deum
3194 3713 3488 3769 secundum

1913 3792 2132 3847 modum
2165 3809 2254 3849 res
2283 3795 2629 3852 constituisse
2655 3806 2709 3853 et
2737 3799 2956 3854 nomina
2984 3815 3105 3871 qua:
3131 3800 3234 3858 sibi
3261 3802 3330 3857 ad
3361 3801 3492 3857 invi-

1909 3897 2029 3938 cem
2073 3893 2200 3940 sunt
2241 3888 2572 3943 necessaria.
2625 3888 2858 3947 Sanctus
2897 3906 3112 3963 quoque
3152 3892 3321 3950 David
3363 3910 3490 3965 pro-

1906 3975 2069 4044 pheta
2113 3974 2316 4046 Spiritu
2370 3979 2597 4049 plenus,
2644 3980 2822 4037 sciens
2871 3983 3123 4039 tenebras
3172 3999 3279 4040 non
3328 3985 3490 4040 inane

1907 4065 2163 4135 quiddam
2206 4076 2260 4122 et
2299 4078 2584 4126 ventosum
2625 4086 2856 4139 sonare,
2899 4073 3181 4128 evidenter
3221 4076 3488 4145 expressit

1906 4155 2033 4224 quia
2070 4156 2328 4226 quiddam
2365 4167 2509 4213 sunt.
2543 4159 2632 4213 Ait
2667 4175 2796 4231 ergo
2825 4175 2840 4213 :
2869 4161 3013 4215 Misit
3045 4163 3283 4218 tenebras
3313 4162 3484 4235 (Psal.

1904 4249 2036 4317 etv).
2073 4248 2131 4303 Si
2161 4263 2266 4304 non
2293 4259 2450 4315 sunt,
2480 4253 2750 4320 quomodo
2778 4254 3104 4308 mittuntur?
3125 4254 3283 4321 Quod
3305 4264 3486 4310 autem

1905 4339 2048 4394 mitti
2076 4348 2288 4410 potest,
2319 4350 2374 4396 et
2403 4341 2495 4396 illo
2525 4343 2666 4396 mitti
2695 4351 2874 4412 potest
2915 4331 3006 4400 ubi
3047 4361 3155 4400 non
3197 4355 3300 4402 est.
3332 4347 3485 4414 Quod

1904 4445 2033 4486 vero
2077 4445 2185 4486 non
2223 4439 2338 4496 est,
2381 4432 2520 4487 mitti
2554 4433 2792 4502 quolibet
2820 4449 2924 4489 non
2957 4443 3170 4506 potest,
3203 4438 3330 4508 quia
3359 4454 3491 4493 nus-

1904 4537 2064 4592 quam
2123 4531 2224 4577 est.
2279 4523 2445 4594 Igitur
2501 4525 2680 4580 missae
2736 4527 2990 4581 dicuntur
3043 4527 3306 4596 tenebrzc,
3357 4531 3485 4602 quia

1903 4623 2076 4668 erant.
2123 4613 2256 4669 llem
2296 4615 2425 4670 illud
2458 4633 2470 4669 :
2517 4615 2703 4670 Pomit
2747 4617 2984 4671 tenebras
3025 4617 3302 4674 latibulum
3331 4638 3487 4676 suum

1904 4703 2098 4776 (Psal.
2131 4721 2242 4759 xvu
2266 4705 2306 4777 ).
2351 4706 2502 4773 Quod
2543 4708 2752 4763 scilicet
2782 4717 2896 4763 erat
2923 4711 3133 4779 posuit,
3167 4720 3223 4766 et
3249 4713 3482 4782 quodam

1901 4796 2061 4851 modo
2100 4798 2283 4866 posuit
2317 4798 2570 4854 tenebras
2611 4815 2730 4870 qua:
2783 4809 2974 4864 erant,
3008 4800 3289 4855 latibulum
3328 4817 3482 4854 suum

1899 4899 2148 4958 poneret.
2209 4890 2342 4944 ltem
2406 4889 2581 4944 illud:
2635 4889 2780 4944 Sicut
2837 4893 3061 4946 tenebrae
3116 4891 3246 4962 ejur
3288 4889 3479 4961 (Psal.

1901 4994 2138 5033 cxxxvm
2163 4980 2203 5049 ).
2252 4978 2352 5034 Ubi
2396 4979 2702 5033 ostenditur
2726 4980 2850 5050 quia
2880 4980 2933 5035 in
2960 4981 3305 5052 possessione
3331 4989 3478 5044 sunt,

1903 5087 1966 5125 ac
1991 5086 2089 5140 per
2115 5072 2219 5125 hoc
2243 5086 2361 5126 esse
2390 5071 2821 5128 manifestantur.
2848 5072 2983 5128 Nam
3007 5088 3165 5132 omne
3191 5073 3333 5142 quod
3358 5087 3483 5140 pos-

1902 5163 2107 5218 sidetur
2130 5172 2234 5218 est.
2266 5163 2525 5220 Tenebrm
2551 5175 2732 5220 autem
2759 5166 2812 5221 in
2839 5166 3182 5237 possessione
3209 5172 3355 5217 sunt.
3381 5162 3484 5233 Igi-

1901 5260 1990 5305 tur
2020 5263 2166 5306 sunt.
2202 5252 2305 5308 Sed
2337 5269 2461 5309 cum
2491 5255 2593 5310 ista
2643 5256 2772 5310 talia
2803 5271 2868 5310 ac
2898 5263 3046 5308 tanta
3090 5251 3356 5307 sufficiant
3376 5291 3390 5315 ,
3423 5261 3479 5306 et

1902 5361 2084 5401 arcem
2116 5347 2441 5402 tutissimam
2494 5357 2680 5403 contra
2717 5347 2898 5402 omnia
2929 5346 3364 5416 impugnamenta
3401 5353 3481 5399 te-

1901 5449 2098 5503 neant,
2140 5441 2281 5493 unde
2327 5440 2428 5494 levi
2479 5439 2695 5510 repulsa
2737 5435 2844 5491 tela
2889 5437 2941 5491 in
2983 5451 3110 5491 suos
3147 5434 3479 5506 iaculatores

1901 5537 2214 5598 retorquere
2242 5538 2501 5599 possunt,
2533 5543 2601 5580 cx
2645 5525 2957 5596 evangelica
2999 5532 3180 5580 tamen
3223 5523 3479 5579 ﬁrmitate

1901 5624 2144 5692 quaedam
2175 5623 2443 5693 poscenda
2471 5628 2614 5676 sunt.
2650 5617 2916 5674 Ponamus
2957 5617 3121 5688 igitur
3161 5616 3330 5688 ipsius
3358 5615 3478 5671 Sal-

1901 5716 2104 5771 vatoris
2133 5714 2294 5770 verba
2323 5729 2337 5767 :
2365 5711 2528 5776 Filii,
2559 5712 2762 5783 inquit,
2789 5712 2934 5782 regni
2961 5711 3236 5781 ejicientur
3258 5710 3312 5764 in
3337 5718 3477 5762 tene-

1903 5807 2022 5860 bras
2052 5805 2332 5861 exteriores
2362 5805 2381 5877 (
2407 5803 2598 5858 Matth.
2629 5819 2726 5858 vm
2752 5802 2792 5875 ).
2835 5802 3232 5859 Attendendum
3261 5807 3344 5856 est
3373 5813 3470 5851 au-

1903 5906 2010 5952 tem
2038 5895 2182 5966 quod
2208 5893 2461 5952 tenebras
2483 5894 2777 5951 exteriores
2798 5895 3058 5951 nominat.
3088 5890 3258 5946 Extra
3283 5886 3429 5945 enim
3449 5921 3472 5950 .
