4022 6446
499 462 608 521 ’155

1812 465 2095 522 HAlMlNll
2131 465 2437 523 MONACHI

3656 469 3768 529 756

499 578 644 634 unde
670 576 897 632 exterius
927 575 1227 632 derivatum
1257 585 1372 644 est,
1400 576 1577 632 locum
1609 577 1893 649 signiﬁcat.
1929 578 2074 646 Qua—
2101 585 2154 646 Α
2177 581 2277 636 bus
2303 578 2565 636 attributa
2595 579 2664 636 sit
2693 596 2812 654 quae
2841 581 3016 658 [quia]
3046 592 3243 641 cuncta
3271 599 3370 658 per
3396 584 3766 658 quantitatem

498 677 724 746 propter
763 683 887 726 cum
928 670 1058 725 dicit
1096 671 1378 726 exteriores
1419 671 1689 737 tenebras,
1731 671 1929 727 locales
1956 687 2078 728 esse

502 763 856 820 demonstrat.
889 761 1022 817 Nam
1052 777 1158 816 non
1189 770 1374 818 essent
1401 762 1731 828 exteriores,
1765 763 1869 818 nisi
1896 773 2077 820 essent

499 863 555 911 et
597 855 906 911 interiores.
950 853 1218 923 Quidquid
1263 862 1441 909 autem
1485 862 1600 922 est,
1648 855 1702 910 id
1744 856 1800 911 in
1843 855 1964 912 loco
2008 858 2079 912 sit

499 960 726 1001 necesse
780 954 884 1000 est.
944 945 1096 1012 Quod
1141 959 1272 1000 vero
1327 961 1433 1000 non
1481 956 1604 1013 est,
1658 948 1762 1004 hoc
1811 963 2075 1018 nusquam

499 1043 604 1089 est.
636 1034 807 1103 Igitur
829 1035 1127 1089 exteriores
1157 1035 1391 1090 tenebrae
1431 1051 1536 1091 non
1579 1037 1753 1092 solum
1795 1047 1949 1106 sunt,
1982 1039 2077 1094 sed

501 1127 666 1182 etiam
690 1125 891 1184 locales
913 1134 1058 1182 sunt.
1081 1125 1141 1182 In
1161 1128 1412 1196 passione
1431 1143 1647 1198 quoque
1670 1129 1881 1184 Domini
1908 1144 2074 1184 evan-

503 1223 698 1293 gelista
742 1223 1000 1278 tenebras
1034 1236 1156 1278 esse
1196 1222 1370 1280 factas
1406 1236 1795 1281 commemorat
1835 1227 1902 1282 ab
1942 1228 2076 1282 hora

504 1316 613 1373 diei
642 1324 797 1373 sexta
821 1331 995 1387 usque
1022 1318 1091 1372 ad
1120 1319 1311 1374 horam
1341 1335 1562 1375 nonam.
1610 1320 1738 1388 Quae
1765 1335 1889 1376 cum
1919 1319 2077 1375 factae

501 1409 642 1474 sint,
669 1409 938 1478 quomodo
963 1423 1073 1466 non
1099 1427 1220 1468 esse
1242 1413 1528 1468 dicuntur?
1556 1412 1708 1481 Quod
1735 1412 1935 1469 factum
1960 1422 2070 1480 est,

499 1498 639 1555 edici
682 1516 789 1556 non
829 1509 1010 1572 potest
1051 1512 1112 1558 ut
1149 1502 1352 1559 factum
1391 1520 1497 1560 non
1536 1504 1718 1560 fuerit.
1758 1505 1910 1573 Quod
1945 1520 2076 1562 vero

499 1605 714 1661 semper
736 1609 842 1648 non
867 1602 988 1659 est,
1013 1609 1111 1650 nec
1141 1611 1412 1665 nunquam
1435 1595 1570 1662 fuit,
1594 1597 1647 1652 id
1671 1611 1945 1668 nunquam
1968 1603 2069 1651 est.

500 1681 760 1740 Tenebrae
788 1695 968 1741 autem
998 1686 1152 1742 facta:
1181 1697 1323 1743 sunt.
1363 1689 1543 1758 Quare
1575 1705 1680 1744 non
1713 1699 1773 1744 ut
1802 1689 1910 1744 sint
1936 1687 2078 1744 elﬁci-

498 1791 606 1832 non
635 1787 831 1847 potest.
860 1781 994 1835 Item
1023 1782 1077 1836 in
1112 1783 1401 1854 Evangelio
1433 1797 1448 1837 :
1482 1783 1543 1838 Si
1572 1782 1745 1837 lumen
1773 1781 1912 1854 quod
1941 1782 1996 1835 in
2026 1790 2075 1836 te

495 1879 597 1931 est,
626 1873 756 1940 ipsa:
779 1874 1001 1928 τεκών-(ιν
1025 1887 1234 1946 quantae
1262 1887 1412 1931 erant
1441 1876 1666 1948 (Matth.
1691 1893 1776 1941 vt;
1804 1875 1931 1929 Lac.
1957 1891 2011 1930 ιι

495 1959 776 2016 Neminem
821 1963 1068 2021 dubitare
1095 1967 1259 2022 credo
1291 1966 1309 2038 (
1333 1968 1461 2038 quin
1485 1968 1502 2038 )
1534 1968 1806 2039 quantitas
1835 1967 2071 2036 corpori-
2095 1950 2144 2009 Β

2181 670 2598 727 distribuuntur.
2630 673 2698 727 Et
2731 675 3008 744 quantitas
3038 676 3258 746 quidem
3289 677 3588 732 secundum
3622 678 3766 736 acci-

2179 763 2311 819 dens
2339 771 2422 819 est
2449 765 2786 836 corporibus.
2816 764 3131 821 Accidentia
3156 781 3286 822 vero
3313 777 3404 821 aut
3435 767 3487 821 in
3517 767 3764 837 subjecto

2179 865 2335 920 sunt,
2385 863 2478 910 aut
2521 857 2585 911 de
2629 857 2872 928 subjecto
2914 859 3302 928 praedicantur.
3340 855 3445 911 Per
3487 859 3591 913 hoc
3633 875 3761 930 ergo

2179 947 2320 1019 quod
2348 948 2548 1003 dicitur
2580 948 2705 1018 ipsa:
2737 949 2961 1002 tenebrw
2999 961 3210 1021 quantae
3253 958 3436 1014 erant,
3481 950 3766 1020 quantitas

2177 1042 2233 1098 in
2281 1041 2520 1111 subjecto
2557 1050 2910 1097 monstratur.
2963 1042 3120 1100 Unde
3161 1043 3441 1114 probabile
3488 1043 3760 1113 colligitur

2164 1135 2428 1198 tenebras
2457 1149 2563 1188 non
2593 1133 2764 1189 solum
2790 1149 2940 1198 esse,
2970 1135 3063 1190 sed
3091 1135 3258 1188 etiam
3281 1133 3595 1204 corporales
3617 1148 3755 1188 esse.

2176 1228 2359 1296 Itaque
2388 1226 2504 1281 haec
2532 1241 2706 1297 pauca
2737 1225 2950 1282 ratione
2976 1225 3137 1282 simul
3168 1233 3220 1280 et
3267 1225 3598 1280 auctoritate
3627 1239 3755 1279 con-

2176 1326 2327 1389 gesta
2369 1325 2564 1372 vestra:
2606 1317 2964 1388 magnitudini
2998 1326 3159 1388 atque
3186 1315 3488 1389 prudentia:
3519 1315 3760 1369 scribere

2175 1406 2398 1473 curavi,
2439 1415 2498 1462 ut
2537 1407 2615 1462 cis
2657 1407 2763 1462 ﬁxe
2792 1407 3250 1478 immobiliterque
3278 1408 3584 1471 haerentes,
3619 1407 3756 1461 nulla

2176 1499 2312 1554 falsa
2348 1494 2603 1570 opinione
2645 1499 2842 1565 illecti,
2876 1517 2906 1555 a
2937 1501 3183 1556 veritatis
3221 1501 3442 1556 tramite
3483 1500 3757 1554 declinare

2175 1593 2423 1664 possitis,
2459 1593 2554 1649 sed
2595 1593 2641 1650 si
2673 1592 2813 1650 forte
2842 1609 2872 1648 a
2901 1608 3224 1664 quocunque
3252 1591 3458 1662 aliquid
3487 1591 3754 1662 prolatum

2175 1687 2339 1742 fuerit
2365 1688 2432 1742 ab
2461 1688 2562 1744 bac
2585 1696 2768 1744 nostra
2795 1688 3003 1743 ratione
3026 1688 3372 1751 dissentiens,
3402 1687 3470 1740 ad
3502 1687 3646 1741 banc
3672 1701 3755 1740 ve-

2175 1779 2256 1835 lut
2283 1779 2350 1834 ad
2381 1778 2620 1847 regulam
2650 1787 3024 1842 recurrentes,
3057 1793 3122 1833 ex
3151 1777 3269 1848 ejus
3301 1776 3598 1833 sententiis
3623 1774 3751 1831 stul-

2176 1881 2264 1929 tas
2292 1871 2725 1928 machinationes
2751 1869 2987 1941 dejicere
3017 1868 3230 1925 valetis.

2665 1960 2898 2033 Explicit
2923 1961 2987 2016 de
3015 1959 3258 2016 tenebris.

499 2093 3726 2146 W

1682 2264 1848 2309 ANNO
1893 2263 2124 2308 DOMINI
2167 2262 2557 2308 DCCCXXXIV.

1477 2427 2757 2597 HAIMINIUS

1197 2705 1637 2773 MONACHUS
1697 2702 1982 2768 SANCTI
2030 2702 2379 2766 VEDASTI
2422 2698 3038 2770 ATREBATENSIS.

1967 2855 2271 2871 *

1588 2957 1657 3036 Ν
1663 2956 2025 3036 ΟΤΙΤΙΑ
2101 2952 2674 3035 HISTORICA.

2011 3121 2218 3136 —

563 3207 864 3266 llaiminius
890 3207 1192 3264 monachus
1215 3205 1274 3264 S.
1298 3205 1517 3262 Vedasti
1542 3203 1916 3260 Atrebatensis
1941 3203 2059 3260 0rd.
2093 3201 2151 3257 S.
2185 3200 2478 3274 Benedicti,
2515 3195 2726 3274 Alcpini
2757 3193 3073 3274 discipulus.
3103 3189 3547 3274 cuiusrbi‘iracula
3574 3189 3736 3274 sancti

489 3260 1914 3351 Velitis—ticpiscopixtrel—iatensisietCameracensis,
1950 3274 2191 3351 defuncti
2215 3273 2357 3326 circa
2382 3260 2580 3351 annum
2605 3269 2730 3351 δέω,
2764 3277 2817 3323 et
2840 3260 3007 3351 sermo
3040 3267 3092 3351 in
3123 3260 3306 3351 san'ctl
3319 3260 3548 3351 AYedasti
3580 3261 3733 3351 natali

490 3350 522 3421 6
553 3333 849 3406 Februarii
869 3333 948 3407 der
965 3333 1213 3407 undecim
1242 3333 1509 3421 parvulis,
1541 3349 1752 3405 meritis
1775 3333 2146 3416 ejus'sanatis,
2187 3353 2402 3400 exstant
2442 3344 2495 3397 in
2531 3342 2680 3397 Actis
2706 3347 3016 3396 sanctorum
3046 3345 3179 3394 tom.
3215 3336 3236 3390 ι
3267 3333 3571 3398 Februarii,
3621 3347 3716 3404 pag

488 3420 586 3476 801
617 3431 672 3478 et
693 3437 810 3494 seq.

496 3533 3700 3568 Μ

1142 3919 1470 4000 SERMO
1549 3917 1657 3998 IN
1717 3914 2104 3998 NATALI
2164 3913 2526 3994 SANCTI
2589 3911 3077 4008 VEDASTI,

1507 4097 1591 4160 De
1620 4095 1718 4160 XI
1740 4092 2032 4177 parvulis
2061 4091 2299 4154 meritis
2335 4089 2465 4172 ejus
2498 4089 2754 4152 sanatis.

1745 4242 2010 4309 (Bolland.,
2043 4241 2153 4293 Act.
2181 4241 2274 4294 ss.
2294 4239 2472 4304 Febr.)

555 4476 606 4530 l.
659 4475 998 4539 Excitentur,
1048 4473 1294 4537 obsecro,
1353 4471 1451 4528 ﬁlii
1497 4471 1654 4538 lucis,
1686 4471 1848 4527 corda
1876 4480 2057 4526 vestra
2084 4473 2128 4536 C
2161 4467 2350 4533 deum,
2383 4467 2605 4536 antiqua
2655 4473 2972 4532 recurrunt,
3008 4465 3321 4538 frequenter
3356 4468 3539 4523 audita
3577 4477 3720 4538 pale-

488 4583 586 4639 pro
613 4547 825 4623 coliatis
851 4566 1130 4624 beneﬁciis
1152 4567 1219 4623 ad
1250 4567 1430 4622 divina
1453 4567 1742 4639 praeconia.
1775 4567 2054 4637 Erumpat,

480 4671 686 4730 quaeso,
717 4657 772 4712 in
798 4673 1008 4724 vocem,
1061 4659 1202 4728 quod
1240 4659 1356 4731 jam
1406 4660 1560 4714 ardet
1609 4659 1665 4716 in
1715 4666 1932 4723 mente;
1973 4666 2054 4721 ut,

479 4768 617 4826 quos
657 4752 790 4810 ﬁdes
822 4751 1085 4818 illustrat,
1127 4752 1392 4810 confessio
1418 4768 1552 4826 pura
1581 4752 1884 4809 conﬁrmet.
1913 4750 2056 4806 Prm-

475 4855 560 4902 sto
596 4853 681 4902 est
715 4844 880 4916 igitur
905 4843 1130 4900 materia
1154 4844 1346 4910 laudis,
1385 4844 1438 4900 in
1483 4852 1735 4917 promptu
1774 4851 1859 4898 est
1892 4857 2052 4898 causa

467 4938 826 5010 jubilationis.
867 4937 1049 4993 Oculis
1091 4939 1348 5002 cernitur,
1377 4953 1539 4993 manu
1566 4945 1797 5002 tenetur,
1824 4935 2053 4990 utilitate

473 5028 746 5083 sentitur:
789 5028 1154 5082 testimonium
1188 5027 1433 5092 reddunt,
1481 5028 1571 5097 qui
1619 5026 1806 5084 fallere
1848 5027 2053 5082 nescie-

477 5129 622 5176 runt.
646 5119 767 5176 Jam
790 5128 916 5176 sunt
946 5119 1135 5175 diserti
1163 5119 1254 5189 qui
1283 5117 1514 5174 necdum
1540 5120 1776 5190 perfecte
1814 5118 2050 5174 didicere

470 5208 643 5280 loqui.
674 5209 759 5266 Ea:
786 5227 895 5276 ore,
927 5210 1100 5281 inquit
1133 5209 1439 5276 Psalmista,
1463 5211 1745 5281 infantium
1769 5220 1817 5266 et
1846 5211 2049 5267 lacteu-

472 5301 602 5353 tium
629 5301 893 5372 perfecisti
915 5300 1126 5356 laudem
1147 5299 1320 5373 (Psal.
1349 5317 1448 5359 vni
1471 5342 1486 5367 ,
1513 5300 1591 5372 5).
1623 5301 1872 5359 Omnium
1905 5303 2047 5360 idem

470 5388 733 5448 Dominus
763 5393 914 5448 dives
945 5393 1000 5448 in
1043 5408 1250 5458 omnes,
1301 5393 1395 5465 qui
1436 5393 1690 5450 invocant
1737 5394 1909 5461 illum,
1945 5394 2048 5448 lin-

469 5497 602 5549 guas
631 5483 916 5553 infantium
946 5485 1075 5540 facit
1098 5499 1223 5542 esse
1245 5483 1471 5541 diserta:
1496 5483 1650 5557 (Sap.
1695 5500 1752 5552 x,
1783 5485 1895 5556 21).
1945 5485 2040 5543 Do-

471 5580 598 5626 cent
622 5572 748 5640 ﬁde,
774 5578 878 5632 etsi
909 5577 1146 5635 nondum
1173 5585 1402 5649 possunt
1425 5592 1706 5635 sermone:
1752 5577 1861 5634 imo
1891 5575 2046 5632 Chri-

471 5671 588 5718 stus
610 5678 709 5734 per
733 5665 856 5723 illos
882 5669 1055 5733 docet,
1085 5669 1282 5741 quibus
1311 5678 1519 5728 tantam
1559 5671 1791 5743 gratiam
1816 5669 2040 5741 praebet.

2162 4566 2320 4612 scunt
2345 4575 2356 4609 :
2391 4571 2510 4627 qum
2535 4571 2767 4626 namque
2790 4558 2842 4611 in
2866 4559 3037 4614 sacris
3053 4559 3265 4630 paginis
3292 4559 3536 4630 legimus,
3565 4558 3721 4613 oculis

2159 4648 2384 4717 repetita
2413 4647 2674 4702 videmus.
2699 4647 2885 4704 Caecus
2915 4665 2945 4704 a
2969 4650 3251 4706 nativitate
3277 4651 3442 4706 videt.
3471 4651 3724 4722 Operatur

2157 4742 2301 4795 enim
2347 4739 2594 4796 Christus
2640 4741 2694 4796 in
2726 4741 2964 4797 Ecclesia
2999 4742 3142 4813 quod
3179 4741 3292 4813 jam
3321 4743 3450 4798 olim
3483 4746 3647 4816 gessit
3674 4744 3723 4798 in

2159 4831 2441 4905 Synagoga
2481 4833 2661 4904 (Joan.
2696 4833 2774 4907 ιχ)
2803 4851 2816 4889 :
2857 4835 3004 4892 illum
3047 4837 3313 4909 siquidem
3337 4846 3392 4891 et
3420 4837 3584 4892 corde
3613 4837 3723 4890 illu-

2157 4932 2383 4987 minavit
2405 4939 2458 4984 et
2489 4947 2742 5000 corpore;
2770 4933 2914 4987 hunc
2944 4933 3067 5002 quia
3115 4942 3337 4990 renatus
3366 4943 3508 4999 erat,
3538 4932 3724 4987 illumi-

2155 5023 2305 5078 navit
2331 5024 2382 5077 in
2419 5039 2664 5093 corpore,
2693 5031 2753 5076 ut
2798 5022 2957 5079 ﬁdem
3008 5025 3334 5094 torpentium
3385 5026 3725 5080 resuscitaret

2153 5115 2208 5170 in
2237 5123 2435 5171 mente.
2467 5113 2649 5170 Nostis
2687 5116 2865 5186 plane,
2891 5117 2981 5187 qui
3010 5115 3280 5180 adfuistis,
3317 5132 3436 5187 qua:
3469 5119 3724 5172 hodierna

2153 5207 2238 5262 die
2264 5206 2524 5263 Dominus
2546 5206 2702 5264 Jesus
2733 5225 2829 5278 per
2867 5211 3063 5266 merita
3089 5211 3232 5266 servi
3256 5211 3359 5276 sui,
3386 5210 3531 5266 beati
3551 5209 3724 5264 Patris

2151 5300 2321 5354 nostri
2371 5299 2617 5366 Vedasti,
2659 5315 2821 5372 opera
2868 5300 3028 5367 fecit;
3081 5302 3190 5357 imo
3241 5302 3553 5372 imperfecta
3606 5317 3724 5371 sup-

2148 5391 2333 5462 plevit.
2363 5391 2507 5447 Duos
2524 5392 2730 5450 scilicet
2755 5401 2986 5464 :egrotos
3011 5394 3242 5460 sanavit,
3265 5394 3356 5450 uni
3389 5393 3570 5450 lumen
3597 5408 3720 5448 ocu-

2148 5480 2321 5537 lorum
2353 5483 2521 5550 dedit,
2549 5499 2656 5538 non
2686 5482 2920 5540 reddidit
2950 5502 2961 5540 :
2993 5484 3150 5546 alteri
3187 5485 3315 5556 quia
3339 5484 3564 5544 claudus
3587 5492 3720 5549 erat.

2147 5587 2395 5642 gressum
2440 5573 2695 5630 restituit.

2216 5662 2269 5718 2.
2312 5661 2445 5719 Mira
2480 5664 2726 5722 dicturus
2756 5681 2898 5733 sum,
2936 5665 3079 5738 quod
3105 5681 3295 5726 omnes
3325 5681 3540 5728 mecum
3577 5664 3719 5738 pari-

470 5751 590 5824 Ipse
628 5755 774 5812 enim
800 5757 1026 5815 interius
1056 5760 1344 5829 illuminat,
1368 5761 1462 5834 qui
1501 5760 1633 5817 foris
1660 5778 1757 5834 per
1780 5759 2040 5819 miracula
2143 5765 2229 5812 ter
2262 5758 2453 5812 nostis.
2492 5758 2610 5830 Ipse
2641 5759 2806 5818 Pater
2843 5770 3029 5821 noster
3065 5761 3334 5820 Vedastus
3360 5777 3520 5824 sacer
3545 5761 3715 5816 adhuc

468 5855 742 5906 cotuscat.
764 5848 897 5906 lira
934 5850 1072 5906 ﬁunt
1095 5852 1422 5910 omnimodis
1442 5859 1496 5906 et
1525 5852 1810 5924 stupenda,
1849 5859 1905 5906 et
1935 5868 2040 5921 quo
2064 5837 2118 5897 D
2141 5849 2345 5924 praebet
2371 5867 2401 5905 e
2440 5852 2645 5908 tumulo
2675 5853 2816 5924 quod
2855 5853 3043 5913 vivens
3073 5853 3125 5913 in
3157 5867 3320 5914 carne
3361 5859 3616 5930 operatus
3638 5857 3720 5908 est

465 5937 700 6006 rariora,
728 5954 794 5996 eo
853 5949 981 5998 sunt
1029 5939 1256 6009 amplius
1304 5942 1666 6010 praedicanda.
1724 5942 1908 5998 Prisca
1953 5959 2038 5999 re-

2150 5946 2204 6000 in
2245 5945 2460 5999 mundo.
2495 5945 2559 5999 Et
2606 5946 2895 6014 prserlarus
2940 5955 3180 6012 senator,
3228 5947 3294 6002 de
3329 5947 3538 6002 caelesti
3569 5941 3712 6000 curia
