4022 6442
497 397 609 458 759

1163 392 1576 454 HILDEBICUS
1613 389 2058 453 CASSINENSIS
2092 387 2337 474 QBBAS.
2363 417 2435 430 -
2459 384 2738 446 NOTITIA
2765 381 3158 446 ESTORICA.

3681 389 3796 446 760

494 515 606 572 mei
654 511 712 572 in
736 514 862 572 Vita
903 512 1207 572 beatissimi
1251 514 1484 570 Amandi
1500 557 1515 581 ,
1568 513 1881 584 suppliciter
1926 511 2086 567 obse-
2112 510 2166 572 Α
2189 520 2298 562 non
2324 503 2441 560 sine
2465 502 2676 560 cautela
2701 501 2960 574 deinceps
2989 510 3162 558 totum
3191 498 3249 556 in
3276 498 3474 556 ﬂumen
3498 499 3788 573 fratribus,

497 622 693 674 crans,
737 615 796 662 ut
831 607 877 663 si
923 607 980 662 in
1023 606 1110 662 liis
1155 607 1360 678 aliquid
1404 607 1526 664 ﬁdei
1569 606 1850 662 catholicae
1903 605 2085 660 minus

493 714 824 765 consonans,
853 698 937 754 vel
964 700 1320 772 incongruum
1344 699 1450 770 legi
1477 698 1717 754 metrica:
1743 697 2081 764 inveneritis,

498 791 570 846 ad
598 800 761 846 certa:
789 806 1037 846 normam
1085 791 1285 863 regulae
1328 789 1773 856 misericorditer,
1806 805 1958 845 more
1987 803 2084 859 pa-

498 891 658 938 terno
687 882 961 939 reducatis
991 898 1094 939 nec
1128 899 1216 940 me
1244 899 1365 939 meo
1394 883 1684 952 dimittatis
1711 883 1910 948 errori,
1951 896 2086 938 con-

492 986 668 1032 testor
712 985 766 1033 et
805 978 1033 1032 obsecro
1070 991 1170 1048 per
1207 975 1527 1047 sanguinem
1553 975 1779 1040 Christi,
1810 973 1901 1044 qui
1934 972 2086 1029 fusus

495 1077 581 1123 est
624 1083 726 1139 pro
774 1069 945 1125 salute
992 1068 1174 1140 populi
1225 1067 1540 1124 Christiani.
1581 1067 1735 1135 Quod
1769 1067 1838 1132 si,
1875 1065 2086 1120 miseri-

496 1160 683 1215 cordia
721 1176 969 1232 supernae
1010 1161 1315 1232 majestatis
1355 1170 1652 1232 praeeunte,
1680 1175 1865 1230 aequas
1905 1167 2085 1215 textus

496 1253 758 1308 carminis
802 1255 907 1309 mei
954 1255 1251 1310 obtinuerit
1291 1261 1506 1326 partes;
1559 1261 1685 1308 tunc
1722 1269 1832 1308 una
1870 1267 2084 1308 mecum

496 1343 659 1414 hujus
687 1347 812 1400 doni
851 1346 1118 1418 largitori,
1147 1354 1336 1402 sancto
1365 1345 1574 1402 scilicet
1601 1344 1849 1416 Spiritui,
1880 1345 2085 1416 gratia-

490 1452 614 1492 rum
662 1438 850 1496 laudes
893 1440 1072 1495 debita
1103 1439 1465 1496 exsultatione
1509 1438 1804 1509 persolvite
1831 1445 1885 1492 et
1931 1437 2086 1508 cujus

487 1543 718 1584 munere
765 1538 974 1586 tantum
1020 1546 1158 1602 opus
1197 1530 1346 1602 quivi
1394 1540 1671 1599 utcunque
1718 1529 2081 1600 compingere.

487 1616 806 1674 Rusticitati
856 1629 1039 1676 autem
1090 1636 1226 1676 meae
1272 1620 1488 1676 veniam
1539 1621 1668 1676 dare
1710 1634 1935 1676 necesse
1980 1627 2083 1687 est,

2190 597 2281 669 qui
2323 611 2557 662 mecum,
2600 596 2871 666 quomodo
2909 595 2982 651 sit
3007 595 3370 668 navigandum
3409 597 3650 652 ostendi.
3697 598 3783 667 Et,

2189 689 2314 760 quia
2343 688 2399 743 in
2429 703 2495 745 eo
2528 704 2630 745 nec
2669 687 2974 759 scopulum,
3005 688 3098 759 qui
3145 687 3272 744 ﬁdei
3304 688 3508 755 obstet,
3558 687 3786 759 oﬂendi,

2189 800 2312 851 nec,
2349 784 2510 856 quod
2536 783 2642 856 legi
2685 783 2930 840 metricae
2964 782 3289 854 refragetur,
3336 782 3552 849 inveni;
3592 783 3784 840 hortor

2190 876 2387 933 fratres
2422 885 2658 944 nostros,
2689 877 2782 947 qui
2811 892 2843 931 a
2872 875 3074 931 talibus
3101 875 3294 931 studiis
3320 889 3430 930 non
3459 875 3779 942 abhorrent,

2189 985 2387 1024 munus
2421 968 2526 1024 hoc
2564 968 2800 1023 libenter
2842 966 3140 1038 suscipere,
3172 975 3230 1022 et
3255 966 3483 1022 obsecro
3521 973 3586 1021 ut
3613 967 3780 1022 satius

2188 1063 2359 1117 velint
2393 1061 2462 1118 ad
2504 1061 2682 1118 simile
2724 1061 2966 1118 studium
3008 1061 3315 1132 provocari,
3353 1076 3521 1132 quam
3567 1060 3779 1117 invidia:

2191 1151 2403 1210 facibus
2431 1153 2792 1209 concremari.
2843 1152 3103 1209 Novimus
3132 1151 3403 1223 siquidem
3445 1165 3674 1221 semper
3708 1151 3779 1206 ci-

2189 1259 2285 1301 ves
2315 1246 2523 1303 civibus
2551 1247 2798 1302 invidere
2839 1255 2895 1303 et
2921 1246 3216 1302 secundum
3246 1243 3552 1300 Salvatoris
3579 1243 3776 1301 dictum

2190 1342 2466 1397 neminem
2501 1341 2847 1412 prophetam,
2897 1339 3012 1395 sive
3056 1348 3114 1394 ut
3153 1347 3210 1394 tu
3249 1337 3440 1395 solitus
3479 1354 3544 1395 es
3584 1339 3775 1404 dicere,

2190 1433 2398 1489 nullum
2455 1441 2674 1504 poetam
2714 1441 2999 1503 acceptum
3036 1447 3162 1488 esse
3206 1432 3262 1486 in
3299 1431 3478 1502 patria
3513 1446 3638 1486 sua.
3686 1430 3775 1486 Sed

2191 1524 2318 1595 quia
2364 1524 2648 1595 parvulum
2694 1524 2896 1579 occidit
2946 1523 3172 1589 invidia,
3222 1523 3398 1578 minor
3432 1537 3560 1579 esse
3597 1539 3778 1596 cogno-

2191 1618 2365 1673 scitur
2409 1618 2504 1688 qui
2553 1616 2762 1672 invidet
2805 1632 2970 1687 quam
3017 1617 3107 1672 ille
3132 1617 3222 1672 cui
3269 1617 3570 1672 invidetur.
3605 1617 3772 1688 Papae!

487 1709 615 1778 quia
645 1711 953 1778 rusticatio,
987 1720 1047 1766 ut
1083 1712 1305 1783 quidam
1336 1712 1432 1778 ait,
1479 1714 1548 1767 ab
1575 1711 1855 1768 Altissimo
1898 1719 2086 1768 creata
2191 1711 2362 1766 miror
2387 1711 2672 1780 opiparum
2709 1708 2946 1765 valuisse
2977 1709 3235 1765 divitibus
3261 1723 3585 1781 praeparare
3610 1710 3775 1765 conri-

489 1806 595 1853 est.
637 1800 706 1855 Et
743 1803 991 1871 quamvis
1025 1801 1415 1859 difﬁcilioribus
1456 1804 1536 1858 uti
1567 1803 1840 1874 potuerim
1885 1803 2084 1874 aliqui-
2115 1873 2149 1876 _
2189 1805 2358 1871 vium,
2385 1820 2549 1876 quem
2577 1808 2835 1876 putabam
2858 1806 2948 1860 vix
2977 1821 3138 1876 posse
3174 1807 3503 1876 pauperibus
3533 1805 3774 1861 exhibere

488 1888 596 1945 bus
631 1890 689 1944 in
724 1889 859 1948 locis
897 1894 1192 1949 verborum
1240 1873 1586 1965 ambagibus,
1635 1910 1702 1950 ne
1743 1896 1797 1951 id
1846 1873 2087 1952 facerem
2114 1873 2164 1935 Β
2191 1901 2277 1956 vel
2309 1873 2545 1972 gustum.
2577 1873 2753 1956 _Plane
2777 1873 3152 1955 Amantissimi
3174 1873 3410 1953 _Amandi
3435 1913 3543 1967 ego
3573 1898 3769 1966 quidem

487 1993 611 2035 sum
658 1983 985 2050 prohibitus,
1033 1987 1160 2054 quia
1211 1987 1374 2040 etiam
1426 1987 1638 2041 credidi
1672 1985 1915 2042 futurum
1951 2004 2086 2058 opus
2189 1992 2245 2047 id
2286 1993 2494 2048 meritis
2527 1993 2756 2063 imputo,
2794 1993 2861 2047 de
2905 1991 3060 2060 cujus
3097 1990 3382 2062 pmconiis
3415 1989 3696 2044 exsultare
3719 2005 3771 2045 ac

485 2065 636 2126 istud
664 2074 889 2142 gratius.
924 2075 966 2129 si
997 2078 1239 2131 omnium
1282 2077 1512 2133 fratrum
1539 2087 1754 2150 pateret
1791 2082 2083 2138 auditibus.
2185 2082 2466 2140 Christum
2514 2084 2739 2139 laudare
2787 2099 2900 2139 non
2951 2099 3124 2139 cesso.
3173 2082 3272 2139 Est
3317 2083 3483 2154 igitur
3513 2082 3769 2153 eloquium

483 2159 697 2218 Faveat
727 2178 856 2236 ergo
887 2168 1210 2224 excellentia
1249 2180 1430 2226 vestra
1469 2187 1577 2229 non
1621 2173 1769 2229 vitiis
1806 2175 1963 2241 meis,
1992 2176 2087 2232 sed
2188 2188 2354 2230 suave
2393 2182 2450 2229 et
2483 2190 2705 2230 carmen
2747 2174 2954 2229 salibus
2983 2173 3161 2240 dulce,
3200 2173 3322 2228 leni-
3339 2174 3496 2245 lapsu
3534 2183 3596 2230 et
3631 2177 3771 2246 plano

483 2249 801 2322 laboribus;
847 2265 907 2312 ut
951 2259 1082 2315 illud
1123 2262 1440 2333 percipiatis
1487 2264 1540 2318 in
1572 2264 1907 2332 coelestibus,
1939 2267 2085 2337 quod
2188 2281 2440 2323 sermone
2481 2269 2724 2324 decurrit
2771 2268 2966 2324 oratio.
3015 2267 3155 2335 Quid
3200 2269 3471 2340 amplius?
3511 2270 3772 2327 Dicantet

483 2350 733 2407 mortalis
763 2369 873 2409 non
921 2356 1069 2411 videt
1115 2358 1322 2414 oculus.
1356 2360 1552 2416 Valere
1599 2377 1695 2418 vos
1723 2372 1974 2434 optamus
2017 2364 2086 2420 ad

483 2443 729 2499 omnium
759 2443 999 2502 fidelium
1026 2450 1329 2519 profectum
1361 2453 1710 2510 aeternaliter.

1056 2562 1393 2620 EPISTOLA
1440 2566 1504 2621 II.

976 2669 1209 2712 ΗΛΙΜῙΝΙΙ
1248 2673 1318 2712 ΔΟ
1357 2673 1617 2715 MILONE“.

553 2739 780 2799 Inﬁmus
829 2759 1021 2802 servus
1062 2746 1266 2804 Christi
1301 2746 1588 2806 Haiminus
1625 2751 1807 2807 Miloni
1852 2768 1950 2809 suo
1996 2769 2084 2810 sa-

488 2830 680 2889 lutem.

560 2923 794 2982 Carmen
845 2929 1023 3000 quod,
1070 2931 1243 2988 frater
1293 2935 1701 3002 amantissime,
1759 2938 2080 3008 porrexisti,

483 3015 644 3073 avida
675 3028 858 3075 mente
892 3021 1128 3094 perlegi;
1179 3025 1273 3080 sed
1302 3028 1429 3096 quia
1463 3045 1569 3083 non
1597 3029 1732 3084 satis
1764 3038 1849 3085 est
1885 3030 2082 3102 legisse

482 3111 676 3178 semel,
705 3111 850 3182 juvit
879 3132 1053 3188 usque
1088 3117 1292 3173 videre.
1332 3118 1485 3174 Unde
1527 3128 1777 3189 repetens
1823 3137 1852 3174 a
1881 3121 2081 3190 princi-

2181 2359 2431 2431 jndicent
2458 2361 2670 2417 sodales
2701 2369 2764 2416 ut
2786 2361 2956 2416 velint
2983 2378 2996 2414 :
3029 2375 3129 2433 ego
3161 2368 3346 2417 autem
3374 2376 3628 2418 arcanum
3655 2378 3768 2419 eor-

2189 2454 2273 2510 dis
2316 2455 2422 2509 mei
2471 2455 2734 2527 pervulgo
2764 2474 2776 2509 :
2805 2455 2934 2525 quia
2968 2455 3244 2525 praeconia
3294 2455 3430 2510 tanti
3475 2455 3668 2523 Patris,
3698 2456 3768 2511 mi

2185 2545 2400 2612 dilecte,
2429 2548 2562 2603 satis
2589 2548 2908 2618 abundeque
2937 2557 3030 2602 tuo
3054 2546 3298 2602 carmine
3325 2547 3640 2605 illustrasti.
3663 2547 3769 2605 Noli

2184 2649 2394 2707 tamen,
2421 2643 2670 2708 obsecro,
2723 2641 2792 2696 ab
2821 2641 3038 2712 incepto
3065 2640 3350 2708 desistere,
3403 2641 3520 2696 noli
3563 2640 3766 2697 desidia:

2185 2741 2282 2789 aut
2313 2734 2477 2790 inerti
2514 2733 2628 2789 otio
2655 2733 3041 2797 succumbere;
3070 2732 3194 2805 .noli
3222 2732 3483 2804 gratiam,
3521 2747 3644 2804 qua:
3685 2731 3767 2789 tibi

2186 2824 2417 2895 adjacet,
2450 2826 2754 2897 negligere;
2786 2825 2901 2890 sed,
2929 2825 3057 2879 dum
3080 2831 3260 2889 vacat,
3294 2840 3518 2895 semper
3550 2834 3604 2881 te
3632 2825 3768 2882 bonis

2184 2919 2381 2974 studiis
2419 2932 2645 2984 exerce;
2685 2925 2739 2972 et
2779 2916 2890 2971 noli
2927 2915 3070 2986 quod
3115 2916 3287 2986 gratis
3321 2916 3630 2986 accepisti,
3665 2916 3767 2971 aliis

2185 3011 2455 3082 denegare
2499 3028 2514 3067 :
2557 3009 2665 3065 noli
2711 3009 2859 3064 Solus
2909 3011 3111 3064 bonum
3161 3025 3455 3064 commune
3507 3010 3768 3080 possidere

2184 3102 2354 3168 velle;
2398 3103 2513 3157 haec
2556 3102 2672 3156 sola
2695 3101 2926 3172 pecunia
2947 3108 3050 3166 est,
3079 3115 3202 3171 qua:
3245 3101 3399 3156 novit
3426 3115 3500 3155 ex
3527 3102 3768 3172 pensione

480 3203 578 3275 pio
609 3219 715 3260 non
746 3206 864 3263 sine
887 3206 1132 3276 iudiciali
1162 3225 1418 3277 censura,
1450 3212 1595 3282 quod
1623 3221 1747 3268 ante
1777 3221 2076 3270 summote-

2186 3195 2372 3267 augeri
2399 3213 2411 3249 :
2438 3196 2553 3250 hate
2579 3194 2691 3249 sola
2717 3202 2819 3260 est,
2851 3209 2971 3264 qua:
3001 3208 3191 3262 sparsa
3221 3192 3443 3254 crescit,
3481 3201 3539 3246 et
3563 3200 3768 3263 erogata

2194 3304 2204 3307 _
2581 3287 2747 3307 -__,.-
2777 3288 2888 3307 .-ω
2928 3295 3004 3307 η.
3040 3286 3194 3307 -.ιω
3257 3300 3368 3307 _-__
3398 3285 3764 3307 -L__-_--_-__

479 3309 591 3350 nus
638 3296 808 3369 tetigi,
860 3306 1032 3354 totum
1077 3317 1145 3357 ex
1192 3302 1404 3375 integro
1444 3303 1628 3374 legens
1672 3312 1727 3358 et
1773 3304 2070 3372 inculcans,

481 3401 675 3442 omnes
714 3389 768 3443 in
809 3405 874 3444 eo
915 3393 1228 3451 intentionis
1270 3411 1403 3451 mea:
1438 3396 1582 3451 vires
1628 3396 1885 3466 impendi.
1937 3397 2074 3454 Nam

481 3478 660 3548 primo
685 3484 866 3551 putavi
895 3499 1001 3552 me,
1027 3483 1220 3554 fateor,
1249 3488 1303 3542 in
1327 3488 1548 3558 planum
1573 3491 1820 3560 posuisse
1848 3488 2073 3560 pedem;

481 3569 579 3624 sed
609 3579 666 3624 ut
696 3575 934 3644 comperi
963 3592 1140 3632 meam
1165 3579 1517 3651 exiguitatem
1547 3596 1658 3637 non
1687 3582 1849 3637 modo
1882 3581 2076 3652 poculo

482 3657 654 3717 fontis
695 3663 909 3736 irrigari
939 3669 1034 3724 sed
1062 3667 1318 3727 ﬂuctibus
1349 3672 1673 3743 eloquentiae
1703 3672 1960 3728 obrutum
1985 3673 2074 3742 iri,

2183 3287 2546 3345 emolumenta
2573 3287 2748 3358 capit:
2777 3288 2893 3343 haec
2921 3295 3008 3342 est
3033 3286 3219 3350 etiam,
3251 3300 3372 3356 qua:
3396 3285 3767 3342 absconsorem

2182 3397 2342 3436 suum
2367 3381 2546 3452 poenis
2569 3379 2791 3445 addicit,
2825 3387 2879 3434 et
2908 3380 3109 3434 bonum
3131 3378 3560 3448 dispensatorem
3586 3377 3770 3434 merui

2184 3469 2429 3526 muneris
2454 3470 2626 3541 gloria
2652 3469 2894 3555 insignit.

2255 3581 2428 3638 Macte
2455 3596 2596 3636 nova
2625 3581 2847 3647 virtute,
2885 3578 3024 3645 vale,
3054 3577 3199 3646 Milo,
3230 3578 3438 3650 optime
3463 3587 3652 3646 vates;

2309 3737 2312 3740 ,
2361 3672 2706 3744 Haiminique
2738 3672 2837 3740 tui,
2867 3672 2976 3738 dic,
3003 3671 3262 3728 Miserere
3286 3672 3453 3729 Deus.

1675 3951 1847 3997 ANNO
1897 3953 2130 3996 DOMINI
2185 3953 2578 3997 DCCCIXXIV.

1375 4042 2882 4265 HlLDERICUS

1773 4369 2223 4428 CASSINENSIS
2259 4369 2506 4428 ABBAS.

1140 4569 1578 4652 NOTITIA
1631 4568 2189 4651 HISTORICA
2246 4571 2359 4650 IN
2412 4567 3092 4651 HILDERICUM.

1433 4721 1599 4786 (Apud
1622 4719 1900 4774 Fabricium
1921 4760 1937 4786 ,
1978 4721 2285 4774 Bibliotheca
2309 4721 2442 4774 med.
2469 4724 2525 4773 et
2547 4720 2636 4772 inf.
2663 4719 2796 4785 Lat.)

2043 4857 2056 4863 ⁵
2101 4859 2176 4873 _

557 4947 863 5008 Hildericus
889 4949 1056 5006 abbas
1099 4963 1189 5004 an.
1220 4948 1327 5006 8³54
1362 4960 1464 5018 per
1506 4939 2069 5018 paucos-dies_C_assi_j
2091 4943 2147 5004 D

483 5023 692 5096 nensis,
739 5021 960 5096 scripsit
995 5035 1185 5096 versus
1209 5020 1286 5096 (ᾳ)
1320 5013 1386 5096 de
1421 5013 1772 5096 praeceptoris
1801 5013 2067 5096 suif’auli

484 5085 695 5148 diaconi
721 5085 949 5162 origine,
973 5092 1104 5162 vita,
1128 5085 1490 5162 institutione,
1516 5085 1779 5162 doctrina,
1797 5085 2068 5162 religione

483 5170 539 5232 et
580 5156 955 5232 habitufquos
999 5160 1360 5232 lucidissimos
1393 5157 1770 5232 vocatﬁetrus
1797 5156 2070 5232 Diaconus

485 5231 552 5286 de
577 5225 876 5289 illustribus
903 5231 1314 5288 Cassinensibus
1337 5245 1385 5286 c.
1411 5231 1464 5286 9.
1491 5228 1673 5284 Edidit
1692 5229 1811 5283 illos
1830 5225 2068 5282 Joannes

481 5299 726 5371 Baptista
767 5303 948 5358 Marus
985 5305 1039 5358 in
1081 5302 1226 5357 notis
1255 5303 1332 5371 ad
1359 5300 1505 5355 Petri
1538 5315 1659 5371 cap.
1684 5298 1898 5371 8._Non
1923 5304 2071 5371 sunt

483 5369 674 5444 versus
701 5374 886 5444 plures
911 5388 1074 5443 quam
1096 5372 1184 5444 42.
1219 5370 1534 5444 νίχίάυιφίῑο
1563 5369 1892 5444 Hildericum
1921 5370 2068 5422 hunc

480 5441 648 5513 alium
685 5439 756 5499 ab
793 5459 859 5498 eo
894 5439 1014 5499 esse
1051 5441 1209 5513 cujus
1257 5442 1566 5513 epistolam
1588 5449 1761 5513 metro
1791 5439 2065 5513 alligatam

2358 4938 2453 5002 Hic
2471 4937 2637 5002 opifer
2659 4937 2844 5002 mundi,
2865 4900 3021 4990 verbo
3042 4939 3132 5000 qui
3155 4943 3332 5002 cuncta
3348 4936 3559 5002 ereavit,

2419 4997 2668 5052 Ex'nilnlo
2691 4997 2835 5051 ﬂuxit
2847 5001 3005 5050 omnia
3028 4997 3212 5063 nempe
3234 4997 3398 5049 simul.

2242 5147 2405 5202 Forte
2439 5155 2637 5222 _tamen
2676 5143 2933 5222 Hilderici
2973 5141 3241 5222 Epistolas,
3275 5141 3439 5212 hujus
3482 5139 3764 5222 scriptoris

2169 5226 2302 5274 aetas
2331 5217 2491 5288 paulo
2538 5217 2810 5288 recentior
2844 5223 2949 5288 est,
2978 5212 3142 5288 quam
3187 5221 3250 5288 ut
3293 5212 3543 5288 componi
3589 5212 3761 5288 possit

2170 5305 2294 5345 cum
2325 5283 2596 5343 Hilderico
2629 5283 3103 5351 Cassinensi;’ille
3137 5284 3281 5339 enim
3306 5283 3590 5354 epistolam
3622 5285 3760 5337 hanc

2170 5358 2319 5414 dedit
2367 5359 2510 5414 circa
2541 5373 2742 5412 annum
2787 5357 2914 5422 876,
2955 5354 3296 5412 Cassinensis
3327 5369 3456 5408 vero
3505 5354 3758 5408 abbatem

2168 5429 2312 5485 illius
2339 5429 2571 5485 cmnobii
2604 5429 2716 5498 egit
2761 5444 2850 5482 an.
2883 5427 3006 5483 854.
3045 5427 3247 5484 Verum
3275 5424 3560 5498 Anonymi
3579 5422 3762 5477 Saler-

482 5494 1015 5583 recitatXnonymus
1041 5494 1421 5569 Silianam;
1443 5494 1694 5583 altera
1717 5519 1870 5580 parte
1884 5494 2066 5583 ᾨπο-
2165 5501 2338 5555 nitani
2377 5499 2540 5583 ﬁdes‘
2561 5500 2614 5582 in
2642 5494 2721 5583 "re_
2747 5498 3135 5583 ochronologica
3162 5511 3262 5566 per
3289 5510 3466 5550 annos
3509 5494 3626 5549 illos
3659 5509 3758 5548 ne-

481 5582 593 5658 nici
646 5583 730 5658 sui
751 5577 966 5658 vulgata
1006 5583 1400 5658 _a_Mu_ratorio.
1438 5581 1574 5658 iter.
1603 5577 1733 5634 ltal.‘
1752 5589 1884 5635 tom.
1909 5577 1972 5642 li,
2005 5592 2059 5658 p:

481 5651 606 5723 265.
655 5651 917 5723 Dirigitur
956 5654 1022 5710 ad
1061 5653 1393 5711 Ludovicum
1438 5651 1481 5708 ll
1519 5654 1923 5722 imperatorem,
1972 5651 2058 5705 cui

481 5721 661 5779 fausta
689 5721 883 5780 cuncta
911 5733 1255 5795 apprecatur.
1285 5725 1475 5794 incipit
1500 5741 1513 5777 τ

2165 5585 2435 5642 quaquam
2464 5577 2547 5626 est
2575 5569 2898 5627 indubitata.

555 5841 632 5927 (ᾳ)
670 5843 748 5900 De
773 5839 944 5927 faulo
979 5842 1214 5927 Diacono
1238 5855 1442 5927 ’τηερε
1489 5840 1712 5898 minime
1757 5839 2078 5914 reperimus.
2120 5837 2254 5909 Quis
2293 5838 2363 5896 sit
2388 5836 2589 5906 Marus,
2627 5838 2719 5913 qui
2757 5836 3036 5895 adnotavit
3069 5831 3368 5890 Chronicon
3407 5827 3556 5888 Petri
3624 5823 3763 5882 Dia-

483 5911 630 5984 coni,
663 5916 885 5986 penitus
924 5927 1021 5967 nos
1050 5911 1205 5982 fugit.
1238 5912 1396 5968 Emr.
