4022 6446
209 411 300 471 ’161
345 369 350 374 ’
807 402 1040 463 HETTO
1077 402 1521 462 BASILEENSIS
1556 402 1797 462 EPISCO

1867 401 1953 494 gs.
1977 434 2048 448 —
2077 403 2355 466 ΝΟἸἸΤΙΑ
2390 404 2779 468 HISTORICA.
3348 417 3455 477 vsa

207 553 3448 598 ww

971 703 1538 802 .HILDERICI
1597 685 2102 788 EPISTOLA
2165 709 2641 790 METRICA.

966 885 1132 950 (Apud
1154 883 1406 949 Iluratorl,
1440 882 1562 937 Rer.
1586 882 1742 938 Italic.
1759 885 1964 951 Script.,
1990 895 2108 941 tom.
2129 888 2197 954 ll,
2221 897 2348 954 part.
2382 906 2446 957 ιι,
2472 904 2522 956 p,
2546 892 2686 958 266.)

203 1117 293 1174 Hic
325 1113 499 1186 opifex
527 1112 734 1178 mundi,
761 1113 926 1169 verbo
955 1113 1046 1184 qui
1074 1122 1270 1170 cuncta
1300 1113 1528 1181 creavit,
1789 1169 1791 1178 γ

1827 1136 1846 1178 ι
1939 1114 2586 1187 Ρνοειίιῐηαηιβθηοιυιη,
2615 1119 3123 1193 concelebrantque,
3156 1131 3415 1180 tremunt.

262 1211 337 1266 Ex
364 1206 531 1264 nihilo
559 1206 714 1262 finxit
746 1207 927 1263 omnia
965 1222 1159 1278 nempe
1185 1207 1365 1263 simul.
1869 1207 1946 1262 Tu
1975 1209 2171 1278 pietas,
2199 1209 2432 1277 bonitas,
2464 1212 2696 1281 requies,
2726 1214 3009 1284 patientia,
3039 1231 3270 1287 paxque,

197 1305 399 1374 Absque
427 1301 613 1357 labore
642 1301 816 1367 labor,
847 1301 932 1356 cui
960 1315 1118 1371 posse
1155 1308 1210 1356 et
1244 1301 1386 1356 scire
1416 1299 1563 1370 quod
1605 1314 1756 1367 esse;
1935 1300 2082 1367 Vita,
2117 1302 2388 1372 salusque,
2426 1305 2611 1370 decus,
2648 1315 2832 1362 castus
2866 1323 3148 1380 amorque,
3183 1311 3366 1368 timor.

259 1394 416 1464 Cujus
454 1409 590 1465 opus
614 1393 752 1448 velle
788 1405 890 1458 est,
922 1395 1008 1450 cui
1039 1394 1194 1449 labor
1223 1393 1332 1448 alta
1364 1393 1538 1463 quies.
1867 1392 2200 1462 Simplicitas
2224 1394 2460 1464 prudens
2487 1410 2548 1451 es
2577 1404 2656 1462 tu,
2680 1398 2967 1468 prudentia
2996 1399 3225 1470 simplex

195 1489 387 1544 Laudet
409 1502 530 1542 eum
556 1488 683 1544 hinc
715 1488 937 1553 coelum,
965 1496 1159 1543 cuncta
1187 1499 1244 1542 et
1271 1486 1516 1543 caelestia
1543 1501 1761 1558 semper
1936 1482 2014 1538 Te
2045 1491 2191 1538 recte
2218 1484 2410 1539 metuit
2439 1487 2695 1552 mundus,
2723 1488 2934 1554 adorat,
2966 1497 3131 1544 amat.

255 1580 494 1636 Luminis
521 1580 752 1652 angelici
789 1590 970 1636 castra
995 1580 1154 1636 beata
1181 1580 1362 1634 nimis.
1865 1574 2183 1642 Quaesumus
2203 1584 2262 1630 ut
2281 1575 2404 1631 coeli
2428 1577 2539 1633 cito
2568 1579 2662 1634 des
2688 1580 2821 1634 mihi
2850 1581 3107 1652 tegmina,
3132 1581 3367 1652 Christe,

189 1671 386 1732 Laudet
412 1688 538 1727 eum
566 1672 746 1735 tellus,
776 1671 1062 1742 omnisque
1093 1672 1298 1725 creatio
1327 1670 1534 1735 mundi,
1937 1667 2054 1724 Una
2081 1675 2136 1722 et
2165 1667 2445 1724 laudemus
2471 1677 2522 1724 te
2548 1677 2638 1724 tua
2667 1673 2911 1728 membra
2942 1681 3124 1743 caput.

250 1762 420 1818 Omne
445 1777 614 1835 genus
645 1762 940 1825 hominum,
977 1760 1189 1830 reptile,
1222 1760 1378 1814 belva
1406 1759 1612 1825 volans,
1862 1757 2238 1830 Longanimis,
2265 1776 2452 1826 verax,
2483 1762 2662 1827 fortis,
2692 1763 2975 1830 mirabilis,
3007 1765 3166 1831 alme,

183 1855 393 1918 Dicunt,
427 1854 670 1909 dicamus
695 1871 709 1907 :
737 1852 858 1908 Tibi
892 1852 986 1917 sit,
1020 1866 1138 1915 rex,
1171 1849 1340 1921 gloria
1369 1864 1581 1920 perpes,
1934 1849 2236 1914 Terribilis,
2265 1851 2433 1916 mitis,
2464 1854 2678 1922 suscipe
2702 1863 2827 1908 vota
2854 1870 3126 1924 precum..

247 1945 440 2000 Omnia
468 1945 559 2014 qui
590 1943 810 2008 retines,
833 1942 959 2012 jure
989 1943 1238 2012 regisque
1268 1950 1380 1995 tuo.
1860 1945 2190 2003 Cunctorum
2216 1947 2414 2013 factor,
2446 1957 2504 2003 tu
2535 1963 2746 2012 censor,
2783 1958 2948 2016 tutor,
2987 1959 3044 2006 et
3073 1950 3234 2017 altor,

181 2039 250 2094 Te
277 2037 434 2094 decet
463 2037 640 2092 omnis
663 2037 856 2100 honos,
887 2036 984 2090 tibi
1019 2034 1211 2098 virtus,
1243 2033 1418 2104 gratia
1448 2032 1644 2099 cessit;
1929 2037 2046 2091 Rex
2073 2052 2278 2107 regum,
2310 2040 2508 2108 populo
2532 2055 2694 2110 parce
2722 2042 3002 2097 tremende
3031 2051 3144 2097 tuo.

244 2129 409 2198 Quem
439 2130 600 2198 digne
629 2135 893 2192 metuunt,
927 2125 1156 2191 inferus,
1184 2138 1335 2190 arva,
1369 2123 1538 2194 polus,

1858 2125 2058 2184 Confer
2083 2144 2241 2199 opem
2269 2129 2506 2196 famulis,
2537 2131 2754 2186 veniam
2780 2133 2864 2198 da,
2897 2134 3116 2190 destrue
3153 2137 3359 2210 culpas,

182 2222 290 2279 Une
327 2235 390 2276 ac
420 2219 563 2274 trine
590 2219 750 2283 Deus,
784 2216 898 2271 Lux
927 2223 982 2271 et
1012 2215 1291 2287 Sapientia
1314 2229 1466 2280 vera,
1926 2220 2210 2275 Daemones
2237 2219 2465 2290 expelle,
2495 2222 2657 2276 noxia
2688 2231 2884 2279 cuncta
2913 2224 3058 2297 fuga.

241 2314 482 2385 Regnum
513 2309 818 2366 immortale
846 2317 908 2364 ut
936 2309 1053 2365 sine
1085 2309 1192 2365 fine
1224 2316 1397 2373 tenes,
1857 2311 1972 2368 Duc
2001 2313 2154 2368 cmlis
2180 2313 2414 2384 plebem,
2447 2324 2574 2371 tuus
2601 2317 2731 2371 emit
2761 2331 2922 2388 quam
2955 2333 3118 2375 cruor
3142 2319 3306 2393 Agni,

181 2405 433 2478 Tempora
461 2412 516 2459 tu
540 2403 780 2460 condens
806 2402 972 2468 solus,
997 2409 1052 2458 et
1072 2401 1190 2458 sine
1218 2412 1461 2473 tempore
1485 2413 1751 2471 regnans;
1877 2407 1879 2409 ’
1929 2401 2117 2458 Denuo
2141 2419 2307 2473 quam
2335 2404 2550 2474 peperit
2579 2403 2837 2475 Spiritus,
2865 2415 3028 2478 atque
3052 2409 3194 2466 latex
3219 2428 3233 2465 :

243 2503 376 2558 Vere
409 2508 467 2556 ut
489 2499 843 2570 principium,
877 2497 955 2552 sic
983 2496 1079 2552 tibi
1113 2495 1237 2552 finis
1268 2497 1442 2552 abest.
1783 2481 1832 2542 Β
1858 2491 2091 2564 Respice
2119 2493 2388 2565 pr0pitius
2417 2495 2701 2566 gemitum,
2744 2498 2999 2568 suspiria,
3031 2515 3213 2565 voces,
3286 2507 3290 2510 ’

179 2592 498 2664 Principium
537 2600 594 2647 et
619 2591 760 2656 finis,
787 2587 1018 2660 primus,
1049 2587 1381 2644 novissimus
1419 2603 1485 2668 es
1508 2596 1590 2654 tu,
1925 2585 2008 2641 Ad
2039 2594 2091 2642 te
2117 2586 2468 2662 clamantum,
2498 2603 2563 2644 ac
2586 2589 2848 2646 miserere
2874 2591 2985 2662 pie.

241 2684 405 2752 Quem
441 2688 674 2740 currunt
700 2679 839 2735 infra
873 2688 1136 2748 tempora,
1164 2678 1346 2744 saecla,
1375 2679 1510 2735 dies.
1853 2676 2055 2733 Sancte
2086 2686 2176 2734 tua
2203 2678 2332 2736 Jesu
2362 2680 2442 2735 sic
2474 2689 2652 2736 morte
2686 2689 2840 2739 tuere
2869 2684 3218 2756 Redemptor,

179 2777 369 2833 Cuncta
400 2790 597 2832 arcens
622 2782 820 2839 mutas,
851 2779 907 2827 et
935 2787 1042 2827 non
1071 2771 1373 2828 mutaberis
1399 2786 1660 2842 unquam.
1930 2770 2228 2828 Pestiferos
2255 2774 2492 2844 perimat
2514 2791 2583 2830 ne
2609 2775 2715 2842 leo,
2748 2776 2862 2833 sive
2891 2779 3075 2835 draco.

243 2869 461 2941 Semper
489 2883 636 2935 eras,
669 2865 762 2936 qui
791 2880 953 2931 nunc,
981 2880 1198 2934 semper
1224 2865 1442 2935 erisque
1471 2878 1718 2920 manens.
1859 2860 1945 2918 Sit
1981 2863 2078 2918 tibi
2109 2862 2494 2936 Cunctipotens
2519 2867 2848 2935 benedictio,
2876 2869 3055 2941 sitque
3075 2878 3316 2942 potestas

179 2961 338 3030 Quem
358 2961 665 3025 cheruitim,
688 2958 960 3028 seraphim
984 2957 1196 3013 cunctis
1215 2971 1338 3011 cum
1360 2955 1586 3012 ccelibus
1607 2956 1757 3012 orbis
1931 2951 2106 3011 Saecla
2131 2970 2232 3027 per
2262 2957 2555 3024 immensa,
2587 2960 2660 3015 sit
2685 2961 2839 3032 vigor
2862 2963 3060 3018 omnis.
3107 2962 3303 3020 Amen.

265 3121 3442 3176 Μ

1374 3298 1545 3346 ANNO
1579 3298 1812 3345 DOMINI
1859 3298 2252 3346 DCCCXMKVI.

823 3487 1439 3628 AHYT
1459 3482 1606 3622 0
1750 3532 1892 3592 δεῖ]
2030 3487 2411 3624 ΗΕἹ

1240 3482 1606 3626 ΓΤΟ
1750 3532 1892 3592 δεῖ]
2030 3485 2828 3628 ΗΕΤΤΟ

1322 3768 1828 3834 BASILEENSIS
1869 3767 2316 3834 EPISCOPUS.

825 4041 1258 4127 NOTITIA
1318 4041 1875 4122 HISTORICA
1931 4042 2044 4122 IN
2105 4040 2709 4122 HATTONEM.

1145 4220 1316 4285 (Apud
1333 4218 1606 4270 Fabricium
1628 4256 1643 4282 ,
1667 4217 1900 4270 Biblioth.
1926 4219 2058 4268 med.
2085 4221 2140 4269 et
2157 4216 2307 4268 indm.
2332 4216 2464 4276 Lat.)

1601 4351 2046 4369 ’.ψ

242 4441 396 4500 llatto
434 4444 550 4500 sive
576 4439 788 4508 Haddo,
818 4437 1001 4505 Hetto,
1029 4437 1229 4511 Ahyto,
1278 4435 1489 4511 Haydo,
1530 4435 1748 4511 Haitho,
1778 4445 1822 4508 ο
1854 4436 2124 4511 Wettini,_
2157 4432 2732 4511 nionachi_Augiensis
2775 4430 3028 4511 prpdiere
3061 4445 3194 4511 cum
3222 4431 3446 4511 visionif

182 4511 312 4587 Quo,
338 4531 403 4571 ex
423 4501 1199 4587 Augiensiscienobii’abbate
1215 4501 1510 4587 episcopus
1529 4523 1617 4563 an.
1641 4501 1746 4587 896
1788 4501 1822 4508 *
1854 4511 1957 4566 bus
2002 4507 2347 4587 Hildegardis
2401 4505 2469 4560 de
2522 4501 2719 4587 quibus
2738 4501 2942 4587 “infra,
2967 4514 3022 4557 et
3059 4501 3442 4587 in_Mabillonii

179 4572 572 4664 Easileensisfa
593 4582 1002 4664 Carolo‘Magno
1024 4597 1115 4663 an:
1137 4580 1236 4635 8ll
1257 4572 1640 4664 'cum‘llugone
1667 4577 1743 4650 (a)
1854 4596 2068 4664 δίκην
2095 4572 3045 4664 Benedic},ypagigliligCapitulai-e
3073 4573 3445 4664 adpresbyte-

183 4651 464 4731 Turonensi
495 4643 564 4710 et
588 4656 758 4731 Ajone
781 4643 1237 4731 oni'leohmissus
1275 4651 1342 4731 a_d
1383 4643 1744 4731 Nicephorum
1853 4667 1944 4707 ros
1969 4651 2268 4731 dimceseos
2299 4643 2813 4731 Rasileensisncirca
2851 4659 3052 4731 annum
3079 4643 3180 4725 827
3204 4643 3445 4731 promul:

183 4722 297 4794 imp.
329 4714 650 4782 Grzecorum'
671 4727 736 4780 de
759 4739 890 4795 pace
921 4731 976 4778 et
1003 4722 1265 4804 limitibus
1296 4714 1743 4804 imperii-consti-

185 4797 398 4851 tuendis.
429 4797 539 4852 Sed
570 4794 977 4860 Hodzeporicum
1015 4808 1121 4860 quo
1161 4799 1264 4845 Iter
1295 4791 1426 4845 illud
1467 4807 1622 4845 suum
1660 4791 1747 4844 de-

1888 4731 2058 4786 atum,
2111 4719 2366 4788 capitulis
2411 4717 2483 4772 25
2514 4716 2830 4787 publicavit.
2889 4714 3347 4773 Dacherius’tom.
3381 4716 3444 4772 Vl

1856 4738 2132 4860 gpicileg.,
2157 4807 2295 4860 pag.
2312 4788 2406 4844 961
2438 4787 2726 4860 (Εάὶιίοηὶε
2752 4802 2896 4860 novre
2920 4785 3138 4860 To‘m..l,
3162 4805 3292 4860 ρςιςμ
3312 4787 3439 4860 584,

185 4807 398 4851 tuendis.
429 4807 539 4852 δεσ
571 4807 977 4865 ﬂoazeporlcutn
1015 4808 1121 4861 quo
1161 4807 1264 4845 Iter
1295 4807 1426 4845 lllllll
1467 4807 1622 4845 suum
1660 4807 1747 4844 ae-
1853 4807 2132 4863 Spicueg.,
2157 4807 2282 4861 pag.
2312 4807 2406 4844 vt)!
2438 4807 2726 4860 (nautam:
2752 4807 2896 4839 novae
2935 4807 3138 4858 lOlﬂ..l,
3162 4807 3284 4857 pag.
3312 4807 3439 4851 06-},

185 4866 404 4936 scripsit,
432 4867 597 4922 hodie
625 4879 900 4936 nusquam
912 4871 1112 4936 exstat.
1143 4861 1340 4936 Senex
1383 4861 1746 4936 adMgienge
1851 4861 1998 4936 §_86)_,
2025 4862 2166 4936 unde
2190 4861 2244 4936 i_n
2260 4859 2632 4936 Conciliorum
2658 4855 2818 4912 tomis
2840 4855 3131 4925 repetitum
3155 4873 3184 4910 a
3203 4856 3439 4920 Labbeo,

185 4929 474 4994 coenobium
525 4929 777 4992 reversus
817 4933 971 4998 obiit,
1016 4949 1104 4987 an.
1138 4931 1242 4988 8'56
1271 4929 1368 5003 (b).
1403 4929 1652 4985 Visiones
1684 4930 1743 4985 S.
1854 4929 2148 4998 Harduino,
2180 4930 2388 4986 Colelo.

250 5067 320 5141 (a)
359 5069 417 5126 ln
463 5070 769 5141 Annalibus
791 5066 1083 5123 Pithaaanis
1130 5067 1272 5141 inter
1316 5080 1394 5119 xu
1429 5065 1745 5141 scriptores,
1855 5063 2192 5141 hicvocatur
2218 5061 2394 5141 Bugo.

346 5142 434 5210 22,
481 5127 541 5200 et
569 5142 709 5214 apud
747 5140 1087 5209 Anonymum
1135 5135 1516 5204 Mellicensem,
1537 5127 1617 5190 'c.
1651 5127 1746 5203 43,
1927 5133 2001 5206 (b)
2025 5133 2258 5199 Miratus,
2277 5127 2488 5189 C'aveus
2509 5137 2567 5188 et
2584 5131 2676 5189 alii
2701 5144 2769 5189 ex
2792 5130 3107 5189 Hermanno
3125 5127 3436 5185 Contracta.
