4022 6450
515 424 619 484 763

1544 393 1892 460 BETTONIS
1927 381 2376 452 BASILEENSIS
2411 371 2718 440 EPISGOH

3665 355 3778 418 76‘

1259 701 1986 882 ῌΕΤΤΟΝΙΒ

2067 668 2996 814 CAPITULARE.

1809 904 2127 975 (Hartzhetm,
2153 897 2296 953 Cone.
2319 893 2509 956 Germ.)

1936 1030 2370 1056 ,_______.._-

601 1161 752 1222 Haec
795 1171 864 1218 ca
912 1147 1070 1213 itula
1103 1160 1246 1226 quae
1282 1139 1646 1220 sequuntur
1671 1129 1865 1192 Hetto
1901 1117 2290 1209 Basileensis
2311 1108 2626 1204 .Ecclesite
2655 1099 2947 1167 antistes,
2980 1098 3046 1158 et
3075 1090 3276 1160 abbas,
3299 1082 3580 1177 εφοοωί
3614 1080 3791 1175 quod

681 1240 690 1244 _
850 1171 907 1244 ,Ρ
941 1230 975 1244 ..
1168 1217 1511 1244 ,,__L__.-_.-
1546 1229 1675 1244 -.....
1712 1204 2005 1244 ,καπηλεία
2036 1199 2354 1244 ηρΑιηηνιί
2387 1212 2401 1244 ε
2439 1185 2685 1244 ambus
2727 1180 3165 1244 monstrentur
3197 1167 3476 1244 qualiter
3510 1182 3582 1227 se
3616 1180 3790 1243 ipsos

601 1167 752 1222 Haec
795 1167 1070 1244 capitula
1103 1167 1246 1226 qua:
1282 1167 1634 1230 sequamur
1677 1167 1865 1220 11c:in
1903 1167 2545 1214 uas..cc...,.-._--,--.
3359 1167 3369 1177 _
3620 1167 3652 1175 ,-

527 1240 734 1319 Augia
768 1249 793 1276 ⁸
830 1230 1085 1298 dicitur,
1120 1222 1513 1303 presbyteris
1545 1229 1676 1276 suae
1711 1210 2006 1298 dicaceSIs
2036 1199 2354 1262 ordmavrt
2387 1212 2401 1250 :
2439 1185 2685 1276 quibus
2721 1180 3165 1271 monstrantur
3197 1167 3476 1251 qualiter
3510 1182 3582 1227 se
3616 1180 3790 1243 ipsos

678 1317 686 1319 ‘
738 1316 751 1319 “
958 1309 993 1319 ·“
1028 1307 1039 1319 ⁶
1295 1301 1340 1319 '-—
1362 1317 1372 1319 ς
1395 1313 1480 1319 μμ-
1527 1298 1689 1319 ---ιιι
1725 1294 1780 1319 ..ι
1812 1291 1985 1319 ...διο
2016 1294 2237 1319 nouom:
2294 1277 2487 1319 atmm
2523 1282 2590 1319 ιη
2623 1261 2935 1319 Γθιιαὶοῐὶθ
2967 1252 3342 1319 conﬁrmare
3375 1244 3685 1307 debeant.

529 1244 734 1319 Augia
768 1249 793 1276 ⁸
830 1244 1085 1298 dieitur,
1120 1244 1513 1303 presbyteris
1545 1244 1676 1276 διιτις
1711 1244 2006 1298 muscus...
2037 1244 2354 1262 ναυηυ..-
2388 1244 2401 1250 -
2443 1244 2586 1276 Ί-ῖ--
2615 1244 2642 1246 η
2721 1261 2731 1271 ι
2787 1244 2808 1270 ἱ
3222 1244 3241 1251 _

529 1339 602 1383 ac
632 1316 885 1398 plebem
921 1307 1046 1373 sibi
1077 1301 1487 1369 commissam
1521 1298 1691 1357 caste
1723 1294 1782 1351 et
1807 1291 1986 1367 Juste
2015 1294 2263 1358 regere,
2294 1277 2487 1351 atque
2523 1282 2591 1328 in
2621 1261 2935 1338 religione
2967 1252 3342 1320 conﬁrmare
3375 1244 3685 1307 debeant.

2348 1394 2359 1398 -
2566 1387 2580 1398 -
2674 1383 2728 1398 η·
2785 1380 2977 1398 -----_-
3035 1372 3391 1398 --μμ-λιιι..-
3474 1367 3629 1398 ιιι-ιιι
3677 1383 3685 1398 ς

1302 1423 1345 1478 1.

595 1531 780 1594 Primo
799 1523 1040 1584 omnium
1071 1511 1409 1578 discutienda
1451 1515 1535 1570 est
1578 1503 1710 1560 ﬁdes
1749 1496 2112 1559 sacerdotum,

526 1625 760 1698 qualiter
789 1619 1029 1682 credant,
1060 1620 1116 1668 et
1156 1609 1290 1664 alios
1340 1601 1563 1660 credere
1611 1597 1874 1656 doceant;
1920 1586 2013 1643 ubi
2063 1591 2119 1639 et

526 1679 772 1786 exempla
800 1705 1147 1783 proponenda
1170 1707 1316 1765 sunt,
1339 1707 1605 1769 quatenus
1629 1707 1659 1746 a
1683 1695 1934 1746 creatura
1955 1679 2116 1736 Crea-

528 1820 633 1878 tor,
651 1805 1194 1888 quantulumcunque
1219 1793 1389 1872 possit
1411 1785 1654 1858 intelligi.

1299 1907 1362 1964 ll.

603 2016 850 2076 Secundo
884 2008 1202 2082 iubendum,
1243 2012 1305 2058 ut
1329 1998 1514 2058 Oratio
1561 1988 1863 2051 Dominica,
1911 1983 1964 2082 in
2015 1993 2121 2052 (pa

533 2112 714 2170 omnia
748 2105 1057 2170 necessaria
1099 2101 1349 2155 humanae
1393 2093 1519 2149 vitae
1565 2077 2122 2172 comprehendqntur,

533 2218 588 2263 et
613 2202 927 2277 Symbolum
954 2183 1422 2268 apostolorum,’in
1446 2200 1552 2258 quo
1579 2181 1712 2236 ﬁdes
1745 2172 2010 2232 catholica
2055 2184 2124 2224 ex

536 2271 748 2370 integro
795 2285 1294 2362 comprehenditur,
1335 2281 1403 2336 ab
1445 2276 1693 2336 omnibus
1733 2271 1970 2326 discatur
2011 2271 2126 2316 tam

537 2357 720 2455 latinve,
755 2357 1226 2458 quam-barbarice
1251 2377 1279 2418 δ
1310 2393 1323 2430 :
1351 2381 1410 2430 ut
1456 2369 1602 2442 quod
1643 2379 1740 2422 ore
1778 2357 2120 2434 proﬁtentur,

539 2486 699 2541 corde
729 2482 984 2539 credatur
1011 2485 1066 2537 et
1094 2473 1444 2541 intelligatur.

1298 2585 1384 2641 III.

621 2733 814 2755 ,νηηη
842 2733 1199 2744 ........,..-_-__

545 2785 750 2840 dotales
795 2795 1046 2853 congrua:
1102 2773 1482 2846 responsiones
1540 2767 1840 2825 discantur,
1893 2759 1982 2814 ubi
2021 2772 2128 2812 non
2157 2733 2338 2853 13:35

544 2876 717 2932 solum
747 2848 947 2936 clerici,
981 2878 1035 2926 et
1059 2872 1170 2926 Dee
1199 2867 1408 2929 dicatae,
1443 2856 1762 2918 sacerdotali
1821 2848 2131 2922 responsio“

547 2981 673 3023 neut
695 2964 940 3028 offerant,
965 2963 1060 3018 sed
1089 2947 1282 3017 omnis'
1294 2955 1446 3027 plebs
1483 2953 1677 3008 devota
1721 2958 1959 3001 consona
2003 2953 2137 2996 voce

547 3059 873 3133 (multicia:
903 3054 1082 3124 debet.

1302 3135 1391 3192 IV.

623 3240 849 3308 Quarto,
887 3245 948 3292 ut
968 3235 1102 3292 ﬁdes
1120 3230 1400 3288 Athanasii
1424 3244 1454 3283 a
1478 3223 1850 3283 sacerdotibus
1877 3220 2135 3285 discatur;

550 3344 606 3392 et
633 3349 701 3391 ex
719 3333 881 3390 corde
907 3343 928 3371 α
961 3331 1047 3387 die
1073 3326 1353 3384 Dominico
1378 3323 1444 3378 ad
1470 3323 1662 3377 horam
1689 3315 1963 3372 recitetur.

1290 3435 1358 3491 V.

625 3539 844 3607 Quinto,
873 3544 932 3590 ut
958 3534 1131 3590 sciant
1160 3529 1290 3601 quid
1315 3528 1384 3582 sit
1411 3529 1816 3588 sacramentum
1855 3516 2148 3598 baptisma:

553 3632 645 3698 is,
677 3640 730 3686 et
757 3625 1199 3686 confirmationis,
1233 3630 1288 3676 et
1315 3619 1475 3690 quale
1495 3617 1564 3671 sit
1591 3613 1908 3684 mysterium
1939 3593 2146 3678 [corpo-

555 3728 633 3783 ris
658 3735 715 3782 et
748 3722 1027 3792 sanguinis
1069 3716 1282 3773 Domini
1313 3732 1326 3767 :
1359 3711 1628 3784 quomodo
1678 3709 1731 3772 in
1790 3705 1990 3762 eisdem
2034 3715 2150 3788 ηιξ-

556 3819 740 3878 steriis
764 3815 991 3870 visibilis
1020 3819 1266 3866 creatura
1289 3808 1522 3868 videtur,
1549 3811 1602 3856 et
1639 3812 1818 3855 tamen
1866 3795 2150 3852 invisibilis

563 3913 711 3968 salus
734 3911 798 3964 ad
825 3908 1179 3963 :cternitatem
1209 3904 1401 3957 anim-.1:
1425 3898 1890 3960 subministratur,
1934 3909 2053 3964 quae
2094 3893 2149 3946 in

560 4003 675 4061 sola
704 4001 807 4056 fide
839 3999 1168 4055 continetur.

1318 4084 1405 4139 Vl.

634 4185 820 4249 Sexto,
849 4198 969 4253 qure
1002 4179 1132 4250 ipsis
1160 4175 1528 4232 sacerdotibus
1562 4185 1868 4240 necessaria
1911 4177 2036 4236 suat
2082 4168 2150 4236 ad

563 4277 895 4337 discendum,
947 4272 1001 4326 id
1049 4279 1131 4325 cst
1181 4264 1685 4327 sacramentarium,
1750 4259 2152 4326 lectionarium,

565 4365 1022 4438 antiphonarium,
1053 4359 1448 4432 baptisterium,
1474 4363 1777 4427 computus,
1824 4367 1995 4408 canon
2034 4367 2152 4422 pce-

566 4457 884 4524 nitentialis,
907 4452 1252 4512 Psalterium,
1284 4448 1520 4505 liomiliae
1562 4461 1661 4518 per
1707 4445 1970 4500 circulum
2026 4444 2154 4498 anui

567 4548 863 4610 Dominicis
889 4545 1098 4609 diebus,
1135 4552 1190 4597 et
1215 4540 1440 4610 singulis
1463 4537 1846 4596 festivitatibus
1871 4545 2027 4606 aptae.
2078 4535 2155 4592 Ex

568 4639 766 4712 quibus
791 4635 1044 4692 omnibus
1067 4634 1112 4688 si
1150 4647 1316 4686 unum
1349 4627 1599 4692 defuerit.
1634 4625 1932 4686 sacerdotis
1963 4641 2159 4680 nomen

569 4731 660 4787 vix
689 4730 743 4792 in
768 4744 833 4784 eo
856 4725 1124 4784 constabit
1150 4742 1164 4778 :
1194 4724 1317 4796 quia
1347 4721 1502 4777 valde
1524 4719 1838 4791 periculosae
1858 4726 1984 4773 sunt
1996 4733 2161 4778 evan-

569 4822 753 4896 gelicae
775 4820 954 4890 mium,
978 4817 1174 4892 quibus
1204 4815 1401 4872 dicitur
1425 4832 1438 4868 :
1471 4809 1528 4870 Si
1553 4826 1720 4869 cwcus
1751 4825 1887 4872 careo
1911 4808 2161 4862 ducatum

569 4925 799 4990 privaret,
824 4913 1048 4969 amboin
1073 4912 1272 4982 foveam
1295 4908 1487 4964 cadunt
1519 4903 1743 4978 (Matth.
1769 4917 1838 4966 xv
1859 4905 1901 4975 ).

1307 5023 1412 5077 Vll.

644 5120 912 5192 Septimo,
944 5127 1004 5173 ut
1022 5117 1199 5173 sciant
1223 5124 1468 5183 tempore
1493 5114 1733 5185 legitima
1757 5113 1826 5168 ad
1882 5111 2161 5182 baptizan-

572 5215 698 5270 dum
723 5214 776 5267 in
806 5227 980 5276 anno;
1015 5209 1066 5264 id
1089 5217 1172 5263 est
1208 5206 1431 5262 sabbato
1455 5219 1642 5262 sancto
1670 5208 1891 5261 Pascha:
1922 5226 1933 5260 :
1966 5215 2026 5258 ut
2070 5203 2162 5258 illa

575 5307 715 5360 trina
737 5303 938 5360 mersio
966 5303 1020 5356 in
1043 5300 1366 5370 baptismate
1393 5297 1635 5352 imitetur
1675 5299 1981 5352 triduanum
2017 5297 2164 5352 mor-

573 5401 684 5449 tem
720 5392 958 5457 Domini,
987 5389 1336 5444 clariﬁcatam
1377 5388 1792 5442 resurrectione.
1849 5387 1918 5441 Et
1959 5388 2164 5442 idcirco

2138 1401 2193 1464 Α
2216 1394 2362 1454 omni
2423 1387 2620 1463 populo
2670 1380 2983 1440 Christiano
3029 1372 3410 1432 celebrabitur.
3464 1367 3633 1426 Aliud
3677 1382 3802 1426 vero

2215 1458 2788 1558 tempus-baptismatis
2807 1473 3034 1530 sabbato
3061 1474 3249 1528 sancto
3275 1464 3642 1520 Pentecostes
3667 1458 3808 1516 cete.

2214 1553 2481 1641 brandum
2525 1582 2629 1633 est.
2673 1571 2733 1628 Si
2776 1584 2906 1625 vero
2950 1563 3249 1623 necessitas
3305 1558 3633 1630 contigerit,
3663 1553 3809 1614 omni

2219 1686 2459 1746 tempore
2485 1663 2908 1726 subveniendum
2931 1666 3033 1722 est,
3055 1657 3182 1727 quia
3215 1653 3523 1714 necessitas
3580 1650 3676 1704 vix
3721 1647 3816 1702 ha—

2217 1772 2308 1826 bet
2331 1741 2546 1839 legem:
2578 1770 2634 1817 et
2658 1767 2718 1815 ut
2753 1773 2852 1812 vas
2891 1754 2961 1810 ad
3003 1752 3209 1808 fontem
3255 1742 3630 1818 baptismatis,
3673 1741 3810 1813 quod

2219 1863 2286 1918 ad
2311 1860 2548 1930 reliquos
2571 1869 2724 1920 usus,
2755 1849 3062 1907 nullatenus
3089 1848 3418 1900 assumatur.

2954 1958 3087 2016 VIII.

2293 2085 2522 2149 Octavo,
2546 2075 3007 2154 pronuntiandum
3031 2078 3115 2128 est
3146 2077 3204 2126 ut
3230 2069 3406 2125 sciant
3446 2072 3704 2137 tempora
3751 2064 3801 2120 fe

2224 2179 2398 2235 riandi
2429 2191 2526 2247 per
2556 2187 2789 2236 annum;
2818 2167 2871 2224 id
2899 2175 3003 2231 cst,
3027 2180 3241 2226 omnem
3280 2163 3628 2219 Dominicam
3655 2176 3685 2214 a
3715 2175 3820 2215 ma-

2224 2288 2294 2326 ne
2328 2284 2497 2338 usque
2521 2267 2589 2321 ad
2612 2276 2916 2333 vesperam,
2944 2273 3011 2312 ne
3048 2255 3315 2327 iudaismo
3365 2255 3678 2326 capiantur.
3730 2250 3826 2306 Fe-

2227 2361 2402 2418 riandi
2428 2375 2558 2416 vero
2586 2372 2682 2430 per
2709 2368 2910 2410 annum
2939 2351 3026 2406 isti
3051 2356 3175 2404 sunt
3199 2346 3338 2412 dies,
3398 2355 3462 2400 ut
3499 2360 3660 2416 supra
3709 2342 3824 2398 orsi

2229 2471 2416 2512 sumus
2457 2473 2470 2508 :
2516 2450 2722 2507 Natalis
2768 2445 3021 2510 Domini,
3076 2440 3248 2498 sancti
3306 2433 3827 2508 Stephani,-sancti

2230 2547 2455 2604 Joannis
2509 2541 2871 2614 evangelista,
2920 2534 3314 2597 Innocentium,
3349 2538 3546 2584 octava
3596 2525 3828 2590 Domini,

2233 2636 2606 2707 Thcophania,
2678 2627 2991 2686 Puriﬁcatio
3057 2632 3257 2682 sanctre
3324 2618 3532 2685 Mariae,
3592 2625 3829 2673 sanctum

2339 2731 2624 2797 cha,sicut
2653 2725 2919 2798 superiori
2949 2715 3684 2794 capitulo'comprebensum
3716 2719 3825 2765 est:

2234 2826 2564 2897 Rogationes
2594 2821 2765 2878 tribus
2784 2817 2991 2881 diebus,
3040 2811 3295 2869 Ascensio
3343 2805 3592 2870 Domini,
3646 2801 3826 2858 sabba-

2236 2928 2352 2978 tum
2376 2924 2623 2973 sanctum
2645 2912 3016 2978 Pentecostes,
3057 2904 3230 2962 sancti
3276 2898 3502 2956 Joannis
3564 2897 3824 2967 Baptista,

2239 3010 2521 3068 duodecim
2576 3004 2962 3077 apostolorum,
3010 2999 3246 3055 maxime
3292 3005 3476 3050 tamen
3523 3001 3824 3047 sanctorum

2237 3101 2387 3160 Petri
2407 3110 2463 3156 et
2490 3099 2658 3158 Pauli.
2691 3097 2788 3168 qui
2808 3095 3078 3165 Rumpunt
3108 3108 3204 3148 sua

2242 3201 2511 3250 naverunt
2545 3211 2556 3245 :
2581 3189 2894 3258 Assumptio
2921 3195 3121 3241 sancta:
3148 3182 3328 3238 Mariae
3351 3222 3366 3245 ,
3393 3179 3683 3234 Dedicatio
3703 3174 3828 3231 basi-

2243 3286 2361 3341 lica:
2387 3283 2558 3340 sancti
2584 3278 2860 3336 Michaelis
2886 3273 3216 3346 archangeli,
3248 3269 3518 3327 dedicatio
3554 3267 3829 3335 cujuscun-

2245 3393 2350 3450 que
2381 3374 2624 3438 oratorii,
2661 3388 2755 3428 seu
2782 3369 3068 3440 cujuslibet
3094 3365 3292 3429 sancti,
3347 3363 3402 3416 in
3449 3358 3605 3428 cujus
3643 3359 3835 3413 honore

2247 3471 2436 3536 eadem
2476 3464 2709 3534 ecciesia
2757 3460 2982 3526 fundata
3025 3467 3128 3524 est,
3183 3455 3327 3527 quod
3372 3451 3558 3507 vicinis
3617 3457 3830 3502 tantum

2249 3551 3163 3639 cireummorantibusindicendpm
3213 3555 3318 3609 est,
3370 3559 3476 3598 non
3516 3539 3835 3611 generaliter

2249 3654 2517 3710 omnibus.
2541 3632 2804 3704 lndictum
2834 3659 2964 3700 vero
2987 3642 3253 3713 jejunium
3272 3637 3325 3705 ἀ,
3356 3635 3573 3707 quando
3627 3651 3657 3687 ει
3702 3632 3834 3701 pale.

2250 3751 2327 3816 tio
2347 3789 2363 3813 ,
2406 3745 2490 3801 vel
2518 3760 2550 3800 a
2579 3744 2739 3798 domo
2770 3739 2934 3795 fuerit
2959 3736 3357 3798 denuntiatum,
3388 3733 3459 3786 ab
3485 3729 3740 3785 omnibus
3757 3741 3834 3796 ge-

2253 3838 2511 3896 neraliter
2539 3837 2876 3889 observetur.
2911 3829 3164 3901 _Reliqu:e
3207 3841 3338 3881 vero
3380 3823 3700 3879 festivitates
3746 3832 3835 3888 pe:

2254 3946 2480 3995 annum,
2542 3927 2712 3983 sancti
2763 3923 3031 3987 Remedii,
3071 3932 3094 3960 ε
3128 3919 3301 3975 sancti
3354 3916 3625 3978 Mauricii,
3674 3910 3834 3968 sancti

2256 4021 2490 4084 Martini,
2528 4035 2636 4078 non
2673 4024 2797 4078 sunt
2821 4013 3075 4084 οοῳηάω
3103 4010 3174 4082 ad
3199 4007 3522 4069 feriendum,
3554 4021 3652 4061 nec
3667 4014 3837 4058 tamen

2255 4110 2672 4184 prohibendum,
2703 4106 2748 4162 si
2778 4104 2963 4178 plebes
2986 4105 3091 4160 hoc
3142 4107 3292 4157 caste
3343 4107 3398 4155 et
3449 4098 3568 4154 zelo
3619 4097 3713 4152 Dei
3756 4109 3840 4149 cu-

2215 4206 2222 4216 "
2255 4206 2410 4277 piunt
2439 4213 2719 4262 exercere.

3012 4285 3106 4341 IX.

2329 4407 2502 4472 Nouo,
2525 4403 2824 4475 iubendum
2853 4407 2938 4470 est
2989 4397 3182 4466 iisdem
3236 4390 3613 4454 sacerdotibus
3652 4399 3841 4450 utnon

2257 4499 2576 4571 permittant
2605 4509 2789 4552 secum
2812 4490 3067 4550 mulieres
3088 4485 3335 4546 habitare
3364 4493 3658 4540 extraneas
3695 4479 3844 4550 juxta

2260 4591 2535 4646 Nicaenum
2557 4584 2846 4642 concilium
2874 4582 2895 4624 ί
2907 4623 2922 4648 ,
2945 4580 3046 4636 nisi
3076 4593 3172 4634 eas
3202 4584 3410 4634 tanaim
3433 4575 3494 4634 in
3521 4574 3719 4647 quibus
3735 4587 3846 4630 sus-

2259 4683 2401 4756 picio
2429 4680 2574 4741 nulla
2601 4677 2756 4734 malae
2783 4675 2942 4742 fama:
2967 4670 3171 4730 aboriri
3192 4675 3390 4750 potest.

3003 4786 3072 4844 Χ.

2334 4909 2574 4976 Decimo,
2605 4915 2667 4976 ut
2700 4905 2957 4962 tabernas
2983 4915 3092 4957 non
3112 4896 3506 4970 ingrediantur,
3533 4906 3639 4950 nec
3665 4890 3851 4947 seden-

2263 5002 2332 5057 do
2378 5001 2544 5065 domi,
2581 5013 2682 5054 nec
2709 4997 2763 5051 in
2796 4995 2992 5050 itinere
3029 4988 3297 5061 occupati.
3349 4986 3408 5042 Si
3456 5000 3590 5040 vero
3639 4995 3856 5039 necesse

2261 5095 2466 5158 habent
2489 5091 2686 5148 ibidem
2709 5087 2910 5160 aliquid
2936 5083 3170 5147 emendi,
3200 5081 3398 5136 missos
3431 5093 3564 5133 suos
3601 5076 3852 5146 dirigant,

2265 5193 2320 5239 et
2345 5183 2523 5236 oblata
2545 5181 2598 5234 in
2627 5179 2788 5232 aliam
2835 5177 3052 5231 domum
3101 5171 3406 5234 conferant,
3449 5175 3508 5224 et
3553 5181 3682 5222 cum
3737 5179 3858 5236 gn-

2268 5279 2466 5333 tiarum
2491 5275 2705 5331 actione
2735 5271 2965 5326 fideliter
2994 5266 3315 5339 percipiant.

3047 5379 3136 5435 XI.

575 5499 750 5554 usque
779 5485 847 5539 ad
872 5490 1125 5539 octavum
1153 5480 1295 5534 diem
1332 5480 1447 5550 ipsa
1499 5479 1834 5549 regeneratio
1885 5492 2039 5532 sacra
2093 5479 2163 5533 ab
2186 5503 2241 5565 Β
2338 5480 2654 5544 Undecimo,
2708 5484 2768 5531 ut
2813 5473 3011 5545 placita
3059 5469 3336 5528 saecularia
3385 5483 3495 5523 non
3541 5467 3863 5527 observent,

649 5629 677 5658 ι
697 5617 866 5690 Augia
886 5619 1076 5702 Dives,
1106 5619 1408 5702 creupbium
1431 5625 1514 5702 est
1548 5614 1667 5698 0rd.
1695 5613 1752 5669 S.
1776 5613 2054 5670 Benedicti
2097 5614 2162 5670 ad

577 5687 842 5749 Rhenum,
886 5690 939 5743 in
962 5690 1180 5745 dioecesi
1218 5688 1633 5744 Constantiensi.

655 5760 684 5799 δ
713 5757 771 5840 Id
806 5766 912 5840 est,
936 5830 949 5840 _
973 5759 1316 5840 Germanice,
1370 5776 1510 5840 _qua
1537 5759 1756 5840 “lingua
1809 5757 2167 5829 loquebantur

580 5829 797 5895 Franci,
818 5840 873 5885 et
898 5829 1017 5883 ideo
1043 5830 1248 5886 Latinis
1272 5829 1489 5887 barbari
1520 5830 1669 5886 dicti.

656 5913 674 5943 ε
709 5901 813 5958 Pro
843 5900 1156 5954 memoriter.

2339 5615 2365 5655 ἀ
2387 5613 2432 5668 Α
2460 5611 2678 5668 renibus
2704 5608 3033 5663 Francorum
3068 5603 3265 5658 indicta
3292 5601 3458 5655 fuisse
3508 5596 3748 5668 subditis
3780 5595 3866 5664 je-

2263 5667 2457 5757 juniag,
2506 5667 2666 5754 leges
2718 5679 2858 5749 apud
2909 5675 3136 5747 Gregor.
3199 5672 3569 5728 Turonensem
3628 5667 3693 5722 L.
3726 5683 3866 5732 xu,

2268 5756 2574 5904 (mg-Eone,
2607 5821 2663 5876 S.
2692 5819 2931 5904 Remigii.

2347 5896 2366 5934 ί
2382 5879 2676 5950 'Nicaenum
2703 5879 2896 5948 conci].
2925 5930 2939 5955 ,
2971 5902 3093 5943 can.
3117 5887 3175 5951 3,
3201 5892 3347 5940 torno
3371 5882 3415 5948 1,
3435 5896 3557 5953 pag.
3587 5879 3722 5936 157.
