4022 6440
197 439 297 500 765

1563 427 2020 486 CAPITULARE.

3325 432 3433 492 766

201 572 294 621 nec
320 553 656 625 ﬁdeiussores
701 551 964 608 existant:
986 565 1085 608 nec
1129 562 1292 607 canes
1329 548 1398 604 ad
1432 535 1757 615 venandum,
1788 551 1842 612 Α
1865 549 2111 622 exemplo
2140 548 2464 622 praedicent,
2495 557 2556 604 ut
2600 549 2780 607 nullus
2815 566 3012 611 usuras
3056 556 3306 636 accipiat,
3330 571 3435 616 nec

201 648 608 718 necaccipitres,
626 645 709 700 vel
746 645 1005 710 falcones,
1051 658 1153 699 nec
1190 641 1512 712 sparvarios,
1544 655 1643 696 nec
1676 640 1757 694 ul-

199 745 295 799 lius
321 741 447 805 ludi,
471 746 562 792 aut
599 738 890 808 spectaculi
940 737 1211 792 licentiam
1260 735 1493 790 habeant
1521 753 1533 787 :
1563 733 1758 789 sullicit

195 837 331 893 enim
353 833 432 889 eis
453 832 595 903 quod
621 832 673 888 in
697 831 912 890 Psalmo
935 830 1130 901 legitur
1156 847 1169 883 :
1196 827 1262 884 In
1288 827 1396 898 lege
1419 827 1630 882 Domini
1646 843 1758 880 esse

194 943 362 985 eorum
383 923 722 989 voluntatem,
749 933 794 977 et
820 924 874 978 in
901 923 1010 992 lege
1037 922 1150 992 ejus
1185 919 1428 974 meditari
1452 919 1538 972 die
1559 934 1622 972 ac
1664 933 1757 972 no-

192 1030 265 1075 cte
287 1015 463 1088 (Paul.
493 1032 512 1072 ι
524 1018 576 1087 );
597 1023 653 1071 et
673 1013 892 1085 quodin
912 1013 1168 1083 Apostolo
1206 1011 1550 1083 praecipitur:
1587 1007 1754 1064 Nemo

190 1109 408 1170 militum
430 1107 565 1174 Deo,
589 1107 813 1178 implicet
848 1123 902 1166 ec.
941 1105 1159 1176 negotiis
1207 1101 1566 1167 secularibus,
1613 1109 1669 1155 κε
1709 1099 1757 1156 ei

190 1200 399 1270 placeat,
429 1201 515 1255 cui
543 1216 596 1255 se
619 1199 851 1270 probavit
882 1196 974 1269 (ll
1011 1196 1146 1251 Tim.
1177 1211 1237 1262 ιι,
1265 1193 1354 1266 4).

919 1288 1034 1346 XII.

250 1380 594 1448 Duodecimo,
620 1389 681 1436 ut
707 1381 884 1437 sciant
903 1382 1029 1452 quia
1058 1395 1216 1436 nemo
1242 1395 1339 1450 per
1370 1378 1630 1450 pecunias
1662 1393 1758 1434 or-

186 1473 441 1530 dinandus
459 1482 560 1540 est,
591 1488 691 1529 nec
719 1488 818 1544 per
847 1487 1072 1528 munera
1125 1472 1409 1528 ecclesiam
1461 1470 1617 1527 debet
1668 1485 1760 1526 oc-

185 1580 369 1637 cupare
405 1583 418 1621 :
449 1568 575 1638 quia
602 1566 647 1622 si
676 1565 880 1622 factum
905 1565 1084 1628 fuerit,
1115 1573 1169 1620 et
1214 1565 1345 1635 ipse,
1391 1576 1445 1620 et
1482 1565 1762 1620 ordinator

184 1656 288 1728 ejus
307 1659 607 1730 deponendi
641 1667 798 1724 sunt;
827 1657 954 1727 quia
988 1655 1334 1712 manifestum
1363 1663 1466 1721 est,
1503 1670 1618 1720 eos,
1662 1655 1758 1725 qui

180 1749 298 1804 talia
330 1757 520 1822 agunt,
546 1748 850 1804 Simoniaca
903 1749 1110 1803 hmrese
1159 1755 1420 1819 tegrotare
1445 1763 1457 1800 :
1483 1753 1538 1800 et
1598 1744 1760 1801 talem

179 1855 278 1896 non
301 1855 396 1904 per
425 1841 625 1897 ostium
646 1841 701 1896 in
721 1840 860 1896 ovile
879 1839 1058 1896 ovium
1077 1839 1232 1909 juxta
1271 1837 1542 1910 Evangelii
1571 1837 1756 1903 verba,

1860 643 2127 714 sesculpa,
2158 660 2259 699 nec
2285 644 2517 714 speciem
2542 659 2640 716 pro
2665 644 2864 716 specie.
2897 645 3030 714 Quia
3060 649 3215 706 valde
3244 650 3435 707 inﬁde-

1857 732 1924 789 lis
1948 742 2004 789 et
2025 735 2238 790 rebellis
2262 735 2356 790 Dei
2378 733 2710 803 jussionibus
2736 745 2841 801 est,
2857 737 2948 807 qui
2976 737 3079 793 hoc
3103 741 3212 811 agit
3245 759 3258 796 :
3293 744 3436 812 quod

1857 828 2108 883 omnibus
2127 827 2452 883 Christianis
2477 844 2626 898 atque
2649 827 2995 885 interdictum
3021 844 3142 885 esse
3168 831 3438 902 dignosci-

1857 927 1964 982 tur,
1989 920 2224 974 maxime
2254 929 2432 974 tamen
2455 920 2842 986 sacerdotibus,
2858 921 2953 994 qui
2973 919 3148 977 forma
3174 928 3230 976 et
3257 936 3439 977 exem-

1855 1011 2006 1084 plum
2035 1009 2162 1066 ﬁdei
2186 1012 2440 1067 omnibus
2468 1027 2588 1067 esse
2621 1011 2837 1068 debent.

2495 1103 2674 1161 XVllI.

1931 1195 2152 1252 Decimo
2197 1203 2410 1262 octavo,
2443 1204 2504 1250 ut
2555 1197 2736 1252 nullus
2787 1196 3104 1263 ordinatus,
3135 1196 3250 1254 sive
3293 1195 3440 1254 ordi-

1858 1290 2071 1345 nandus
2115 1289 2313 1359 migret
2366 1289 2433 1344 de
2484 1303 2577 1344 sua
2616 1289 2873 1359 parochia
2904 1290 2971 1344 ad
3002 1289 3183 1356 aliam,
3216 1304 3317 1345 nec
3373 1290 3441 1346 ad

1861 1380 2048 1436 limina
2103 1380 2469 1452 apostolorum
2519 1395 2682 1435 causa
2729 1380 3023 1446 orationis,
3057 1379 3299 1436 ecclesiae
3329 1395 3439 1436 suae

1862 1488 1992 1529 cura
2018 1472 2212 1528 delicta
2242 1471 2286 1538 ί,
2317 1487 2418 1527 nec
2447 1471 2514 1525 ad
2545 1472 2804 1541 palatium
2835 1488 2997 1528 causa
3025 1471 3436 1542 interpellandi:

1860 1580 1963 1621 nec
1989 1581 2019 1620 a
2051 1565 2428 1620 communione
2454 1579 2750 1635 suspensus
2772 1565 2840 1620 ab
2875 1563 2982 1620 alio
3008 1565 3441 1620 communionem

1862 1657 2183 1728 recipiendi,
2204 1657 2324 1712 sine
2348 1657 2705 1727 permissione
2727 1666 2781 1713 et
2820 1659 3161 1730 praescientia
3203 1659 3443 1730 episcopi

1863 1751 1947 1806 sui
1979 1765 1994 1804 :
2028 1750 2172 1821 quod
2201 1750 2246 1805 si
2279 1748 2492 1816 fecerit,
2519 1751 2652 1806 nihil
2683 1750 2831 1806 valet
2859 1749 3167 1820 huiusmodi
3199 1767 3444 1808 commu-

1864 1845 1976 1909 nio,
2010 1852 2104 1900 aut
2129 1844 2419 1909 ordinatio,
2451 1853 2546 1900 aut
2569 1845 2911 1916 demigratio.
2945 1845 3014 1899 Et
3062 1846 3164 1900 hoc
3193 1846 3444 1902 omnibus

179 1936 267 1990 sed
295 1935 676 1991 ascendentem
713 1933 928 1990 aliunde
955 1931 1135 1987 furum
1155 1946 1274 1988 esse
1303 1940 1354 1988 et
1380 1931 1660 1986 latronem.
1690 1930 1759 1986 Et
1784 1919 1832 1980 Β
1861 1935 2110 1992 ﬁdelibus
2138 1936 2562 1992 denuntiandum
2597 1954 2609 1991 :
2634 1944 2716 2002 ut,
2745 1936 2838 2007 qui
2876 1951 3040 1991 causa
3075 1936 3337 1991 orationis
3375 1936 3443 1996 ad

178 2039 278 2081 non
310 2025 486 2081 solum
515 2025 635 2096 ipsi,
663 2025 756 2096 qui
779 2025 879 2080 hoc
903 2022 1127 2088 faciunt,
1152 2022 1246 2078 sed
1294 2030 1349 2077 et
1381 2020 1474 2094 qui
1521 2036 1752 2078 consen-

180 2118 314 2174 tiunt
338 2115 686 2184 facientibus,
717 2115 1219 2173 excommunicandi
1239 2122 1386 2171 sunt.

891 2207 1027 2263 XIII.

245 2302 430 2360 Tertio
466 2302 697 2368 decimo,
729 2310 792 2357 ut
827 2300 1008 2356 nullus
1033 2305 1322 2368 vagantem
1368 2311 1436 2353 ex
1462 2295 1569 2352 alia
1595 2309 1758 2366 paro-

177 2396 293 2453 chia
339 2396 546 2452 audeat
599 2396 872 2466 recipere,
906 2403 998 2449 aut
1034 2408 1217 2448 secum
1252 2390 1639 2456 commorandi,
1665 2398 1760 2445 aut

176 2489 391 2546 missam
437 2487 793 2554 celebrandi,
829 2487 935 2542 nisi
987 2485 1345 2556 permissione
1392 2491 1623 2538 nostra:
1656 2497 1759 2538 nec

177 2579 332 2638 ullius
364 2580 624 2637 ecclesiae
651 2587 746 2636 aut
770 2578 944 2649 plebis
991 2573 1359 2648 gubernacula
1406 2566 1756 2644 suscipiendi,

177 2672 277 2728 nisi
303 2671 678 2744 pmveniente
705 2669 1042 2726 conscientia
1067 2675 1282 2733 nostra;
1317 2677 1345 2708 ι
1365 2665 1460 2736 qui
1487 2679 1649 2722 secus
1672 2662 1756 2720 fec

177 2763 329 2830 serit,
350 2760 942 2822 exeommunicabitur.
1409 2803 1413 2808 .
1724 2770 1730 2777 ·

899 2852 1035 2909 XIV.

245 2951 448 3018 Quarto
489 2951 721 3018 decimo,
753 2950 888 3006 utin
911 2947 1160 3022 tuguriis,
1190 2947 1434 3006 ecclesiis
1474 2963 1582 3005 non
1628 2963 1758 3006 con-

180 3045 424 3111 secratis,
454 3043 546 3101 vel
594 3044 650 3102 in
701 3042 967 3108 domibus,
997 3041 1103 3096 nisi
1135 3039 1275 3098 forte
1302 3041 1555 3100 visitandi
1585 3042 1755 3114 gratia

184 3134 235 3192 in
266 3135 584 3196 inﬁrmitate
617 3135 870 3200 detentis,
906 3133 1194 3190 missarum
1238 3133 1498 3205 mysteria
1525 3148 1632 3189 non
1663 3148 1754 3190 oe-

182 3229 405 3284 lebrent.
474 3229 627 3296 Quod
680 3228 726 3284 si
783 3227 1040 3293 fecerint,
1075 3234 1299 3297 propter
1333 3225 1756 3286 inobedientiam

179 3320 554 3394 degradandos
573 3336 630 3376 se
661 3320 854 3376 sciant.

912 3408 1028 3464 XV.

243 3503 450 3572 Quinte
475 3503 703 3566 decimo,
731 3500 878 3571 quod
905 3499 1133 3562 decima,
1167 3511 1288 3567 quae
1321 3511 1352 3552 a
1389 3495 1639 3551 ﬁdelibus
1666 3495 1766 3552 dt»

172 3603 276 3661 tur,
315 3595 409 3650 Dei
437 3610 605 3649 censo
640 3595 668 3634 δ
705 3591 1062 3660 nuncupanda
1088 3600 1192 3656 est,
1226 3599 1282 3645 et
1310 3589 1422 3645 Deo
1458 3604 1525 3645 ex
1549 3590 1760 3660 integro

164 3686 479 3742 reddenda-
505 3684 671 3753 Cujus
700 3685 859 3739 tertia
881 3699 1007 3752 pars
1037 3683 1334 3738 secundum
1363 3697 1630 3738 canonem
1655 3681 1760 3738 To-

160 3779 407 3834 letanum
441 3787 504 3845 α,
546 3778 921 3848 episcoporum
953 3777 1112 3832 debet
1140 3791 1280 3833 esse.
1330 3775 1440 3831 Nos
1481 3791 1612 3831 vero
1658 3777 1762 3833 hac

165 3877 439 3942 potestate
481 3870 559 3924 uti
588 3869 859 3935 nolumus,
886 3869 980 3924 sed
1005 3878 1214 3926 tantum
1239 3861 1493 3940 quartam
1520 3878 1756 3940 partem,

165 3961 316 4034 iuxta
341 3963 646 4019 constituta
679 3962 1046 4018 Romanorum
1095 3962 1408 4034 pontiﬁcum
1433 4005 1446 4029 ,
1489 3973 1542 4019 et
1571 3963 1759 4020 obser-

177 4055 414 4110 vantiam
444 4061 649 4110 sancta:
669 4051 926 4109 Romanae
951 4053 1229 4119 Ecclesiae,
1248 4055 1314 4111 de
1333 4055 1522 4110 eadem
1556 4055 1758 4112 habere

181 4145 458 4211 volumus;
512 4145 656 4215 quod
692 4145 737 4200 si
778 4146 898 4215 quis
945 4147 1313 4201 contentiosus
1352 4147 1478 4202 inde
1509 4155 1755 4217 repertus

183 4236 360 4304 fuerit,
393 4239 510 4293 sive
539 4237 626 4292 ille
649 4237 900 4303 clericus,
937 4239 1050 4293 sive
1085 4237 1348 4294 diaconus
1385 4237 1475 4301 sit,
1517 4253 1760 4296 commu-

183 4332 337 4389 nione
360 4332 672 4404 privabitur
690 4373 706 4398 ,
735 4341 791 4388 et
816 4332 1060 4404 synodali
1086 4347 1315 4388 censura
1331 4329 1685 4400 iudicabitur.

895 4447 1034 4504 XVI.

245 4560 408 4620 Sexto
433 4562 672 4627 decimo,
702 4570 764 4616 ut
811 4562 1185 4632 unusquisque
1227 4563 1334 4619 hoc
1385 4562 1668 4632 provideat
1698 4567 1760 4617 ut

181 4655 425 4714 mulieres
445 4657 521 4711 ad
543 4656 710 4712 altare
734 4672 841 4714 non
866 4656 1155 4722 accedant,
1194 4671 1296 4712 nec
1350 4656 1480 4727 ipsae
1515 4657 1625 4714 Deo
1678 4656 1759 4712 di-

182 4757 308 4804 catae
346 4749 403 4804 in
444 4747 602 4804 nullo
651 4747 959 4804 ministerio
1011 4747 1198 4804 altaris
1257 4748 1754 4805 intermisceantur.

184 4834 324 4905 Quod
363 4839 409 4896 si
461 4823 644 4908 pallae
671 4838 858 4893 altaris
883 4838 1124 4902 lavandae
1165 4847 1312 4904 sunt,
1336 4853 1364 4892 a
1396 4839 1608 4894 clericis
1627 4839 1756 4894 abs-

185 4935 458 4990 trahamur
497 4932 546 4996 ἀ,
594 4941 649 4987 et
675 4932 742 4987 ad
766 4931 1034 4987 cancellos
1081 4930 1300 4985 feminis
1349 4931 1661 4997 tradantur,
1705 4940 1760 4992 et.

186 5021 369 5082 ibidem
418 5033 765 5094 repetantur.
820 5021 1082 5080 Similiter
1113 5035 1167 5078 et
1209 5033 1232 5061 ε
1271 5023 1604 5093 presbyteri,
1637 5038 1761 5077 cum

186 5115 350 5172 oblata
376 5118 445 5172 ab
479 5117 695 5172 eisdem
721 5115 1033 5170 mulieribus
1075 5113 1398 5179 offeruntur,
1426 5113 1625 5169 ibidem
1672 5130 1762 5169 ac-

191 5203 472 5275 cipiantur,
507 5215 564 5264 et
601 5206 670 5262 ad
703 5206 878 5261 altare
901 5204 1235 5260 deferantur.

891 5316 1052 5373 XVII.

261 5429 501 5504 Septimo
549 5431 763 5490 decimo
791 5430 827 5500 ,’
858 5438 917 5489 ut
977 5429 1080 5505 ipsi
1138 5432 1450 5490 sacerdotes
1496 5431 1664 5488 verbo
1710 5440 1772 5490 et

261 5557 286 5585 σι
322 5545 529 5602 Desunt
562 5546 668 5601 alia
711 5544 913 5602 verba:
947 5556 1143 5614 nempe
1171 5543 1257 5598 det
1300 5542 1626 5612 facultatem,
1677 5544 1765 5602 vel

199 5613 353 5687 faciat
373 5627 699 5687 potestatem.
861 5653 873 5663 ο

263 5687 288 5726 b
314 5684 512 5757 Census
547 5687 690 5742 forte
715 5685 1016 5757 legendum.

267 5768 286 5793 ε
320 5756 625 5813 Concilium
652 5756 974 5815 Toletanum
997 5769 1219 5812 nonum.

264 5824 291 5864 ει
317 5829 393 5900 41)
418 5827 580 5900 altari
602 5843 812 5900 nempe.

275 5908 300 5938 ο
329 5896 432 5954 Pro
459 5913 493 5952 a
523 5896 864 5969 Pmbyierls.

1858 2026 2046 2084 limina
2075 2029 2359 2083 beatorum
2386 2027 2754 2099 apostolorum
2783 2041 3010 2098 pergere
3028 2025 3277 2096 cupiunt,
3295 2023 3442 2079 domi

1859 2119 2222 2175 conﬁteantur
2248 2128 2470 2190 peccata
2493 2135 2588 2175 sua
2619 2126 2675 2174 et
2700 2119 2779 2174 sic
2805 2118 3224 2190 proﬁciscantur
3263 2136 3275 2172 :
3315 2117 3441 2188 quia

1858 2227 1892 2268 a
1933 2213 2160 2284 proprio
2197 2212 2450 2284 episcopo
2492 2225 2608 2275 suo,
2664 2220 2758 2266 aut
2789 2212 3072 2268 sacerdote
3115 2211 3318 2284 ligandi
3351 2218 3444 2266 aut

1858 2304 2174 2362 exsolvendi
2203 2312 2348 2370 sunt,
2386 2317 2496 2359 non
2531 2303 2599 2358 ab
2631 2310 2914 2358 extraneo.

2587 2395 2730 2451 XIX.

1932 2493 2086 2548 Notio
2111 2491 2345 2556 decimo,
2374 2497 2433 2546 ut
2472 2486 2618 2544 aliud
2665 2489 2722 2544 in
2753 2487 2982 2544 ecclesia
3037 2502 3146 2544 non
3179 2487 3388 2559 legatur
3413 2490 3438 2530 ε

1860 2591 1955 2641 aut
1991 2590 2265 2648 cantetur,
2291 2581 2398 2637 nisi
2423 2595 2489 2637 ea
2529 2594 2651 2651 qua
2690 2580 3031 2636 auctoritatis
3073 2580 3268 2635 divinae
3295 2587 3440 2646 sunt,

1858 2687 1918 2736 et
1954 2677 2178 2733 Patrum
2235 2675 2659 2732 orthodoxorum
2711 2674 2893 2730 sanxit
2945 2675 3260 2730 auctoritas.
3323 2671 3436 2728 Nec

1859 2768 2040 2826 ωδε»
2071 2768 2384 2841 angelorum
2408 2767 2628 2823 nomina
2651 2765 2852 2830 colant,
2879 2765 2972 2838 sed
2991 2781 3054 2822 ea
3080 2773 3289 2820 tantum
3317 2778 3438 2836 quae

1855 2863 2194 2936 prophetica,
2222 2870 2279 2918 et
2317 2860 2642 2933 Evangelica
2681 2860 2839 2916 docet
2889 2859 3169 2932 Scriptura
3205 2877 3218 2914 :
3248 2859 3304 2915 id
3331 2865 3438 2925 est,

1858 2955 2107 3022 Michael,
2132 2953 2394 3027 Raphael.

1929 3047 2040 3104 Nec
2065 3048 2275 3103 diversa
2303 3046 2540 3102 sentiant
2567 3045 2623 3100 in
2645 3042 2866 3114 iudiciis
2893 3043 3292 3116 paenitentiam,
3316 3055 3439 3098 cum

1856 3158 2001 3200 unus
2031 3143 2232 3209 minus,
2249 3142 2385 3197 alter
2409 3155 2540 3197 vero
2567 3141 2764 3212 majus,
2790 3139 2946 3196 alteri
2973 3137 3258 3200 adulando,
3285 3135 3442 3192 alteri
3545 3194 3547 3198 ,

1860 3234 2192 3291 detrahendo
2219 3233 2434 3304 placere
2462 3233 2594 3287 velit
2625 3250 2638 3286 :
2678 3231 2775 3288 sed
2803 3230 3148 3287 considerata
3181 3227 3442 3298 qualitate

1859 3343 2105 3399 personae
2137 3325 2295 3398 juxta
2329 3325 2549 3388 modum
2594 3324 2765 3396 eulpae
2818 3331 3010 3396 agatur
3051 3336 3285 3382 censura
3322 3318 3439 3375 vin-

1861 3419 2041 3474 dictae.

2586 3505 2704 3560 XX.

1931 3603 2226 3676 Vigesimo,
2257 3599 2578 3657 admonendi
2620 3609 2747 3656 sunt
2803 3607 2863 3654 ut
2919 3595 3257 3670 perpendam
3284 3592 3443 3666 quid-

1861 3699 1992 3770 quid
2017 3714 2047 3752 a
2075 3697 2322 3753 ﬁdelibus
2367 3696 2544 3759 datur,
2576 3693 2874 3764 redemptio
2924 3699 3269 3764 peccatorum
3314 3697 3442 3745 est:

1861 3793 1984 3849 ideo
2013 3807 2119 3848 non
2149 3791 2447 3862 glorientur
2470 3789 2666 3844 talibus
2695 3786 3001 3858 sumptibus
3034 3785 3134 3850 uti,
3153 3785 3247 3839 sed
3270 3783 3442 3855 magis

1859 3882 2322 3953 emineant,un
2366 3883 2422 3938 in
2463 3880 2642 3938 Veteri
2677 3878 3026 3935 Testamento
3071 3875 3445 3932 sacerdotibus

1859 3977 2062 4034 dictum
2093 3982 2178 4030 est
2216 3973 2594 4046 :Im’quitatem
2638 3971 2815 4043 populi
2863 3987 2949 4025 eos
3001 3968 3184 4024 debere
3230 3976 3444 4038 portare

1861 4067 2052 4141 (Num.
2083 4081 2237 4130 xvm,
2262 4081 2298 4129 ι,
2329 4064 2440 4136 25).
2481 4064 2548 4119 Et
2573 4065 2695 4120 ideo
2723 4077 2845 4119 cum
2873 4077 3068 4133 magno
3106 4060 3300 4115 timore
3337 4057 3443 4113 sol-

1858 4160 1992 4216 liciti
2022 4159 2151 4224 sint,
2177 4173 2409 4228 quorum
2439 4157 2596 4211 donis
2643 4155 3042 4225 participantur
3091 4169 3104 4203 :
3157 4150 3282 4218 quia
3335 4162 3446 4203 ma-

1860 4267 2028 4324 gnum
2053 4250 2356 4322 periculum
2406 4257 2492 4304 est
2533 4247 2650 4302 ﬁeri
2696 4247 2822 4300 vitae
2871 4244 3094 4308 alienae,
3125 4241 3219 4311 qui
3269 4239 3448 4296 nescit

1862 4352 2050 4400 tenere
2075 4340 2442 4397 moderamina
2467 4339 2593 4394 vita:
2621 4352 2750 4391 sum.

2563 4423 2706 4480 XXI.

1931 4519 2207 4592 Vigesimo
2234 4517 2431 4588 primo,
2457 4523 2519 4572 ut
2558 4515 2735 4570 sciant
2762 4519 2817 4568 et
2849 4510 3152 4581 intelligant
3198 4507 3329 4582 quid
3378 4506 3448 4567 sit

1785 4639 1837 4699 D
1863 4611 2056 4667 incesti
2085 4611 2290 4664 crimen
2321 4625 2333 4660 :
2369 4614 2424 4661 et
2445 4607 2547 4661 hoc
2573 4604 2945 4674 unusquisque
2973 4600 3029 4656 in
3054 4614 3153 4655 sua
3183 4598 3444 4670 parochia

1861 4701 2162 4775 provideat,
2191 4716 2260 4756 ne
2292 4698 2414 4766 ﬁat;
2460 4705 2514 4753 et
2539 4697 2584 4753 si
2620 4695 2824 4751 factum
2853 4692 3035 4758 fuerit,
3068 4698 3330 4762 quantum
3356 4704 3446 4744 cc-

1862 4795 2079 4854 lerrime
2105 4791 2364 4862 potuerit,
2394 4789 2742 4849 emendetur;
2786 4787 2839 4841 id
2862 4793 2965 4849 est,
2993 4783 3174 4840 nullus
3208 4783 3309 4838 sibi
3349 4798 3441 4836 ac-

1865 4887 2031 4956 cipiat
2054 4885 2122 4941 de
2145 4882 2548 4955 pr0pinquitate
2575 4893 2746 4947 usque
2772 4877 2826 4931 in
2846 4877 3037 4946 quinto
3056 4889 3195 4946 genu
3227 4876 3268 4925 i.
3293 4871 3446 4938 Quod

1867 4979 1912 5032 si
1951 4979 2264 5048 ignoranter
2294 4973 2500 5028 factum
2535 4969 2720 5035 fuerit,
2749 4985 2856 5023 non
2881 4968 3036 5032 facile
3063 4965 3335 5028 credatur,
3354 4963 3449 5019 sed

1863 5069 2068 5139 judicio
2092 5069 2186 5123 Dei
2213 5067 2554 5122 examinetur
2578 5083 2588 5118 :
2615 5073 2668 5119 et
2690 5078 2794 5118 non
2827 5068 3147 5132 separentur
3174 5059 3227 5112 in
3258 5065 3449 5126 quarto

1872 5175 2034 5232 genu,
2067 5161 2162 5215 sed
2187 5159 2241 5213 in
2262 5157 2580 5227 pmnitentia
2605 5155 2814 5212 cunctis
2841 5155 3028 5210 diebus
3052 5149 3448 5221 coniunctionis

1872 5265 1982 5306 suae
2014 5257 2378 5321 perseverent.
2411 5248 2674 5303 Similiter
2703 5254 2758 5300 et
2785 5246 2868 5300 vir
2911 5245 3044 5299 duas
3079 5256 3280 5296 uxores
3307 5240 3449 5296 inter

1872 5356 1931 5397 se
1959 5339 2120 5395 simili
2153 5339 2360 5394 ratione
2383 5336 2718 5406 coniunctas,
2750 5341 2842 5388 aut
2865 5348 3001 5389 uxor
3027 5331 3165 5387 duos
3195 5331 3339 5386 viros
3367 5329 3446 5384 in-

1872 5444 1956 5490 ter
2007 5447 2066 5490 se
2097 5434 2288 5490 eodem
2332 5431 2492 5490 modo
2536 5427 2872 5498 coniunctos,
2905 5433 2999 5482 aut
3021 5433 3326 5494 cumpater,
3353 5432 3449 5482 aut

1952 5547 1972 5585 ί
2011 5547 2117 5602 Pro
2151 5546 2419 5602 derelicta.

1950 5621 1975 5658 8
1997 5618 2362 5682 Burchardus,
2389 5616 2482 5670 lib.
2507 5631 2560 5680 v,
2590 5629 2710 5684 cap.
2736 5612 2860 5668 I98.
2906 5682 2917 5684 μ
3146 5682 3159 5684 _
3340 5662 3344 5666 .

1944 5689 1970 5729 ιι
1999 5687 2130 5742 Vide
2164 5687 2315 5740 Tomi
2339 5679 2357 5741 l
2385 5679 2596 5742 concilii
2624 5679 2856 5740 Romani
2888 5682 3106 5740 decreta
3130 5682 3196 5750 de
3231 5679 3454 5755 angelo;

1875 5775 1996 5815 rum
2019 5757 2328 5812 nominibus
2355 5773 2476 5828 pag.
2505 5755 2594 5812 65.

1955 5831 1971 5870 i
2009 5828 2113 5883 Pro
2146 5827 2315 5900 gradu
2343 5827 2786 5899 vel’generatione
2805 5827 3008 5898 quinta.
