4000 6448
194 393 290 457 769

881 394 1010 452 LIB.
1052 397 1142 454 DE
1181 397 1455 456 VISIONE
1491 396 1579 454 ET
1615 395 1821 456 OBITU
1861 391 2116 453 WETINI
2150 390 2432 461 MONAC.,
2470 389 2702 449 PREF.

3303 394 3414 454 770

196 513 318 580 ipse
341 512 395 560 et
420 510 790 580 antecessores
833 505 950 576 ejus
974 509 1184 580 priores
1229 525 1385 580 reges
1410 510 1744 567 Francorum
1770 513 1826 574 Α
1848 511 2002 566 sione
2049 508 2232 579 quieto
2258 507 2448 580 ordine
2485 504 2780 577 possidere.
2825 501 2895 557 Et
2921 501 3182 573 quidquid
3219 505 3418 564 exinde

229 575 454 654 nefatum
501 575 886 654 monasterium
917 575 1360 654 cu'mumonach'is
1398 582 1470 637 ibi
1497 581 1744 654 degenti-

226 665 281 703 us
304 647 370 721 ob
397 660 633 721 amorem
656 646 773 721 Dei,
801 651 1352 721 tranquillitatemque
1379 646 1743 708 eorum'sem-

225 737 276 774 er
297 717 391 772 sub
405 715 709 785 plenissima
734 715 1044 775 defensione
1066 732 1118 775 et
1143 715 1496 776 imm'unitatis
1516 723 1743 780 tuitione

191 737 502 846 Kabuissent.
525 787 606 842 0b
631 787 943 844 ﬁrmitatem
969 800 1147 846 tamen
1173 793 1248 846 rei
1275 793 1562 846 postulavit
1585 795 1742 846 nobis

207 787 606 861 inbuissentzpb
631 787 943 861 ﬁrmitatem
969 800 1147 846 tamen
1173 793 1248 846 rei
1275 793 1562 861 postulavit
1585 795 1742 850 nobis

188 859 457 934 prmdictus
484 855 644 934 Hetto
668 859 976 934 episcopus,
995 871 1066 934 put
1093 855 1406 918 eorum'dem
1435 878 1620 934 regum
1645 880 1740 918 au-

185 928 466 1008 ctoritates
501 929 571 983 ob
618 928 868 1008 amoreni'
911 931 1007 986 Dei
1054 943 1110 987 ct
1163 928 1521 1008 reverentiam
1571 934 1740 1008 ipsius

183 998 342 1073 sancti
370 998 686 1073 loci__nostra
725 1001 1172 1058 conﬁrmaremus
1203 1004 1545 1060 auctoritate.
1577 998 1741 1073 Cuius

181 1069 410 1149 petitioni
462 1068 694 1124 libenter
742 1073 1130 1149 acquievimus,
1166 1083 1220 1129 et
1269 1075 1341 1130 ita
1387 1075 1441 1128 in
1487 1068 1739 1130 omnibus

179 1145 552 1216 congessimus,
601 1149 762 1216 atque
808 1158 905 1212 per
958 1145 1060 1199 hoc
1109 1154 1440 1216 praeceptum
1467 1153 1738 1216 nostrum

179 1157 552 1204 concessimus,
601 1157 655 1194 at
695 1157 762 1197 ue
808 1158 905 1212 per
958 1157 1060 1199 uoc
1109 1157 1440 1216 praeceptum
1491 1157 1736 1200 nostrum

178 1210 618 1285 conﬁrmavimus.
657 1157 1008 1285 ίὶζὶιιξψιόριεξν
1044 1216 1420 1285 pmeipientes
1457 1214 1736 1282 jubenius,

175 1289 228 1334 ut
253 1279 424 1335 nullus
456 1280 623 1356 judex
652 1279 918 1356 publicus,
947 1284 1030 1339 vel
1044 1279 1312 1355 "quislibet
1359 1301 1424 1340 ex
1447 1279 1736 1356 j'udiciaria

173 1357 424 1427 potestate
474 1351 530 1405 in
571 1353 847 1427 ecclesias,
889 1351 1090 1418 curtes,
1123 1366 1218 1410 aut
1261 1356 1400 1421 loca,
1431 1351 1513 1410 vel
1555 1372 1732 1427 agros,
1824 1392 1826 1395 -

171 1434 259 1474 seu
271 1421 516 1495 _reliqnas
537 1425 905 1495 possessiones
917 1427 1204 1481 memorati
1231 1427 1568 1491 monasterii,
1591 1421 1736 1495 'quas

167 1491 419 1572 moderno
474 1491 729 1572 tempore
771 1494 910 1550 infra
973 1496 1231 1572 ditionem
1286 1497 1498 1572 imperii
1563 1491 1736 1572 nostri

162 1563 296 1642 juste
316 1563 820 1642 _et.rationab_iliter
845 1565 1104 1642 possidet,
1133 1567 1220 1642 vei
1246 1563 1380 1642 quae:
1397 1567 1650 1636 deinceps
1677 1567 1734 1642 in

161 1632 275 1707 jure
315 1632 485 1704 ipsius
513 1635 685 1707 sancti
703 1635 820 1707 loci
845 1632 1082 1707 'voluerit
1116 1632 1295 1691 divina
1323 1637 1497 1706 pietas
1526 1632 1732 1707 augeri,

166 1702 227 1781 τίοά
251 1702 445 1758 causas
473 1705 808 1781 _audiendas,_
833 1707 914 1781 vel
947 1706 1096 1781 freda
1125 1702 1412 1781 exigenda,
1443 1715 1533 1762 aut
1575 1702 1733 1781 man;

159 1774 355 1840 siones,
404 1774 491 1830 vel
551 1785 730 1830 aratas
782 1775 1077 1843 faciendas,
1127 1774 1598 1845 aut‘ﬁdejussores
1626 1778 1730 1832 tol-

161 1841 360 1899 lendos.
396 1854 491 1899 aut
512 1790 759 1899 gomines
781 1847 949 1899 iusius
975 1848 1306 1899 monasterii.
1334 1856 1442 1899 tam
1469 1848 1730 1899 ingenuos

161 1841 360 1909 lcndos,
396 1854 491 1899 aut

159 1927 314 1988 quam
345 1923 624 1988 etuservos
670 1932 832 1985 super
877 1927 1077 1972 terram
1109 1918 1276 1988 ipsius
1326 1918 1732 1974 commauentes

155 1983 351 2052 injuste
382 1983 801 2056 distrirgcudos,
851 2003 950 2043 nec
976 1983 1560 2051 ullas'redhibitiones,
1589 1989 1724 2043 ban—

155 2069 246 2127 nos
295 2063 391 2127 aut
426 2056 640 2110 illicitas
664 2058 976 2112 occasiones
1027 2059 1394 2127 requirendas,
1429 2059 1630 2113 nostris
1669 2067 1726 2115 et

154 2121 342 2178 futuris
376 2129 707 2195 temp-tribus
733 2128 938 2195 ingredi
969 2121 1185 2193 audeat,
1217 2127 1299 2183 vel
1321 2121 1387 2182 ea
1413 2143 1531 2198 qua:
1558 2144 1722 2198 supra

152 2206 443 2248 memorata
476 2206 601 2250 sunt
643 2198 855 2266 penitis
884 2198 1102 2268 exigere
1147 2206 1457 2268 prmsumat.
1512 2197 1638 2254 Sed
1664 2199 1726 2254 li-

151 2273 600 2338 ceat__men.or;tn
647 2269 860 2336 ρεπεν.Ιὶ
911 2269 1128 2338 suisque
1177 2270 1584 2324 successoribus
1634 2286 1724 2326 res

149 2335 383 2404 praedicti
421 2335 735 2395 monasterii
763 2340 863 2396 sub
898 2335 1254 2396 immunitatis
1292 2349 1492 2395 nostra:
1537 2338 1725 2396 defen-

144 2475 265 2545 tom.
293 2470 336 2540 l,
363 2481 512 2545 part.
536 2491 594 2536 ιι,
620 2473 715 2530 lib.
743 2491 795 2537 ι,
816 2489 938 2545 pag.
961 2473 1045 2538 10,
1073 2483 1128 2529 et
1158 2475 1298 2545 apud
1325 2473 1512 2545 Lunig.
1541 2471 1721 2545 Spici-

141 2537 669 2616 legiiuecclesiaistici
709 2537 865 2616 parte
889 2537 1103 2616 'tertia,
1130 2537 1261 2616 tom.
1305 2543 1392 2608 ιν,
1437 2537 1560 2615 pag.
1583 2537 1718 2611 "188,

139 2612 488 2686 privilegium
523 2612 726 2671 Caroli'
749 2615 926 2684 Magni
950 2631 1050 2686 pro
1082 2612 1720 2686 Sintleozesavia'datum

139 2693 273 2738 anno
303 2685 431 2753 815,
474 2687 620 2757 quod
657 2701 788 2742 sane
814 2687 903 2742 hic
944 2684 1212 2742 memorat
1235 2685 1542 2742 Ludovicus
1568 2684 1714 2742 Pius.

549 1846 759 1902 omines
781 1847 949 1917 ipsius
975 1848 1306 1930 monasterii,
1334 1856 1442 1902 tam
1469 1848 1732 1919 ingenuos
1758 1873 1809 1933 Β

1845 580 2012 636 ﬁscus
2035 576 2251 649 sperare
2281 576 2500 648 poterit,
2525 585 2694 649 totum
2743 588 2842 628 nos
2869 589 2971 649 pro
2991 583 3191 630 aeterna
3235 591 3417 649 remu-

1843 644 2124 706 neratione
2148 644 2371 720 praefato
2398 646 2726 720 monasterio
2753 644 3119 720 concedimus,
3150 655 3225 720 ιιι⁸
3235 648 3291 720 in
3310 647 3417 720 ali-

1843 723 2023 776 monia
2055 716 2349 791 pauperum
2390 727 2446 773 et
2473 717 2736 788 stipendia
2775 716 3164 791 monachorum
3213 716 3416 774 ibidem

1843 792 1954 846 Deo
1994 785 2366 847 famulantium
2392 785 2652 860 perpetuo
2676 786 2925 860 proﬁciat
2953 785 3007 840 in
3044 796 3413 860 augmentum.

1842 861 1910 916 Et
1945 857 2596 933 quandoquidemdivina
2629 857 2908 933 vocatione
2945 858 3286 933 supradictus
3311 859 3415 933 ali-

1841 926 2071 1008 basfvel
2099 926 2456 1008 successores
2482 931 2599 1008 ejus
2641 929 2706 984 de
2749 929 2852 1008 hac
2879 926 2996 1008 luce
3033 928 3411 1008 migraverint,

1841 997 2076 1071 qua'ndiu
2115 1003 2216 1072 ipsi
2251 997 2668 1059 monacbi'inter
2693 1015 2750 1053 se
2782 997 2919 1053 tales
2949 997 3192 1072 invenire
3220 1006 3413 1072 potue-

1841 1067 1968 1128 rint.
2000 1073 2102 1144 Qui
2132 1067 2303 1144 ipsam
2329 1072 2800 1144 congregationem
2829 1069 3122 1144 secundum
3154 1067 3415 1139 Regulam

1840 1138 2335 1200 sancti'Benedicti
2383 1138 2572 1214 regere
2614 1141 2849 1214 valeant,
2877 1153 2974 1214 per
3000 1138 3140 1214 bane
3171 1138 3413 1214 nostram

1840 1215 2220 1270 auctoritatem
2264 1223 2320 1270 et
2361 1209 2683 1269 corisensum
2731 1211 3002 1266 licentiam
3032 1209 3266 1264 habeant
3303 1209 3414 1266 ele-

1874 1285 2264 1360 endiiabhates,
2295 1293 2564 1356 quatenus
2591 1285 2738 1360 ipsos
2765 1280 3066 1360 monachos
3093 1280 3183 1349 qui
3216 1280 3413 1360 ibidem

1998 1351 2346 1421 famulantur,
2401 1370 2501 1425 pro
2538 1351 2712 1418 nobis,
2757 1360 2833 1425 et,
2863 1351 3111 1425 conjuge,
3155 1351 3412 1425 proleque

1837 1434 2046 1491 nostra,
2090 1436 2249 1496 atque
2300 1421 2595 1496 stabilitate
2626 1425 2806 1496 totius
2822 1421 3034 1496 imperii
3085 1421 3257 1476 nostri
3310 1421 3415 1496 Do-

1839 1496 1971 1550 mini
2026 1491 2346 1552 immensam
2403 1495 2742 1551 clementiam
2788 1492 2991 1564 jugiter
3037 1505 3266 1564 exorare
3322 1491 3414 1564 de-

1837 1564 2018 1636 lectet.
2069 1567 2216 1623 Hanc
2265 1569 2446 1636 itaque
2489 1561 2886 1626 auctoritatem,
2934 1561 3324 1636 utpieniorern
3356 1561 3412 1616 in

1838 1634 1934 1708 Dei
1961 1639 2176 1692 nomine
2205 1631 2448 1695 obtineat
2488 1637 2754 1708 vigorem,
2785 1641 2841 1690 et
2865 1651 2895 1687 a
2928 1631 3181 1708 ﬁdelibus
3208 1640 3413 1708 sancta:

1835 1705 1932 1760 Dei
1969 1708 2227 1764 Ecclesia:
2273 1718 2329 1764 et
2364 1703 2571 1763 nostris
2595 1707 2776 1762 verius
2815 1704 3071 1774 credatur
3102 1712 3159 1759 et
3187 1703 3413 1774 diligen-

1835 1775 1943 1833 tius
1975 1790 2345 1855 conservetur,
2369 1794 2490 1855 eam
2509 1793 2681 1855 manu
2709 1773 3146 1855 propriasubter
3177 1772 3416 1855 ﬁrmavi-

1835 1860 1980 1912 mus,
2007 1859 2064 1904 et
2092 1851 2274 1904 annuli
2305 1850 2476 1904 nostri
2509 1845 2862 1918 impressione
2906 1845 3113 1918 signari
3127 1845 3409 1918 jus_simus.

1908 1918 2133 1985 Signum
2157 1920 2412 1975 Ludovici
2440 1915 2772 1974 serenissimi
2803 1916 3168 1985 imperatoris.
3202 1915 3413 1985 Duran-

1833 1987 1934 2044 dus
1966 1983 2228 2045 diaconus
2268 1991 2336 2044 ad
2378 1991 2552 2044 vicem
2580 1983 2897 2043 Helisachar
2929 1985 3238 2056 recognovi.
3272 1983 3410 2038 Data

1833 2076 1926 2114 xxx
1977 2060 2203 2114 Kalend.
2245 2059 2511 2123 Januarii,
2559 2073 2719 2121 anno,
2753 2056 2970 2111 Christo
3008 2055 3266 2126 propitio,
3325 2068 3411 2126 se-

1833 2131 2010 2185 cundo
2055 2131 2266 2200 imperii
2292 2130 2476 2185 domui
2502 2127 2759 2183 Ludovici
2787 2124 3020 2200 piissimi
3041 2124 3292 2200 Augusti,
3326 2124 3414 2200 in-

1832 2202 2069 2256 dictione
2094 2195 2255 2256 nona.
2286 2200 2480 2256 Actum
2513 2195 2842 2269 Aquisgrani
2865 2209 2891 2238 ει
2922 2195 3125 2268 palatio
3140 2195 3323 2269 regio,
3352 2195 3409 2251 in

1831 2272 1927 2328 Dei
1947 2273 2164 2329 nomine
2192 2271 2439 2328 feliciter.
2464 2271 2657 2327 Amen.

1831 2491 1834 2496 '
1903 2489 1928 2518 ι
1954 2475 2286 2531 Ludovicum
2308 2474 2462 2529 Pium
2495 2489 2638 2529 anno
2664 2473 2768 2530 816
2787 2472 3111 2545 Aquisgrani
3135 2471 3409 2527 hiemasse

1828 2555 2102 2617 testantur
2129 2546 2366 2617 Annales
2389 2545 2708 2616 Eginhardi,
2737 2543 2880 2617 apud
2903 2543 3240 2616 Bouquetum
3272 2549 3406 2598 tom.

1827 2617 1912 2682 Vl,
1939 2633 2064 2689 pag.
2089 2616 2210 2671 l76.

133 2835 3403 2865 W

639 2995 1112 3126 LIBELLUS
1190 2925 1327 3127 ΒΕ
1407 2991 1818 3121 VISIONE
1904 2990 2036 3117 ET
2123 2987 2434 3118 0BITU
2515 2987 2911 3117 unum

1345 3219 1719 3287 MONACHI
1763 3218 2200 3288 AUGIENSIS.

132 3384 377 3458 Wett'no
444 3395 585 3474 ipso
617 3391 918 3478 referente
964 3394 1243 3474 scriptus
1277 3392 1351 3454 ab
1387 3392 1698 3455 He'r'roma
1755 3389 2050 3452 cxabbate
2100 3383 2411 3465 Augicmt’
2435 3427 2451 3460 ,
2491 3390 2548 3444 et
2601 3381 2944 3448 Basileensi
3003 3384 3472 3519 exepiscopo/

1116 3536 1354 3602 (labill.,
1377 3536 1489 3590 Act.
1514 3536 1624 3587 ord.
1651 3536 1704 3586 S.
1728 3534 1943 3595 Bened.,
1965 3544 2077 3585 saec.
2098 3545 2162 3593 iv,
2199 3535 2340 3594 parte
2359 3529 2419 3595 l.)

457 3743 1025 3804 OBSERVATIONES
1069 3743 1398 3802 ΡΒᾸΞΝΙᾸΞ.

187 3881 242 3940 1.
271 3884 356 3940 De
387 3883 512 3938 viso
535 3884 649 3938 sive
671 3884 736 3939 de
760 3883 970 3938 somnio
994 3883 1196 3938 Wetini
1224 3898 1319 3938 seu
1349 3881 1585 3949 Guetini,
1613 3883 1718 3938 Au-

116 3955 324 4028 giensis
351 3956 412 4028 in_
459 3954 776 4028 Alamannia
811 3954 1081 4028 monachi,
1117 3955 1239 4028 haec
1260 3954 1422 4028 habet
1451 3952 1713 4028 Herman-

117 4024 217 4082 nus
243 4026 367 4098 ejus
389 4025 510 4098 _loci_
531 4025 799 4098 cmiiobita
833 4025 899 4077 ad
931 4039 1135 4098 annum
1179 4024 1304 4089 824,
1344 4039 1452 4094 quo
1494 4025 1547 4098 id_
1577 4040 1712 4080 con-

117 4097 237 4169 tigit
269 4093 289 4150 Ξ
317 4116 336 4148 ‹
369 4095 563 4166 Augia:
586 4093 841 4169 Wetinus
858 4096 1174 4169 monachus,
1205 4111 1236 4149 e
1267 4109 1493 4169 corpore
1514 4095 1712 4169 ductus

112 4163 186 4222 (δι’
214 4163 509 4232 reductus,
562 4174 685 4236 post
740 4165 973 4219 triduum
1016 4166 1159 4236 obiit
1199 4184 1212 4219 :
1270 4163 1426 4236 cujus
1475 4166 1712 4222 visiones

115 4236 273 4292 Hetto
335 4235 634 4308 episcopus
686 4251 905 4308 prosap
930 4244 990 4308 et
1050 4235 1446 4308 Walachfridus
1492 4237 1710 4308 heroico

113 4315 288 4363 metro
318 4305 574 4376 scripsit.
615 4326 633 4358 ι
680 4305 966 4360 \Valafridi
1011 4319 1228 4358 carmen
1259 4305 1400 4376 typis
1434 4306 1713 4361 mandavit

111 4376 379 4433 Henricus
403 4377 662 4432 Canisius
678 4379 730 4432 iu
755 4376 1102 4446 antiquarum
1116 4376 1430 4430 Lectionum
1452 4384 1595 4429 tonio
1620 4376 1703 4431 Vl.

113 4447 359 4504 lleitonis
387 4465 497 4504 seu
530 4448 776 4502 llettouis
797 4447 1105 4517 prosaicum
1127 4463 1284 4516 opus,
1317 4461 1582 4516 nusquam
1613 4463 1709 4501 an-

112 4520 264 4574 tehac
290 4521 540 4584 editum,
570 4534 600 4570 e
620 4517 827 4574 duobus
857 4517 1134 4573 codicibus
1161 4533 1261 4572 ms.
1291 4518 1450 4579 eruit,
1481 4532 1545 4572 ac
1573 4518 1706 4573 mihi

108 4587 410 4645 liberaliter
443 4590 718 4644 concessit
751 4590 834 4644 vir
883 4588 1097 4644 eximite
1141 4588 1462 4642 eruditionis
1512 4596 1566 4641 et
1600 4589 1703 4642 hu-

106 4662 392 4716 manitatis
445 4659 762 4729 Stephanus
791 4660 1061 4723 Baluzius,
1104 4659 1445 4714 bibliothecae
1479 4658 1702 4714 Colber-

106 4731 229 4786 tina:
268 4731 582 4803 praefectus
613 4749 624 4781 :
655 4730 744 4799 qui
787 4730 1111 4803 beneﬁcium
1152 4730 1206 4803 in
1238 4745 1324 4784 me
1353 4745 1510 4803 suum
1537 4729 1702 4786 etiam

105 4799 303 4873 ornare
346 4803 616 4873 dignatus
634 4809 724 4873 est
751 4799 978 4873 eleganti
1010 4800 1266 4873 epistola,
1296 4817 1415 4870 qua:
1445 4800 1700 4856 observa-

107 4870 313 4928 tiouum
342 4870 604 4928 mearum
633 4870 733 4926 hoc
765 4870 882 4924 loco
920 4871 1190 4938 supplcliit
1219 4870 1411 4925 vicem.

177 4962 194 4994 ι
233 4943 318 4999 Cl.
353 4953 414 5000 et
480 4942 634 4997 erud.
686 4941 804 4994 viro
831 4939 1023 4994 Joanni
1073 4939 1399 5005 Mabillonio,
1436 4942 1699 4996 monacho

103 5011 500 5088 Benedictino,
533 5011 837 5088 Stephanus
853 5009 1112 5088 _Bal_tiziu§
1135 5009 1521 5088 Tutelensis-S.
1546 5011 1606 5064 P.
1631 5011 1695 5066 D.

1749 3753 1793 3817 ρ
1824 3744 2086 3817 scriptum
2112 3757 2178 3797 ex
2207 3741 2417 3817 duobus
2447 3739 2685 3810 antiquis
2711 3739 2990 3817 codicibus
3015 3745 3400 3817 m‘anuscriptis

1821 3810 2164 3872 bibliotheca:
2207 3814 2408 3883 regias:
2439 3827 2668 3883 quorum
2707 3827 2846 3883 unus
2895 3810 2997 3866 fuit
3045 3812 3250 3868 Claudii
3291 3810 3400 3873 Pu-

1817 3885 1963 3962 teani
2009 3881 2297 3962 senatoris
2356 3882 2697 3962 Parisiensis,
2759 3881 2920 3962 aiten
2950 3883 3171 3939 Joannis
3222 3884 3398 3962 Beslyi

1813 3954 2077 4021 Pictonis,
2112 3957 2375 4018 virorum,
2406 3964 2463 4008 ut
2487 3955 2616 4019 scis,
2648 3953 3158 4010 eruditissimorum.

1888 4045 1907 4077 ‹
1929 4027 2221 4099 Auctorem
2269 4027 2426 4099 istius
2455 4025 2643 4099 opella:
2672 4023 2959 4099 liettonem
2992 4026 3242 4099 abbatem
3280 4029 3396 4084 Au-

1849 4098 2052 4153 ienscm
2106 4097 2235 4152 facit
2290 4094 2622 4151 Walaf'ridus
2695 4094 2941 4160 Strabus,
3003 4096 3094 4166 qui
3165 4096 3394 4155 Wettini

1851 4167 2106 4238 iscipulus
2135 4176 2190 4221 et
2225 4167 2441 4221 auditor
2466 4166 2590 4238 fuit,
2620 4167 2819 4238 quique
2851 4181 2972 4220 eam
2998 4175 3185 4238 postea
3217 4169 3397 4223 reddi-

1811 4238 1890 4292 dit
1911 4236 2158 4292 vérsibus
2178 4237 2530 4300 hexametris,
2547 4251 2684 4305 pene
2707 4236 2926 4288 verbum
2952 4249 2982 4287 e
3003 4237 3166 4288 verbo
3188 4251 3394 4302 ponens

1810 4321 1841 4378 β
1870 4324 2029 4378 prosa
2073 4307 2317 4360 oratione
2347 4307 2399 4360 in
2425 4317 2693 4378 poemate.
2729 4306 2833 4359 Sed
2870 4314 2926 4357 tu
2972 4313 3174 4378 tamen,
3210 4306 3268 4359 E.
3304 4307 3390 4373 κη,

1809 4375 1939 4432 hinc
1964 4378 2194 4448 putabas
2245 4377 2481 4448 dubitari
2530 4376 2724 4448 merito
2752 4389 3056 4448 posse,ia_n_
3087 4375 3202 4430 haec
3246 4389 3394 4433 esset

1844 4444 2042 4503 enuina
2076 4447 2324 4502 llettouis
2369 4445 2617 4517 scriptio,
2666 4445 2809 4517 quod
2854 4446 2908 4498 in
2940 4444 3097 4500 initio
3124 4451 3389 4515 poematis

1855 4519 2014 4585 trahi,
2049 4519 2190 4588 quod
2218 4534 2285 4572 ex
2317 4516 2629 4588 narratione
2667 4516 2916 4588 Hettonis
2941 4525 3214 4588 sumptum
3252 4520 3390 4574 dici-

1807 4597 1919 4655 tur,
1961 4587 2310 4670 bene_multa
2359 4587 2608 4670 legantur
2655 4590 2722 4670 ad
2771 4587 3054 4670 historiam
3100 4587 3387 4670 Auogiensis

1805 4660 2122 4716 monasterii
2151 4661 2498 4729 pertinentia,
2532 4674 2654 4730 qua;
2688 4659 2740 4712 in
2777 4658 3053 4714 codicibus
3080 4658 3243 4730 regiis
3274 4677 3384 4716 non

1805 4739 2038 4812 exstant.
2063 4731 2133 4784 At
2152 4728 2252 4802 ego
2265 4728 2602 4812 deprehendi
2629 4728 2884 4812 Strabum
2907 4745 3014 4784 non
3038 4728 3175 4812 περ
3197 4746 3386 4812 severe

1803 4801 2049 4858 functum
2075 4800 2399 4857 esse—ofﬁcio
2428 4801 2757 4871 interpretis,
2791 4801 2919 4869 quin
2969 4800 3385 4870 paraphrastem

1803 4873 1970 4927 etiam
1997 4888 2062 4928 ac
2088 4884 2303 4942 poetam
2339 4871 2631 4942 aliquando
2671 4886 2728 4925 se
2754 4887 2875 4942 esse
2901 4870 3232 4926 meminerit.
3269 4872 3384 4936 Quo

1802 4943 1864 4996 ﬁt
1888 4951 1947 4997 ut
1973 4941 2278 4998 existimem
2306 4941 2543 5012 priorem
2579 4941 2846 5012 poematis
2879 4951 3106 5011 partem,
3137 4954 3259 5012 qua:
3290 4957 3384 4993 ne-

1803 5014 2042 5068 cessaria
2073 5028 2178 5066 non
2220 5010 2340 5068 erat
2363 5011 2416 5065 in
2442 5010 2674 5082 simplici
2703 5010 3036 5077 narratione,
3072 5010 3310 5082 additam
3347 5024 3382 5082 a

177 5103 196 5135 ‹
220 5083 595 5168 .Tcneritudo
621 5079 917 5172 religionis,
951 5080 1022 5172 ν..
1062 5079 1164 5161 (1.,⁹
1180 5081 1474 5172 maximum
1513 5097 1577 5137 ac
1603 5097 1698 5152 po-
1727 5113 1780 5172 Β
1807 5082 2196 5172 Strabo‘fuisse
2231 5092 2522 5172 poeiar'um.
2544 5079 2831 5172 inore,jqui
2872 5082 3038 5172 situm
3067 5090 3120 5162 et
3151 5079 3380 5172 antiqui-

105 5157 488 5210 tentissiinum
535 5152 867 5207 credulitatis
909 5162 1106 5206 nostra:
1152 5152 1556 5207 incitamentum
1596 5163 1699 5208 est.

105 5222 234 5279 Erat
275 5227 552 5281 sa-culum
602 5223 857 5277 Ludovici
910 5222 987 5276 Pii
1022 5238 1251 5292 pronum
1301 5222 1367 5276 ad
1419 5223 1698 5291 pietatem,

106 5295 392 5364 signorum
426 5310 501 5350 ac
548 5293 929 5348 miraculorum
981 5294 1233 5364 avidum,
1265 5301 1377 5346 tum
1423 5308 1702 5349 sacrarum

106 5363 481 5438 reliquiarum
531 5365 1014 5438 comparandarum
1063 5363 1489 5438 cupidissimum,
1542 5365 1703 5438 visio-

108 5434 241 5490 nuni
267 5438 520 5507 denique
547 5451 610 5490 ac
640 5435 1039 5507 ircvelatimium
1073 5442 1138 5507 e_t_
1161 5434 1591 5507 amaritissiinum
1626 5435 1700 5489 si-

108 5507 219 5561 mul
282 5519 341 5563 ct
395 5503 819 5563 feracissimum.
879 5504 1054 5559 Testis
1105 5504 1243 5559 liber
1299 5503 1701 5558 Revelationum

105 5577 378 5643 Audradi,
406 5580 570 5632 testis
600 5577 748 5631 Visio
780 5576 1026 5630 Bernoldi
1057 5576 1378 5646 presbyteri,
1404 5583 1516 5628 tum
1539 5577 1701 5629 etiam

107 5649 427 5721 presbyteri
479 5649 782 5721 Anglicani,
811 5663 930 5716 qua:
969 5646 1200 5721 refertur
1241 5648 1310 5701 ab
1350 5656 1569 5721 auctore
1593 5647 1703 5721 An-

109 5717 320 5774 nalium
357 5717 844 5781 Bertiui'anoruui;
892 5718 1043 5771 testis
1076 5717 1324 5784 denique,
1371 5734 1435 5771 ue
1466 5717 1704 5786 singulas

106 5803 564 5844 commemorare
589 5792 787 5843 frustra
818 5803 1002 5852 coner,
1035 5789 1150 5842 htcc
1171 5788 1306 5842 visio
1337 5787 1559 5841 Wettini
1585 5804 1704 5842 mo-

107 5861 275 5918 nachi
318 5860 641 5936 Augiensis,
673 5860 826 5934 cujus
870 5859 1174 5932 exemplum
1219 5859 1287 5915 ad
1325 5867 1377 5916 te
1416 5859 1572 5916 mitto
1613 5859 1705 5918 de.

1808 5161 1973 5208 tatem
2009 5149 2250 5207 locorum
2299 5159 2358 5206 ut
2385 5151 2674 5222 plurimum
2709 5149 3044 5217 describunt,
3090 5151 3146 5205 in
3185 5149 3378 5218 quibus

1804 5240 1894 5280 res
1924 5233 2062 5278 actae
2089 5232 2216 5278 sunt
2240 5238 2375 5293 quas
2401 5223 2476 5278 illi
2501 5224 2742 5279 scribere
2771 5225 3123 5293 meditantur.

1881 5313 1901 5346 ι
1933 5294 2060 5348 Fuit
2087 5294 2175 5348 illa
2200 5291 2338 5350 visio
2383 5295 2622 5350 omnium
2654 5310 2774 5364 quae
2807 5291 3005 5364 saeculo
3051 5293 3143 5364 illo
3186 5304 3385 5364 evene-

1806 5374 1932 5420 runt
1959 5374 2012 5419 et
2033 5365 2388 5420 celeberrima
2411 5375 2468 5421 et
2496 5361 2894 5435 acceptissima.
2925 5361 3122 5435 Statim
3152 5361 3382 5435 credita,

1805 5435 1990 5490 statim
2045 5451 2143 5506 per
2204 5437 2486 5492 universas
2541 5433 2790 5490 Francici
2821 5433 3387 5506 _imperii_nationes

1806 5521 1996 5576 sparsa
2016 5503 2080 5562 ac
2105 5509 2316 5577 vulgata
2341 5516 2443 5560 est.
2475 5506 2797 5560 Hincmarus
2821 5503 3144 5577 Rheinensis
3166 5503 3380 5577 archie-

1844 5573 2055 5656 iscop_u_s_
2081 5573 2290 5634 cam—se
2313 5577 2698 5656 legissenreiert
2730 5577 2788 5656 in
2817 5573 3044 5656 epistola
3081 5576 3144 5629 de
3164 5574 3386 5656 .visione

1881 5644 2056 5703 ruoldi
2086 5644 2409 5720 presbyteri.
2449 5664 2468 5696 ‹
2506 5644 2614 5720 Sed
2633 5655 2688 5699 et
2725 5653 2966 5715 tempore
2998 5645 3179 5720 domui
3211 5644 3388 5720 Ludo-

1805 5721 1910 5775 vici
1965 5715 2327 5789 imperatoris,
2366 5717 2558 5789 inquit,
2592 5726 2755 5770 mtate
2785 5725 2969 5789 nostra
2989 5715 3214 5789 _cuidam
3268 5715 3385 5789 Wi-

1809 5790 1921 5844 tiuo
1952 5787 2070 5844 viro
2105 5791 2352 5858 religioso
2389 5787 2620 5842 revelata
2676 5788 2858 5858 relegi.
2918 5806 2937 5840 ι
2987 5787 3280 5858 Ratpertus
3326 5787 3378 5858 in

1809 5861 1986 5934 capite
2014 5877 2157 5918 nono
2185 5855 2250 5918 de
2278 5859 2497 5931 Origine
2525 5868 2581 5917 et
2603 5855 2831 5920 Casibus
2859 5855 3383 5920 monasteriiSanai
