4000 6452
186 413 281 474 773

991 400 1119 460 LIB.
1163 402 1251 458 ne
1284 372 1561 459 'visrous
1598 397 1687 458 er
1721 397 1926 460 osrru
1965 395 2217 458 warm
2254 393 2580 454 moment.

3310 391 3414 452 774

185 542 294 586 sum
322 542 333 576 :
367 520 526 575 faciat
574 516 716 589 quod
747 517 849 576 sibi
909 519 1148 574 videtur.
1206 516 1341 573 Nam
1396 518 1739 588 patriarchae,
1769 521 1822 581 Α
1846 513 1971 570 liter
2005 512 2213 568 inclusa
2243 511 2544 575 tenebatur,
2570 520 2799 579 quorum
2822 504 3018 563 multos
3043 521 3106 564 se
3131 509 3417 579 agnovisse

183 615 462 693 prophetze,
496 622 550 667 et
586 612 837 681 apostoli,
894 613 1177 682 omnisque
1236 612 1468 682 dignitas
1499 611 1739 667 ccelestis

95 763 100 769 .
185 714 286 770 sive
315 707 581 763 terrestris
606 723 703 777 pro
747 721 941 776 genere
970 706 1203 759 humano
1256 705 1523 759 laborant.
1554 704 1620 758 Et
1646 719 1742 759 vos

189 803 331 858 modo
358 798 526 868 magis
560 796 806 850 laborare
837 797 1064 860 debetis,
1097 796 1222 865 quia
1262 796 1382 849 istis
1406 795 1742 865 temporibus

186 891 475 961 fragiliores
525 903 728 942 sumus.
762 885 878 941 Tali
936 887 1387 942 sermocinatione
1446 886 1615 955 ipsius
1643 902 1738 940 an-

185 985 278 1055 geli
314 992 366 1038 et
394 980 633 1052 przedicti
666 979 852 1034 fratris
883 980 1030 1034 finita
1083 988 1167 1036 est
1191 981 1342 1049 prior
1367 979 1502 1033 visio
1529 997 1541 1032 :
1577 994 1736 1048 quim

187 1076 309 1147 ipsis
333 1071 512 1127 verbis
571 1072 637 1125 ad
667 1071 898 1126 invicem
935 1071 1145 1126 collatis
1174 1087 1238 1126 eo
1276 1069 1545 1124 referente
1573 1069 1740 1124 scribi

180 1161 420 1229 fecimus,
461 1163 595 1217 nihil
650 1163 770 1217 inde
823 1163 1096 1218 dementes
1155 1170 1248 1216 aut
1279 1162 1347 1216 de
1395 1172 1580 1216 nostro
1607 1161 1741 1233 adji-

183 1259 395 1320 cientes,
435 1271 533 1310 nos
572 1254 660 1325 qui
693 1255 808 1310 haec
835 1255 1035 1324 scripto
1058 1255 1572 1310 commendavimus.

247 1350 296 1405 3.
337 1347 757 1418 Expergefactus
790 1349 929 1404 idem
960 1349 1127 1403 frater
1153 1348 1355 1403 resedit
1381 1365 1395 1414 ;
1438 1356 1490 1403 et
1520 1347 1744 1401 circum-

183 1442 403 1512 spiciens
443 1441 486 1495 si
512 1441 632 1510 quis
667 1440 716 1494 ei
769 1441 1001 1504 adesset,
1035 1439 1237 1493 invenit
1301 1438 1452 1500 duos,
1486 1436 1744 1507 praeposi-

181 1531 286 1587 tum
326 1531 494 1602 ipsius
525 1530 838 1584 monasterii
868 1540 918 1584 el
953 1531 1182 1583 alterum
1217 1528 1463 1592 fratrem,
1507 1527 1574 1580 ad
1600 1527 1743 1582 sola—

184 1625 305 1678 tium
336 1623 454 1694 cjus
484 1621 792 1687 derelictos,
833 1622 1042 1676 cmtcris
1066 1630 1187 1691 post
1215 1635 1427 1675 coenam
1457 1620 1525 1675 ad
1558 1634 1746 1689 repan-

177 1714 529 1785 sandnmjam
582 1713 839 1769 dimissis.
879 1711 1013 1782 Ipsis
1039 1727 1166 1782 ergo
1217 1711 1549 1775 convocatis,
1579 1723 1744 1779 expo-

174 1809 274 1862 suit
320 1809 399 1862 eis
427 1807 607 1861 omnia
645 1821 743 1875 per
791 1805 1056 1868 ordinem,
1090 1820 1207 1873 quae
1261 1804 1313 1857 in
1373 1811 1483 1856 tam
1511 1808 1738 1872 angusto

1843 605 2153 670 fatebatur;
2198 611 2252 657 ct
2286 604 2338 657 in
2370 601 2580 658 catteris
2617 598 2772 664 locis,
2804 597 3103 653 innumeris
3129 601 3417 654 tormentis

1844 697 2044 752 diversi
2075 694 2286 765 generis
2328 692 2595 747 cruciatos
2625 698 2908 760 aspexerat
2941 706 2954 742 :
2992 689 3045 742 in
3073 688 3266 758 quibus
3300 688 3416 758 plu-

1845 791 2011 844 rimos
2045 796 2153 842 tam
2186 786 2410 842 minoris
2448 800 2608 854 quam
2633 781 2851 851 majoris
2878 782 3083 838 ordinis
3109 785 3416 837 sacerdotes

1844 889 2076 942 stantes,
2104 880 2262 932 dorso
2289 875 2563 946 stipitibus
2614 874 2958 938 inhrerentes,
2991 873 3044 926 in
3076 873 3197 944 igne
3230 872 3416 926 stricte

1842 969 1972 1023 loris
2002 968 2198 1038 ligatos
2247 969 2494 1021 viderat:
2532 967 2675 1035 ipsas
2732 980 2944 1034 quoque
2986 961 3215 1019 feminas
3241 963 3308 1016 ab
3338 962 3417 1017 eis

1843 1068 2140 1130 stupratas,
2173 1058 2335 1112 simili
2371 1057 2530 1112 modo
2571 1057 2894 1112 constrictas
2922 1064 3046 1110 ante
3075 1071 3191 1121 eos,
3239 1055 3292 1108 in
3324 1069 3416 1110 eo-

1844 1153 1963 1206 dem
1994 1152 2117 1222 igne
2165 1165 2335 1220 usque
2391 1150 2460 1204 ad
2493 1149 2607 1203 loca
2657 1149 2969 1218 genitalium
3011 1148 3294 1202 dimersas'.
3327 1145 3418 1199 Di-

1843 1251 2096 1313 ctumque
2127 1252 2209 1298 est
2243 1243 2292 1296 ei
2321 1241 2386 1296 ab
2419 1241 2629 1312 angelo,
2664 1241 2807 1311 quod
2837 1243 2955 1296 sine
2984 1240 3411 1306 intermissione,

1843 1352 1950 1390 uno
1979 1336 2065 1390 die
2105 1344 2313 1390 tantum
2377 1333 2710 1398 intermisso,
2745 1334 2830 1389 die
2883 1335 3062 1396 tertia,
3116 1349 3329 1404 semper
3357 1332 3414 1387 in

1844 1427 1976 1482 locis
2007 1425 2334 1498 genitalibus
2370 1425 2534 1495 virgis
2588 1425 2942 1480 caederentur.
2983 1425 3173 1480 Plures
3225 1437 3416 1477 eorum

1845 1535 1954 1574 sua:
1986 1518 2248 1590 agnitioni
2281 1527 2435 1572 notos
2457 1518 2685 1573 dicebat.
2717 1516 3090 1583 Sacerdotum,
3123 1515 3296 1586 inquit
3320 1530 3417 1569 an-

1845 1609 2015 1682 gelus,
2045 1611 2276 1664 maxima
2305 1626 2431 1681 pars
2479 1609 2765 1665 mundanis
2818 1611 2981 1668 lucris
3036 1609 3313 1674 inhiando,
3362 1615 3420 1661 et

1845 1702 2097 1772 palatinis
2123 1703 2268 1757 curis
2307 1702 2672 1768 inserviendo,
2705 1702 2851 1757 cultu
2879 1703 3110 1758 vestium
3133 1710 3191 1757 et
3219 1714 3412 1771 pompa

1845 1789 2175 1846 ferculorum
2206 1808 2262 1847 se
2315 1793 2639 1857 extollendo,
2691 1799 2974 1863 qumstum'
2999 1800 3191 1862 putant
3215 1807 3332 1846 esse
3361 1798 3418 1846 et

175 1898 271 1953 sibi
307 1898 569 1968 temporis
606 1895 833 1951 articulo
888 1903 1104 1949 ostensa
1159 1891 1390 1951 fuerant,
1415 1891 1567 1961 juxta
1598 1888 1741 1959 quod
1768 1875 1815 1932 Β
1843 1884 2115 1954 pietatem.
2145 1885 2442 1939 Animabus
2478 1885 2747 1948 lucrandis
2785 1901 2889 1938 non
2923 1884 3224 1954 invigilant.
3269 1882 3414 1937 Deli-

173 1993 256 2047 hic
297 1991 500 2060 scripta
536 1997 806 2054 tenentur,
839 1987 891 2040 in
935 1993 1143 2040 tantum
1172 1983 1283 2052 jam
1308 1981 1633 2052 praescripta:
1663 1980 1742 2034 vi-

174 2081 337 2138 sionis
408 2081 634 2134 horrore
698 2076 1104 2140 tremebundus,
1136 2085 1195 2128 ut
1243 2075 1410 2128 totius
1441 2070 1740 2140 corporalis

173 2171 422 2228 molestim
451 2169 793 2242 gravedinem
820 2167 1038 2232 oblitus,
1066 2163 1386 2220 intolerabili
1413 2171 1546 2218 testu
1578 2163 1737 2218 timo-

173 2264 242 2318 ris
270 2269 580 2317 vexaretur.
614 2259 672 2313 ln
700 2259 816 2329 ipsa
846 2273 974 2329 ergo
1010 2255 1371 2311 immensitate
1405 2253 1616 2309 timoris
1645 2269 1739 2308 an-

174 2353 284 2407 xius
314 2352 525 2423 proruit
552 2351 605 2405 in
647 2351 853 2405 terram
890 2364 1072 2405 coram
1126 2347 1400 2419 praedictis
1453 2346 1737 2415 fratribus,

175 2445 401 2500 distenso
434 2443 586 2499 omni
616 2457 840 2514 corpore
874 2442 928 2497 in
966 2442 1144 2496 crucis
1175 2442 1392 2495 modum
1421 2457 1432 2493 :
1465 2447 1518 2492 et
1547 2447 1740 2509 postu-

173 2538 316 2605 lavit,
349 2547 407 2592 ut
471 2536 617 2592 omni
657 2537 856 2590 virtute
909 2551 1015 2604 qua
1049 2541 1292 2604 possent,
1347 2547 1445 2601 pro
1498 2529 1740 2601 peccatis

173 2627 278 2698 ejus
305 2627 726 2684 intercederent.
750 2624 844 2680 Illo
873 2641 1001 2696 ergo
1029 2625 1107 2679 sic
1132 2631 1426 2694 prostrato,
1456 2627 1742 2690 coeperunt

169 2719 398 2789 prtcdicti
444 2717 642 2771 fratres
691 2724 801 2770 tam
854 2724 1059 2784 septem
1111 2712 1442 2786 poenitentia:
1477 2711 1735 2782 psalmos,

170 2819 322 2877 quam
361 2812 592 2862 catteros
647 2812 810 2860 tanta:
866 2804 1124 2859 anxietati
1185 2812 1359 2874 aptos,
1418 2802 1510 2872 qui
1540 2801 1642 2858 sibi
1670 2799 1738 2854 ad

172 2901 483 2956 memoriam
519 2895 894 2964 occurrerant,
934 2912 1033 2968 pro
1061 2912 1126 2951 eo
1154 2895 1462 2955 decantare.

234 2989 286 3044 ι.
327 2989 425 3046 llis
453 2991 530 3044 ita
561 2988 727 3043 finitis
783 2987 1039 3053 surrexit,
1095 2997 1150 3042 et
1182 2987 1380 3042 resedit
1407 2985 1462 3040 in
1514 2981 1734 3050 lectulo,

172 3082 440 3152 postulans
472 3081 758 3151 Dialogur‘n
786 3080 930 3134 beati
959 3076 1201 3150 Gregorii
1232 3071 1334 3132 sibi
1379 3076 1503 3148 legi.
1529 3075 1738 3131 Princi-

171 3172 254 3242 pia
285 3187 417 3244 ergo
456 3172 632 3227 ultimi
681 3170 802 3226 libri
840 3169 1082 3242 ejusdem
1131 3167 1341 3239 Dialogi
1390 3169 1641 3224 audiente
1669 3183 1735 3222 eo

1847 1977 1944 2030 ciis
1969 1973 2257 2032 affluentes
2287 1978 2340 2030 in
2373 1987 2548 2032 scorta
2580 1984 2846 2046 proruunt
2872 1993 2886 2041 ;
2943 1985 2998 2032 et
3029 1977 3103 2030 ita
3133 1976 3335 2040 evenit,
3361 1984 3422 2028 ut

1844 2083 1943 2123 nec
1967 2069 2090 2135 sibi,
2125 2085 2223 2125 nec
2247 2069 2368 2123 aliis
2391 2069 2774 2124 intercessores
2802 2083 2921 2124 esse
2948 2070 3174 2138 possint.
3207 2066 3422 2122 Saeculo

1844 2161 1988 2215 enim
2017 2161 2326 2231 pestilentia
2361 2171 2416 2215 et
2439 2162 2579 2214 fame
2600 2160 2866 2216 laboranti
2879 2176 2977 2215 sua
3009 2175 3168 2230 prece
3196 2174 3422 2215 succur-

1845 2270 1966 2310 rere
2001 2254 2320 2324 potuissent,
2353 2253 2396 2309 si
2437 2254 2644 2309 lucrum
2674 2254 2782 2309 Deo
2809 2262 2920 2308 tota
2947 2255 3146 2308 virtute
3173 2252 3420 2310 conferre

1842 2345 2158 2402 voluissent.
2179 2346 2373 2400 Etideo
2391 2344 2482 2400 tali
2499 2345 2999 2400 remunerationem
3033 2344 3136 2399 line
3158 2345 3423 2399 damnan-

1843 2451 1953 2507 tur,
2000 2442 2126 2511 quia
2166 2440 2590 2511 prtecedentibus
2649 2439 2856 2493 meritis
2911 2438 3039 2492 talia
3083 2439 3384 2509 patiuntur.

1913 2534 1964 2588 5.
2005 2533 2081 2588 lbi
2110 2549 2169 2588 se
2197 2537 2358 2588 etiam
2388 2533 2654 2601 quoddam
2682 2547 2838 2602 opus,
2872 2533 2926 2585 in
2955 2533 3171 2587 modum
3205 2530 3414 2588 castelli

1841 2623 1984 2696 ligno
2021 2635 2075 2679 et
2099 2624 2274 2694 lapide
2313 2624 2471 2678 valde
2493 2623 2798 2679 inordinate
2819 2623 3118 2694 conjectum
3147 2663 3164 2690 ,
3204 2632 3260 2677 et
3295 2622 3421 2676 fuli-

1841 2707 1963 2786 gi'ne
2005 2714 2244 2770 deforme
2289 2714 2489 2769 vidisse
2532 2713 2821 2778 fatebatur,
2865 2712 3012 2769 fumo
3049 2730 3121 2768 ex
3164 2729 3229 2768 eo
3257 2713 3312 2767 in
3339 2712 3420 2767 al—

1843 2813 1954 2859 tum
1982 2813 2297 2874 vaporante.
2331 2803 2426 2859 Cui
2457 2804 2807 2874 interroganti
2839 2805 2967 2874 quid
3001 2812 3166 2870 esset,
3202 2818 3421 2874 respon-

1842 2915 1960 2954 sum
1995 2909 2096 2990 est
2128 2898 2197 2953 ab
2241 2897 2451 2969 angelo,
2502 2897 2889 2952 habitationem
2942 2897 3110 2958 fuisse
3157 2910 3418 2965 quorum-

1839 2994 1965 3048 dam
2019 2989 2407 3048 monachorum
2456 2991 2522 3046 de
2572 2991 2801 3047 diversis
2844 2990 2978 3046 locis
3021 3000 3079 3046 et
3107 2989 3422 3060 regionibus

1840 3091 2290 3157 congregatorum
2331 3081 2397 3136 ad
2433 3083 2811 3153 purgationem
2853 3097 3028 3137 suam.
3071 3078 3174 3147 Qui
3216 3080 3285 3135 de
3321 3093 3422 3134 eo-

1842 3177 1964 3233 dem
2013 3189 2238 3231 numero
2289 3189 2456 3229 unum
2503 3173 2814 3244 specialiter
2869 3172 3214 3237 nominavit,
3259 3183 3422 3240 quem

172 3263 305 3320 lecta
353 3273 483 3321 sunt
535 3269 705 3336 usque
743 3265 810 3319 ad
854 3263 1374 3337 consummationem
1413 3277 1606 3318 novem
1645 3268 1740 3314 aut
1767 3237 1810 3298 Ο
1845 3270 1986 3326 dixi;
2033 3268 2228 3324 ibidem
2263 3267 2316 3321 in
2364 3280 2490 3320 arca
2519 3265 2769 3336 plumbea
2810 3264 3074 3320 inclusum
3108 3237 3425 3334 praestolare

170 3356 351 3412 decem
388 3358 660 3413 foliorum.
717 3355 894 3411 Finita
932 3369 1061 3425 ergo
1096 3354 1349 3420 lectione,
1388 3353 1632 3408 hortatus
1660 3357 1744 3406 est

169 3454 454 3523 praedictos
490 3452 708 3517 fratres,
742 3457 802 3504 ut
824 3449 1198 3504 lassitudinem
1255 3461 1415 3516 quam
1441 3460 1540 3514 pro
1568 3458 1633 3498 eo
1659 3443 1741 3498 vi-

167 3543 383 3615 gilando
416 3551 816 3605 contraxerant,
839 3541 1020 3612 quiete
1041 3553 1327 3609 corporum
1355 3543 1742 3608 temperarent,

166 3631 382 3707 sibique
404 3636 688 3706 paululum
721 3634 897 3689 noctis
935 3633 1169 3702 spatium
1209 3632 1351 3701 quod
1379 3627 1741 3701 superfuerat,

161 3713 231 3783 ad
259 3727 595 3799 'repausandi
621 3725 867 3781 inducias
895 3725 1270 3780 concederent.
1300 3723 1408 3778 lllis
1437 3738 1565 3793 ergo
1597 3737 1744 3778 rece-

165 3820 444 3886 dentibus,
477 3819 608 3874 etin
630 3828 786 3891 parte
817 3817 958 3873 illius
989 3816 1137 3873 cella:
1159 3817 1478 3887 corporibus
1503 3816 1570 3871 ad
1597 3815 1745 3885 quie-

167 3920 274 3970 tem
311 3913 617 3980 collocatis,
652 3913 769 3984 ipso
803 3913 966 3967 etiam
991 3920 1114 3982 post
1138 3920 1340 3965 tantam
1368 3908 1742 3964 lassitudinem

168 4014 276 4062 tam
315 4006 514 4061 anima:
541 4017 703 4075 quam
729 4002 973 4074 corporis
1003 4003 1057 4056 in
1085 4017 1332 4056 somnum
1358 4000 1618 4066 resoluto,
1647 4014 1741 4054 ve-

171 4094 246 4153 nit
273 4099 416 4154 idem
443 4097 664 4167 angelus
703 4096 794 4166 qui
826 4094 873 4150 ei
906 4095 957 4150 in
1015 4093 1180 4166 priori
1216 4094 1424 4150 visione
1481 4095 1549 4148 ad
1579 4095 1742 4164 pedes

173 4201 318 4247 stans
364 4199 695 4262 purpuratus
721 4189 990 4260 apparuit,
1027 4186 1273 4242 candidis
1328 4188 1559 4243 amictus
1586 4188 1744 4242 indu-

174 4285 364 4338 mentis
390 4284 458 4338 ad
492 4291 654 4352 caput
685 4291 860 4346 stans,
891 4280 1174 4350 splendore
1229 4279 1532 4334 incredibili
1585 4277 1744 4348 fulgi-

176 4375 288 4439 dus,
317 4389 553 4444 eumque
576 4372 786 4428 blandis
813 4371 1090 4440 alloquens
1118 4370 1476 4435 sermonibus,
1508 4367 1745 4422 laudavit

176 4465 479 4538 confugium
511 4466 647 4537 ejus,
679 4466 820 4536 quod
848 4465 915 4519 ad
941 4463 1109 4520 Deum
1132 4456 1484 4534 in'angustiis
1516 4465 1740 4533 positus,

177 4569 278 4614 tam
328 4560 514 4616 studio
539 4558 850 4630 psalmodite
871 4567 1032 4628 quam
1058 4556 1304 4612 lectionis
1353 4554 1578 4622 fecerat,
1614 4556 1741 4610 hor-

178 4662 292 4709 tans
313 4669 438 4709 eum
469 4653 538 4708 de
564 4660 761 4706 caetero
783 4651 900 4706 sine
928 4649 1142 4706 defectu
1175 4649 1424 4704 similiter
1457 4658 1743 4705 aucturum

180 4742 344 4816 [Leg.,
411 4739 706 4816 acturum].
773 4740 915 4796 inter
976 4750 1201 4796 caeteros
1251 4741 1417 4795 etiam
1476 4740 1744 4809 psalmum

181 4839 532 4892 centesimum
584 4841 834 4891 octavum
889 4832 1176 4898 decimum,
1199 4833 1326 4903 quia
1359 4832 1575 4887 moralis
1605 4832 1657 4886 in
1682 4847 1747 4887 eo

184 4932 508 4989 describitur
534 4929 730 4997 virtus,
760 4941 899 4999 smpe
926 4927 1276 4998 repetendum
1309 4926 1589 4980 admonuit
1617 4940 1631 4979 :
1665 4942 1748 4980 se-

183 5035 279 5091 que
298 5025 460 5080 valde
497 5022 775 5088 delectari,
803 5036 926 5075 cum
953 5019 1184 5089 aliquem
1219 5017 1472 5073 instantia
1503 5017 1751 5072 lectionis

183 5125 234 5169 et
255 5116 543 5173 iteratione
568 5113 877 5186 psalmodia:
907 5113 1172 5167 intentum
1215 5111 1429 5175 viderit,
1472 5109 1749 5181 Deumque

184 5208 249 5262 ob
281 5213 381 5266 hoc
407 5207 734 5282 placabilem
762 5205 879 5262 ﬁeri
909 5219 1088 5276 posse,
1115 5205 1160 5260 si
1192 5220 1321 5260 usus
1352 5205 1452 5260 iste
1477 5206 1751 5260 veraciter

185 5308 238 5354 et
262 5315 365 5357 non
401 5304 531 5358 iicte
581 5306 858 5356 teneatur.
887 5285 993 5354 'His
1029 5299 1194 5370 igitur
1224 5298 1402 5365 dictis,
1459 5300 1754 5370 assumpsit

188 5405 302 5448 eum
334 5395 478 5451 idem
510 5393 750 5464 angelus,
809 5399 863 5448 et
893 5391 1044 5447 duxit
1095 5407 1192 5462 per
1243 5392 1390 5446 .viam
1421 5392 1751 5448 amtenitatis

190 5484 549 5544 immensitate
607 5487 964 5557 pr:cclaram:
1015 5485 1067 5540 in
1105 5499 1209 5554 qua
1263 5485 1389 5539 dum
1445 5494 1749 5556 pergerent,

191 5580 422 5635 ostendit
453 5581 502 5635 ei
531 5587 740 5634 montes
769 5577 1047 5633 immensae
1083 5576 1384 5632 altitudinis
1433 5587 1488 5633 et
1521 5577 1754 5632 incredi-

191 5669 309 5728 bilis
335 5673 769 5748 pulebritudinis,
799 5672 890 5744 qui
941 5671 1095 5743 quasi
1124 5679 1306 5726 essent
1354 5670 1644 5725 marmorei
1677 5671 1756 5724 vi-

193 5760 478 5830 debantur,
501 5781 635 5836 quos
669 5763 989 5818 circumibat
1018 5763 1286 5817 maximus
1321 5761 1514 5816 fluvius
1545 5763 1755 5832 igneus,

193 5850 249 5911 in
279 5873 390 5932 quo
422 5858 828 5915 innumerabilis
857 5857 1144 5914 multitudo
1165 5858 1543 5913 damnatorum
1568 5871 1760 5930 ptena‘

1847 3362 2046 3419 debere
2087 3362 2230 3417 diem
2268 3360 2445 3431 magni
2478 3359 2670 3430 judicii
2713 3370 2933 3429 propter
2959 3374 3095 3428 opus
3123 3356 3422 3426 peculiare,

1848 3457 1989 3526 quod
2020 3455 2075 3508 in
2105 3453 2316 3508 Anauia
2361 3461 2415 3508 et
2444 3452 2673 3522 Sapliira
2698 3453 2766 3508 ad
2792 3452 3241 3522 corrumpendum
3267 3463 3423 3505 com—

1848 3545 2029 3602 munis
2055 3545 2179 3598 vita:
2208 3543 2574 3612 integritatem
2610 3549 2981 3613 praecesserat.
3022 3541 3098 3596 De
3122 3555 3232 3610 quo
3255 3539 3424 3594 fratre

1849 3637 2229 3695 damnabiliter
2256 3636 2482 3701 incluso,
2516 3636 2728 3692 cuidam
2756 3637 3040 3709 peregrino
3078 3637 3129 3690 in
3165 3635 3422 3691 extremi-

1850 3742 1960 3798 tate
1995 3732 2117 3788 vitae
2146 3748 2242 3803 per
2267 3746 2551 3788 excessum
2577 3739 2734 3801 rapto
2761 3739 2885 3786 ante
2921 3729 3175 3786 decennii
3211 3739 3427 3800 tempus

1846 3833 2121 3880 ostensum
2164 3822 2355 3888 fuerat,
2389 3824 2531 3879 sicut
2575 3833 2703 3878 tunc
2743 3821 2886 3879 fama
2915 3823 3260 3896 vulgaverat,
3291 3819 3429 3890 jam-

1845 3934 1951 3988 que
2006 3918 2096 3973 diu
2153 3916 2500 3974 obliteratum
2553 3916 2822 3974 oblivione
2880 3916 3096 3982 fuerat,
3146 3917 3254 3972 isto
3317 3915 3430 3970 fra-

1845 4021 1928 4067 tre
1969 4011 2086 4067 haec
2123 4019 2250 4066 ante
2295 4010 2517 4065 minime
2563 4009 2846 4076 audiente,
2898 4016 2956 4065 et
2993 4009 3061 4064 ad
3103 4007 3426 4064 memoriam

1845 4102 2090 4158 eamdem
2121 4116 2338 4157 causam
2369 4101 2532 4156 simili
2566 4101 2772 4156 visione
2800 4109 3110 4156 revocante.
3147 4099 3302 4156 Unde
3329 4114 3430 4169 ap-

1845 4204 2000 4266 paret
2027 4196 2078 4249 iu
2130 4210 2233 4249 una
2279 4211 2336 4250 re
2381 4195 2506 4260 bina
2536 4194 2823 4249 iteratione
2867 4193 3097 4263 repetita
3141 4193 3244 4247 hoc
3283 4191 3427 4261 quod

1849 4287 1990 4340 male
2024 4286 2280 4357 pullulat,
2313 4285 2561 4340 crebrius
2603 4284 2810 4340 succidi
2841 4285 3067 4350 debere;
3100 4299 3169 4338 ne
3210 4282 3298 4338 his
3335 4282 3427 4352 qui

1849 4379 2238 4434 monachorum
2266 4379 2487 4432 nomine
2516 4386 2827 4439 censentur,
2869 4391 3005 4445 opus
3025 4375 3302 4446 peculia-re
3327 4373 3428 4431 ibi-

1851 4472 1972 4528 dem
2003 4479 2249 4526 vertatur
2275 4471 2327 4524 in
2356 4470 2560 4540 plumbi
2592 4468 2958 4540 gravedinem.

1922 4563 1975 4618 6.
2016 4561 2093 4616 lbi
2123 4563 2287 4617 etiam
2315 4569 2530 4616 ostensa
2561 4569 2645 4616 est
2667 4563 2716 4616 ei
2749 4560 3028 4629 cujusdam
3057 4561 3260 4618 montis
3297 4560 3426 4616 alti-

1851 4656 2000 4712 tudo.
2034 4655 2102 4710 Et
2144 4656 2349 4711 dictum
2395 4662 2482 4710 est
2513 4655 2581 4710 ab
2635 4655 2826 4726 angelo
2871 4655 2939 4710 de
2971 4656 3206 4726 quodam
3234 4657 3428 4712 abbate

1849 4759 1976 4806 ante
2012 4749 2335 4805 decennium
2370 4747 2645 4814 defuncto,
2677 4748 2820 4818 quod
2854 4749 2908 4803 in
2949 4749 3263 4804 summitate
3305 4747 3428 4817 ejus

1848 4850 1994 4898 esset
2015 4842 2083 4897 ad
2108 4842 2486 4913 purgationem
2513 4855 2665 4897 suam
2701 4839 3012 4909 deputatus,
3042 4856 3150 4896 non
3177 4841 3246 4895 ad
3267 4841 3428 4894 dam-

1850 4935 2125 4989 nationem
2153 4941 2501 5002 pcrpetuam;
2533 4930 2840 5001 ibidemque
2867 4948 2994 4987 eum
3021 4946 3237 4988 omnem
3266 4930 3428 4985 incleo

1851 5025 2113 5080 meutiam
2161 5024 2309 5079 aeris
2355 5031 2412 5076 ct
2451 5029 2734 5078 ventorum
2785 5023 3280 5079 incommodita—tcm
3324 5021 3428 5075 im-

1857 5117 2142 5187 briumque
2175 5116 2307 5186 pati.
2359 5113 2728 5188 Adjunxitque
2767 5118 2913 5173 idem
2965 5117 3186 5189 angdus
3215 5117 3286 5171 de
3321 5130 3392 5169 eo
3413 5156 3428 5180 ,

1857 5209 1999 5280 quod
2029 5209 2248 5278 quidam
2279 5207 2564 5278 episcopus
2591 5221 2765 5280 nuper
2793 5207 3081 5264 defunctus
3112 5208 3214 5277 ipsi
3250 5205 3430 5260 abbati

1858 5302 2052 5359 solatio
2106 5317 2328 5371 precum
2382 5317 2602 5358 suarum
2649 5303 2718 5358 ad
2774 5301 3167 5371 impetrandam
3213 5299 3430 5354 veniam

1859 5397 2144 5454 subvenire
2169 5397 2467 5461 debuisset;
2498 5396 2638 5450 sicut
2661 5395 2711 5450 ei
2743 5395 2796 5447 in
2815 5393 3028 5447 visione
3051 5407 3315 5463 apparens
3337 5407 3434 5463 per

1856 5493 2143 5564 quemdam
2189 5491 2444 5548 clericum
2491 5489 2607 5557 ejus
2656 5486 3029 5542 mandaverat.
3081 5487 3434 5557 Praescriptus

1854 5599 1985 5640 vero
2003 5585 2291 5654 episcOpus
2320 5584 2423 5637 hoc
2448 5579 2784 5650 negligenter
2805 5585 3167 5648 pertractans,
3199 5578 3432 5633 clrarita-

1857 5676 1927 5733 tis
1955 5678 2153 5734 ardore
2199 5691 2305 5730 non
2338 5671 2650 5733 condoluit,
2683 5680 2743 5724 ut
2771 5671 2822 5725 ei
2849 5672 3152 5726 certamine
3192 5672 3435 5727 adhibito

1857 5777 2217 5824 succurreret.
2249 5766 2316 5820 Et
2342 5763 2545 5818 idcirco
2575 5778 2674 5818 nec
2721 5764 2824 5818 sibi
2845 5765 2984 5835 jam,
3013 5767 3110 5831 ait,
3142 5763 3435 5820 subvenire

1855 5861 2075 5934 poterit.
2103 5859 2170 5913 Et
2195 5858 2287 5914 ubi
2314 5856 2432 5914 est?
2457 5854 2708 5927 inquiens
2733 5856 3031 5934 ille._Ecce,
3052 5857 3150 5928 ait,
3173 5872 3244 5913 ex
3271 5854 3443 5912 altera
