4000 6454
490 421 597 483 775

1542 409 1889 470 HETTONIS
1928 403 2236 464 EPISCOPI
2273 402 2724 460 BASILEENSIS

3681 397 3778 452 718

490 547 649 612 parte
707 534 878 608 ipsius
912 532 1112 590 montis
1143 546 1253 587 sua:
1281 529 1646 586 damnationis
1705 540 1896 596 poenas
1958 521 2075 576 luit.
2107 524 2158 582 A
2184 531 2326 580 Nm,
2360 511 2952 612 inquibnpmventifntf
2986 512 3196 577 93803“,
3244 525 3344 612 Ριξο
3386 511 3654 612 ωεςοθάθ
3699 509 3777 564 f0-

561 631 614 686 "l.
630 629 708 685 De
719 629 926 684 visione
940 644 1067 684 vero
1078 641 1238 696 quam
1253 624 1440 695 paucis
1454 619 1946 694 prmlibavimus,ab
1961 618 2076 687 ipso

491 728 585 796 qui
598 727 716 780 haec
730 732 856 778 ante
871 721 1162 777 triennium
1177 719 1546 774 somniaverat
1559 715 1884 770 audivimus.
1918 711 2074 777 Veni,

491 814 760 887 inquit,in
789 813 1061 884 quoddam
1089 807 1454 866 habitaculum
1470 805 1676 861 ambitu
1691 805 1960 875 parietum
1985 804 2077 858 de-

491 909 761 973 stitutum,
797 907 851 961 in
881 921 988 976 quo
1015 903 1157 958 idem
1184 903 1352 957 abbas
1382 901 1529 958 tibiis
1553 899 1798 954 residens
1829 905 2078 952 cruenta-

492 1001 564 1056 tis
595 999 807 1055 vocavit
837 1013 946 1053 me.
987 997 1159 1062 Vade,
1198 997 1396 1067 inquit,
1428 995 1496 1049 ad
1526 994 1860 1064 episc0pum,
1891 1002 1946 1047 et
1989 991 2078 1046 dic

493 1090 545 1146 ei
570 1089 715 1160 quod
741 1103 980 1159 praesens
1009 1085 1218 1142 mansio
1246 1085 1378 1140 mihi
1415 1093 1468 1140 et
1491 1085 1597 1140 alio
1627 1085 1752 1139 data
1787 1084 2079 1139 contuber-

493 1183 602 1238 nali
633 1197 752 1237 meo
779 1189 1000 1252 propter
1044 1183 1150 1238 hoc
1179 1182 1412 1246 sorduit,
1440 1181 1567 1250 quia
1596 1181 1806 1235 duobus
1843 1180 1933 1234 hic
1981 1194 2078 1234 co-

494 1273 716 1330 mitibus
760 1275 814 1329 in
846 1275 1072 1330 thermis
1101 1289 1160 1329 se
1187 1274 1498 1330 lavantibus
1546 1275 1906 1330 intolerabilis
1937 1272 2079 1328 fetor

496 1363 622 1419 inde
639 1378 994 1434 consurgens,
1025 1379 1163 1435 pene
1184 1380 1306 1421 eam
1337 1365 1493 1420 nobis
1519 1364 1928 1419 inhabitabilem
1959 1365 2079 1417 red-

493 1455 646 1510 didit.
678 1455 744 1510 Et
771 1455 1140 1526 ideoquoquo
1169 1457 1331 1511 modo
1379 1455 1624 1512 collectis
1655 1456 1896 1525 undique
1929 1470 2079 1509 sum-

491 1543 673 1616 ptibus
705 1546 949 1616 patentia
985 1546 1221 1601 claudat.
1261 1545 1413 1614 Quod
1444 1547 1490 1601 si
1519 1562 1616 1618 per
1645 1561 1703 1602 se
1740 1557 1986 1616 sumptus
2008 1545 2077 1600 ad

493 1637 922 1694 concludendum
949 1654 1012 1695 ea
1045 1655 1151 1694 non
1191 1639 1465 1704 habuerit,
1504 1639 1831 1709 legationem
1877 1638 2078 1706 dirigat

494 1727 563 1782 ad
590 1729 922 1783 monasteria
963 1728 1330 1784 denominata.
1377 1728 1506 1783 Inde
1553 1728 1758 1783 solatiis
1799 1736 2079 1797 gratanter

494 1818 910 1885 administratis,
950 1820 1274 1890 supplebunt
1301 1820 1483 1874 omnia
1514 1819 1778 1876 clausurze
1809 1820 1936 1874 huic
1975 1835 2071 1875 ne-

496 1912 754 1968 cessaria.
809 1910 964 1978 Quod
1014 1912 1240 1966 audiens
1275 1912 1559 1982 episc0pus
1610 1929 1622 1964 :

495 2005 689 2074 inquit,
722 2003 1055 2058 somniorum
1086 2017 1192 2056 non
1223 2011 1345 2056 sunt
1377 2001 1721 2056 attendenda.
1750 1999 1856 2056 Sed
1881 2009 1936 2056 et
1958 2002 2075 2070 ipsa

500 2094 689 2148 eadem
719 2093 948 2164 angelus
974 2092 1028 2147 in
1062 2091 1318 2162 praesenti
1363 2091 1571 2146 visione
1600 2091 1892 2157 remonuit,
1929 2092 2076 2162 quod

495 2188 784 2258 episcopus
813 2185 1007 2241 solatia
1052 2201 1276 2256 precum
1317 2200 1538 2240 suarum
1564 2185 1730 2240 etiam
1771 2200 1803 2240 a
1845 2185 2076 2240 mortuis

501 2285 804 2334 conventus
839 2293 946 2333 non
981 2277 1436 2333 subministravit.
1464 2276 1570 2348 Ipsi
1601 2292 1732 2332 vero
1760 2275 1917 2332 fratri
1937 2317 1952 2340 ,
1981 2276 2077 2348 qui

494 2367 614 2423 haec
637 2369 794 2438 quasi
825 2369 892 2423 de
924 2368 1114 2424 inferis
1149 2370 1218 2424 ad
1243 2384 1470 2440 superos
1496 2369 1828 2441 reportabat,
1857 2369 2079 2442 praesci-

495 2468 610 2516 tum
637 2469 766 2516 ante
796 2477 904 2517 non
932 2462 1133 2518 fuerat.

563 2554 619 2610 8.
659 2553 772 2609 lllic
799 2555 962 2610 etiam
992 2555 1280 2624 quemdam
1305 2555 1608 2626 principem
1633 2568 1683 2622 ι,
1717 2555 1809 2626 qui
1833 2555 2002 2610 italiae
2023 2563 2081 2611 et

493 2646 676 2718 populi
730 2648 960 2703 Romani
1011 2657 1225 2719 sceptra
1273 2649 1547 2718 quondam
1591 2657 1828 2713 rexerat,
1875 2648 2080 2702 vidisse

494 2749 729 2797 stantem
764 2741 999 2806 dixerat,
1029 2750 1085 2796 et
1111 2742 1341 2796 verenda
1374 2740 1491 2810 ejus
1519 2741 1796 2809 cujusdam
1827 2740 2080 2795 animalis

496 2841 684 2882 morsu
729 2825 942 2890 laniari,
976 2825 1184 2897 reliquo
1216 2825 1431 2895 corpori
1469 2825 1696 2879 immuni
1739 2826 1806 2880 ab
1844 2825 1947 2879 hac
1987 2825 2080 2878 la:-

497 2918 650 2978 sione
679 2927 949 2975 manente.
997 2918 1228 2989 Stupore
1268 2917 1434 2989 igitur
1477 2917 1785 2971 vehementi
1814 2917 2080 2982 atbnitus

499 3011 873 3067 admirabatur
901 3011 1172 3083 quomodo
1199 3017 1383 3063 tantus
1415 3009 1518 3074 vir,
1546 3007 1638 3078 qui
1669 3007 1724 3062 in
1761 3005 2080 3062 defensione

497 3107 780 3164 catholica:
807 3107 932 3161 fidei
955 3114 1010 3161 et
1039 3103 1304 3175 regimine
1328 3110 1530 3158 sancta:
1547 3101 1800 3156 Ecclesia:
1815 3099 2080 3156 moderno

498 3197 695 3254 saeculo
711 3211 847 3268 pene
875 3196 1016 3250 inter
1040 3203 1268 3249 caeteros
1280 3192 1570 3263 singularis
1601 3193 1871 3262 apparuit,
1899 3191 2080 3264 puniri

2181 616 2425 662 turorum
2457 604 2590 660 nihil
2618 611 2805 674 agunt.
2839 601 2946 658 Sed
2976 618 3100 659 cum
3143 604 3450 659 mundanas
3476 603 3636 676 leges
3678 619 3778 676 pro

2179 696 2480 753 coercenda
2526 695 2654 749 mali
2685 695 2910 749 audacia
2939 694 3344 754 administrant.
3388 695 3591 752 damna
3624 697 3776 770 lega-

2179 789 2272 855 lia,
2308 803 2428 858 quae
2470 787 2808 844 debitoribus
2853 785 3120 858 inﬂigunt,
3146 787 3350 859 absque
3385 788 3774 846 misericordia

2179 888 2235 936 et
2285 881 2443 950 quasi
2495 880 2600 935 sibi
2655 880 2856 944 debita,
2898 895 3010 936 suae
3054 881 3297 936 avaritiae
3338 891 3637 952 reponunt,
3688 884 3774 940 hic

2181 973 2378 1027 iterum
2431 971 2776 1026 invenienda.
2816 969 3091 1026 Justitiam
3134 987 3264 1028 vero
3313 987 3411 1044 spe
3456 972 3775 1031 futurorum

2181 1080 2458 1136 nunquam
2488 1072 2655 1136 agunt
2687 1083 2701 1119 :
2730 1064 2822 1120 sed
2850 1079 2973 1120 cum
3003 1080 3125 1120 eam
3155 1065 3325 1137 gratis
3353 1065 3556 1122 oﬁerre
3584 1070 3772 1124 omni-

2178 1158 2280 1213 bus
2307 1173 2407 1228 pro
2436 1157 2764 1211 aaternitatis
2795 1156 3046 1212 mercede
3086 1156 3348 1222 debeant,
3381 1171 3602 1228 semper
3649 1174 3773 1214 eam

2179 1249 2425 1304 venalem
2444 1289 2458 1313 ,
2500 1247 2646 1302 sicut
2665 1255 2722 1301 et
2750 1246 2988 1300 animam
3019 1261 3196 1311 suam,
3223 1256 3464 1318 portant.
3490 1247 3772 1316 Quosdam

2179 1341 2324 1396 enim
2344 1339 2460 1408 jam
2483 1339 2758 1410 judicatos
2783 1337 3102 1393 nominatim
3132 1339 3367 1404 dixerat,
3401 1339 3549 1395 sicut
3585 1341 3770 1396 Evan-

2179 1432 2382 1504 gelium
2431 1431 2498 1486 de
2547 1429 2844 1485 incredulis
2886 1429 3266 1500 pmloquilur:
3301 1429 3409 1496 Qui
3443 1442 3622 1485 autem
3671 1448 3771 1486 non

2180 1527 2364 1593 credit,
2416 1525 2692 1595 inquiens,
2736 1525 2854 1596 jam
2875 1525 3154 1595 judicatus
3203 1534 3277 1579 est
3307 1523 3494 1594 (Joan.
3542 1542 3627 1588 ιιι,
3666 1527 3767 1596 18).

2177 1619 2606 1676 innumerabiles
2634 1618 2801 1673 etiam
2838 1633 2896 1674 se
2922 1617 3123 1673 vidisse
3167 1617 3374 1682 retulit,
3407 1628 3519 1671 tam
3554 1619 3623 1672 de
3662 1618 3770 1687 ple-

2177 1713 2320 1778 beio,
2357 1727 2520 1781 quam
2552 1711 2616 1766 de
2643 1710 2834 1766 Ordine
2858 1709 3180 1764 monachico
3205 1708 3556 1763 diversorum
3591 1722 3767 1763 emno.

2177 1805 2394 1860 biorum
2420 1814 2476 1860 et
2502 1804 2808 1873 regionum,
2837 1802 3049 1874 aliquos
3076 1803 3132 1857 in
3161 1801 3359 1874 gloria,
3387 1801 3662 1873 quosdam
3683 1817 3768 1858 eo-

1679 1911 2070 1978 Delimmema,
2099 1892 2150 1952 B
2177 1913 2301 1952 rum
2329 1897 2384 1950 in
2414 1910 2577 1966 poena
2603 1894 2914 1966 depressos.

2249 1986 2338 2041 10.
2379 1985 2474 2042 His
2502 1999 2633 2054 ergo
2667 1994 2722 2040 et
2762 1985 2976 2067 caneris
3016 1984 3508 2040 innumerabilibus
3543 2000 3765 2056 conspe-

2179 2077 2321 2144 ctis,
2361 2093 2481 2148 quae
2506 2093 2671 2133 causa
2699 2076 3006 2148 compendii
3049 2077 3189 2148 stylo
3229 2089 3490 2132 currente
3531 2077 3762 2132 exclusi-

2178 2184 2325 2234 mus,
2355 2169 2510 2224 duxit
2533 2184 2658 2224 eum
2702 2168 2770 2223 ad
2799 2168 2917 2224 loca
2941 2167 3309 2238 pulcherrima
3350 2169 3592 2222 naturali
3642 2182 3769 2222 con-

2181 2261 2478 2316 structione
2518 2260 2739 2316 fundata
2767 2301 2782 2326 ,
2833 2275 2958 2316 cum
3001 2260 3238 2314 arcubus
3285 2260 3438 2329 quasi
3483 2260 3666 2314 aureis
3711 2267 3766 2314 et

2180 2353 2477 2424 argenteis,
2527 2368 2691 2423 opere
2729 2352 2980 2423 anaglyfo
3021 2350 3112 2425 [In
3160 2350 3400 2406 Puteano
3447 2352 3666 2405 additur
3707 2353 3766 2404 in

2180 2443 2457 2513 margine:
2489 2442 2544 2497 id
2587 2452 2691 2508 est,
2727 2441 2939 2514 caelato]
2973 2442 3210 2497 discreta
3259 2460 3273 2496 :
3304 2458 3426 2513 quae
3457 2451 3611 2497 tanta
3653 2457 3768 2496 ma-

2182 2534 2464 2608 gnitudine
2506 2541 2563 2589 et
2594 2532 2884 2589 altitudine
2910 2541 2965 2588 et
2990 2543 3102 2588 tam
3129 2533 3542 2604 pulchritudine
3587 2533 3764 2587 incre-

2183 2626 2336 2682 dibili
2378 2626 2732 2692 claruerant,
2781 2634 2844 2681 ut
2892 2641 2994 2682 nec
3045 2641 3076 2679 a
3121 2634 3300 2680 mente
3357 2626 3621 2696 concipi,
3674 2639 3767 2680 nec

2183 2732 2279 2773 ore
2300 2719 2539 2773 humano
2557 2716 2791 2790 proferri
2822 2717 2955 2772 tanti
2982 2717 3319 2773 immensitas
3343 2717 3539 2787 operis
3564 2726 3763 2789 posset.

2183 2809 2335 2866 Tunc
2369 2812 2631 2882 processit
2669 2810 2785 2867 Rex
2826 2825 3014 2884 regum
3061 2819 3118 2866 et
3163 2811 3425 2867 Dominus
3479 2812 3762 2868 dominan-

2185 2907 2320 2963 tium
2357 2905 2869 2962 cum'multitudine
2913 2913 3246 2971 sanctorum,
3295 2913 3449 2960 tanta
3500 2904 3680 2976 gloria
3721 2917 3770 2961 et

2184 2995 2466 3064 majestate
2498 2994 2752 3066 fulgidus,
2793 3002 2852 3049 ut
2891 2995 3053 3050 homo
3082 2995 3362 3066 corporeis
3402 2995 3586 3051 oculis
3617 2995 3771 3064 jubar

2185 3086 2322 3140 tanti
2364 3085 2584 3140 luminis
2626 3095 2680 3140 et
2709 3085 3030 3156 dignitatem
3069 3085 3253 3158 gloria:
3289 3095 3637 3154 sanctorum,
3663 3104 3770 3158 quae

2185 3177 2386 3234 ibidem
2401 3177 2670 3247 apparuit,
2691 3175 2916 3232 sufferre
2940 3177 3267 3248 nequiverit.
3286 3179 3440 3235 Tunc
3468 3180 3591 3250 ipse
3618 3197 3774 3253 ange-

499 3301 650 3348 tanta
679 3250 1027 3346 deformitate
1055 3301 1230 3358 preme
1259 3287 1544 3357 potuisset.
1562 3285 1659 3341 Cui
1676 3286 1744 3341 ab
1771 3285 1959 3357 angelo
1984 3286 2082 3340 du-

2187 3271 2296 3336 lus,
2345 3270 2438 3340 qui
2484 3269 2602 3340 ejus
2650 3270 2843 3325 ductor
2887 3277 2945 3324 et
2989 3279 3241 3326 ostensor
3285 3269 3485 3337 fuerat,
3531 3272 3671 3326 dixit
3695 3250 3772 3327 'ad

499 3390 648 3437 ctore
661 3395 759 3436 suo
772 3379 1019 3450 protinus
1036 3391 1355 3448 responsum
1371 3385 1477 3442 est,
1493 3376 1636 3446 quod
1649 3391 1753 3446 qua
1761 3374 2081 3438 mvis'multa

499 3473 744 3527 miranda
779 3480 834 3525 et
862 3469 1149 3525 laudabilia
1179 3477 1234 3523 et
1258 3469 1368 3524 Deo
1408 3478 1635 3538 accepta
1680 3468 1919 3535 fecisset,
1949 3484 2084 3539 quo-

501 3579 622 3619 rum
685 3563 937 3620 mercede
999 3562 1297 3634 privandus
1343 3578 1450 3617 non
1499 3569 1614 3626 est,
1665 3569 1847 3616 tamen
1907 3563 2084 3631 stupri

503 3652 768 3708 illecebris
797 3654 1084 3718 resolutus,
1125 3669 1250 3708 cum
1280 3654 1492 3709 caeteris
1537 3653 1694 3708 bonis
1739 3653 1848 3708 Deo
1888 3652 2085 3708 oblatis

503 3745 902 3816 longaevitatem
947 3746 1075 3800 vita:
1116 3759 1228 3800 suae
1281 3744 1335 3798 in
1386 3743 1490 3799 hoc
1535 3744 1832 3799 terminare
1871 3742 2081 3808 voluit,

504 3840 658 3907 quasi
688 3854 854 3908 prava
903 3839 1214 3894 obscenitas
1260 3846 1315 3893 et
1345 3850 1603 3892 concessa
1653 3835 1940 3907 fragilitati
1986 3837 2088 3891 hu-

506 3945 680 3985 manae
710 3929 934 3986 libertas
957 3931 1099 3986 mole
1126 3938 1400 3985 tantorum
1429 3930 1697 3985 bonorum
1727 3930 1884 3985 obrui
1913 3937 1967 3983 et
1991 3930 2088 3984 ab—

507 4021 649 4076 sumi
679 4020 962 4091 potuisset.
1003 4020 1107 4088 Qui
1139 4029 1343 4084 tamen,
1382 4021 1578 4091 inquit,
1610 4021 1666 4075 in
1697 4029 1844 4078 sorte
1878 4021 2085 4076 electo-

508 4129 630 4169 rum
653 4114 722 4168 ad
751 4113 915 4167 vitam
947 4113 1362 4183 praedestinatus
1401 4119 1506 4167 est.

580 4208 632 4263 9.
672 4206 786 4262 illic
813 4206 977 4262 etiam
1007 4206 1146 4262 dona
1176 4206 1575 4277 prmmagniﬁca
1615 4214 1670 4263 et
1715 4206 2087 4263 innumerabi-

510 4298 586 4354 lia
612 4297 920 4368 pompatice
954 4313 984 4351 a
1017 4297 1270 4368 malignis
1300 4298 1584 4367 spiritibus
1609 4299 1676 4353 ad
1705 4297 2087 4369 proferendum

509 4392 761 4446 ordinata
781 4391 994 4446 viderat
1017 4392 1073 4446 in
1096 4391 1277 4462 palliis
1304 4392 1484 4447 aureis
1507 4401 1562 4446 et
1586 4394 1880 4464 argenteis,
1911 4395 2086 4464 equis,

511 4492 568 4537 et
596 4481 966 4536 linteaminum
996 4482 1296 4538 subtilitate
1318 4484 1695 4538 candentibus.
1719 4483 2090 4556 interrogante

2185 3378 2310 3418 eum
2335 3375 2348 3416 :
2383 3360 2633 3416 Crastina
2663 3361 2898 3432 migrare
2922 3360 3188 3428 debebas;
3227 3360 3322 3416 sed
3353 3361 3570 3416 interim
3602 3370 3774 3416 certa-

2187 3472 2308 3512 mus
2355 3471 2454 3528 pro
2483 3455 2882 3511 misericordia.
2913 3455 3066 3511 Tunc
3111 3467 3391 3527 praeeunte
3418 3455 3609 3526 angelo
3639 3471 3772 3528 per-

2188 3550 2332 3605 rexit
2361 3549 2450 3604 ubi
2491 3563 2781 3604 consessus
2823 3556 3134 3603 sanctorum
3179 3549 3526 3604 sacerdotum
3565 3548 3625 3603 in
3664 3547 3772 3619 glo-

2189 3640 2270 3694 ria
2289 3649 2346 3694 et
2370 3639 2634 3710 dignitate
2659 3638 3023 3695 inaestimabili
3048 3638 3307 3710 fulgebat.
3335 3640 3492 3695 Tunc
3516 3640 3655 3695 dixit
3679 3641 3724 3696 ei
3747 3658 3762 3693 :

2186 3732 2281 3788 Isti
2308 3741 2434 3787 sunt
2458 3731 2600 3802 apud
2626 3732 2794 3787 Deum
2819 3722 3032 3788 meritis
3056 3733 3323 3788 bonorum
3350 3748 3588 3804 Oper-um
3627 3748 3766 3790 coro-

2188 3827 2322 3892 nati,
2354 3825 2549 3896 quibus
2577 3841 2675 3882 vos
2701 3825 2877 3882 oﬂicia
2903 3825 3272 3882 ecclesiastica
3301 3825 3648 3896 impenditis.
3673 3824 3766 3881 Ro-

2189 3933 2378 3990 gemus
2407 3918 2550 3985 illos,
2586 3928 2647 3975 ut
2677 3920 2774 3974 tibi
2809 3921 3240 3978 misericordiam
3269 3920 3414 3991 apud
3458 3920 3635 3978 Deum
3671 3921 3762 3976 im-

2189 4023 2426 4083 petrent.
2459 4013 2555 4069 His
2582 4014 2765 4080 dictis,
2805 4014 3076 4087 supplices
3107 4013 3258 4080 facti,
3288 4014 3533 4070 orabant
3563 4028 3658 4070 eos
3696 4012 3768 4066 in.

2191 4114 2524 4162 tercessores
2550 4107 2690 4163 fieri.
2725 4108 2911 4163 Sancti
2950 4123 3083 4165 vero
3116 4106 3433 4164 sacerdotes
3468 4109 3594 4164 sine
3627 4121 3766 4162 mora

2191 4209 2475 4270 surgentes
2505 4211 2865 4272 perrexerunt
2883 4202 2948 4256 ad
2974 4202 3262 4269 thronum;
3292 4201 3628 4272 etprostrati
3655 4207 3770 4254 ante

2191 4294 2466 4360 thronum,
2520 4295 2949 4351 misericordiam
2977 4295 3324 4367 postulabant
3364 4295 3635 4366 praedicto
3674 4293 3772 4348 fra-

2192 4386 2283 4440 tri.
2317 4385 2408 4442 llle
2439 4402 2567 4442 vero
2597 4387 2823 4458 angelus
2850 4404 2977 4443 cum
3007 4388 3198 4444 eodem
3229 4386 3420 4453 fratre,
3456 4387 3570 4442 illis
3611 4388 3773 4442 inter-

2191 4483 2536 4544 cedentibus,
2590 4484 2655 4539 de
2686 4484 2846 4556 longe
2880 4484 2935 4539 in
2978 4493 3133 4555 parte
3183 4483 3350 4538 stetit.
3400 4481 3618 4549 Quibus
3656 4491 3777 4535 ante

516 4563 700 4626 autem
749 4586 815 4626 eo
843 4571 997 4640 cujus
1042 4573 1157 4627 haec
1201 4581 1404 4638 essent,
1434 4582 1490 4628 et
1525 4574 1653 4643 quid
1685 4574 1738 4627 in
1772 4575 2090 4646 ﬁguratione
2118 4615 2167 4674 υ
2194 4573 2449 4658 thronum
2489 4573 2808 4644 suppliciter
2832 4591 2929 4645 pro
2950 4572 3324 4630 misericordia
3351 4572 3775 4644 pestulantibus,

515 4679 613 4718 sua
639 4664 1025 4733 protenderent
1053 4681 1067 4718 :
1111 4663 1401 4730 Comitum,
1435 4666 1610 4736 inquit
1634 4667 1878 4737 angelus,
1912 4667 2090 4721 diver-

517 4773 697 4813 sarum
729 4757 1131 4826 provinciarum
1154 4757 1278 4825 jura
1323 4759 1626 4828 regentium
1668 4766 1796 4813 sunt
1833 4758 1947 4813 hazc
1988 4777 2000 4812 :
2034 4767 2095 4814 ut

517 4851 621 4904 huc
635 4848 912 4904 venientes
932 4863 996 4903 ea
1018 4849 1312 4914 inveniant,
1329 4859 1384 4905 et
1405 4850 1581 4905 sciant
1603 4849 1728 4919 quia
1754 4850 2090 4916 muneribus,

519 4940 737 5010 rapinis,
769 4948 824 4994 et
849 4941 1074 5004 avaritia
1100 4952 1357 5012 congesta
1397 4950 1546 4998 sunt.
1596 4940 1836 5009 Quorum
1881 4942 2092 5012 aliquos

518 5033 837 5086 nominatim
864 5034 1192 5103 exprimens,
1223 5035 1361 5090 dixit
1387 5051 1449 5091 ea
1497 5050 1774 5106 nunquam
1814 5033 2092 5091 defectura

517 5130 610 5173 aut
638 5120 864 5176 delenda
893 5123 1045 5192 prius
1087 5139 1247 5193 quam
1284 5125 1386 5194 ipsi
1430 5127 1697 5192 venirent,
1741 5134 1796 5182 et
1833 5141 1896 5181 ea
1935 5126 1988 5181 in
2019 5127 2093 5182 si-

518 5227 647 5266 num
691 5227 846 5267 suum
895 5214 1218 5283 reciperent.
1265 5215 1437 5280 Quam
1480 5216 1778 5271 terribilem
1811 5223 1941 5273 vero
1967 5231 2092 5272 sen-

521 5305 744 5360 tentiam
783 5305 850 5361 de
897 5307 1309 5362 conversatione
1348 5309 1606 5363 comitum
1641 5309 1925 5375 intulerit,
1971 5309 2095 5380 quis

521 5408 778 5450 enarrare
829 5395 1094 5452 sufﬁciat?
1133 5413 1254 5453 eum
1299 5399 1558 5468 quosdam
1599 5415 1788 5454 eorum
1832 5416 1940 5456 non
1981 5401 2098 5454 vin-

520 5483 671 5540 dices
706 5487 992 5544 criminum
1022 5504 1143 5544 esse
1171 5489 1392 5555 dixerit,
1423 5491 1519 5545 sed
1559 5491 1681 5546 vice
1721 5491 1920 5546 diaboli
1969 5507 2095 5561 per-

520 5582 800 5630 seeutores
827 5577 1126 5644 hominum,
1149 5577 1328 5648 justos
1354 5581 1682 5648 damnando,
1712 5591 1767 5636 et
1797 5597 1918 5639 reos
1937 5581 2096 5652 justi-

520 5659 758 5730 ﬂcando,
786 5664 994 5724 furibus
1023 5679 1078 5725 et
1103 5671 1383 5729 sceleratis
1405 5675 1873 5730 communicando.
1907 5675 2095 5732 Mune-

2192 4680 2298 4720 vox
2351 4653 2432 4719 de-
2447 4665 2643 4719 throno
2687 4666 2872 4721 audita
2901 4676 2985 4723 est
3033 4666 3086 4722 in
3135 4680 3457 4736 responsum
3483 4666 3566 4720 eis
3605 4664 3729 4719 data
3762 4681 3777 4715 :

2194 4755 2451 4825 Exempla
2500 4755 2872 4813 :edificationis
2919 4757 3040 4812 aliis
3069 4757 3253 4815 facere
3288 4756 3496 4818 debuit,
3530 4755 3633 4811 sed
3673 4769 3779 4810 non

2193 4848 2324 4904 fecit
2349 4867 2360 4902 :
2393 4848 2645 4918 Nihilque
2675 4851 2905 4920 amplius
2933 4851 2989 4905 in
3016 4851 3291 4922 responsis
3319 4849 3570 4903 auditum
3599 4857 3705 4902 est.
3724 4846 3779 4901 ln

2194 4937 2287 4995 illo
2314 4955 2444 5012 ergo
2493 4948 2602 4996 tam
2645 4942 2909 5012 praeclaro
2954 4943 3144 4999 ordine
3178 4944 3524 4998 sacerdotum
3558 4948 3780 4996 sanctos

2195 5030 2528 5104 Dionysium,
2580 5033 2892 5102 Martinum,
2941 5035 3271 5101 Annianum,
3302 5033 3683 5103 Hilariumque
3724 5046 3782 5087 se

2192 5127 2514 5196 cognovisse
2541 5127 2811 5182 asseruit-

2265 5218 2351 5273 ii.
2401 5220 2550 5275 Tunc
2578 5221 2773 5276 iterum
2811 5223 3127 5279 cohortante
3165 5222 3355 5294 angelo
3394 5220 3554 5276 simul
3583 5234 3777 5292 perre-

2191 5318 2410 5377 xerunt,
2447 5311 2537 5366 ubi
2564 5314 2845 5369 beatorum
2873 5324 3173 5386 martyrum
3205 5312 3493 5369 multitudo
3525 5313 3777 5368 innume-

2192 5403 2377 5461 rabilis
2415 5405 2774 5462 inaestimabili
2819 5408 2986 5478 gloria
3031 5408 3288 5480 fulgebat.
3337 5406 3432 5463 lsti
3478 5416 3625 5473 sunt,
3675 5406 3774 5469 ait,

2193 5513 2327 5568 quos
2356 5497 2620 5569 gloriosus
2650 5500 2966 5556 certaminis
2994 5500 3295 5570 triumphus
3331 5500 3398 5554 ad
3432 5505 3640 5553 tantam
3660 5495 3778 5568 glo-

2191 5590 2329 5645 riam
2364 5592 2632 5662 provexit,
2676 5608 2811 5661 quos
2859 5609 2956 5648 vos
2997 5593 3048 5647 in
3085 5592 3326 5647 Ecclesia
3363 5593 3568 5646 honore
3615 5603 3780 5643 exco-

2189 5680 2302 5738 litis
2325 5683 2392 5737 ad
2423 5684 2684 5740 honorem
2709 5693 2764 5739 et
2797 5683 3008 5740 laudem
3031 5685 3148 5749 Dei,
3181 5700 3318 5757 quos
3345 5684 3486 5739 inter
3516 5684 3781 5738 interces-

595 5813 622 5887 ς
662 5799 864 5885 Nempe
921 5802 1172 5886 .Carolum
1237 5805 1502 5878 Magnum,
1534 5817 1593 5865 ut
1626 5824 1691 5868 ex
1752 5811 1991 5870 carmine
2049 5810 2334 5874 Walafridi
2381 5815 2670 5884 constabit,
2720 5814 2811 5873 ubi
2859 5813 3022 5872 etiam
3046 5814 3430 5887 praadictorum
3472 5813 3685 5871 abbatis
3720 5820 3785 5869 et

521 5872 760 5950 βρίθωρί
787 5875 1008 5933 nomina
1032 5872 1365 5948 reteguntur.
