4000 6452
187 382 277 438 ἹΠ

991 375 1115 432 UB.
1158 378 1245 433 DE
1285 375 1558 432 VISIONE
1591 376 1677 453 ET
1718 373 1923 431 OBITU
1968 374 2224 430 WETlNl
2263 372 2588 433 MONACIH.

3314 372 3416 429 778

185 506 323 553 seres
362 503 460 561 pro
492 486 818 558 indulgentia
856 498 1199 558 peccatorum
1237 495 1452 541 tuorum
1494 502 1737 557 quaerere
1760 491 1816 550 Α
1840 488 2072 542 medium
2102 502 2207 541 non
2238 488 2431 551 audeo,
2464 484 2588 554 quia
2612 490 2832 553 propter
2854 482 3115 538 vilitatem
3136 499 3270 539 meae
3293 498 3424 555 pcr'

183 583 448 640 debemus.
501 575 647 643 Quos
678 593 801 633 cum
840 578 1000 633 simili
1039 576 1425 646 supplicatione
1454 577 1601 631 humi
1628 592 1749 647 pro-

181 679 371 729 stratos
398 676 704 731 cernerent,
738 667 918 721 statim
948 668 1063 722 sine
1093 667 1199 721 ulla
1227 666 1482 721 dilatione
1503 668 1570 721 ad
1593 669 1745 723 thro-

182 776 302 818 num
330 756 521 814 diviua:
548 753 843 821 majestatis
887 757 1198 820 tendentes,
1235 757 1495 826 prostrati
1533 758 1746 811 veniam

183 855 547 922 poposcerunt.
602 845 808 913 Quibus
849 862 880 900 a
920 847 1115 900 throno
1154 862 1257 900 vox
1298 854 1357 900 ut
1396 856 1521 901 ante
1551 849 1748 903 emissa

181 949 258 997 est
283 939 461 994 dicens
489 954 502 989 :
529 934 586 990 Si
621 951 714 991 eos
741 951 877 1006 quos
911 935 1051 989 male
1074 936 1333 999 docendo,
1369 937 1614 1006 exemplo
1637 953 1748 992 sua:

182 1033 454 1108 pravitatis
488 1032 755 1097 illexerat,
787 1039 845 1086 et
878 1047 907 1085 a
939 1030 1024 1084 via
1054 1030 1302 1083 veritatis
1331 1030 1383 1083 in
1411 1030 1554 1085 viam
1597 1046 1747 1086 erro-

182 1128 251 1183 ris
268 1123 605 1194 depravando
626 1138 719 1178 eos
740 1122 1057 1187 deduxerat,
1081 1122 1402 1186 correxerit,
1431 1131 1485 1177 et
1508 1123 1575 1178 ad
1602 1122 1746 1176 viam

180 1217 411 1273 veritatis
459 1214 769 1277 reduxerit,
816 1213 1045 1269 remissa
1084 1221 1227 1266 sunt.
1281 1213 1390 1268 Illis
1428 1222 1606 1268 autem
1651 1215 1751 1269 ite—

179 1324 292 1366 rum
325 1306 800 1377 interrogantibus,
840 1304 1109 1377 quomodo
1146 1306 1260 1359 haec
1294 1305 1557 1360 correctio
1589 1306 1657 1360 ab
1683 1318 1749 1360 eo

179 1398 289 1454 fieri
320 1396 623 1468 potuisset,
658 1406 720 1451 ut
756 1396 824 1452 ad
864 1400 1234 1456 remissionem
1272 1398 1593 1469 postulatam
1628 1412 1752 1466 per-

177 1488 353 1545 venire
380 1491 667 1556 potuisset,
704 1487 905 1543 iterum
942 1504 1047 1545 vox
1086 1491 1153 1547 de
1185 1492 1381 1544 throno
1423 1493 1507 1543 est
1547 1487 1615 1542 ad
1657 1501 1752 1541 eos

179 1577 311 1632 facta
337 1596 350 1632 :
375 1576 677 1639 Convocet,
722 1577 921 1646 inquit,
964 1594 1153 1635 omnes
1189 1595 1326 1649 quos
1367 1594 1465 1633 suo
1506 1577 1751 1647 exemplo

176 1676 263 1721 aut
300 1665 546 1721 doctrina
585 1666 654 1720 ad
703 1666 889 1722 illicita
934 1670 1136 1739 agenda
1180 1670 1583 1739 illaqucaverat,
1628 1682 1752 1737 pro—

176 1766 378 1811 stemat
404 1772 463 1812 se
491 1764 617 1811 ante
647 1772 760 1822 eos,
792 1766 847 1812 et
874 1759 1189 1829 profiteatur
1210 1774 1268 1813 se
1292 1758 1432 1813 male
1457 1758 1631 1829 egisse
1659 1764 1751 1811 aut

175 1847 419 1903 docuisse
445 1887 462 1911 ,
501 1855 559 1901 et
597 1847 833 1917 postulet
873 1850 1126 1913 veniam,
1169 1850 1420 1920 ipsosque
1461 1855 1608 1919 petat
1654 1863 1750 1918 per
1777 1856 1827 1916 Β

174 1935 340 1992 Deum
366 1937 789 2007 omnipotentem
815 1944 868 1993 et
896 1949 1111 1995 sanctus
1133 1955 1339 2004 omnes,
1376 1948 1435 1992 ut
1462 1940 1576 1992 haec
1603 1935 1744 1992 maia

174 2027 399 2082 ulterius
423 2042 523 2083 nec
541 2036 724 2100 agant,
748 2045 848 2085 nec
870 2029 1094 2084 doceant
1117 2049 1131 2083 :
1157 2030 1261 2084 illis
1283 2028 1498 2083 interim
1521 2028 1573 2082 iu
1595 2037 1746 2098 parte

175 2116 238 2171 de
272 2115 430 2186 longe
470 2118 759 2182 stantibus,
805 2118 944 2172 sicut
985 2119 1036 2172 in
1074 2119 1243 2189 priori
1287 2118 1628 2173 sacerdotum
1669 2118 1747 2172 in-

179 2205 522 2261 tercessione.
574 2206 720 2261 Inter
744 2222 878 2276 quos
911 2217 1127 2263 sanctos
1158 2207 1536 2265 Sebastianum
1559 2217 1613 2263 et
1635 2209 1745 2265 Va-

178 2298 519 2355 lentinianum
546 2300 830 2369 agnovisse
858 2298 1148 2357 fatebatur.

242 2389 324 2459 l2.
365 2389 493 2444 lude
522 2402 650 2461 ergo
683 2389 874 2461 angelo
899 2391 1226 2460 perduceute
1261 2393 1537 2448 tendentes
1572 2392 1639 2446 ad
1664 2392 1746 2447 lo-

175 2495 308 2545 cum,
342 2480 394 2535 in
422 2495 536 2550 quo
559 2481 966 2537 innumerabilis
990 2482 1275 2537 multitudo
1300 2491 1611 2538 sanctarum
1640 2484 1749 2537 vir-

175 2569 344 2639 ginum
384 2571 723 2635 morabatur,
767 2571 1169 2643 incomparabili
1203 2573 1465 2645 dignitate
1490 2584 1544 2630 et
1574 2573 1751 2644 splen-

175 2659 296 2715 dore
333 2662 553 2717 corusci
580 2661 801 2718 luminis
822 2663 1053 2734 fulgens.
1100 2663 1210 2729 liae,
1244 2666 1438 2735 inquit,
1475 2676 1600 2721 sunt
1628 2683 1751 2721 san-

176 2760 268 2808 ctae
312 2753 557 2821 feminae,
595 2755 792 2825 quibus
832 2770 928 2811 vos
971 2755 1287 2812 famulatum
1325 2759 1750 2814 ecclesiasticum

177 2844 239 2898 ad
274 2846 540 2903 honorem
571 2848 803 2903 nominis
835 2847 1035 2904 Christi
1067 2850 1394 2921 impenditis.
1445 2851 1554 2907 llas
1583 2853 1650 2908 ad
1677 2853 1754 2907 in-

179 2944 566 2999 tercessionem
616 2944 759 3012 apud
794 2944 959 2999 Deum
998 2958 1096 3015 pro
1128 2945 1434 3017 longiturna
1474 2946 1585 3001 vita
1616 2962 1745 3017 pm

179 3032 383 3088 mittere
402 3032 685 3090 debemus.
748 3033 844 3090 llis
872 3034 1047 3098 dictis,
1082 3043 1141 3089 ut
1165 3045 1311 3100 ante,
1340 3043 1752 3105 prostraverunt

182 3134 235 3176 se
266 3130 388 3176 ante
418 3138 537 3178 eas.
593 3123 697 3178 lllat
720 3124 905 3179 statim
947 3126 1045 3180 sub
1096 3126 1242 3180 omni
1293 3124 1634 3182 festinatione
1684 3126 1751 3182 ad

1846 592 1992 632 sonte
2013 578 2080 632 ad
2106 577 2208 632 hoc
2232 592 2317 631 me
2344 583 2525 645 aptum
2556 590 2662 627 non
2689 571 2882 628 sentio.
2935 572 3032 627 Cui
3059 574 3280 645 angelus
3309 589 3426 628 ma-

1847 683 1949 738 gna
1986 683 2107 721 cum
2145 666 2505 738 indignatione
2537 664 2813 734 respondit
2838 681 2849 716 :
2879 662 3030 730 Quod
3060 662 3200 717 Deus
3228 663 3342 716 vult
3370 671 3427 717 et

1845 774 1943 829 per
1968 774 2055 814 me
2083 758 2179 813 tibi
2205 756 2377 826 jubet,
2415 765 2469 810 tu
2504 772 2609 810 non
2637 756 2801 810 audes
2827 752 3112 824 proferre?
3144 753 3273 809 Post
3308 755 3424 809 hate

1845 849 2009 916 coepit
2036 863 2157 903 eum
2196 848 2488 903 admonere
2524 845 2682 900 modo
2718 845 2932 899 diverso
2960 843 3025 898 de
3052 846 3426 900 emendatione

1846 952 1963 991 sua.
2019 937 2149 1008 Ego,
2184 937 2358 1006 inquit
2389 936 2629 1007 angelus,
2659 934 2725 989 ad
2752 934 3051 989 custodiam
3088 936 3163 989 ttti
3195 936 3424 1005 deputa-

1848 1039 1934 1086 ttts
1960 1046 2098 1093 sum,
2127 1031 2218 1100 qui
2250 1031 2517 1100 quondam
2548 1028 2796 1083 Samsoni
2822 1026 2897 1082 illi
2920 1043 3077 1098 quem
3107 1027 3242 1083 liber
3268 1027 3420 1083 Judi-

1848 1138 1970 1178 cum
1998 1122 2271 1184 describit,
2302 1122 2368 1176 ab
2395 1122 2510 1191 ejus
2533 1128 2653 1174 ortu
2681 1137 2709 1174 a
2740 1119 2851 1175 Deo
2878 1136 2995 1174 sum
3019 1120 3298 1175 ordinatus
3322 1162 3336 1186 ,
3369 1130 3425 1176 et

1850 1212 1905 1266 iu
1953 1212 2101 1266 omni
2142 1217 2335 1266 conatu
2378 1226 2601 1279 operum
2647 1209 3014 1264 mirandorutn
3060 1207 3169 1262 Deo
3214 1208 3427 1264 favente

1849 1311 2168 1372 cooperator
2206 1301 2280 1356 illi
2323 1302 2541 1366 exstiti,
2581 1316 2749 1371 usque
2784 1302 2908 1355 dum
2947 1300 3126 1354 carnis
3161 1299 3426 1385 illecebris

1848 1396 2139 1455 emollitus.
2171 1396 2224 1449 itt
2257 1393 2425 1449 Dalila
2455 1394 2545 1449 Dei
2577 1393 2834 1448 offensam
2879 1393 3179 1458 incurrens,
3211 1404 3266 1448 et
3298 1409 3428 1448 cou-

1851 1485 2212 1541 secratiouem
2250 1499 2402 1539 suam
2437 1494 2617 1540 scorto
2642 1486 2898 1548 vendens,
2928 1500 2956 1537 a
2982 1484 3093 1539 Deo
3122 1492 3204 1539 est
3236 1483 3429 1539 dereli-

1852 1588 1991 1635 ctus.
2032 1581 2183 1635 Tunc
2210 1590 2389 1635 autent
2431 1578 2626 1634 recessi
2660 1572 2727 1633 ab
2758 1591 2842 1631 eo.
2894 1574 2974 1629 Tu
3012 1590 3142 1646 ergo
3170 1575 3222 1628 in
3248 1575 3431 1646 pueri-

1853 1670 1926 1724 tia
1951 1678 2041 1725 tua
2069 1671 2199 1725 mihi
2235 1670 2519 1741 placuisti:
2544 1684 2685 1725 nunc
2718 1683 2848 1722 vero
2884 1667 2937 1721 in
2978 1682 3213 1721 maerore
3242 1675 3293 1721 et
3314 1681 3430 1737 pce-

1853 1760 2097 1815 nitndiue
2127 1761 2305 1815 cordis
2339 1761 2407 1814 ad
2442 1760 2610 1814 Deum
2644 1773 2953 1822 conversus,
2993 1758 3187 1813 iterum
3225 1757 3425 1828 places.

1924 1852 2011 1907 M.
2060 1853 2116 1906 ln
2167 1852 2427 1907 coenobiis
2472 1851 2671 1907 etenim
2714 1851 3098 1905 monachorum
3136 1849 3430 1905 admouen-

1851 1940 1975 1995 dth
2024 1948 2129 2006 est,
2171 1949 2230 1995 ut
2267 1940 2522 1994 vitiorum
2558 1939 2829 1995 radicibus
2860 1939 3133 2004 arefactis,
3171 1939 3431 1993 virtutum

1848 2032 2057 2103 possint
2074 2032 2318 2103 germina
2350 2031 2615 2101 pullulare
2640 2050 2653 2085 :
2684 2031 2809 2100 quia
2839 2029 3061 2099 majoris
3091 2030 3301 2085 numeri
3328 2029 3433 2085 fre—

1848 2124 2066 2195 quentia
2097 2124 2368 2193 reperitur
2396 2136 2584 2176 eorum
2608 2163 2623 2188 ,
2655 2122 2745 2191 qui
2776 2121 3063 2175 mundanis
3094 2119 3433 2175 necessitati—

1849 2214 1969 2279 bus,
1997 2229 2159 2284 quam
2187 2213 2276 2284 qui
2308 2211 2509 2283 Spiritu
2534 2214 2628 2267 Dei
2655 2211 2722 2267 ad
2747 2211 2863 2268 haec
2885 2211 3143 2282 spiritalia
3169 2220 3343 2268 castra
3370 2226 3429 2267 se

1849 2306 2146 2361 conferant.
2182 2304 2445 2359 Animalis
2468 2304 2611 2358 enim
2640 2304 2800 2358 homo
2827 2319 2931 2358 non
2961 2302 3190 2372 percipit
3217 2317 3280 2355 ea
3305 2317 3425 2371 qua:

1849 2404 1976 2452 sunt
2004 2395 2236 2465 Spiritus
2264 2395 2379 2449 Dei.
2416 2394 2481 2448 Et
2516 2394 2637 2448 ideo
2672 2392 2988 2447 certandum
3018 2400 3101 2447 est
3138 2392 3263 2446 totis
3302 2391 3432 2445 viri-

1850 2486 1973 2551 bus,
2002 2502 2069 2541 ne
2098 2486 2438 2540 multitudine
2471 2474 3040 2555 carnalium‘tepescat
3074 2485 3182 2539 vita
3213 2483 3427 2552 spirita-

1850 2575 2017 2641 lium,
2062 2591 2132 2631 ne
2169 2576 2477 2631 abundante
2522 2575 2808 2645 iniquitate
2840 2573 3154 2644 refrigescat
3192 2573 3433 2629 charitas

1851 2667 2161 2721 multorum.
2214 2666 2483 2722 Caveatur
2515 2665 2742 2720 avaritia
2778 2685 2789 2719 :
2830 2680 2933 2734 qua
2978 2664 3287 2719 dominante
3326 2679 3433 2717 nou

1852 2757 2197 2812 descenditur
2225 2758 2292 2812 ad
2324 2765 2694 2828 paupertatem
2733 2757 2989 2827 spiritus,
3025 2772 3130 2827 qua
3169 2755 3429 2811 malorum

1851 2848 2029 2913 aditus
2053 2847 2354 2903 obseratur.
2407 2847 2660 2903 Ciborum
2688 2858 2739 2902 et
2769 2856 2926 2919 potus
2960 2846 3220 2918 ingluvies
3254 2857 3434 2903 verta-

1851 2945 1940 2992 tur
1978 2939 2032 2992 iu
2067 2939 2157 2993 vix
2199 2937 2552 2994 sufficientem
2588 2939 2762 2993 victus
2804 2939 3201 2993 necessitatem.
3253 2937 3431 3008 Aqua,

1850 3027 2048 3099 inquit,
2082 3029 2235 3086 valde
2260 3029 2327 3084 ad
2352 3029 2642 3100 potandum
2682 3028 2830 3083 utilis
2865 3037 2968 3094 est,
3011 3029 3133 3098 quia
3170 3028 3433 3083 naturalis

1849 3132 2007 3193 potus
2037 3130 2139 3177 est.
2176 3120 2331 3177 Nitor
2356 3122 2583 3175 vestium
2608 3128 2845 3175 mutetur
2874 3120 2927 3174 in
2952 3118 3312 3175 uecessarimn
3339 3136 3430 3173 ar-
3486 3154 3491 3159 -

183 3212 430 3268 thronum
470 3214 768 3280 tendentes,
810 3231 906 3285 pro
943 3214 1247 3287 longiturna
1282 3215 1397 3285 ejus
1429 3218 1538 3272 vita
1564 3226 1749 3288 postu-
1777 3238 1820 3300 ρ
1851 3216 2033 3281 cendtc
2064 3214 2322 3269 nuditatis
2347 3221 2400 3267 et
2427 3212 2639 3283 frigoris
2679 3220 3181 3283 temperamentum.
3238 3208 3433 3281 Super-

185 3300 372 3373 lantes,
396 3307 530 3377 ipsis
556 3308 771 3364 interim
801 3316 860 3363 ut
889 3309 1040 3378 prius
1070 3310 1123 3364 in
1154 3319 1307 3379 parte
1332 3311 1616 3366 stantibus.
1642 3311 1752 3365 An-

185 3402 392 3466 tequam
421 3412 552 3452 vero
579 3398 696 3453 solo
731 3398 799 3451 ad
831 3412 1021 3468 preces
1056 3407 1547 3470 prosternereutur,
1587 3415 1753 3469 appa-

185 3486 290 3540 ruit
315 3486 571 3555 majestas
596 3487 810 3542 Domini
846 3488 1079 3542 obviam.
1127 3488 1195 3542 Et
1222 3489 1439 3543 elevans
1463 3503 1556 3542 eas
1575 3529 1591 3555 ,
1618 3490 1756 3543 dixit

178 3575 254 3630 eis
281 3594 293 3628 :
322 3575 378 3631 Si
414 3577 558 3631 bona
595 3577 807 3640 doceat,
845 3585 899 3632 et
930 3578 1174 3646 exempla
1209 3578 1352 3632 bona
1393 3584 1533 3648 agat,
1576 3585 1631 3634 et
1661 3593 1755 3633 eos

169 3665 541 3735 quibusmala
572 3666 801 3736 praebuit
827 3666 1090 3738 corrigat,
1129 3668 1233 3723 erit
1259 3668 1447 3737 petitio
1479 3678 1681 3724 vestra.

238 3754 327 3808 15.
378 3754 520 3810 Post
557 3757 671 3811 haec
708 3756 833 3811 inde
869 3757 1204 3821 recedentes,
1239 3758 1403 3827 erupit
1441 3758 1488 3813 ei
1535 3759 1756 3829 angelus

169 3861 438 3918 exponere
485 3850 541 3904 in
565 3848 782 3919 quantis
809 3848 1060 3904 vitiorum
1091 3849 1340 3904 sordibus
1366 3850 1635 3906 volutatur
1663 3852 1757 3905 ltu-

170 3939 421 3995 manitas.
487 3937 641 3995 Licet
679 3940 840 4001 enim,
886 3940 1080 4008 inquit,
1111 3940 1163 3994 in
1196 3940 1441 3996 diversas
1468 3941 1754 3996 criminum

179 4031 595 4086 numerositates
620 4033 688 4087 ab
715 4039 934 4087 auctore
973 4048 1071 4088 suo
1100 4035 1315 4088 recedat
1344 4035 1639 4090 humanum
1664 4050 1755 4107 ge-

185 4137 299 4187 nus,
335 4122 546 4179 diabolo
578 4140 637 4179 se
670 4124 1057 4194 mancipando,
1107 4125 1161 4180 in
1205 4126 1351 4181 nullo
1392 4135 1569 4181 tamen
1611 4128 1754 4182 Deus

186 4213 347 4282 magis
375 4214 665 4270 offenditur
684 4255 698 4282 ,
730 4230 889 4284 quam
917 4232 1038 4270 cum
1069 4224 1257 4271 contra
1283 4226 1533 4271 naturain
1562 4234 1755 4287 pecca-

188 4308 286 4355 tur.
339 4303 405 4357 Et
426 4304 549 4359 ideo
574 4304 738 4359 multa
763 4306 1041 4375 vigilantia
1072 4308 1385 4361 certandum
1407 4317 1488 4361 est
1506 4309 1756 4364 omnibus

186 4388 330 4456 locis,
358 4409 427 4447 ne
450 4393 653 4450 scelere
692 4393 1009 4450 sodomitico
1050 4395 1143 4449 Dei
1178 4395 1545 4450 habitaculum
1584 4405 1757 4450 verta-

186 4485 267 4532 tur
290 4480 341 4535 in
366 4483 593 4555 delubra
625 4484 945 4539 dmmouum.
994 4483 1112 4539 Non
1154 4485 1325 4539 solum
1358 4486 1523 4552 enim,
1561 4486 1749 4557 inquit,

1852 3309 1955 3363 bim
1981 3316 2161 3361 tumor
2186 3306 2476 3361 mutandus
2501 3312 2584 3359 est
2612 3306 2663 3358 in
2689 3304 3044 3358 humilitatem
3083 3320 3187 3357 non
3227 3303 3427 3358 fictam.

1852 3397 1911 3452 lu
1940 3396 2261 3466 quibusdam
2302 3396 2445 3450 enim
2481 3395 2694 3448 videtur
2730 3395 3000 3448 cervicum
3048 3386 3283 3454 inflexio,
3334 3393 3428 3447 sed

1854 3502 1959 3541 non
1990 3485 2273 3554 deponitur
2298 3485 2353 3538 in
2386 3485 2464 3540 eis
2492 3483 2669 3538 cordis
2694 3484 2915 3538 erectio.
2961 3483 3019 3537 In
3059 3484 3159 3538 hoc
3199 3499 3431 3554 namque

1855 3577 2091 3632 maxime
2134 3577 2248 3646 ipsa
2299 3575 2411 3631 vita
2453 3575 2733 3645 apostolici
2786 3575 2993 3630 ordinis
3046 3575 3427 3640 confunditur,

1854 3669 1997 3739 quod
2027 3669 2252 3723 virtutes
2271 3667 2415 3722 vitiis
2434 3666 2766 3722 suffocantur
2787 3664 2986 3740 [Codex
3008 3666 3188 3733 Bcslii,
3210 3666 3431 3723 fuscan-

1855 3760 1985 3833 tur].
2025 3760 2091 3815 Et
2120 3762 2257 3815 dum"
2279 3760 2434 3831 culpa
2461 3775 2580 3830 quae
2601 3760 2699 3815 sub
2728 3760 2905 3830 specie
2940 3759 3157 3830 pictatis
3186 3760 3427 3821 intravit,

1854 3853 1910 3907 iu
1938 3869 2039 3908 usu
2071 3853 2362 3912 retinetur.
2395 3851 2507 3922 jam
2549 3853 2702 3923 quasi
2743 3868 2841 3923 pro
2884 3853 2997 3923 lege
3039 3861 3185 3909 recte
3218 3853 3431 3907 vivendi

1854 3944 2183 4001 defenditur.
2250 3943 2481 4016 Ideoque
2502 3946 2556 4000 in
2577 3945 2813 4001 occiduis
2837 3945 3173 4016 regionibus,
3206 3944 3431 4001 Cerma-

1853 4036 1957 4091 uiae
1984 4036 2233 4091 videlicet
2267 4042 2321 4091 et
2357 4034 2561 4100 Galliae,
2592 4034 2746 4090 istius
2770 4035 2975 4091 ordinis
3007 4035 3253 4090 homines
3278 4043 3337 4088 ut
3361 4033 3429 4087 ad

1852 4141 2035 4180 veram
2067 4124 2267 4180 Christi
2299 4126 2657 4179 humilitatem
2688 4131 2744 4179 et
2769 4123 3122 4179 voluntariam
3153 4132 3434 4193 pauperta-

1854 4226 1961 4272 tem
1986 4216 2343 4272 inf'ortueutur
2362 4258 2377 4282 ,
2404 4216 2725 4272 admonendi
2761 4223 2905 4277 sunt,
2937 4230 3003 4268 ne
3030 4230 3061 4268 a
3089 4212 3255 4282 janua
3285 4215 3431 4279 vitae,

1856 4310 1967 4364 Deo
2010 4310 2125 4364 haec
2174 4322 2272 4379 per
2316 4324 2400 4364 me
2440 4306 2756 4363 terribiliter
2794 4306 3211 4376 pronuntiante,
3258 4305 3434 4376 repel-

1856 4399 2058 4455 lantur.

1926 4490 2011 4544 15.
2057 4489 2266 4557 Quanta
2300 4486 2463 4544 etiam
2494 4486 2547 4542 in
2573 4485 3075 4559 congregationibus
3104 4484 3427 4542 feminarum

185 4566 266 4624 hic
291 4574 519 4628 morbus
542 4573 808 4628 virulenta
834 4575 1153 4646 contagione
1175 4576 1421 4646 irrepens
1447 4575 1616 4631 inficit
1638 4579 1753 4631 ani—
1781 4586 1829 4645 Ι)
1855 4580 2011 4651 culpa
2037 4578 2359 4643 excreverit,
2389 4586 2446 4633 et
2474 4579 2726 4633 damnum
2756 4578 2865 4632 Deo
2898 4576 3097 4632 factum
3136 4576 3186 4631 in
3220 4575 3431 4631 lucrum

184 4671 309 4727 mas,
354 4662 503 4718 inter
540 4679 598 4718 se
643 4665 927 4718 concubitu
972 4665 1619 4735 masculorumpollutas,
1657 4669 1753 4725 sed

184 4750 335 4805 etiam
366 4753 417 4806 in
447 4753 754 4823 eonjugatis
791 4754 1069 4823 multiplici
1108 4764 1260 4823 peste
1290 4764 1573 4812 concretus
1611 4757 1757 4813 iuve-

186 4838 338 4904 nitur,
361 4842 496 4896 dum
522 4842 574 4896 in
594 4842 799 4896 rabiem
830 4843 1116 4898 vexatione
1135 4843 1374 4898 libidinis
1403 4846 1563 4910 versi,
1590 4854 1646 4902 et
1670 4847 1756 4902 itt-

186 4929 371 4985 stiuctu
399 4934 711 4988 daemonum
743 4933 947 5002 agitati,
979 4944 1187 4988 naturte
1215 4934 1411 4989 bonum
1439 4946 1470 4989 ει
1504 4937 1612 4991 Deo
1634 4953 1760 4992 con-

187 5031 387 5075 cessum
421 5020 663 5092 perdunt
686 5036 703 5092 ξ
724 5022 798 5075 ita
834 5029 893 5075 ut
930 5022 1086 5075 thoro
1116 5022 1457 5077 immaculato
1493 5024 1545 5078 in
1579 5028 1752 5095 stUpri

188 5110 441 5168 maculam
474 5129 676 5179 verso,
719 5112 877 5168 ambo
915 5115 1185 5184 prostituti
1227 5114 1559 5171 daunonihus
1599 5117 1747 5172 fiant.

191 5197 332 5257 Unde
356 5205 615 5275 pmcipio
642 5206 735 5259 tihi
762 5221 829 5259 ex
857 5205 1178 5275 auctoritate
1204 5206 1404 5270 divina,
1432 5217 1488 5260 ut
1517 5208 1629 5262 ltch
1659 5225 1757 5278 pu-

191 5286 319 5346 blice
356 5294 623 5365 prredices
650 5314 661 5325 ο
691 5295 855 5349 etiam
906 5304 1162 5363 quantum
1213 5295 1499 5349 discrimen
1538 5296 1591 5350 itt
1628 5296 1754 5351 luxu

193 5382 608 5438 concubinarum
650 5385 853 5438 hmreat
889 5399 996 5439 non
1034 5383 1195 5439 celes.
1239 5386 1484 5451 Quandiu
1519 5386 1661 5441 enim
1701 5387 1754 5442 in

197 5466 279 5522 fila
323 5474 660 5529 obscenitate
701 5474 1025 5544 polluuntur,
1069 5477 1219 5547 regni
1260 5477 1516 5531 caelorum
1560 5476 1761 5531 aditunt

198 5570 297 5612 una
349 5573 643 5618 merentur.
693 5564 790 5619 Cui
829 5564 904 5617 ait
929 5580 941 5617 :
965 5562 1186 5617 Domine
1216 5605 1230 5629 ,
1276 5566 1389 5619 haec
1428 5566 1669 5634 proferre
1707 5569 1759 5622 in

268 5681 289 5708 ⁸
434 5674 617 5729 codice
651 5675 891 5748 Puteauo
922 5674 1489 5748 legitu(damnantur.
1520 5677 1633 5730 Erit
1668 5679 1757 5748 qui

204 5735 475 5808 legendum
516 5754 667 5814 putet
700 5735 1054 5799 dominantur.
1107 5746 1211 5800 Sed
1243 5744 1583 5800 retinendum
1629 5735 1758 5815 paito

593 5837 865 5895 Ριιτιιοι.
914 5834 1038 5896 CV.

1855 4670 2053 4725 diaboli
2101 4669 2390 4740 profecerit
2428 4670 2765 4724 ordtuatione
2798 4668 3017 4723 confusa
3043 4708 3058 4732 ,
3099 4684 3203 4722 non
3239 4669 3428 4723 tacuit.

1854 4762 1987 4817 Cum
2031 4762 2199 4827 enim,
2247 4761 2421 4831 inquit
2465 4760 2716 4832 angelus,
2761 4770 2985 4817 mortua:
3033 4761 3245 4815 feminre
3293 4761 3431 4815 vivis

1854 4850 2218 4921 prmferuutur
2266 4851 2431 4922 (quia
2462 4851 2623 4905 vidua
2656 4852 2843 4905 vivens
2884 4852 2939 4905 in
2972 4851 3177 4906 deliciis
3217 4858 3429 4903 mortua

1854 4940 1981 5011 est),
2008 4940 2236 4994 mortuis
2264 4938 2518 5008 operibus
2556 4938 3031 5003 communicando,
3072 4954 3136 4993 ex
3175 4938 3312 4992 vivis
3350 4938 3430 4991 eis

1856 5031 2110 5098 subjectze
2129 5039 2353 5084 mortua:
2374 5029 2526 5083 fittnt.
2563 5029 2629 5083 E-t
2648 5028 2773 5083 dum
2796 5029 3141 5085 saecularibus
3162 5030 3355 5082 dantur
3378 5039 3426 5089 υ,

1856 5119 2251 5188 inexplebiliter
2274 5132 2405 5187 opes
2444 5128 2687 5173 terrenas
2712 5119 2984 5182 sitientes;
3014 5119 3065 5171 itt
3097 5125 3342 5169 terrenas
3375 5123 3430 5167 ct

1856 5208 2125 5278 perituras
2156 5206 2457 5276 voluptates
2480 5208 2667 5262 ordine
2702 5207 2924 5262 confuso
2961 5211 3242 5258 vertuntur
3273 5217 3426 5271 epes,

1855 5311 1975 5367 qua:
2015 5296 2082 5350 ad
2111 5297 2535 5351 conservandam
2563 5295 2935 5352 castimoniam
2973 5292 3211 5347 caelestis
3241 5293 3365 5346 vita:
3396 5307 3427 5345 a

1854 5386 2102 5440 fidelibus
2126 5393 2393 5457 congesta:
2414 5394 2559 5440 sunt.

1931 5478 2016 5532 16.
2065 5479 2131 5531 Et
2154 5478 2266 5543 ubi,
2302 5478 2495 5548 inquit,
2535 5478 2676 5531 illius
2709 5476 2832 5529 vita:
2859 5474 3165 5543 apostolicae
3199 5472 3425 5529 formula

1858 5568 2166 5636 incorrupta
2207 5568 2494 5622 servatur?
2543 5566 2598 5619 lu
2629 5564 3019 5628 transmarinis,
3060 5565 3157 5629 ait,
3199 5566 3430 5636 regioni-

1858 5682 2083 5745 dnnmr;
2122 5691 2180 5734 ut
2206 5681 2276 5734 sit
2306 5693 2493 5733 sensus
2521 5697 2532 5731 :
2556 5677 2695 5730 Dum
2723 5675 3066 5731 srrcularibus
3093 5678 3264 5732 viduis
3293 5679 3427 5733 drm-

1856 5762 1942 5804 tur
1973 5751 2207 5822 regenda:
2233 5747 2669 5810 sanctimonialcs,
2696 5757 2797 5803 etc.

2952 5836 3025 5901 23
