4000 6474
525 395 630 452 779

1202 389 1403 446 JESSE
1440 388 1741 446 EPISCOP.
1779 385 2255 444 AMBIANENSIS.
2283 415 2355 424 —
2381 382 2653 440 NOTITIA
2691 381 3075 439 HISTORICA.

3671 380 3790 439 780

515 511 617 566 bus
661 505 838 564 adhuc
873 503 1150 575 apostolici
1183 503 1384 575 vigoris
1415 500 1717 558 constantia
1757 500 1900 570 viget
1927 517 1940 553 :
1967 498 2093 568 quia
2120 502 2174 560 Α
2195 495 2298 564 sio,
2332 510 2451 564 quae
2476 509 2572 565 pro
2597 493 2904 564 longiturna
2931 493 3044 547 vita
3077 492 3146 548 ad
3171 491 3340 548 Deum
3381 491 3523 548 facta
3567 490 3784 559 fuerat,

515 608 832 674 paupertate
855 597 1077 668 spiritus
1103 595 1383 666 praaventi,
1418 594 1535 649 sine
1562 591 1722 646 ullius
1762 589 1964 646 terreni
2000 590 2097 644 im-

515 696 807 765 pedimenti
844 689 1124 746 obStaculo
1159 687 1420 744 etelorum
1445 701 1611 757 regna
1644 691 1952 756 capessunt.

587 786 673 839 17.
714 784 810 838 His
837 782 1014 846 dictis,
1049 781 1246 836 iterum
1274 788 1434 848 atque
1454 777 1652 833 iterum
1680 777 1748 831 de
1777 774 1980 831 scelere
2005 788 2095 830 so-

517 877 778 932 domitico
807 874 1030 929 verbum
1057 872 1256 926 intulit.
1303 871 1512 926 Cretera
1543 870 1686 925 enim
1716 868 1848 923 vitia
1878 867 2094 921 vitanda

517 967 685 1024 semel
727 964 1096 1020 tantummodo
1131 961 1358 1018 notavit.
1418 959 1574 1016 Hunc
1609 975 1738 1014 vero
1775 957 2092 1030 pestiferum

516 1053 712 1115 animae
745 1059 993 1112 morbum
1018 1096 1032 1122 ,
1065 1063 1255 1110 contra
1286 1062 1534 1108 naturam
1561 1037 1866 1107 commento
1895 1048 2094 1105 diaboli

516 1158 847 1219 suggestum,
871 1145 1155 1217 quinquies
1175 1152 1231 1199 et
1248 1159 1313 1200 eo
1342 1143 1573 1215 amplius
1593 1143 1874 1197 vitandum
1898 1141 2096 1212 repeti-

515 1239 616 1292 vit.
664 1237 1035 1306 lnterwgante
1083 1242 1263 1289 autem
1307 1248 1392 1299 eo,
1435 1248 1534 1288 cur
1575 1232 1885 1302 pestilentia
1939 1246 2094 1302 gras-

517 1334 673 1383 sante
709 1335 860 1380 tanta
905 1324 1084 1396 populi
1115 1324 1476 1379 numerositas
1508 1323 1754 1378 interiret
1783 1341 1795 1378 :
1821 1323 2099 1378 lmmensi-

517 1419 651 1484 tate,
679 1415 774 1484 ait,
798 1417 1084 1472 criminum
1110 1416 1310 1470 mundo
1340 1422 1599 1485 peccante
1625 1422 1968 1484 peccatorum
1995 1429 2095 1482 pu-

515 1499 650 1564 nitio
675 1516 774 1574 cst,
801 1515 856 1562 et
884 1508 1095 1578 signum
1119 1523 1148 1562 a
1174 1499 1402 1562 Domino
1427 1513 1512 1560 est
1535 1505 1930 1569 denuntiatum,
1958 1519 2096 1574 prae-

515 1601 664 1671 sagio
698 1613 797 1654 suo
825 1598 1203 1653 demonstrans
1229 1597 1413 1652 mundi
1442 1597 1730 1651 terminum
1763 1595 1870 1651 cito
1898 1603 2094 1649 ventu-

515 1706 657 1744 rum.
709 1689 1000 1743 Admonuit
1036 1689 1200 1744 etiam
1241 1689 1381 1743 inter
1416 1695 1644 1752 caetera,
1687 1687 1832 1757 quod
1869 1685 2095 1741 celebri-

517 1791 600 1836 tas
623 1781 802 1851 operis
827 1779 922 1834 Dei
945 1785 1055 1834 tota
1077 1780 1272 1834 virtute
1301 1787 1357 1833 et
1383 1779 1658 1849 diligentia
1689 1778 1878 1833 ordine
1904 1776 2096 1831 incon-

2198 588 2255 643 in
2303 587 2524 657 ancipiti
2564 602 2651 641 me
2692 586 2930 654 positum
2970 584 3280 654 dereliquit,
3324 592 3638 639 utrumnam
3675 599 3786 654 pro

2107 683 2115 692 '
2195 675 2527 746 longitudine
2555 684 2774 730 :eternae
2818 683 2912 729 aut
2945 675 3103 730 istius
3131 675 3445 746 temporalis
3472 676 3601 730 vita:
3642 691 3781 746 pro-

2192 768 2304 824 lata
2323 769 2532 824 fuisset.
2559 766 2620 822 Si
2641 783 2773 838 ergo
2797 767 2988 822 eadem
3004 767 3418 832 intercessione,
3441 781 3606 836 quam
3632 783 3780 838 prte-

2193 858 2339 914 fatus
2363 874 2500 923 sum,
2532 859 2687 913 istius
2723 858 3039 928 temporalis
3073 859 3202 913 vita:
3229 858 3461 915 induciae
3489 859 3785 928 protelata:

2193 951 2327 1007 mihi
2364 967 2470 1006 non
2517 950 2742 1016 fuerint,
2801 950 2951 1004 omni
3003 951 3422 1020 scrupulositate
3469 952 3785 1022 postposita

2188 1041 2345 1113 juxta
2389 1041 2738 1110 sponsionem
2763 1040 2939 1110 angeli
2969 1041 3211 1096 ductoris
3237 1041 3342 1096 mei
3377 1042 3619 1096 crastina
3658 1058 3782 1096 sum

2192 1131 2544 1203 migraturus.
2577 1129 2674 1185 llis
2702 1131 2867 1202 igitur
2900 1131 3242 1186 sermonibus
3268 1131 3566 1196 cohortati,
3595 1134 3781 1188 omnia

2191 1234 2291 1291 per
2309 1220 2557 1274 ordinem
2589 1219 2657 1272 ab
2685 1234 2751 1274 eo
2779 1228 3004 1290 excepta
3027 1234 3167 1274 cera:
3201 1220 3465 1291 impressa
3493 1230 3646 1275 sunt.

2260 1310 2352 1366 20.
2401 1311 2614 1367 Interea
2663 1313 3075 1368 matutinalibus
3124 1312 3292 1368 finitis
3340 1315 3595 1386 hymnis,
3645 1317 3776 1372 visi-

2193 1405 2342 1460 tandi
2370 1406 2545 1478 gratia
2576 1407 2792 1462 advenit
2820 1416 2978 1477 pater
3023 1410 3339 1465 monasterii
3373 1427 3501 1466 cum
3547 1412 3778 1480 quibus-
3873 1463 3886 1476 ,

2193 1497 2316 1552 dam
2340 1497 2618 1554 fratribus.
2657 1499 2756 1555 Cui
2783 1514 2904 1555 cum
2931 1501 3132 1571 jacenti
3159 1503 3463 1569 assisteret,
3505 1515 3778 1559 secretum

2192 1590 2369 1660 petiit.
2395 1590 2646 1660 Egressis
2682 1606 2813 1662 ergo
2863 1594 3093 1656 caeteris,
3125 1594 3292 1649 abbas
3318 1609 3506 1649 secum
3551 1597 3779 1650 retentis

2194 1680 2392 1736 ibidem
2432 1689 2666 1751 quatuor
2688 1681 2948 1737 fratribus
2975 1685 3194 1753 quintus
3223 1686 3508 1740 remansit.
3539 1685 3777 1742 Prolatis

2195 1770 2358 1840 igitur
2385 1769 2438 1824 in
2479 1770 2712 1824 medium
2744 1786 2865 1840 quae
2890 1780 3156 1826 nocturno
3195 1772 3414 1828 silentio
3444 1776 3662 1845 trepida
3686 1790 3774 1831 ve-

516 1873 637 1927 fuso
660 1849 789 1926 isine
817 1869 1047 1940 alicujus
1070 1868 1209 1924 tedii
1249 1876 1342 1924 aut
1379 1867 1717 1940 negligentiae
1747 1867 2093 1938 subreptione
2119 1849 2167 1909 Β
2193 1859 2413 1916 locitate
2453 1861 2650 1916 tabulis
2697 1861 2960 1932 impressa
2998 1862 3232 1930 fueram:
3264 1865 3432 1921 Verbo
3482 1876 3539 1921 εί
3570 1868 3774 1938 εετίριο

516 1961 572 2015 in
595 1961 844 2016 ecclesiis
875 1967 1149 2030 ageretur.

586 2051 674 2106 18.
712 2049 788 2105 De
809 2049 1227 2105 Geroltouvero
1269 2047 1500 2118 quodam
1544 2047 1743 2102 comite
1779 2048 1914 2102 dixit
1948 2048 2092 2104 idem

515 2139 759 2210 angelus,
795 2138 951 2209 iquod
997 2137 1054 2192 in
1118 2137 1303 2207 requie
1352 2146 1497 2192 esset
1565 2136 1749 2208 glorite
1793 2147 2092 2210 martyrum

517 2231 852 2302 adaequatus.
887 2227 1013 2284 Zelo
1047 2228 1212 2294 enim,
1253 2227 1520 2297 inquiens,
1553 2228 1647 2282 Dei
1685 2229 1738 2282 in
1781 2227 2093 2283 defensione

513 2329 719 2375 sancta:
747 2318 1001 2373 Ecclesiae
1039 2316 1334 2371 infidelium
1365 2316 1537 2372 turbis
1575 2332 1920 2386 congressus,
1951 2325 2090 2372 tem-

517 2410 720 2482 poralis
749 2409 872 2464 vitae
905 2407 1185 2478 dispendia
1217 2416 1300 2462 est
1326 2422 1519 2478 passus
1556 2424 1570 2461 :
1615 2406 1737 2463 ideo
1763 2417 1982 2464 :eternte
2010 2409 2091 2464 vi-

517 2512 582 2557 ta:
615 2509 699 2558 est
716 2501 986 2572 particeps
1009 2499 1204 2555 factus.

587 2595 674 2650 i9.
711 2593 808 2649 His
848 2592 1013 2664 igitur
1040 2601 1096 2646 et
1138 2591 1260 2647 aliis
1295 2606 1432 2663 pene
1473 2589 1773 2648 innumeris
1802 2591 1870 2648 ab
1900 2591 2087 2648 eodem

517 2685 709 2756 angelo
747 2684 980 2740 ostensis
1020 2692 1074 2738 et
1116 2683 1337 2748 auditis,
1363 2698 1483 2754 quae
1516 2684 1644 2738 huic
1690 2685 1892 2756 scripto
1925 2699 2090 2740 causa

518 2777 820 2848 compendii
846 2776 1196 2841 exclusimus,
1223 2776 1362 2830 idem
1407 2776 1577 2832 frater
1597 2777 1794 2832 iterum
1823 2793 2087 2850 experge-

523 2869 702 2925 factus
735 2877 840 2934 est,
868 2870 1087 2924 alitibus
1125 2868 1239 2940 jam
1276 2870 1454 2925 vicina
1481 2869 1587 2925 diei
1614 2871 2084 2940 concrepantibus.

519 2960 839 3016 Convocatis
868 2960 1036 3015 isdem
1061 2959 1320 3018 fratribus
1343 2961 1435 3031 qui
1463 2961 1517 3016 in
1549 2960 1670 3030 ejus
1692 2962 1937 3017 excubiis
1964 2977 2090 3032 per-

521 3059 892 3117 noctaverant,
928 3052 1155 3108 visionis
1177 3053 1550 3123 magnitudine
1577 3061 1884 3123 permotus,
1921 3064 1977 3108 et
2004 3054 2088 3107 in-

521 3142 781 3199 tolerabili
819 3143 1030 3198 timoris
1069 3144 1341 3198 anxietate
1385 3141 1644 3211 jactatus,
1689 3157 1791 3212 per
1833 3143 2084 3197 ordinem

521 3233 764 3305 exposuit
790 3241 998 3288 secreta
1027 3234 1251 3290 visionis
1279 3249 1410 3299 suze,
1446 3234 1671 3304 cupiens
1698 3233 1883 3289 statim
1905 3241 1965 3288 ut
1991 3248 2083 3288 ve-
2113 3216 2156 3278 (ἶ

511 3327 697 3384 niente
727 3333 884 3396 patre
920 3327 1254 3390 monasterii,
1294 3340 1359 3382 eo
1399 3337 1666 3396 praesente
1703 3326 2084 3396 exciperentur

507 3432 786 3475 sermones
813 3415 948 3486 ejus.
973 3416 1069 3474 Cui
1099 3433 1221 3474 cum
1244 3416 1490 3473 dicerent
1512 3417 1655 3488 quod
1684 3417 1882 3472 fratres
1909 3415 2082 3471 medi-

507 3511 714 3566 tatione
764 3514 1027 3566 nocturna
1061 3509 1330 3579 occupati,
1379 3508 1605 3569 claustri
1655 3508 1868 3564 silentia
1919 3505 2076 3580 [ϐοά.

520 3601 674 3667 Βεεὶ..
729 3599 964 3657 claustra
1010 3601 1233 3673 silentii]
1282 3600 1581 3672 irrumpere
1616 3617 1721 3655 non
1778 3600 2076 3655 auderent:

492 3692 638 3757 Vos,
678 3691 774 3758 ait,
820 3691 1025 3746 interea
1061 3690 1288 3760 liquenti
1331 3706 1472 3745 cerae
1504 3691 1618 3745 haec
1653 3689 1967 3759 imprimite,
2021 3695 2083 3743 ut

508 3795 706 3834 aurora
767 3778 1108 3833 illucescente
1170 3779 1448 3847 paratiora
1510 3779 1824 3833 reddantur.
1891 3777 2080 3833 Timeo

501 3870 652 3923 enim
686 3883 777 3931 ne,
811 3867 994 3938 lingua
1044 3875 1313 3938 torpente,
1343 3868 1455 3921 visa
1485 3876 1541 3922 et
1577 3868 1759 3923 audita
1805 3875 2081 3937 nequeant

502 3958 783 4029 propalari
810 3972 825 4011 :
854 3959 980 4029 quia
1013 3974 1136 4013 cum
1167 3966 1319 4013 tanto
1354 3959 1488 4014 mihi
1516 3959 1858 4030 obligationis
1881 3960 2079 4013 damno

511 4045 562 4100 in
593 4048 864 4107 publicum
904 4049 1246 4119 producenda
1275 4049 1511 4120 injuncta
1543 4058 1691 4116 sunt,
1721 4057 1782 4104 ut
1807 4057 1960 4105 reatu
2002 4049 2078 4104 si-

492 4141 659 4196 lentii
683 4141 842 4212 hujus
863 4142 979 4196 sine
1006 4141 1163 4197 venia
1189 4141 1340 4197 feriri
1372 4143 1611 4208 timeam,
1641 4144 1685 4197 si
1714 4158 1834 4197 meo
1867 4143 2082 4197 silentio

497 4231 579 4288 ita
626 4233 938 4303 depereant,
967 4241 1028 4288 ut
1073 4248 1171 4303 per
1218 4248 1307 4288 me
1361 4233 1629 4302 publicata
1680 4249 1787 4288 non
1835 4242 2077 4303 pateant.

503 4325 752 4396 Namque
785 4325 876 4380 illa
920 4325 1112 4380 ultima
1156 4334 1466 4381 sanctarum
1504 4326 1773 4398 virginum
1819 4326 2083 4382 interces-

2193 1953 2570 2023 recapitulavit
2610 1955 2862 2010 universa
2901 1975 2914 2010 :
2951 1964 3007 2012 et
3053 1957 3120 2012 de
3159 1958 3355 2015 lectulo
3400 1975 3768 2029 consurgens,

2191 2044 2342 2099 humi
2387 2053 2715 2116 prostratus,
2763 2064 2861 2118 pro
2888 2049 3198 2106 commissis
3221 2051 3436 2105 veniam
3468 2055 3768 2122 postulans,

2191 2141 2249 2190 et
2279 2144 2339 2190 ut
2368 2137 2755 2192 intercessores
2773 2153 2873 2208 pro
2898 2155 2962 2194 eo
2985 2140 3050 2194 ad
3079 2139 3250 2196 Deum
3275 2141 3468 2197 ﬁerent
3491 2147 3767 2200 exorabat.

2191 2225 2359 2293 Quem
2395 2240 2519 2282 cum
2557 2237 2847 2285 cernerent
2898 2246 3002 2286 nec
3043 2231 3250 2300 pallore
3300 2233 3622 2299 deformem,
3671 2251 3771 2291 nec

2189 2321 2366 2375 macie
2406 2321 2793 2386 tabescentem,
2836 2337 2938 2377 nec
2983 2323 3167 2379 dolore
3197 2327 3552 2381 membrorum
3581 2329 3771 2396 queri-

2190 2418 2417 2477 tantem,
2460 2428 2560 2468 nec
2588 2421 2736 2468 tactu
2761 2428 2919 2470 vente
2945 2423 3040 2470 aut
3068 2415 3232 2471 ullius
3268 2416 3479 2472 lethalis
3499 2418 3639 2485 signi
3670 2419 3771 2474 lte-

2189 2501 2340 2556 sione
2358 2510 2711 2572 pneventum,
2740 2503 2924 2560 verbis
2947 2506 3326 2562 consolatoriis
3355 2508 3422 2561 ad
3450 2523 3603 2578 spem
3630 2525 3774 2578 prae-

2189 2591 2357 2646 sentis
2402 2591 2528 2646 vita:
2567 2599 2677 2647 tota
2722 2592 2916 2648 fiducia
2960 2595 3294 2651 animabant.
3333 2596 3540 2664 Quibus
3575 2599 3772 2653 eadem

2189 2695 2444 2751 responsa
2474 2698 2592 2752 qua“:
2619 2698 2781 2753 supra
2807 2685 3013 2752 retulit,
3043 2687 3094 2740 in
3124 2686 3272 2742 nullo
3300 2701 3360 2743 se
3381 2687 3606 2742 dubium
3649 2704 3774 2742 cra-

2188 2776 2329 2830 stina
2357 2775 2731 2844 migraturum.
2766 2777 2958 2833 Totam
2987 2793 3117 2850 ergo
3144 2779 3284 2834 diem
3312 2788 3368 2834 et
3392 2787 3610 2834 noctem
3645 2782 3773 2834 sub-

2189 2875 2501 2937 Sequentem
2542 2875 2598 2923 et
2619 2868 2852 2938 spatium
2890 2870 3056 2925 totius
3093 2870 3196 2925 diei
3229 2871 3573 2926 succedentis
3598 2887 3775 2941 usque

2190 2959 2258 3014 ad
2287 2973 2572 3030 vesperam
2605 2961 2658 3014 in
2701 2961 2804 3015 hoc
2831 2957 3262 3032 consumpserat,
3292 2969 3492 3016 metum
3520 2963 3772 3016 vocatio-

2187 3051 2274 3107 nis
2314 3067 2424 3105 su:e
2458 3051 2793 3120 exponendo,
2828 3052 3030 3122 gemitu
3067 3059 3123 3107 et
3167 3051 3413 3122 suspiriis
3440 3050 3769 3114 laborando,

2187 3157 2332 3197 nunc
2359 3142 2586 3213 singulis
2605 3143 2905 3212 quibusque
2927 3158 2985 3198 se
3012 3143 3456 3207 commendando,
3497 3142 3773 3196 brevibus

2187 3232 2256 3288 ad
2287 3233 2532 3288 diversos
2575 3234 2880 3300 destinatis,
2920 3250 3020 3306 pro
3057 3235 3394 3290 absolutione
3411 3243 3772 3305 peccatorum

2185 3323 2579 3380 intercessores
2623 3326 2933 3396 quzerendo.
2963 3325 3044 3381 Ad
3089 3335 3407 3390 extremum,
3436 3325 3778 3396 crepusculo

2185 3418 2498 3488 vespertino
2525 3418 2908 3488 subsequentis
2945 3418 3049 3474 diei
3093 3418 3148 3472 in
3197 3425 3403 3473 noctem
3424 3417 3530 3485 jam
3562 3432 3777 3482 verso,

2185 3507 2445 3562 fratribus
2483 3508 2816 3574 convocatis,
2845 3508 2969 3564 vitre
2998 3509 3282 3578 praesentis
3313 3516 3463 3563 metas
3488 3507 3539 3560 in
3561 3521 3634 3560 se
3660 3508 3775 3563 de-

2183 3615 2371 3656 cursas
2397 3615 2517 3655 esse
2545 3599 2948 3670 pronuntiavit;
2981 3610 3035 3655 et
3065 3602 3186 3656 ideo
3215 3599 3513 3670 psalmodim
3539 3613 3652 3654 eos
3683 3600 3769 3654 in-

2183 3692 2382 3747 sistere
2412 3690 2738 3745 omnimodis
2782 3691 3100 3760 postulavit,
3125 3692 3449 3762 cantipbonas
3482 3705 3689 3746 omnes
3719 3700 3774 3747 et

2179 3781 2511 3854 psalmorum
2546 3778 2701 3834 initia
2724 3781 2877 3861 quasi
2908 3792 3213 3850 praecentor
3237 3783 3448 3836 ordiens
3475 3797 3574 3852 pro
3604 3798 3670 3837 se
3692 3783 3771 3837 fe-

2181 3875 2256 3927 cit
2291 3872 2588 3926 decantari.
2616 3870 2711 3926 His
2749 3887 2880 3944 ergo
2910 3872 3099 3938 ﬁnitis,
3133 3872 3406 3942 paululum
3445 3872 3772 3942 respiravit,

2180 3965 2439 4021 fratribus
2477 3965 2545 4020 ad
2585 3979 2681 4020 sua
2727 3973 2899 4018 strata
2939 3965 3309 4030 redeuntibus,
3367 3965 3473 4019 huc
3523 3963 3774 4035 illucque

2181 4055 2573 4112 deambulando
2612 4062 2869 4110 aestuans.
2901 4052 3221 4109 lmminente
3255 4053 3545 4108 velocitate
3583 4060 3776 4107 trans-

2179 4147 2287 4202 itus
2316 4147 2419 4214 sui,
2450 4147 2649 4202 decidit
2681 4146 2733 4202 in
2764 4145 3056 4209 lectulum;
3084 4152 3403 4214 sumptoque
3425 4143 3662 4210 viatico,
3695 4144 3774 4198 uL

2181 4239 2372 4295 timam
2397 4239 2558 4312 hujus
2581 4237 2853 4294 instabilis
2875 4236 3000 4292 vita:
3024 4235 3219 4291 clausit
3239 4235 3452 4290 horam.

579 4453 606 4481 ι
627 4440 679 4495 ls
715 4439 908 4497 Carolo
959 4441 1149 4514 Magno
1189 4451 1450 4513 regnante
1493 4441 1752 4511 Bajoarite
1791 4440 2077 4512 praefectus
2113 4451 2252 4508 erat,
2285 4441 2351 4497 de
2377 4455 2482 4510 quo
2512 4440 2665 4511 plura
2693 4439 2830 4495 infra
2853 4439 2908 4494 in
2929 4453 3094 4510 opere
3121 4438 3368 4495 metrico.

523 4549 3778 4594 Μ

1679 4670 1848 4715 ANNO
1905 4669 2136 4716 DOMINI
2186 4668 2576 4714 DCCCXXXIV.

1769 4811 2492 4974 JESSE

988 5081 1930 5221 EPISCOPUS
2091 5079 3295 5202 AMBIANENSIS.

1245 5367 1677 5448 ΝΟΤΙΤΙΑ
1752 5371 1877 5447 EX
1951 5370 2084 5448 GA

2189 5372 2336 5449 41A
2410 5367 3063 5448 CHRISTIANA.

505 5579 508 5582 ‘
583 5568 771 5640 Iesse,_
798 5579 1190 5640 seuuaesszeus,
1247 5564 1428 5640 altare
1464 5563 1648 5640 Sancti
1691 5564 1983 5640 Rapliaelis
2025 5564 2078 5640 i_n
2105 5567 2156 5627 D
2183 5562 2723 5640 pselll_ad_t.a_rolum
2751 5563 2995 5640 Magnum
3037 5563 3799 5640 properanti,.eumdemque

519 5644 671 5707 porta
695 5636 945 5707 orientali
976 5634 1581 5707 ecclesi;e_Centu_lensis
1604 5635 1943 5707 consecravit
1968 5635 2080 5704 pri-

518 5704 602 5757 die
628 5704 806 5759 Nonas
850 5705 1182 5774 Septembris
1211 5704 1332 5760 799.
1379 5704 1574 5760 Missus
1601 5704 1900 5774 dominicus
1938 5718 2079 5758 anno

517 5775 704 5829 eodem
746 5790 868 5829 cum
917 5773 1098 5828 multis
1142 5775 1461 5843 prtesulibus
1503 5775 1738 5829 obviavit
1779 5773 1945 5831 Leoni
1991 5789 2081 5845 pa-

2185 5650 2308 5688 cum
2341 5634 2550 5704 duobus
2575 5634 2998 5704 archiepiscopis
3019 5643 3074 5686 et
3099 5635 3270 5704 tribus
3295 5635 3569 5703 episcopis
3595 5634 3798 5695 corbi—

2187 5712 2331 5758 tatus
2357 5711 2440 5758 est
2465 5701 2692 5775 Romam
2728 5701 3078 5775 repetentem,
3113 5701 3354 5775 unicum
3379 5701 3503 5758 aliis
3545 5709 3798 5775 episco.

2184 5775 2268 5844 pis
2300 5774 2352 5828 in
2389 5788 2537 5844 papae
2572 5774 2755 5828 hostes
2782 5771 3054 5843 inquisivit
3079 5771 3168 5841 qui
3201 5772 3344 5828 ducti
3387 5784 3515 5829 sunt
3546 5771 3603 5829 in
3648 5780 3800 5834 Gal-
