4000 6450
238 388 328 446 781

1410 385 1744 444 EPISTOLA
1785 386 1875 443 DE
1911 385 2267 448 BAPTISMO.

3351 395 3462 454 782

231 512 345 568 lias.
394 507 527 583 inibi
564 505 866 583 _adfait_vn_t
912 506 1178 583 [Kalendas
1205 504 1498 583 Januarii,_
1518 507 1705 583 indict.
1732 506 1789 569 9,
1818 509 1869 567 Α
1896 525 2020 583 rere
2050 511 2280 566 debeant
2305 524 2430 582 erga
2450 505 2756 583 neophytos
2769 519 2824 567 et
2850 511 3298 583 catechumenos;
3323 512 3466 583 hanc

231 595 366 637 anno
393 577 522 643 800,
564 578 860 633 inunctioni
901 578 1076 632 Caroli
1110 577 1305 646 Magni,
1343 577 1792 646 privilegiumque

232 653 329 708 hac
351 649 433 701 die
463 663 494 700 a
531 663 740 702 summo
771 647 1022 716 pontiﬁce
1059 664 1158 717 pro
1183 647 1492 702 Centnlensi
1528 655 1795 701 monaste-

233 720 309 774 rio
331 717 657 786 impetravit,
698 725 757 770 ut
785 718 944 771 totius
968 717 1281 772 monaSIei-ii
1308 733 1372 771 ac
1401 718 1539 770 villm
1562 717 1795 771 circum-

195 812 207 819 η
231 787 411 859 positae
442 803 646 859 curam
691 787 1109 859 ecclesiasticam
1140 789 1286 859 solus
1329 789 1554 859 haberet
1603 786 1790 859 abbas,

231 856 326 912 nec
366 856 655 925 quidquam
697 857 980 925 episcopus
1020 857 1398 911 Ambianensis
1443 859 1508 912 de
1552 857 1796 912 ecclesiis

231 931 321 980 aut
361 925 573 980 clericis
614 925 853 996 ejusdem
883 925 983 996 loci
1019 936 1204 996 posset
1239 927 1592 982 constituere.
1636 927 1794 982 Auno

230 997 330 1053 802
357 996 589 1050 mittitur
622 1011 651 1049 a
689 994 881 1049 Carolo
917 994 1107 1063 Magno
1137 997 1460 1064 imperatore
1493 998 1558 1050 ad
1584 997 1794 1051 lrenem

229 1069 520 1136 Augustam
558 1065 1078 1136 Constantinopolim
1117 1081 1238 1121 cum
1280 1067 1680 1136 Helmengando
1704 1082 1797 1120 co-

231 1135 357 1190 mite
392 1150 493 1204 pro
517 1151 649 1205 pace
677 1144 734 1190 et
765 1135 1014 1205 conjugio
1049 1151 1172 1189 curn
1212 1152 1272 1190 ea
1303 1135 1710 1200 contrahendis,
1739 1145 1798 1191 et

231 1221 366 1277 anno
404 1206 649 1277 sequenti
678 1205 975 1277 remittitur
1016 1222 1138 1260 cum
1186 1206 1376 1277 legatis
1403 1223 1434 1260 a
1469 1206 1794 1276 Nicephoro,

230 1275 339 1346 qui,
371 1276 538 1346 missa
566 1276 635 1346 in
680 1274 928 1328 exsilium
955 1274 1134 1338 lrenc,
1178 1274 1463 1346 imperium
1499 1274 1791 1346 invaserat.

233 1342 389 1397 Misso
431 1345 704 1400 dominico
747 1346 868 1397 data
906 1357 1032 1399 sunt
1075 1346 1148 1408 ei,
1187 1342 1328 1399 anno
1357 1345 1480 1409 805,
1523 1361 1552 1398 a
1599 1345 1796 1400 Carolo

224 1413 548 1484 imperatore
587 1414 842 1484 capitula,
883 1430 1004 1484 quae
1042 1431 1224 1469 secum
1270 1415 1505 1469 deferret
1547 1417 1799 1470 omnibus

225 1483 531 1554 hominibus
558 1483 930 1554 significanda.
957 1485 1110 1538 Anno
1147 1486 1364 1539 circiter
1389 1486 1494 1540 808
1539 1500 1568 1538 a
1605 1484 1798 1538 Carolo

225 1551 531 1608 Ravennam
581 1551 818 1608 mittitur
857 1555 923 1624 ad
954 1555 1188 1608 Leonem
1216 1555 1303 1619 ιιι,
1334 1556 1425 1624 qui
1469 1554 1536 1608 de
1576 1571 1640 1608 eo
1671 1570 1801 1608 con—

222 1633 442 1690 questus
486 1633 569 1678 est
616 1625 842 1691 epistola
893 1623 945 1676 7.
975 1625 1225 1694 Interfuit
1247 1623 1476 1680 concilio
1507 1625 1797 1694 Aquisgra-

220 1693 372 1764 nensi
420 1695 546 1747 anni
578 1694 705 1764 809,
759 1710 946 1748 mense
988 1693 1300 1758 Novembri,
1329 1711 1396 1748 ex
1427 1711 1532 1764 quo
1571 1693 1798 1749 Romam

219 1762 446 1816 missum
474 1779 596 1817 eum
622 1763 882 1818 Bernario
907 1765 1263 1820 Vormatiensi
1305 1762 1551 1820 antis—tite
1576 1775 1632 1820 et
1655 1765 1800 1818 Ada-

1895 582 2040 636 enim
2072 583 2288 652 scripsit
2315 583 2502 638 eodem
2529 582 2644 638 fere
2680 592 2922 650 tempore
2947 597 3058 650 quo
3092 598 3217 636 suas
3245 582 3464 652 Amala-

1895 600 2040 636 enim
2072 600 2175 637 seri
2217 600 2288 637 su
2315 600 2502 638 eoaem
2529 600 2644 638 tere
2680 600 2922 650 tempore
2947 600 3058 650 quo
3092 600 3217 636 suas
3245 600 3462 652 mnaiaa

1895 653 2010 707 rius
2043 663 2098 706 et
2137 600 2466 708 Tiieodulfus
2508 652 2913 706 lucubrationes
2961 661 3272 706 exararunt.
3304 652 3462 706 Edita

1894 733 1970 792 est
2006 740 2033 776 a
2059 722 2264 778 Joanne
2301 722 2556 777 Cordesio
2584 731 2709 792 post
2738 721 3012 792 Hincmari
3043 721 3299 792 opuscula
3331 723 3462 776 etin

1893 791 2226 864 Bibliotheca
2272 793 2514 847 Patrum.
2556 789 2776 864 Synon
2803 806 2837 864 a
2863 789 3136 864 Walfario
3157 790 3466 864 Ditemensi

1895 863 2301 935 archiepiscopo
2345 859 2652 935 Novioduni
2692 861 2888 935 habitae
2929 875 3072 935 anno
3113 859 3217 914 814
3271 859 3463 935 adfuit,

1894 933 2034 1004 sicut
2069 929 2126 987 ét
2159 929 2363 1004 synodo
2409 934 2552 1004 apud
2594 932 2898 1004 Theodonis
2926 929 3106 1004 villam
3150 943 3292 983 anno
3337 931 3465 1004 82L

1893 1013 1946 1056 et
1968 999 2262 1059 Parisiensi
2293 999 2565 1058 anno-829
2598 1001 2920 1070 insequenti.
2966 1000 3099 1070 Cum
3125 999 3472 1068 magnatibus

1893 1072 2078 1143 palatii
2108 1072 2260 1129 Jesse
2300 1074 2593 1139 Ludovico,
2638 1069 3154 1143 PioiCompendium
3186 1070 3470 1143 accedenti

1894 1138 2152 1206 obviavit,
2183 1146 2249 1197 ad
2291 1144 2675 1212 imperatorem
2707 1142 2784 1212 ide
2821 1138 3423 1212 regno_deturbandum
3453 1155 3468 1202 ;

1899 1213 2126 1280 ideoque
2174 1229 2316 1266 anno
2352 1206 2539 1267 eodem
2577 1211 2850 1281 particeps
2886 1206 3282 1281 conjurationis
3331 1208 3469 1264 filio-

1897 1297 2018 1336 rum
2049 1283 2307 1337 Ludovici
2337 1284 2428 1352 qui
2477 1280 2673 1338 bellum
2716 1280 2856 1350 patri
2887 1280 3214 1352 indixerant,
3247 1280 3300 1333 in
3333 1295 3470 1334 con-

1895 1366 2058 1406 ventu
2105 1350 2540 1421 Noviomagensi,
2595 1360 2853 1420 tanquam
2899 1350 3201 1420 maiestatis
3245 1365 3369 1421 reus
3417 1357 3474 1405 et

1933 1421 2166 1488 erfidus,
2217 1418 2594 1493 episcoporum
2627 1418 2834 1493 judicio
2883 1418 3231 1493 a_dignitate_
3267 1418 3474 1493 eiectus

1923 1494 2019 1546 ‘uit.
2060 1488 2460 1548 Postea—tamen
2512 1492 2566 1546 iu
2607 1488 2832 1562 gradum
2863 1488 3149 1562 pristinum
3183 1488 3252 1562 ab
3289 1489 3475 1562 Ebone

1901 1560 2191 1617 Rhemensi
2218 1557 2635 1633 archiepiscOpd
2654 1557 2954 1633 restitutus,
2983 1559 3036 1613 in
3063 1559 3292 1633 concilio
3314 1557 3475 1613 Com-

1899 1634 2178 1702 pendiensi
2204 1630 2461 1687 Ludovici
2493 1630 2919 1702 exauctorationi
2943 1644 3086 1684 anno
3111 1631 3217 1684 855
3242 1641 3474 1702 consen-

1899 1698 2036 1757 sisse
2052 1701 2283 1766 videtur,
2305 1704 2387 1757 sin
2409 1704 2587 1757 minus
2607 1711 2729 1773 post
2744 1700 3030 1756 concilium
3049 1708 3332 1773 revocatus
3349 1698 3469 1773 fuit.

1897 1775 1968 1826 At
2005 1790 2148 1827 anno
2172 1774 2276 1828 854
2302 1773 2574 1828 Ludovico
2604 1769 2856 1842 reposito,
2893 1769 3471 1842 secutushLotbarium

217 1829 374 1914 Ῑδῐξεῖο
405 1833 624 1914 abbate.
650 1835 702 1887 ill
727 1836 1286 1914 questioneﬁpiritus
1303 1837 1482 1914 §altcli
1513 1852 1632 1889 Cum
1657 1850 1792 1914 Rapa
1823 1847 1869 1906 Β
1899 1861 1928 1898 a
1968 1844 2228 1898 fratribus
2265 1843 2436 1914 patris
2486 1844 2569 1898 sui
2615 1829 2878 1914 ultoribus
2904 1842 2972 1914 Ain
3028 1839 3232 1914 Italiam
3285 1839 3474 1914 fugere

217 1901 650 1976 collocuturum,
706 1901 922 1976 quidam
964 1901 1181 1976 voliiiit,
1236 1905 1538 1976 refragante
1588 1901 1789 1975 optime

215 1968 452 2025 Cointio.
495 1968 738 2027 Praesens
759 1973 860 2026 fuit
897 1983 950 2028 et
985 1975 1306 2043 subscripsit
1341 1968 1662 2029 ordinatioui
1708 1985 1788 2029 te-

215 2043 482 2113 stamenti
503 2043 680 2097 Caroli
732 2043 906 2113 Magni
947 2060 1091 2098 anno
1131 2047 1254 2099 8ll.
1297 2044 1790 2100 Abfuisse‘videtur

216 2122 361 2163 anno
391 2111 496 2164 812
530 2129 652 2168 cum
674 2111 1060 2168 cateeliismam
1084 2116 1150 2169 ad
1177 2117 1484 2170 sacerdotes
1515 2131 1626 2170 sua:
1654 2116 1792 2170 dioe-

215 2180 355 2234 cesis
394 2182 614 2252 scripsit
642 2183 945 2253 epistolam,
970 2199 1106 2253 quos
1133 2186 1287 2239 docet
1315 2186 1583 2254 quomodo
1613 2201 1670 2240 se
1699 2200 1791 2256 ge—

1896 1909 2508 1982 compulsumfibidem,
2536 1913 2777 1966 immissa
2801 1911 2953 1982 initio
2981 1910 3106 1963 anni
3135 1909 3475 1982 Septembris

1895 1983 1999 2038 856
2020 1978 2134 2048 lue,
2167 1999 2288 2053 qua:
2310 1984 2609 2052 praecipuos
2633 1981 2874 2035 Lotbarii
2908 1981 3146 2053 fautores
3171 1989 3226 2033 et
3265 1978 3473 2033 amicos

1896 2071 1928 2109 e
1954 2053 2130 2108 medio
2155 2049 2391 2116 sustulit,
2421 2049 2722 2107 exstinctus
2759 2066 2972 2121 quoque
2992 2058 3076 2104 est
3095 2049 3268 2112 Jesse,
3297 2063 3471 2117 quon-

1895 2124 2022 2179 dam
2053 2123 2434 2179 Ambianensis
2459 2123 2743 2192 episcopus

226 2321 3471 2356 ψ

646 2510 710 2572 κδ
803 2494 1174 2732 jussu
1280 2495 1834 2730 EPIS’NLA
1937 2496 2081 2650 DE
2186 2493 2796 2652 BAP’I‘ISllo.

1173 2763 1421 2831 (Galland.
1444 2720 1673 2819 Blblioth.
1699 2773 1802 2820 vet.
1826 2767 1981 2828 Patr.,
2005 2773 2124 2818 tom.
2150 2765 2281 2828 Xlll,
2304 2779 2351 2830 p.
2370 2765 2505 2829 397.)

273 2981 472 3040 Sacris
497 2980 893 3048 sacerdotibus,
933 2989 988 3038 et
1016 2981 1070 3038 in
1113 2981 1332 3039 Christo
1369 2984 1624 3040 omnibus
1662 2985 1791 3040 dioe-

211 3076 318 3130 cesi
365 3071 576 3130 nostrae
619 3074 780 3143 digne
825 3074 1205 3142 militantibus,
1236 3075 1389 3132 Jesse
1428 3078 1647 3132 humilis
1678 3077 1790 3149 epi-

211 3179 404 3235 scopus
434 3167 494 3220 in
524 3165 751 3220 Domino
773 3165 1025 3222 salutem.

280 3278 550 3346 Quoniam
573 3281 788 3350 quidem
816 3269 1032 3335 dubitor
1058 3298 1142 3337 me
1168 3282 1314 3353 loqui
1336 3282 1510 3349 vobis,
1542 3298 1662 3338 cum
1691 3298 1788 3338 saa-

215 3368 337 3440 pius
377 3370 496 3426 fore
522 3389 790 3443 cognosco
827 3374 890 3427 de
916 3374 1110 3428 divinis
1152 3375 1304 3430 libris
1343 3391 1408 3429 ac
1445 3377 1793 3431 sacerdotalis

209 3461 371 3518 ollicii
404 3466 696 3534 mysteriis,
729 3481 1036 3534 quanquam
1078 3467 1210 3521 mihi
1239 3483 1398 3522 causa
1444 3467 1790 3538 impossibili-

211 3556 344 3607 tatis
384 3555 644 3622 impediat
683 3571 747 3608 ac
790 3555 1066 3610 absentiae.
1099 3555 1223 3611 Ideo
1259 3557 1498 3611 breviter
1532 3558 1704 3621 vobis,
1738 3558 1792 3611 in

209 3650 479 3710 quantum
515 3652 815 3712 temporum
847 3644 1016 3698 adfuit
1053 3647 1308 3714 spatium,
1335 3647 1564 3716 qualiter
1592 3664 1620 3702 a
1650 3649 1793 3704 sacri

207 3729 560 3796 baptismatis
616 3732 757 3786 unda
805 3748 902 3802 per
941 3734 1142 3802 gradus
1192 3736 1459 3804 perveniri
1511 3736 1791 3804 debeatur,

207 3819 503 3874 scribendo
545 3823 982 3890 perstrinximus.
1025 3823 1151 3879 Scio
1191 3841 1320 3880 vero
1360 3826 1486 3897 quia
1522 3827 1674 3882 multi
1724 3843 1792 3883 ex

207 3910 366 3964 vobis
423 3912 540 3981 ejus
593 3913 732 3970 bene
782 3925 1048 3971 noverunt
1089 3921 1368 3989 mysteria,
1438 3921 1530 3976 sed
1571 3932 1794 3993 propter

206 4001 659 4058 exercitationem
700 4013 754 4059 et
783 4006 1168 4075 ignorantiam,
1205 4025 1424 4065 causam
1472 4014 1792 4067 convenien-

210 4091 314 4164 tius
352 4093 486 4146 mihi
514 4094 765 4148 omnibus
793 4095 1032 4150 scribere
1063 4098 1296 4164 videtur,
1338 4115 1497 4168 quam
1522 4101 1790 4171 aliquibus

207 4180 412 4237 insciis.
456 4181 609 4238 Unde
647 4194 703 4238 et
747 4202 879 4256 rogo
924 4195 982 4240 ut
1022 4204 1117 4242 vos
1150 4191 1239 4259 qui
1283 4192 1593 4261 capaciores
1628 4210 1788 4249 sensu

209 4271 355 4334 estis,
389 4272 672 4327 instruatis
717 4282 771 4327 et
804 4275 1107 4330 adhortetis
1134 4293 1229 4332 eos
1265 4281 1356 4348 qui
1407 4281 1633 4336 minoris
1664 4292 1792 4336 sunt

209 4358 430 4431 ingenii,
463 4364 516 4416 in
549 4364 742 4432 spiritu
772 4368 1204 4422 mansuetudinis
1234 4384 1298 4422 ac
1329 4369 1587 4432 lenitatis,
1619 4379 1677 4424 ut
1705 4373 1789 4425 in—

205 4457 347 4506 tente
387 4471 515 4524 quae
546 4456 600 4509 in
645 4471 710 4511 eo
758 4456 946 4523 latent,
980 4461 1317 4529 perquirant,
1347 4471 1403 4516 et
1445 4463 1512 4515 ad
1554 4461 1788 4517 fructum

203 4555 398 4600 sanctae
422 4546 530 4600 Dei
556 4546 833 4612 Ecclesite,
864 4549 1089 4604 Domino
1115 4550 1347 4616 favente,
1378 4553 1633 4623 inquisita
1663 4571 1787 4624 per-

202 4633 413 4691 ducant.
448 4637 685 4709 Semper
706 4639 916 4694 culmen
942 4641 1290 4697 beatitudinis
1311 4652 1506 4699 vestra:
1527 4660 1789 4716 prospere

201 4725 251 4780 in
278 4727 507 4786 Christo
529 4741 654 4801 opto
679 4732 879 4787 valere.

268 4841 342 4898 De
381 4844 456 4899 Ca
476 4843 795 4899 techumeno
836 4845 1015 4913 primo
1054 4844 1340 4901 dicendum
1370 4855 1477 4914 est,
1507 4847 1633 4919 quia
1670 4849 1786 4918 ipse

199 4931 399 4999 primus
425 4932 663 4988 eﬂicitur
685 4934 738 4988 in
767 4934 976 4989 ordine.

267 5040 501 5097 larem.
541 5043 978 5100 Catechumenus
1000 5060 1098 5100 cur
1118 5045 1336 5111 dicitur,
1372 5055 1428 5100 et
1455 5045 1506 5102 in
1537 5063 1644 5118 qua
1679 5047 1784 5102 lin-

201 5149 300 5203 gua
344 5140 575 5203 dicitur,
611 5148 667 5194 et
694 5156 802 5209 quo
845 5149 1089 5212 tempore
1129 5143 1213 5197 vel
1250 5145 1440 5200 ordine
1467 5144 1701 5201 edicitur
1737 5145 1784 5201 si

205 5228 504 5283 necessitas
534 5243 639 5282 non
686 5229 974 5295 invenerit,
1012 5241 1068 5286 et
1092 5245 1226 5303 quot
1256 5249 1501 5303 persona:
1528 5236 1784 5306 qualesve

206 5315 270 5370 ad
303 5316 433 5374 illud
458 5319 822 5374 ministerium
853 5329 978 5375 sunt
1001 5323 1355 5379 adhibendae?

274 5430 438 5488 Resp.
499 5433 956 5489 Catechumenum
1003 5437 1074 5492 ab
1124 5437 1390 5494 audiendo
1443 5440 1525 5495 vel
1576 5443 1643 5497 ab
1695 5442 1780 5498 in-

207 5526 466 5582 struendo
493 5527 697 5582 dictum
725 5524 843 5581 fore
866 5525 1082 5595 legitur.
1117 5529 1285 5584 Audit
1311 5547 1543 5602 namque
1574 5535 1778 5589 doctri-

207 5629 329 5671 nam
365 5617 731 5689 percipiendae
777 5615 935 5683 fidei,
982 5618 1390 5690 instituiturque
1433 5623 1668 5690 qualiter
1711 5624 1777 5679 ad

209 5710 347 5763 sacri
377 5711 721 5781 baptismatis
745 5710 1022 5768 lavacrum
1058 5713 1342 5782 pervenire
1367 5713 1591 5778 debeat;
1633 5715 1778 5769 unde

208 5808 262 5855 et
287 5803 504 5862 auditor
530 5807 612 5864 vel
644 5807 942 5865 instructus
981 5807 1388 5878 interpretatur.
1419 5807 1775 5865 Catechume-

1897 3000 2000 3040 nus
2027 2983 2172 3039 enim
2201 2981 2409 3049 Grazce,
2439 2982 2631 3040 Latine
2658 2963 2902 3049 audiens,
2933 2983 3049 3041 sive
3071 2983 3369 3042 instructus
3392 2984 3476 3044 di-

1897 3077 2060 3132 citur.
2091 3077 2177 3132 Fit
2205 3076 2354 3132 enim
2383 3075 2486 3131 hoc
2513 3084 2778 3146 tempore,
2804 3076 2889 3130 vel
2920 3076 3026 3132 isto
3054 3078 3268 3134 ordine.

1823 3149 1868 3211 C
1971 3169 2156 3223 Tertia
2207 3169 2545 3225 hebdomada
2594 3170 2648 3223 in
2703 3169 3147 3253 Quadragesima,
3209 3187 3248 3226 ιι
3313 3170 3512 3238 feria,-

1893 3263 2028 3317 hora
2075 3263 2238 3318 tertia
2266 3263 2487 3317 veniant
2515 3262 2582 3317 ad
2628 3261 2937 3327 ecclesiam,
2967 3270 3024 3316 ct
3065 3270 3358 3333 antequam
3401 3265 3472 3320 ad

1893 3354 2180 3409 ecclesiam
2218 3355 2515 3417 introeant,
2556 3354 2866 3408 scribantur
2911 3353 3132 3408 nomina
3179 3354 3474 3420 infantum,

1893 3451 1950 3498 et
1990 3459 2179 3497 eorum
2205 3444 2298 3513 qui
2339 3459 2434 3499 eos
2471 3443 2772 3511 suscepturi
2825 3452 2970 3508 sunt,
3007 3443 3074 3498 ab
3112 3443 3390 3514 acolytho,
3422 3454 3479 3501 et

1895 3544 2026 3590 tunc
2064 3544 2327 3589 vocentur
2353 3535 2454 3604 ipsi
2484 3533 2722 3589 infantes
2749 3533 2816 3588 ab
2845 3534 3096 3605 acolytho
3128 3535 3269 3591 infra
3296 3538 3477 3593 eccle—

1894 3626 2052 3690 siam,
2086 3625 2434 3681 nominentur
2474 3640 2573 3695 per
2598 3624 2868 3690 ordinem,
2902 3625 3044 3680 sicut
3085 3627 3273 3697 scripti
3322 3637 3473 3694 sunt,

1895 3725 1951 3769 et
1977 3723 2290 3769 statuantur
2316 3714 2542 3770 masculi
2566 3729 2810 3770 seorsum
2834 3717 2901 3770 ad
2930 3716 3206 3771 dexteram
3237 3727 3473 3788 partem,

1893 3806 2108 3862 feminae
2134 3822 2262 3861 vero
2299 3807 2525 3861 seorsim
2559 3807 2612 3860 in
2650 3806 2778 3860 laeva
2804 3825 2816 3859 :
2842 3814 2898 3860 et
2919 3815 3049 3862 tunc
3086 3808 3309 3863 veniens
3348 3825 3475 3880 pre-

1893 3889 2101 3969 sbyter'
2125 3896 2288 3952 faciat
2318 3898 2373 3952 in
2417 3897 2753 3969 singulorum
2797 3897 3066 3955 frontibus
3100 3916 3318 3958 crucem
3350 3917 3475 3958 cum

1890 3991 2105 4062 pollice,
2147 3991 2221 4044 ita
2240 3990 2470 4045 dicendo
2495 4005 2508 4043 :
2537 3989 2606 4044 In
2651 3991 2858 4045 nomine
2898 3989 3100 4060 Patris,
3140 4004 3190 4048 et
3229 3993 3380 4060 Filii,
3423 4005 3476 4050 et

1895 4078 2124 4150 Spiritus
2169 4080 2358 4134 sancti.
2390 4079 2592 4134 Deinde
2639 4090 2806 4149 ponat
2840 4097 3058 4137 manum
3089 4099 3253 4153 super
3291 4086 3474 4155 capita

1895 4186 2104 4233 eorum,
2145 4171 2331 4224 dicens
2355 4170 2658 4224 orationem
2693 4171 2836 4224 hanc
2870 4188 2883 4222 :
2913 4167 3251 4242 Omnipotens
3277 4175 3440 4243 sempi
3458 4201 3474 4214 -

1895 4268 2039 4312 terne
2066 4259 2228 4323 Deus,
2260 4258 2424 4313 Pater
2447 4259 2662 4313 Domini
2689 4261 2855 4313 nostri
2880 4258 3011 4314 Iesu
3041 4260 3259 4326 Christi,
3302 4270 3359 4316 et
3391 4278 3476 4318 re-

1895 4353 2061 4421 liqua.
2092 4350 2296 4405 Deinde
2330 4360 2550 4406 vertens
2576 4366 2636 4406 se
2658 4351 2724 4404 ad
2750 4350 2981 4406 feminas
3003 4351 3171 4406 faciat
3199 4353 3468 4409 similiter.

1896 4445 1963 4498 Et
1981 4453 2163 4514 postea
2179 4442 2465 4497 benedicat
2487 4443 2568 4497 sal
2587 4442 2690 4496 hoc
2710 4443 2871 4496 modo
2895 4461 2906 4496 :
2935 4442 3196 4498 Exoreizo
3223 4453 3289 4510 te,
3317 4462 3468 4500 crea-

1819 4503 1869 4561 D
1895 4503 2016 4582 tura
2039 4528 2192 4593 salis,
2227 4537 2283 4582 et
2304 4527 2530 4597 reliqua.
2572 4527 2866 4584 Benedicto
2906 4537 3088 4584 autem
3127 4503 3472 4597 salta-mittat

1891 4623 1958 4677 de
1986 4621 2103 4692 ipso
2128 4621 2181 4674 in
2215 4635 2312 4675 ore
2347 4619 2616 4674 infantum
2653 4636 2751 4690 per
2790 4621 3053 4692 singulos,
3085 4622 3159 4678 ita
3190 4624 3419 4680 dicendo
3448 4643 3462 4678 :

1892 4711 1969 4766 Tu
1995 4711 2084 4766 ille
2110 4713 2284 4783 accipe
2311 4710 2394 4766 sal
2416 4713 2687 4782 sapientia:
2711 4714 3021 4784 propitiatus
3051 4715 3107 4768 in
3134 4715 3294 4770 vitam
3317 4726 3468 4771 teter-

1887 4821 2032 4859 nam.
2080 4802 2194 4859 Hoc
2245 4803 2472 4874 expleto
2498 4810 2695 4859 exeant
2737 4803 2883 4859 foras
2921 4804 3227 4869 ecclesiam,
3263 4820 3460 4875 exspe-

1886 4904 2094 4951 ctantes
2129 4896 2320 4950 horam
2341 4895 2556 4964 quando
2593 4904 2934 4950 revocentur.
2967 4896 3188 4951 interim
3234 4896 3462 4965 incipiat

1887 4987 2064 5042 clerus
2092 4987 2440 5055 antiphonam
2470 4985 2539 5039 ad
2564 4985 2842 5040 introitum
2872 5001 2937 5041 eo
2959 4987 3046 5042 die
3072 4987 3463 5057 pertinentem,

1886 5095 1990 5149 qua
2024 5079 2199 5142 finita,
2226 5079 2372 5132 dicat
2415 5079 2668 5133 sacerdos
2693 5097 2706 5133 :
2733 5077 2976 5134 Oremus.
3007 5079 3112 5143 Du,
3138 5093 3459 5149 quaesumus.

1885 5173 2128 5235 Domine,
2174 5170 2349 5224 electis
2379 5172 2594 5235 nostris,
2621 5179 2676 5227 et
2707 5173 2936 5242 reliqua.
2975 5170 3156 5225 Finita
3206 5170 3308 5224 hac
3335 5185 3463 5225 ora-

1885 5265 2054 5329 tione,
2087 5261 2273 5318 sedeat
2303 5263 2358 5318 in
2389 5263 2517 5319 sede
2559 5279 2678 5320 sua.
2725 5263 2928 5318 Deinde
2981 5261 3126 5316 dicat
3159 5261 3458 5316 diaconus:

1882 5352 2252 5407 Catechumeni
2272 5352 2576 5422 procedant.
2605 5353 2672 5408 Et
2691 5359 2953 5406 vocentur
2977 5349 3214 5406 infantes
3237 5350 3306 5405 ab
3335 5365 3463 5408 aco-

1880 5442 2030 5514 lytho
2067 5458 2165 5513 per
2213 5444 2454 5506 nomina,
2485 5450 2540 5497 et
2581 5441 2850 5503 ordinem,
2879 5447 2940 5492 ut
2981 5438 3169 5509 scripti
3216 5447 3363 5504 sunt,
3407 5453 3464 5496 et

1880 5544 2188 5592 statuantur
2217 5535 2359 5590 sicut
2397 5534 2566 5604 prius.
2596 5531 2945 5588 Postmodum
2979 5545 3106 5586 vero
3127 5530 3459 5588 admonean-

1880 5638 1968 5684 tur
2003 5645 2034 5682 a
2069 5629 2301 5684 diacono
2342 5625 2593 5681 dicente:
2623 5621 2803 5685 Orate,
2842 5621 3012 5687 electi,
3042 5623 3232 5693 ﬂectite
3263 5637 3454 5692 genua.

1878 5721 1946 5776 Et
1971 5728 2255 5790 postquam
2277 5715 2574 5780 oraverint,
2597 5715 2744 5770 dicat
2766 5732 2779 5769 :
2810 5713 3014 5769 Levate.
3052 5713 3314 5786 Complete
3339 5729 3460 5766 ora-

1877 5811 2066 5867 tionem
2089 5818 2310 5864 restram
2337 5807 2392 5861 in
2432 5821 2614 5872 unum,
2645 5813 2693 5860 et
2726 5803 2882 5860 dicite
2908 5804 3072 5860 Anien
3095 5823 3113 5872 ;
3140 5813 3196 5862 et
3229 5816 3456 5874 respon-
