4000 6482
524 396 627 455 783

1630 400 1832 456 JESSE
1870 399 2173 456 EPISCOPI
2198 402 2650 460 AMBIANENSIS

3668 412 3779 470 78$

524 513 688 568 deant
720 525 929 576 omnes,
969 511 1151 565 Amen.
1184 509 1263 564 Ita
1295 510 1438 566 dicat
1465 510 1723 566 diaconus
1750 530 1762 565 :
1791 510 2004 581 Signate
2030 512 2092 565 il-
2116 520 2167 577 Α
2193 514 2287 581 cit,
2316 514 2530 585 Signate
2560 517 2678 571 illos
2701 532 2717 569 :
2739 527 2873 571 state
2902 535 3019 571 cum
3063 521 3341 590 disciplina
3381 530 3428 575 et
3462 521 3691 590 silentio,
3717 534 3782 582 et

523 605 642 670 los;
698 603 927 658 accedite
978 602 1046 655 ad
1093 596 1516 670 benedictionem,
1577 612 1633 659 et
1685 604 1900 674 signent
1952 603 2096 674 ipsos

524 695 759 751 infantes
784 693 839 748 in
865 691 1134 747 frontibus
1175 706 1362 751 eorum
1393 700 1734 762 susceptores
1762 692 1864 746 viri
1909 693 1993 746 vel
2019 690 2100 748 fc-

522 789 704 853 minze,
726 787 783 841 id
805 794 892 843 est
914 789 1115 858 patrini
1143 790 1496 844 vel-matrima
1525 790 1592 844 de
1612 789 1808 860 pollice
1831 789 2092 844 dicendo:

521 876 589 930 In
615 878 821 931 nomine
850 876 1050 943 Patris,
1079 887 1128 932 et
1154 876 1304 944 Filii,
1336 887 1384 933 et
1415 877 1645 950 Spiritus
1680 879 1886 943 sancti;
1913 886 1968 934 et
1996 879 2097 932 im-

519 980 687 1042 ponat
713 971 945 1041 primum
976 987 1196 1027 manum
1225 987 1388 1042 super
1416 972 1581 1036 viros,
1607 981 1795 1043 postea
1826 988 1988 1042 super
2016 971 2097 1027 fe-

520 1063 716 1127 minas,
777 1064 912 1118 daus
955 1064 1258 1117 orationem
1296 1063 1512 1118 excelsa
1560 1079 1692 1118 voce
1740 1064 1826 1118 his
1866 1062 2091 1118 verbis:

518 1154 662 1208 Deus
699 1153 985 1217 Abraham,
1016 1162 1071 1207 et
1114 1154 1339 1224 reliqua.
1377 1154 1508 1209 Post
1542 1156 1659 1209 lucc
1692 1163 1911 1210 vertens
1940 1171 1998 1210 se
2026 1155 2094 1209 ad

518 1244 750 1301 feminas
782 1243 945 1299 faciat
966 1244 1106 1299 sicut
1134 1260 1295 1314 supra
1326 1253 1382 1300 et
1416 1245 1592 1310 dicat;
1626 1244 1765 1299 Deus
1793 1243 1925 1306 εαξη,
1954 1244 2093 1298 Deus

517 1347 673 1390 terra:
702 1351 721 1388 :
751 1343 805 1389 et.
843 1335 1035 1389 iterum
1072 1337 1358 1391 annuutiet
1375 1336 1635 1391 diaconus
1662 1336 1846 1391 dicens
1871 1353 1883 1389 :
1910 1333 2090 1399 Orate,

518 1426 688 1492 electi,
729 1435 785 1480 et
833 1425 1063 1496 reliqua.
1094 1425 1160 1479 Et
1199 1426 1415 1497 signent
1452 1433 1791 1495 susceptores
1824 1432 1885 1477 ut
1917 1423 2089 1493 prius,

519 1524 574 1570 ct
610 1525 869 1587 sequatur
899 1516 1182 1586 acolythus
1212 1516 1350 1571 alius
1379 1514 1586 1571 faciens
1617 1532 1714 1585 per
1741 1515 1923 1569 omnia
1952 1514 2093 1568 sicut

518 1607 609 1664 ille
639 1610 851 1679 primus
895 1607 1044 1674 fecit,
1072 1617 1128 1663 et
1171 1609 1355 1665 dicat:
1380 1608 1538 1674 Audi,
1563 1607 1835 1662 maledicta
1865 1605 2087 1671 Satana,

515 1714 680 1770 super
706 1700 851 1755 viros
893 1701 1148 1770 primum,
1190 1700 1384 1756 deinde
1421 1714 1583 1770 super
1608 1693 1845 1754 feminas
1865 1712 2088 1766 separa-

514 1790 637 1857 tim,
666 1801 722 1847 et
750 1792 945 1846 iterum
975 1793 1157 1848 dicat:
1186 1791 1323 1845 Deus
1347 1791 1631 1856 Abraham,
1664 1801 1710 1844 et
1745 1790 1881 1844 Deus
1907 1788 2084 1855 Isaac,

2199 602 2428 673 legatur,
2459 604 2512 658 in
2538 606 2746 661 aurium
2768 608 3070 676 apertionc,
3087 608 3247 664 lectio
3273 609 3424 665 Isaiae
3449 613 3730 682 propheta
3755 635 3772 670 :

2196 692 2329 748 Haec
2371 695 2496 749 dicit
2523 695 2805 763 Dominus,
2840 698 3034 754 Audite
3076 702 3347 757 audientes
3396 719 3498 768 me,
3530 712 3579 757 et
3628 722 3775 760 com-

2194 781 2329 835 edite
2373 783 2585 849 bonum,
2626 801 2819 855 usque,
2864 790 3110 859 quoniam
3151 791 3346 846 multus
3390 804 3464 847 est
3511 795 3582 847 ad
3619 796 3775 865 igno-

2195 874 2458 927 scendum.
2491 872 2756 945 Sequztur‘
2779 882 3201 949 responsorium,
3242 881 3439 947 Venite,
3470 887 3589 954 ﬁlii.
3637 888 3771 944 Item

2196 963 2298 1016 alia
2328 964 2484 1020 lectio
2509 968 2578 1022 ad
2617 967 2984 1035 Colosscnscs,
3025 971 3265 1041 Fratres,
3292 978 3646 1047 exspatiantcs
3683 1000 3773 1037 ros

2194 1062 2416 1107 veterem
2451 1055 2711 1111 hominem
2754 1076 2872 1113 cum
2913 1061 3114 1115 actibus
3158 1064 3290 1130 suis,
3333 1082 3527 1136 usque,
3566 1073 3773 1138 gratias

2194 1154 2400 1213 agentes
2444 1146 2554 1200 Deo
2604 1146 2757 1205 Patri
2800 1167 2893 1221 per
2931 1152 3114 1207 Iesum
3157 1154 3422 1210 Christum
3486 1159 3770 1216 Dominum

2195 1243 2449 1289 nostrum.
2489 1238 2747 1308 Sequitur
2789 1247 3213 1312 responsorium,
3255 1246 3421 1302 Beata
3461 1266 3611 1320 gens.
3638 1253 3766 1308 Post

2194 1323 2308 1379 hate
2340 1328 2635 1395 procedant
2679 1340 2912 1401 quatuor
2941 1335 3153 1395 diaconi
3199 1338 3263 1393 de
3311 1344 3615 1398 secretario
3645 1360 3766 1399 cum

2194 1424 2424 1485 quatuor
2451 1418 2604 1474 libris
2632 1422 3063 1495 Evangeliorum,
3087 1434 3523 1496 praecedentibus
3542 1436 3625 1490 eis
3645 1439 3770 1491 duo-

2192 1503 2293 1558 bus
2333 1508 2692 1576 candclabris,
2735 1527 2858 1567 cum
2887 1514 3176 1572 thuribulis
3208 1527 3257 1573 et
3291 1519 3536 1587 incenso,
3585 1534 3642 1578 et
3669 1543 3767 1597 po-

2193 1603 2327 1649 nant
2371 1596 2485 1666 ipsa
2526 1600 2816 1673 Evangelia
2858 1605 2911 1659 in
2942 1616 3181 1676 quatuor
3211 1612 3422 1683 angulis
3466 1596 3685 1681 altaris,
3713 1628 3768 1673 et

2191 1693 2479 1779 antequam
2508 1688 2703 1761 aliquis
2728 1709 2914 1750 eorum
2942 1698 3106 1768 legat,
3149 1710 3340 1758 tractet
3366 1709 3660 1779 presbyter
3685 1714 3767 1767 his

2189 1776 2370 1867 verbis
2400 1794 2412 1830 :
2443 1779 2707 1849 Aperituri
2741 1784 2902 1849 vobis,
2940 1786 3042 1854 ﬁlii
3072 1788 3393 1855 charissimi,
3445 1776 3760 1867 Evangelia,

519 1890 575 1937 ct
623 1883 855 1952 “inqua.
886 1882 1019 1937 “em
1059 1883 1206 1938 dicat
1236 1883 1496 1938 diaconus
1533 1891 1592 1936 ut
1624 1891 1784 1937 orem
1827 1880 2004 1946 electi,
2036 1887 2090 1935 ει
2119 1865 2165 1925 Β
2194 1866 2248 1919 id
2276 1878 2351 1922 est
2372 1880 2515 1939 gesta
2538 1872 2733 1941 divina,
2771 1878 2918 1947 prius
2945 1880 3179 1935 ordinem
3206 1884 3477 1941 insinuare
3521 1865 3763 1946 debentes

512 1972 733 2042 signent
774 1986 869 2026 eos
907 1980 1248 2040 susceptores
1286 1979 1346 2025 ut
1387 1972 1558 2041 prius.
1594 1971 1722 2026 Post
1744 1972 1859 2026 haec
1901 1971 2090 2025 tertius

512 2056 797 2135 acolythus
827 2063 991 2118 faciat
1035 2065 1174 2119 sicut
1220 2063 1295 2118 illi
1337 2064 1547 2134 priores
1573 2063 1818 2119 fecerunt
1862 2062 2090 2119 dicendo

511 2155 819 2209 orationem
846 2154 987 2208 hanc
1007 2170 1020 2207 :
1042 2152 1304 2207 Exoreizo
1331 2162 1400 2220 te,
1424 2154 1688 2207 immuude
1715 2155 1952 2225 spiritus,
1978 2153 2091 2224 pri-

517 2261 665 2300 mum
705 2260 867 2315 super
890 2246 1057 2312 viros,
1086 2253 1371 2315 postquam
1400 2261 1563 2316 super
1592 2244 1842 2313 feminas,
1868 2260 1973 2316 qua
1999 2260 2091 2300 ex-

514 2336 679 2407 pleta,
744 2336 943 2391 iterum
991 2338 1279 2392 annuutiet
1321 2337 1598 2401 diaconus,
1656 2344 1716 2391 ut
1765 2344 1923 2392 orent
1979 2335 2089 2391 ele-

512 2429 608 2495 cti,
634 2436 767 2493 etc.,
800 2435 855 2483 et
888 2427 1091 2481 faciant
1130 2427 1269 2482 sicut
1309 2427 1477 2498 prius.
1508 2427 1602 2481 His
1630 2428 1881 2481 omnibus
1907 2426 2089 2496 exple-

511 2523 603 2587 tis,
655 2521 876 2577 veniens
906 2521 1191 2592 presbyter
1218 2520 1420 2576 faciant
1456 2535 1672 2576 crucem
1721 2521 1774 2575 in
1819 2518 2087 2576 frontibus

512 2618 865 2689 singulorum,
904 2628 1174 2688 ponetque
1212 2634 1430 2672 manum
1480 2633 1641 2686 supra
1679 2617 1856 2686 capita
1896 2628 2083 2669 eorum

510 2711 636 2767 data
676 2711 921 2767 oratione
948 2712 1052 2766 hac
1078 2731 1090 2765 :
1115 2710 1394 2765 xEternam
1438 2726 1500 2763 ac
1528 2709 1879 2779 justissimam
1913 2708 2081 2777 picta-

510 2812 611 2857 tem
645 2810 810 2869 tuam,
841 2811 895 2857 et
922 2802 1148 2871 reliqua.
1176 2802 1269 2855 llis
1291 2816 1419 2855 vero
1449 2792 1858 2866 consummatis,
1885 2799 2082 2853 iterum

509 2893 903 2947 admoneamur
928 2907 958 2945 a
983 2893 1210 2946 diacono
1240 2892 1344 2945 ita:
1365 2890 1548 2958 Orate,
1572 2891 1753 2954 electi;
1781 2891 1971 2960 ﬂectite
1994 2904 2081 2959 ge-

508 3000 637 3047 nua,
667 2991 721 3036 et
756 2991 878 3052 post
916 2982 1169 3051 pusillum
1210 2983 1390 3037 dicat:
1419 2982 1644 3047 Levate;
1674 2981 1921 3053 complete
1964 2998 2083 3036 ora-

506 3073 699 3126 tionem
720 3084 940 3126 vcs.'ram
963 3074 1018 3126 in
1046 3090 1224 3135 unum,
1252 3083 1299 3126 et
1335 3073 1510 3137 dicite,
1545 3074 1727 3127 Amen.
1763 3072 1982 3143 Signata
2014 3070 2081 3126 il-

506 3166 608 3232 los,
638 3174 773 3220 state
797 3159 919 3219 cum
941 3166 1215 3236 disciplina
1239 3178 1284 3220 et
1316 3166 1541 3221 silentio.
1586 3165 1715 3220 Post
1742 3166 1858 3220 hcce
1888 3180 2076 3220 rever-

2187 1961 2315 2031 quid
2351 1973 2427 2017 est
2460 1964 2823 2038 Evangelium,
2867 1981 2915 2025 et
2944 1974 3082 2028 unde
3116 1974 3420 2044 descendat,
3449 1991 3502 2034 et
3530 1984 3687 2053 cujus
3712 1989 3762 2039 in

2187 2069 2248 2108 eo
2288 2055 2440 2109 verba
2482 2069 2766 2127 ponantur,
2806 2070 2855 2115 et
2891 2080 3052 2135 quare
3081 2077 3306 2137 quatuor
3341 2081 3463 2124 sunt
3513 2075 3607 2143 qui
3656 2077 3761 2129 he’c

2187 2154 2328 2215 gesta
2353 2147 2690 2219 scripserunt,
2714 2152 2791 2205 vel
2811 2155 2898 2225 qui
2923 2166 3066 2223 sunt;
3091 2165 3146 2213 et
3171 2159 3377 2232 reliqua
3408 2164 3473 2215 acl
3504 2164 3618 2219 haec
3642 2182 3761 2236 pcr-

2190 2238 2435 2292 tinentia.
2486 2238 2635 2297 Tunc
2674 2242 2870 2299 iterum
2899 2246 3042 2301 dicat
3081 2266 3092 2302 :
3125 2248 3253 2304 Ideo
3298 2255 3669 2322 prtrmisimus,
3696 2275 3759 2311 ne

2186 2331 2299 2383 sine
2330 2330 2487 2401 hujus
2512 2334 2711 2389 ordJnis
2755 2338 2956 2392 ratione
2993 2349 3253 2411 stuporem
3298 2348 3553 2401 mentibus
3575 2351 3752 2403 vestris

2188 2424 2592 2494 relinqueremus
2616 2440 2633 2479 :
2655 2439 2702 2481 et
2730 2431 2851 2501 quia
2873 2438 2941 2485 ad
2965 2433 3062 2487 hoc
3088 2438 3317 2503 venistis,
3353 2449 3413 2492 ut
3438 2458 3584 2495 aures
3608 2443 3751 2496 vobis

2186 2528 2510 2589 aperiantur,
2539 2540 2600 2579 ne
2625 2537 2806 2577 sensus
2830 2534 2994 2579 vester
3015 2526 3303 2585 hebetando
3343 2530 3686 2587 obtundatur.

2254 2609 2369 2667 Hoc
2389 2612 2530 2669 facto
2552 2614 2747 2670 iterum
2769 2618 3053 2672 annuutiet
3078 2619 3337 2676 diaconus
3358 2623 3551 2679 dicens
3576 2644 3590 2679 :
3617 2624 3757 2680 State

2185 2721 2305 2757 cum
2341 2704 2566 2793 silentio,
2602 2715 2649 2760 et
2679 2708 2947 2763 audientes
2989 2710 3257 2765 intendite.
3288 2712 3442 2769 Tunc
3486 2716 3752 2786 accipiens

2185 2810 2325 2849 unus
2356 2809 2421 2849 ex
2446 2796 2760 2852 diaconibus
2781 2798 2846 2853 de
2869 2799 3056 2871 angelo
3079 2799 3287 2872 [Forte,
3308 2804 3535 2877 angulo]
3558 2809 3749 2874 altaris,

2184 2886 2276 2957 qui
2302 2895 2385 2942 est
2411 2888 2480 2943 ad
2516 2887 2703 2943 laevam
2736 2890 2966 2959 primus,
2992 2892 3186 2948 librum
3218 2894 3527 2966 Evangelii,
3556 2914 3748 2968 parce-

2182 2977 2434 3034 dentibus
2457 2979 2665 3034 duobus
2694 2980 3031 3037 candelabris
3056 2998 3178 3038 cum
3211 2985 3535 3053 thuribulis,
3576 3006 3750 3046 ascen-

2181 3068 2275 3124 dat
2305 3070 2372 3124 ad
2400 3069 2706 3140 legendum,
2732 3080 2789 3125 et
2825 3071 3004 3143 legat:
3029 3073 3246 3129 Initium
3282 3080 3458 3132 sancti
3488 3080 3751 3152 Evangelii

2181 3161 2467 3215 secundum
2488 3162 2818 3229 Matt/neum,
2847 3179 3038 3234 usque,
3067 3167 3178 3236 ipse
3205 3168 3345 3221 enim
3366 3170 3576 3224 salvum
3604 3173 3750 3241 faciet

506 3271 652 3316 tatur
676 3262 929 3317 sacerdos
972 3262 1038 3315 ad
1068 3261 1253 3316 sedem
1284 3275 1461 3324 suam,
1491 3267 1546 3315 et
1573 3257 1737 3314 lectio
1764 3258 1991 3328 legatur,
2022 3266 2077 3312 et
2104 3247 2148 3309 C
2177 3252 2423 3323 populum
2449 3270 2603 3307 suum
2623 3272 2655 3307 a
2684 3256 2907 3325 peccatis
2933 3272 3132 3310 eorum.
3161 3257 3279 3325 Quo
3316 3259 3459 3315 lecto
3493 3263 3752 3331 suscipiat

504 3354 766 3426 psallatur
794 3353 1052 3427 graduale
1076 3354 1352 3424 pertinens
1385 3351 1453 3406 ad
1484 3351 1661 3421 ipsum
1687 3350 1848 3405 diem.
1886 3349 2079 3406 Postea

502 3465 633 3506 vero
673 3449 853 3505 taliter
887 3464 917 3503 a
969 3448 1195 3503 diacono
1242 3446 1656 3509 admoneamur,
1710 3441 2079 3498 Catechumcni

504 3543 765 3597 recedant.
795 3542 854 3599 Si
884 3541 998 3613 quis
1032 3541 1429 3595 catechumenus
1477 3547 1573 3603 est,
1620 3537 1845 3592 recedat.
1877 3534 2078 3592 Omnes

508 3633 884 3690 catechumeni
926 3633 1182 3687 recedant
1232 3629 1397 3695 foras,
1439 3640 1495 3686 et
1530 3630 1876 3701 egrediantur
1917 3626 2076 3682 electi

505 3732 883 3795 exspectantes
922 3738 1021 3794 pro
1069 3722 1274 3776 foribus
1312 3736 1590 3790 quousque
1615 3719 1878 3785 completa
1913 3715 2077 3772 fuerit

504 3814 690 3867 missa.
742 3813 946 3868 Deinde
993 3812 1201 3881 legatur
1256 3809 1611 3880 evangelium,
1670 3816 1725 3862 et
1782 3805 2077 3861 offerantur

504 3904 805 3957 oblationes
835 3918 864 3956 a
905 3901 1241 3971 parentibus,
1282 3899 1368 3952 vel
1406 3913 1436 3951 a
1466 3896 1867 3967 susceptoribus
1899 3894 2078 3949 infan-

504 4003 644 4061 tum,
672 4001 725 4049 et
746 4003 913 4064 ponat
939 3992 1083 4062 ipsas
1118 3990 1370 4045 sacerdos
1396 4004 1559 4058 super
1586 3988 1779 4051 altare,
1825 3986 2075 4055 dicatque

502 4084 802 4140 orationem
823 4083 962 4136 hanc
988 4088 1222 4135 secrete:
1243 4078 1513 4134 Miseratio
1542 4087 1653 4142 tua,
1691 4077 1846 4139 Deus,
1874 4075 1942 4128 ad
1964 4076 2075 4128 Ita'c

500 4175 833 4247 percipienda
858 4171 1140 4245 mysteria;
1169 4180 1225 4226 et
1244 4171 1468 4240 reliqua.
1496 4168 1567 4224 At
1591 4169 1683 4224 ubi
1712 4168 1931 4232 dixerit,
1956 4165 2071 4221 Me-

500 4277 697 4336 mento,
740 4267 979 4331 Domine,
1023 4263 1342 4334 famulorum
1380 4261 1800 4333 famularumque
1839 4269 2070 4323 tuarum,

503 4359 801 4415 recitentur
846 4356 1064 4413 nomina
1092 4357 1331 4410 virorum
1372 4369 1438 4409 ac
1476 4352 1764 4408 mulierum
1792 4352 1883 4422 qui
1927 4352 2072 4422 ipsos

501 4448 736 4505 infantes
780 4448 1081 4518 suscepturi
1126 4455 1269 4502 sunt.
1301 4446 1431 4501 item
1470 4446 1522 4500 in
1552 4444 1869 4500 fractiouem
1906 4443 2071 4516 [Infra

502 4536 817 4607 actionem],
850 4536 1000 4591 Hanc
1024 4538 1186 4606 igitur
1210 4535 1520 4591 oblationem
1540 4535 1794 4603 expletam
1805 4575 1831 4600 ,,
1849 4535 2073 4588 reciten-

504 4639 594 4682 tur
630 4629 850 4683 nomina
890 4628 1132 4682 virorum
1178 4627 1498 4691 electorum,
1527 4635 1582 4680 et
1619 4635 1902 4696 postquam
1942 4624 2074 4678 recip

500 4820 555 4867 et
582 4810 809 4881 reliqua.
857 4809 1016 4865 Missa
1048 4807 1196 4863 finita
1228 4808 1627 4862 communicent
1665 4820 1853 4860 omnes
1874 4813 2070 4872 prmter

500 4905 646 4974 ipsos
685 4901 940 4957 infantes.
971 4901 1171 4956 lterum
1214 4899 1496 4955 denuntiet
1522 4898 1822 4967 presbyter,
1857 4904 1915 4949 ut
1953 4896 2069 4966 ipsa

502 4994 856 5057 hebdomada,
886 4991 1020 5047 feria
1060 4991 1203 5061 quali
1241 4991 1490 5055 voluerit,
1520 4989 1739 5043 veniant
1776 5002 1963 5042 omnes
2000 4986 2069 5063 ad

502 5086 811 5149 ecclesiam,
843 5084 1054 5154 qualem
1081 5083 1161 5137 cis
1201 5081 1617 5135 denuntiaverit.
1646 5079 1935 5134 Venientes
1969 5095 2068 5133 au-

472 5184 614 5235 'tcm
643 5177 708 5233 ad
739 5177 1026 5232 ecclesiam
1061 5174 1385 5235 condictam,
1416 5173 1616 5226 faciant
1645 5171 1964 5225 scrutinium
2001 5168 2073 5223 al-

503 5278 678 5324 terum
718 5280 816 5338 per
841 5266 1109 5328 ordinem,
1154 5264 1295 5318 sicut
1336 5262 1486 5331 prius
1512 5261 1773 5316 fecerunt.
1809 5259 2072 5314 Similiter

500 5358 807 5413 faciendum
853 5364 935 5411 est
960 5355 1025 5408 de
1058 5352 1320 5407 scrutinio
1344 5352 1523 5415 tertio,
1556 5358 1769 5419 quarto,
1802 5350 1885 5403 vel
1912 5350 2071 5417 quin-

503 5460 558 5505 to
589 5451 641 5505 in
675 5450 781 5504 illis
816 5449 987 5502 tribus
1019 5444 1370 5501 hebdomadis
1418 5459 1587 5512 usque
1623 5443 1676 5495 in
1712 5448 1905 5510 quarta
1935 5438 2070 5493 feria

503 5549 630 5594 ante
659 5540 891 5593 Palmas.
926 5537 981 5591 In
1012 5538 1201 5592 eadem
1232 5544 1413 5589 autem
1442 5550 1495 5588 IV
1519 5532 1653 5586 feria
1689 5540 1950 5599 sequente
1978 5543 2072 5584 ve-

504 5630 659 5685 niant
697 5630 763 5684 ad
804 5628 1106 5691 ecclesiam,
1145 5626 1571 5698 qualemcunque
1598 5622 1815 5685 dixerit,
1851 5630 1907 5675 et
1942 5629 2071 5675 tunc

505 5714 711 5777 fﬁciunt
754 5720 1073 5775 scrutinium
1115 5727 1327 5774 sextum
1376 5733 1474 5788 per
1516 5731 1734 5771 onmem
1776 5715 2019 5769 ordinem
2045 5753 2062 5782 ,

509 5812 645 5867 sicut
673 5810 760 5865 illa
787 5809 1021 5878 quinque
1049 5809 1310 5875 fecerunt,
1343 5824 1510 5878 usque
1535 5809 1602 5863 ad
1640 5807 1838 5869 locum,
1863 5805 1953 5861 ubi
1983 5806 2067 5862 di-

2101 4592 2148 4652 D

503 4727 614 4774 tata
643 4717 863 4784 fuerint,
890 4719 1054 4784 dicat,
1085 4719 1176 4772 hos
1200 4718 1339 4787 [ante
1368 4716 1693 4787 baptismatis
1725 4715 2066 4778 innovandos,
2118 4780 2121 4785 λ

2179 3344 2246 3398 ab
2271 3358 2335 3397 eo
2368 3344 2729 3400 subdiaconus
2757 3346 3106 3418 Evangelium
3148 3350 3202 3402 in
3232 3349 3421 3415 linteo,
3450 3362 3507 3406 et
3546 3352 3752 3408 deferat

2179 3436 2231 3491 in
2263 3437 2638 3492 secretarium.
2670 3438 2873 3495 Deinde
2894 3448 3091 3497 tractet
3117 3444 3405 3515 presbyter
3432 3446 3511 3500 his
3535 3448 3751 3503 verbis:

2177 3523 2310 3580 Fili
2334 3526 2650 3593 charissimi,
2674 3545 2736 3582 ne
2768 3529 3028 3585 morulam
3057 3532 3198 3587 vobis
3219 3533 3557 3602 innectamus,
3583 3553 3752 3608 expo-

2176 3635 2298 3673 nere
2320 3619 2464 3673 vcbis
2489 3621 2726 3690 cupimus
2755 3639 2914 3693 quam
2940 3626 3191 3681 rationem
3221 3626 3548 3699 ﬁguramque
3584 3648 3751 3685 unus-

2175 3710 2393 3790 quisque
2421 3710 2736 3780 evangelista
2778 3714 2832 3768 in
2876 3731 2930 3768 se
2956 3716 3239 3771 contineat.
3272 3718 3339 3773 Et
3360 3730 3591 3790 exponat
3640 3724 3749 3776 siu-

2175 3788 2422 3874 guldrum
2458 3804 2910 3874 evangelistarum
2956 3809 3244 3875 rationem,
3270 3818 3329 3865 et
3375 3788 3470 3866 cur
3505 3813 3579 3867 ita
3617 3815 3747 3885 ﬁgu-

2179 3905 2387 3949 rentur.
2412 3895 2637 3967 Expleta
2660 3906 2839 3951 autem
2871 3901 3180 3957 narratione
3206 3904 3527 3970 sacerdotis,
3552 3907 3747 3961 iterum

2175 3986 2457 4040 annuutiet
2478 3988 2734 4043 diaconus
2760 4003 2772 4041 :
2799 3988 2949 4044 State
2987 4008 3102 4045 cum
3127 3992 3354 4058 silentio,
3379 3996 3750 4069 audientesque

2174 4075 2445 4141 intendite,
2475 4084 2530 4130 et
2562 4077 2770 4148 legatur
2797 4080 3136 4151 Evangelium
3162 4087 3449 4140 secundum
3475 4087 3744 4153 Marcum.

2174 4182 2346 4238 usque
2393 4169 2459 4223 ad
2510 4170 2687 4226 locum
2719 4172 2809 4228 ubi
2855 4172 3166 4245 dicitzEgo
3209 4193 3295 4230 vos
3328 4178 3533 4249 baptiso
3584 4198 3749 4251 aqua,

2174 4259 2263 4313 ille
2285 4277 2404 4314 vero
2428 4261 2708 4333 baptizabit
2738 4280 2823 4318 vos
2849 4264 2904 4319 in
2936 4264 3135 4335 Spiritu
3165 4279 3384 4335 sancto;
3409 4280 3462 4325 et
3495 4273 3752 4327 similiter

2174 4360 2407 4421 exponat
2436 4353 2687 4408 sacerdos
2719 4354 2785 4408 de
2809 4354 3008 4421 Marco,
3041 4357 3180 4412 sicut
3207 4360 3274 4413 de
3303 4361 3577 4417 Matthaeo.
3616 4364 3752 4418 Post

2173 4442 2289 4497 haec
2312 4443 2504 4497 iterum
2528 4444 2809 4499 annuutiet
2828 4445 3084 4502 diaconus
3112 4449 3251 4504 sicut
3288 4466 3471 4520 supra,
3500 4463 3559 4507 et
3578 4453 3750 4525 legat,

2172 4530 2393 4586 Initium
2439 4533 2605 4585 sancti
2648 4532 2919 4604 Evangelii
2957 4538 3241 4591 secundum
3282 4537 3505 4607 Lucam,
3550 4557 3748 4614 usque,

2174 4637 2364 4690 parare
2399 4619 2625 4674 Domino
2649 4621 2847 4692 plebem
2876 4623 3194 4694 perfectam;
3219 4635 3273 4682 et
3299 4628 3461 4684 faciat
3489 4635 3754 4687 sacerdos

2176 4713 2397 4763 verbum
2425 4710 2492 4764 de
2515 4711 2662 4766 Luca
2701 4713 2843 4768 sicut
2880 4714 3011 4769 fecit
3056 4716 3122 4771 de
3149 4717 3287 4773 aliis.
3315 4718 3519 4774 lterum
3563 4732 3752 4777 autem

2175 4800 2523 4855 annuntietur
2547 4817 2575 4856 a
2628 4803 2872 4869 diacono,
2905 4813 2965 4859 ut
2994 4820 3177 4875 supra,
3219 4818 3274 4863 et
3316 4810 3476 4881 legat,
3520 4811 3753 4867 Initium

2172 4894 2340 4947 sancti
2360 4892 2643 4963 Evangelii
2665 4896 2949 4950 secundum
2986 4895 3265 4964 Joannem,
3304 4916 3492 4972 usque,
3527 4904 3748 4973 plenum

2172 4984 2354 5053 gratia:
2379 4994 2427 5037 et
2458 4984 2729 5038 veritatis:
2760 4994 2816 5040 et
2856 4996 3088 5057 exponat
3125 4992 3382 5047 sacerdos
3404 4994 3469 5048 de
3509 4993 3753 5061 Joanne,

2171 5074 2311 5128 sicut
2334 5074 2582 5144 exposuit
2610 5076 2675 5129 de
2699 5075 2839 5131 aliis.

2240 5164 2366 5218 Post
2391 5167 2530 5220 hanc
2568 5166 2761 5221 iterum
2792 5183 2923 5224 vero
2944 5173 3353 5240 expositionem,
3385 5182 3758 5235 annuntietur

2168 5255 2249 5309 cis
2272 5271 2300 5310 a
2325 5258 2604 5312 sacerdote
2632 5258 2877 5327 praefatio
2900 5265 3130 5332 symboli
3157 5267 3243 5322 his
3262 5270 3469 5335 verbis,
3504 5271 3757 5328 Dilectis-

2167 5347 2286 5400 simi
2327 5347 2497 5412 nobis,
2541 5351 2803 5419 accepturi
2843 5365 3226 5410 sacramentum
3273 5358 3630 5430 baptismatis,
3698 5378 3757 5422 et

2171 5437 2395 5506 reliqua.
2441 5437 2557 5504 Qua
2588 5440 2799 5508 expleta
2836 5450 2964 5499 tunc
2990 5447 3223 5517 accipiat
3258 5451 3548 5523 acolythus
3574 5474 3757 5515 unum

2169 5544 2236 5584 ex
2276 5532 2407 5601 ipsis
2442 5534 2737 5591 infantibus
2772 5540 3092 5606 masculum,
3134 5551 3324 5601 tenens
3355 5563 3479 5603 eum
3523 5552 3579 5605 in
3617 5556 3766 5611 sini-

2168 5629 2282 5677 stro
2326 5624 2571 5689 brachio,
2620 5637 2892 5697 ponatque
2931 5646 3147 5686 manum
3192 5649 3357 5705 super
3387 5649 3555 5709 caput
3597 5643 3759 5711 ejus.

2166 5716 2418 5787 dicatque
2446 5721 2747 5790 presbyter,
2774 5721 3043 5779 Annuntia
3074 5727 3231 5793 ﬁdem
3262 5729 3493 5797 illorum,
3536 5744 3586 5788 et
3608 5753 3763 5805 qna-

2163 5808 2282 5864 liter
2304 5810 2650 5880 conﬁteantur
2667 5814 2945 5870 Dominum
2974 5817 3153 5875 Iesum
3181 5822 3441 5877 Christum
3464 5842 3483 5879 :
3503 5820 3561 5881 ct
3585 5830 3759 5887 dicat
