4000 6450
235 294 336 355 785

1443 285 1777 343 El‘lSTCLA
1823 285 1909 342 DE
1944 284 2299 342 BAPTiSMO.

3374 281 3493 343 .786

247 392 535 484 symbolum
570 402 926 457 decautando.
956 399 1070 456 [Ioc
1101 400 1252 456 ﬁnito
1281 398 1447 456 faciat
1470 402 1608 457 alius
1632 402 1812 473 acoly-
1838 403 1888 464 Α
1916 402 1995 456 sal
2028 403 2252 457 rationis
2273 416 2336 457 ac
2357 400 2698 457 discretionis
2723 402 2839 459 sine
2860 401 3132 458 oblatione
3159 400 3335 457 mellis
3356 415 3496 459 sem-

248 501 361 555 tbus
400 509 563 565 super
604 509 768 549 unam
817 493 883 548 de
926 492 1161 548 feminis.
1200 492 1404 548 Deinde
1451 495 1813 564 subsequatur

241 585 521 661 prestter
558 587 645 641 bis
685 586 905 643 verbis:
935 584 1066 640 Ha'c
1093 603 1298 640 summa
1330 596 1404 641 est
1431 587 1556 656 ﬁdei
1596 597 1807 653 nostra',

239 680 555 737 dilectissimi
594 680 763 744 nobis,
808 688 864 735 et
892 679 1118 751 reliqua.
1149 679 1215 734 Et
1242 688 1429 750 postea
1457 681 1811 734 annuntietur

239 789 269 830 a
300 773 542 835 diacono,
579 778 640 825 ut
666 785 861 840 supra;
892 777 945 823 et
974 778 1102 824 ttmc
1132 770 1273 825 dicat
1300 770 1581 840 presbyter
1602 769 1808 824 oratio-

237 879 355 920 nem
382 860 718 917 Dominicam
743 861 820 915 ita
848 879 860 913 :
888 860 1146 914 Dominus
1172 869 1221 914 et
1241 860 1507 915 -Salvator
1532 870 1725 925 noster,
1756 869 1810 915 et

234 955 458 1024 reliqua.
492 952 743 1008 Diximus
772 958 952 1007 autem
982 952 1231 1021 superius
1261 967 1381 1020 quae
1413 952 1496 1005 vel
1529 960 1663 1022 quot
1686 966 1811 1021 per-

233 1062 377 1104 sona?
400 1045 468 1101 ad
497 1045 600 1100 hoc
619 1045 1041 1115 opusodcpntatm
1062 1052 1209 1110 sunt,
1233 1043 1446 1099 scilicet
1467 1044 1806 1114 specialiter:

232 1146 458 1208 quatuor
501 1143 630 1191 sunt
669 1151 938 1207 persona),
985 1135 1280 1190 secundum
1321 1151 1607 1189 numerum
1643 1135 1811 1190 libro—

233 1242 348 1282 rum
400 1235 637 1296 quatuor
685 1225 1127 1296 Evangeliorum,
1171 1224 1312 1280 unde
1355 1222 1517 1295 paulo
1561 1226 1810 1294 superius

231 1318 432 1374 mentio
479 1316 621 1373 facta
667 1325 771 1383 est,
802 1317 1046 1388 exceptis
1082 1316 1527 1381 subdiaconibus,
1561 1317 1810 1386 reliquis-

228 1423 332 1478 que
358 1408 641 1473 ministris,
671 1424 734 1464 ac
760 1408 993 1464 caeteris.
1024 1406 1164 1463 Sunt
1185 1408 1328 1463 enim
1354 1416 1698 1479 susceptores
1727 1409 1810 1463 iu-

228 1498 458 1567 fantum,
502 1500 758 1573 acolytbi,
813 1500 1127 1555 subdiaconi
1175 1515 1241 1556 ac
1287 1500 1609 1573 presbyteri.
1650 1500 1811 1556 Cate-

224 1596 529 1656 chumenus
558 1595 704 1649 enim
744 1594 1063 1665 mysterium
1106 1592 1231 1649 ﬁdei
1260 1594 1373 1665 jam
1406 1594 1697 1663 accipiens,
1736 1594 1810 1649 si-

222 1683 509 1757 gnaculum
554 1684 733 1740 crucis
763 1685 818 1739 in
855 1684 1032 1742 fronte
1075 1693 1316 1757 portans,
1356 1686 1409 1741 in
1443 1685 1719 1741 Christum
1749 1700 1807 1741 se

1915 506 2014 562 per
2055 491 2307 545 habeant.
2353 491 2475 546 Ideo
2525 500 2579 547 et
2609 492 2690 546 ori
2733 493 3109 548 catechumeni
3146 492 3225 548 sal
3266 506 3494 562 corpore

1914 597 2043 640 vere
2072 581 2326 638 sacerdos
2356 582 2606 651 imponit,
2646 590 2705 636 ut
2739 581 3009 651 signiﬁcet
3037 582 3150 638 sale
3175 582 3371 638 divina:
3392 583 3492 639 Sa-

1914 673 2128 743 pientiae
2161 672 2304 728 ﬂuxa
2326 688 2390 728 ac
2417 673 2736 744 voluptuosa
2782 673 2900 743 ejus
2930 682 3153 743 peccata
3179 675 3248 731 ab
3269 674 3363 731 illo
3398 676 3493 732 de-

1912 765 2059 835 pelli,
2085 774 2138 820 et
2168 766 2350 820 omnia
2380 766 2495 835 ejus
2520 766 2733 835 eloquia
2756 766 2973 820 condita
2998 780 3119 822 esse
3148 782 3212 823 ac
3226 784 3491 839 perorna-

1912 866 1986 922 ta,
2025 858 2193 912 Paulo
2220 866 2531 925 atlestaute,
2562 859 2652 927 qui
2679 858 2793 913 ait:
2826 856 3011 914 Sermo
3039 869 3205 914 vester
3233 860 3289 915 in
3317 862 3494 933 gratia

1914 949 2009 1003 Dei
2031 949 2141 1004 sale
2171 949 2237 1003 sit
2266 950 2523 1016 conditus,
2562 958 2617 1003 ut
2654 951 2832 1004 sciatis
2854 951 3114 1021 quomodo
3138 961 3377 1022 oporteat
3402 969 3493 1007 vos

1911 1042 2193 1113 unicuique
2216 1043 2544 1113 respondere.
2604 1042 2695 1098 Sal
2727 1060 2854 1116 ergo
2883 1045 2936 1099 in
2966 1047 3088 1116 igne
3109 1046 3293 1103 exsilit
3323 1064 3335 1100 :
3368 1062 3492 1102 nam

1911 1134 2157 1203 quamvis
2201 1135 2271 1188 sit
2302 1135 2356 1189 in
2386 1149 2533 1201 eum,
2585 1135 2764 1206 ignem
2807 1145 2987 1190 tamen
3031 1137 3185 1209 fugit,
3237 1150 3494 1194 naturam

1908 1227 2055 1282 enim
2088 1227 2363 1298 sequitur;
2409 1228 2533 1297 quia
2557 1228 2699 1297 ignis
2722 1236 2775 1284 et
2809 1245 2950 1299 aqua
2974 1229 3194 1286 inimica
3215 1238 3342 1285 sunt
3367 1230 3490 1286 sibi.

1909 1319 2053 1374 Bene
2084 1329 2264 1375 autem
2303 1320 2662 1390 baptizandis,
2712 1329 2766 1375 ct
2798 1322 2866 1376 ab
2904 1321 3026 1392 igne
3055 1330 3256 1378 aeterno
3292 1321 3493 1393 elapsis

1910 1410 1990 1465 sal
2020 1411 2299 1478 tribuitur,
2333 1420 2392 1466 ut
2422 1411 2609 1467 relicta
2640 1412 2905 1479 vanitate,
2933 1429 2998 1469 ex
3031 1406 3137 1484 qna
3167 1412 3413 1470 inﬁdeles
3433 1413 3495 1470 li-

1910 1502 2073 1557 beros
2115 1518 2241 1559 suos
2269 1518 2368 1574 per
2393 1504 2568 1574 ignem
2602 1503 2893 1560 lustrantes
2934 1505 3268 1561 dazmonibus
3308 1504 3496 1561 offere—

1908 1597 2061 1663 bant,
2119 1597 2185 1653 ad
2219 1612 2414 1668 aquam
2469 1598 2893 1669 regenerationis
2939 1600 3184 1668 perducti
3219 1599 3497 1672 oblatique

1910 1685 2023 1741 Deo
2057 1702 2121 1741 ac
2149 1688 2470 1751 consecrati,
2526 1688 2848 1743 inﬁdelitate
2895 1688 3096 1759 rejecta
3122 1730 3138 1756 ,
3191 1689 3496 1747 eﬂiciautur

220 1776 448 1832 credere
463 1776 771 1848 proﬁtetur,
795 1778 892 1833 sed
917 1779 1155 1834 nondum
1190 1780 1392 1836 lavacri
1420 1781 1561 1836 unda
1585 1796 1807 1851 regene-
1834 1776 1882 1837 B
1909 1778 2008 1832 ﬁlii
2032 1777 2150 1844 Dei,
2189 1787 2246 1835 et
2284 1779 2585 1845 Christum,
2618 1781 2708 1849 qui
2737 1792 2821 1836 est
2848 1797 2953 1851 pax
2988 1796 3138 1847 vera,
3174 1781 3493 1853 suscipiant,

222 1874 396 1931 ratus,
429 1882 628 1939 corpus
658 1877 714 1923 et
741 1870 1059 1940 sanguinem
1095 1870 1310 1927 Domini
1351 1883 1591 1929 meretur
1622 1873 1798 1944 perci-

217 1974 373 2029 pere.
436 1959 590 2017 Unde
631 1961 772 2018 bene
819 1966 1012 2020 beatus
1065 1965 1400 2035 Augustinus
1446 1969 1501 2023 in
1550 1984 1803 2024 sermone

217 2049 538 2119 evangelico
586 2066 653 2105 ex
691 2054 873 2109 verbis
909 2054 1120 2110 Domini
1167 2059 1233 2111 ad
1289 2057 1640 2113 Nicodemum
1683 2061 1799 2115 ait:

224 2155 244 2188 ί
278 2138 468 2206 Amen,
498 2156 651 2195 amen
688 2142 806 2196 dico
838 2143 953 2211 tibi,
996 2145 1097 2200 nisi
1123 2149 1240 2218 quis
1282 2157 1493 2203 renatus
1517 2150 1674 2219 fuerit
1717 2151 1804 2204 de-

221 2243 348 2293 nuo,
384 2245 490 2284 non
519 2241 689 2301 potest
717 2235 889 2290 ridere
914 2253 1129 2307 regnum
1154 2238 1271 2294 Dei.
1296 2240 1430 2312 Ipsis
1450 2256 1580 2314 ergo
1606 2259 1665 2299 se
1686 2259 1802 2299 cre-

220 2316 299 2372 dit
323 2316 507 2386 Jcsus,
535 2322 628 2391 qui
664 2324 778 2379 nati
802 2325 1005 2382 fuerint
1028 2329 1226 2384 denuo.
1250 2331 1392 2387 Ecce
1416 2332 1492 2386 illi
1515 2333 1608 2403 qui
1632 2335 1805 2389 credi-

218 2408 413 2465 derant
447 2412 503 2467 in
531 2429 676 2480 eum,
711 2424 766 2472 et
803 2416 962 2474 Jesus
992 2436 1099 2476 non
1143 2438 1201 2477 se
1229 2426 1487 2480 credebat
1512 2426 1632 2492 eis;
1671 2427 1797 2485 tales

216 2511 337 2556 sunt
357 2518 558 2562 omnes
582 2509 979 2566 catechumeni.
1004 2513 1107 2583 Ipsi
1124 2512 1238 2582 jam
1264 2518 1488 2572 credunt
1510 2519 1564 2573 in
1589 2520 1806 2576 nomine

215 2589 453 2661 Christi,
484 2596 579 2651 sed
606 2593 766 2653 Iesus
791 2615 897 2656 non
933 2617 993 2657 se
1018 2605 1193 2659 credit
1220 2605 1345 2661 illis.
1374 2606 1623 2664 lntendat
1649 2617 1706 2665 et
1724 2610 1807 2665 in—

216 2681 426 2755 telligat
467 2685 711 2742 cbaritas
736 2698 935 2746 vestra.
963 2690 1019 2747 Si
1056 2694 1353 2753 dixerimus
1379 2699 1765 2756 catecbttmeno
1789 2718 1800 2754 :

215 2771 404 2862 Credis
431 2776 496 2831 in
533 2776 849 2835 Christum?
874 2785 1184 2854 respondet,
1211 2786 1405 2855 Credo,
1438 2798 1493 2845 et
1519 2790 1697 2862 signat
1724 2807 1803 2858 se,

211 2861 322 2931 jam
353 2882 584 2922 crucem
620 2867 822 2926 Christi
869 2884 1094 2943 portans
1131 2877 1186 2932 in
1219 2877 1413 2942 fronte,
1459 2890 1516 2937 et
1543 2861 1649 2939 nan
1680 2900 1807 2940 eru-

213 2956 387 3015 bescit
429 2961 507 3017 de
532 2977 696 3018 cruce
731 2964 945 3023 Domini
970 2970 1052 3024 sui
1084 2986 1249 3028 :ecce
1283 2975 1458 3030 credit
1487 2976 1542 3030 in
1585 2979 1805 3035 nomine

218 3045 356 3117 ejus.
387 3051 796 3126 interrogemus
820 3072 941 3115 eum
969 3078 982 3114 :
1012 3060 1305 3119 Manducas
1328 3081 1547 3121 carnem
1579 3067 1672 3122 ﬁlii
1707 3069 1805 3125 ho—

219 3141 400 3231 minis,
434 3152 491 3199 et
527 3144 667 3202 bibis
690 3151 1008 3220 sanguinem
1035 3151 1130 3208 ﬁlii
1170 3153 1448 3212 hominis?
1475 3159 1654 3214 nescit
1673 3162 1803 3231 quid
1831 3133 1875 3195 Ω

219 3230 471 3302 dicimus,
505 3237 630 3307 quia
655 3236 814 3296 Iesus
842 3258 947 3297 non
979 3258 1037 3300 sc
1059 3245 1233 3300 credit
1256 3246 1355 3303 eis.
1385 3268 1403 3300 ι

783 3332 864 3387 De
897 3346 1236 3407 competente.

287 3415 480 3474 mea.
519 3419 664 3476 Inter
688 3425 1224 3506 catechumenum'et
1259 3439 1655 3501 competentcm
1686 3450 1806 3503 qum

216 3511 530 3570 differentia
560 3518 680 3572 est?

292 3603 462 3659 Riese.
501 3606 577 3662 De
616 3610 1029 3679 catechumeno,
1072 3615 1201 3684 quid
1220 3616 1310 3682 sit,
1362 3633 1524 3688 super
1553 3619 1687 3674 satis
1726 3620 1809 3675 di-

218 3700 372 3745 ctum
411 3703 496 3748 est
528 3714 540 3749 :
570 3698 665 3752 sed
694 3698 761 3757 de
790 3711 1147 3773 competente,
1180 3705 1308 3775 quid
1333 3707 1427 3772 sit,
1460 3709 1699 3763 breviter
1723 3718 1809 3765 est

214 3779 535 3839 dicendum.
575 3786 901 3859 Competens
947 3795 1153 3864 estqui
1193 3795 1481 3866 diligenter
1510 3798 1808 3857 instructus

213 3869 285 3926 de
322 3871 456 3939 ﬁde,
480 3884 534 3929 et
562 3886 766 3933 attente
811 3881 877 3936 de
902 3884 1224 3942 credulitate
1256 3886 1516 3953 imbutus,
1545 3899 1669 3959 post
1697 3898 1807 3947 tra-

214 3963 390 4019 ditam
433 3966 534 4022 sibi
584 3971 884 4029 doctrinam
917 3974 1366 4044 Christianitatis,
1395 3988 1449 4034 et
1488 3983 1803 4051 mysterium

216 4052 489 4125 Symboli,
517 4067 572 4113 et
594 4061 939 4119 traditionem
962 4067 1223 4123 orationis
1256 4068 1568 4137 Dominicte,
1587 4073 1721 4142 petit
1751 4082 1805 4130 ct

215 4155 373 4219 rogat
409 4156 473 4203 ut
495 4151 668 4221 possit
693 4157 951 4225 consequi
979 4159 1298 4229 mysterium
1333 4162 1477 4217 sacri
1505 4164 1803 4233 baptisma-

217 4237 312 4302 tis,
343 4248 401 4294 ct
434 4242 671 4311 gratiam
701 4243 926 4311 Christi,
958 4258 1014 4302 et
1032 4251 1304 4322 particeps
1327 4252 1443 4308 ﬁeri
1481 4266 1683 4311 sancta:
1708 4256 1801 4312 Dei

215 4326 497 4398 Ecclesiae,
525 4342 581 4388 et
608 4334 662 4389 in
712 4337 937 4393 servitio
966 4354 1090 4394 cum
1123 4341 1371 4398 ﬁdelibus
1404 4342 1527 4400 esse
1563 4324 1802 4402 Christi:

213 4422 355 4478 unde
381 4440 413 4479 a
440 4428 680 4496 petendo
713 4439 1029 4502 competens
1056 4445 1302 4491 vocatur.

900 4524 977 4581 De
1006 4525 1135 4581 sale.

278 4610 479 4667 lxrnn.
505 4612 615 4668 Cur
640 4615 1063 4672 catechumenos
1092 4619 1289 4688 accipit
1309 4620 1427 4676 sal?

278 4699 445 4758 llesr.
478 4702 783 4759 Adhibetur
814 4722 944 4778 ergo
974 4707 1074 4772 sal,
1121 4718 1176 4763 et
1202 4710 1437 4766 mittitur
1462 4729 1515 4767 in
1537 4728 1633 4769 ora
1658 4725 1805 4771 catc-

208 4790 638 4858 chumenorum,
681 4794 930 4851 videlicet
978 4797 1057 4852 sal
1098 4800 1504 4857 condimentum
1550 4805 1802 4862 omnibus

210 4882 346 4939 cibis
374 4887 595 4957 prmbet
619 4887 975 4956 pulmentum,
1025 4888 1329 4946 fatuitatem
1359 4893 1599 4962 expellit,
1635 4898 1805 4952 avidi-

211 4983 502 5048 tatemque
533 4980 753 5045 excitat,
785 4988 840 5035 et
865 4982 1159 5051 appetitum
1193 4983 1248 5037 in
1277 4985 1530 5039 omnibus
1562 4986 1698 5042 cibis
1719 4987 1801 5043 fa-

211 5066 303 5120 cit.
348 5069 427 5123 Ex
464 5068 562 5123 illo
586 5070 730 5124 enim
754 5077 898 5125 totus
946 5072 1122 5128 victus
1166 5073 1559 5131 delectatioret
1585 5080 1803 5134 suavior

210 5155 451 5214 efﬁcitur
498 5169 657 5228 gustu
688 5162 941 5218 hominis.
978 5163 1356 5233 Congruenter
1395 5176 1577 5223 autem
1615 5170 1695 5224 sal
1732 5170 1801 5226 ad

213 5249 451 5308 ofﬁcium
491 5251 917 5311 Christianitatis
937 5258 1254 5323 assumitur,
1301 5258 1367 5313 de
1397 5262 1626 5317 materia
1653 5263 1800 5318 enim

211 5353 370 5413 aqua:
409 5344 719 5411 conﬁcitur,
760 5346 1191 5416 etundceunque
1225 5348 1315 5413 sit,
1346 5349 1401 5403 in
1434 5365 1574 5420 aqua
1603 5353 1800 5408 resolvi

213 5443 413 5505 potest.
455 5436 612 5493 Sicut
651 5437 796 5492 enim
828 5438 881 5493 in
923 5439 1039 5507 lege
1066 5439 1173 5494 mel
1204 5442 1259 5494 in
1299 5442 1583 5497 sacriﬁciis
1618 5445 1800 5512 prohi-

218 5529 379 5585 betur
408 5531 621 5597 oﬂ'erri,
656 5540 713 5586 et
746 5531 824 5586 sal
845 5546 940 5601 per
975 5533 1155 5586 omnia
1187 5531 1440 5601 jubctnr;
1479 5534 1551 5589 ita
1591 5535 1796 5591 oblatu-

221 5621 297 5675 ris
324 5622 581 5688 Domino,
613 5631 670 5677 et
688 5622 866 5678 hostia
893 5621 1167 5678 eﬁ'ecturis
1189 5623 1267 5678 sal
1300 5623 1573 5689 tribuitur,
1606 5634 1663 5679 ut
1691 5641 1801 5682 om-

221 5713 309 5768 nia
353 5730 479 5784 qua:
509 5716 576 5771 ad
618 5715 817 5772 Christi
847 5716 1109 5772 honorem
1138 5717 1454 5788 cultumque
1495 5718 1797 5787 offerimus,

1905 1870 2119 1926 dicente
2147 1871 2265 1942 ipso
2300 1890 2311 1926 :
2341 1870 2437 1926 Sal
2461 1872 2644 1927 habete
2663 1873 2719 1927 iu
2746 1872 2907 1937 vobis,
2941 1873 2996 1927 id
3017 1881 3122 1938 est,
3151 1888 3363 1943 pacem.
3387 1873 3491 1929 Et:

1916 1960 2017 2015 Vos
2058 1964 2181 2017 estis
2206 1962 2288 2017 sal
2312 1974 2488 2019 terrcc.
2516 1963 2664 2019 Bene
2705 1972 2887 2019 autem
2916 1965 3174 2021 convenit
3207 1966 3352 2036 quod
3400 1981 3492 2022 sa-

1856 2070 1860 2074 ‘
1903 2056 2153 2112 cerdotes
2181 2056 2301 2122 Dei,
2332 2056 2424 2126 qui
2451 2066 2577 2111 sunt
2608 2056 3009 2112 condimentum
3048 2056 3254 2128 populi,
3307 2057 3389 2112 sal
3419 2057 3491 2113 ad

1903 2148 2137 2205 oﬁicium
2167 2148 2595 2206 Christianitatis
2635 2159 2930 2220 apponant,
2984 2157 3044 2205 ut
3071 2149 3218 2205 vitiis
3256 2148 3494 2205 exclusis

1903 2241 2159 2311 parvulos
2184 2241 2296 2298 sale
2326 2240 2619 2312 Sapientia:
2641 2242 2796 2297 bona:
2821 2240 3072 2298 conditos
3102 2241 3212 2297 Deo
3234 2240 3492 2312 paciﬁcos

1905 2332 2154 2390 oﬂ’erant.

2124 2424 2498 2491 Exorcizntur,
2528 2424 2637 2479 sive
2670 2424 3031 2479 catechizatur
3056 2423 3255 2494 infans.

1977 2516 2166 2571 Ixreu.
2201 2515 2554 2570 Exorcismus
2583 2514 2738 2585 cujus
2775 2514 2958 2587 lingua
3001 2522 3107 2582 est,
3163 2522 3219 2571 et
3250 2513 3381 2587 quid
3416 2515 3496 2573 in-

1909 2606 2275 2676 terpretatur?
2304 2613 2361 2661 et
2397 2604 2525 2675 quid
2556 2605 2937 2660 catechizare?

1980 2697 2143 2754 Busa.
2171 2697 2522 2753 Exorcismus
2552 2695 2764 2761 Graece,
2805 2696 2997 2751 Latine
3027 2695 3334 2766 coniuratio
3379 2696 3496 2753 sive

1909 2790 2212 2859 increpatio
2241 2789 2458 2844 dicitur.
2510 2788 2831 2859 increpatio,
2874 2786 2985 2842 Nec
3009 2797 3059 2843 te
3087 2788 3237 2854 latet,
3263 2788 3493 2854 Satana,

1898 2879 2179 2933 imminere
2206 2880 2298 2934 tibi
2325 2897 2523 2950 pennas,
2561 2888 2619 2935 et
2640 2879 2868 2950 reliqua.
2919 2878 3234 2949 Conjuratio
3258 2880 3417 2936 simul
3439 2887 3497 2937 et

1911 2968 2216 3041 increpatio
2244 2972 2486 3026 damnati
2536 2980 2591 3027 et
2618 2971 2908 3031 damnandi
2941 2990 2954 3026 :
2982 2971 3068 3027 Da
3103 2973 3354 3028 honorem
3382 2972 3495 3029 Deo

1910 3062 2044 3127 vivo,
2085 3065 2156 3116 da
2182 3062 2434 3116 honorem
2460 3060 2591 3116 Iesu
2619 3061 2850 3127 Christo,
2887 3062 2958 3116 da
2982 3064 3229 3117 honorem
3269 3061 3496 3133 Spiritui

1907 3165 2111 3221 sancto,
2143 3165 2191 3211 et
2216 3155 2397 3210 recede
2427 3153 2492 3209 ab
2530 3155 2628 3210 hoc
2672 3165 2719 3209 et
2744 3155 2809 3210 ab
2831 3155 2931 3209 hac
2956 3153 3162 3226 famula
3184 3153 3305 3221 Dei,
3324 3154 3381 3210 in
3403 3170 3496 3210 no-

1906 3246 2047 3300 mine
2077 3246 2242 3300 nostri
2264 3244 2396 3300 Jesu
2419 3243 2636 3312 Christi,
2667 3254 2722 3301 et
2751 3245 2975 3317 reliqua.
2993 3245 3103 3307 Est
3125 3246 3272 3303 enim
3300 3252 3496 3302 contra

1908 3337 2183 3394 diabolum
2221 3339 2427 3394 dictum
2472 3356 2484 3391 :
2517 3346 2579 3393 ut
2608 3338 2869 3404 discedat,
2920 3346 2978 3394 et
3010 3337 3285 3409 relinquat
3328 3354 3491 3410 quem

1909 3430 2149 3495 tenebat,
2207 3431 2350 3485 sicut
2393 3430 2446 3484 in
2499 3429 2763 3485 Zacharia
2809 3430 3072 3501 propheta
3109 3428 3496 3487 manifestatur

1909 3521 2139 3577 dicendo
2167 3540 2179 3575 :
2214 3520 2455 3575 Ostendit
2496 3520 2679 3576 Iesum
2704 3523 3028 3576 sacerdotem
3067 3531 3294 3578 stantem
3313 3538 3495 3579 coram

1909 3611 2096 3682 angelo
2110 3611 2343 3674 Domini,
2366 3622 2415 3667 et
2445 3610 2677 3667 Satanas
2698 3613 2871 3667 stabat
2891 3631 2924 3667 a
2960 3614 3161 3670 dextris
3183 3613 3321 3684 ejus,
3346 3622 3394 3668 et
3414 3613 3493 3667 di-

1909 3701 1988 3753 xit
2004 3700 2263 3754 Dominus
2282 3702 2351 3754 ad
2376 3700 2580 3757 Satan:
2604 3700 2633 3754 I
2637 3711 2843 3772 ncrepet
2855 3701 3115 3757 Dominus
3134 3704 3189 3757 in
3208 3713 3280 3768 te,
3296 3700 3490 3767 Satan,

1908 3792 2000 3862 qui
2023 3790 2176 3862 elegit
2199 3790 2567 3846 Hierusalem:
2591 3794 2695 3848 hoc
2717 3803 2823 3859 est,
2848 3795 3208 3861 exorcismus,
3243 3794 3494 3864 increpa-

1910 3898 1970 3939 re
1989 3891 2044 3939 et
2070 3883 2377 3954 coniurare.
2413 3884 2526 3940 Non
2555 3885 2699 3941 enim
2730 3895 2986 3943 creatura
3025 3886 3122 3942 Dei
3156 3887 3212 3942 in
3244 3886 3370 3953 illis,
3399 3888 3492 3957 qui

1908 3992 2014 4031 non
2045 3984 2190 4040 sunt,
2215 3976 2578 4039 exorcizatur,
2623 3976 2718 4034 sed
2744 3979 3011 4050 malignus
3036 3978 3281 4049 spiritus,
3316 3987 3376 4035 ut
3405 3995 3491 4041 re,-

1908 4068 2114 4138 liuqaat
2151 4068 2246 4124 Dei
2271 4077 2616 4128 creaturam..

2438 4160 2516 4215 De
2538 4163 2916 4234 exsuﬂtatione.

1977 4254 2104 4309 [leo
2130 4254 2274 4311 enim
2307 4264 2361 4310 et
2388 4255 2724 4320 exsuﬂlatur,
2765 4258 3084 4321 nonhomo,
3123 4258 3216 4313 sed
3243 4258 3346 4314 sub
3383 4274 3491 4328 quo

1909 4354 2037 4401 sunt
2055 4360 2246 4401 omnes
2274 4346 2367 4415 qui
2396 4346 2496 4400 sub
2522 4355 2747 4416 peccato
2778 4358 3097 4414 nascuntur,
3120 4350 3244 4419 quia
3270 4350 3383 4420 ipse
3407 4361 3494 4406 est

1912 4445 2104 4491 auctor
2148 4436 2276 4491 mali
2310 4443 2366 4491 et
2406 4437 2662 4508 princeps
2700 4447 3071 4509 peccatorum.
3135 4441 3307 4499 Recte
3337 4443 3487 4498 enim
3580 4468 3591 4477 -

1907 4529 2223 4586 exsulllatur
2250 4539 2305 4586 et
2331 4531 2637 4602 projicitur,
2677 4540 2929 4605 tanquam
2948 4533 3116 4605 pulvis
3146 4552 3178 4591 a
3204 4535 3341 4605 [acie
3364 4552 3488 4593 ven-

1905 4623 1967 4687 ti,
2024 4622 2283 4679 coufnsus
2311 4623 2364 4677 in
2395 4639 2492 4677 sua
2528 4624 2769 4694 nequitia
2800 4624 3066 4690 diabolus,
3110 4635 3172 4681 ut
3217 4644 3285 4684 eo
3310 4626 3492 4698 fugato

1905 4715 2071 4773 homo
2110 4715 2475 4781 reuovaudus,
2520 4723 2576 4771 et
2605 4715 2981 4784 viviﬁcandus,
3039 4717 3336 4774 calefactus
3358 4718 3489 4774 ﬂatu

1906 4806 2091 4867 divino
2118 4808 2447 4876 perducatur
2469 4808 2537 4861 ad
2564 4808 2796 4878 gratiam
2819 4807 3042 4874 Christi,
3070 4816 3127 4863 et
3148 4808 3204 4863 in
3222 4809 3317 4864 illo
3337 4808 3493 4864 Chri-

1905 4907 2015 4961 sto,
2059 4897 2171 4953 Deo
2209 4907 2399 4953 nostro
2437 4898 2632 4969 dignus
2670 4898 2893 4969 pateﬁat
2923 4900 3201 4956 introitus.
3242 4879 3490 4956 Catechi:

1907 5006 2034 5046 zare
2058 4991 2201 5044 enim
2228 4999 2311 5045 est
2335 4991 2550 5056 docere,
2584 4991 2669 5047 vel
2693 4994 2985 5063 castigare,
3018 4994 3163 5049 unde
3183 5002 3238 5050 et
3257 4993 3491 5064 Aposto-

1908 5082 2030 5137 lus:
2084 5081 2447 5136 Communicet
2483 5093 2658 5138 autem
2687 5086 2733 5139 is
2764 5088 2854 5157 qui
2888 5088 3245 5141 catechizatur
3277 5086 3489 5142 verbum

1905 5173 1953 5229 ei
2008 5172 2098 5242 qui
2155 5188 2210 5226 se
2269 5172 2556 5227 catechizat
2610 5175 2666 5230 in
2723 5177 2964 5231 omnibus
3017 5176 3185 5231 bonis.
3237 5175 3490 5233 Catecbi-

1908 5272 2064 5319 zatur
2112 5264 2205 5333 qui
2266 5263 2464 5331 discit,
2518 5267 2821 5322 catechizat
2863 5267 2956 5337 qui
3006 5267 3183 5321 docet.
3234 5267 3489 5338 Praecipit

1903 5355 2049 5410 enim
2101 5365 2163 5409 ut
2207 5355 2415 5411 doctori
2469 5358 2765 5423 adhaereat,
2812 5366 2871 5412 et
2917 5360 3280 5417 communicet
3323 5361 3489 5418 disci-
3566 5416 3571 5423 .

1938 5447 2063 5502 uiis.

1938 5464 2063 5502 nus.

1902 5464 1937 5519 Ρ
1972 5540 2159 5596 larua.
2196 5540 2377 5609 Quare
2402 5541 2467 5595 de
2498 5540 2665 5595 saliva
2697 5549 2993 5614 tanguntur
3019 5559 3181 5601 nares
3209 5554 3264 5604 et
3290 5547 3487 5603 aures?

1974 5631 2135 5688 Rssr.
2171 5632 2248 5688 De
2294 5631 2463 5686 saliva
2493 5633 2736 5701 tangitur
2777 5642 2904 5689 ante
2931 5635 3257 5705 baptismum
3298 5639 3481 5703 homo,

1905 5732 1963 5779 ut
1984 5734 2170 5794 postea
2192 5724 2259 5780 ad
2286 5722 2611 5794 baptismum
2636 5724 2991 5797 perducatur;
3021 5729 3280 5787 Dominus
3296 5739 3479 5786 autem
