4000 6464
485 313 602 375 ’787

1602 314 1802 371 JESSE
1841 311 2144 367 EPISCOPI
2181 309 2638 365 AMBlANENSlS

3640 302 3752 360 788

503 427 720 498 quando
757 440 959 483 caecum
988 440 1018 479 a
1062 425 1344 480 nativitate
1382 423 1725 490 illuminavit,
1772 424 1977 492 exspuit
2020 422 2074 474 in
2102 420 2344 484 Anostt'i
2371 420 2603 490 pectoris
2642 419 2894 473 vitalibus
2950 418 3357 474 committenda.
3411 415 3584 472 Corde
3601 417 3751 472 enim

504 527 721 579 terram,
750 524 798 569 et
831 515 950 585 fecit
985 513 1153 567 lutum
1183 513 1248 567 de
1267 513 1432 568 saliva
1466 531 1588 579 sua,
1640 522 1688 567 et
1719 513 1866 566 unxit
1898 509 2075 564 oculos

505 607 656 670 carci,
699 613 755 660 et
796 604 946 660 misit
971 605 1122 660 illum
1152 605 1221 659 ad
1253 605 1540 674 piscinam,
1571 613 1627 658 et
1670 604 1821 667 lavit,
1843 611 1899 658 et
1918 601 2073 657 vidit.

511 719 530 751 ι
569 698 797 765 Quando
838 697 1070 765 inunxit,
1122 696 1425 769 Augustino
1467 699 1699 763 dicente,
1736 697 2081 752 catechume-

506 809 635 849 num
680 794 824 848 fecit.
858 791 1084 860 Quando
1114 792 1268 864 lavit,
1313 791 1616 867 baptizatus
1642 800 1727 844 est
1759 791 1812 844 in
1839 789 2074 844 Christo.

503 885 764 940 lnunctus
787 891 923 946 erat,
948 890 1003 937 et
1024 897 1127 936 non
1156 881 1374 938 videbat
1404 899 1418 934 :
1447 881 1598 946 lavit,
1626 889 1681 935 et
1709 880 1865 933 vidit.
1905 877 2079 945 Quan-

506 974 577 1029 do
601 973 747 1029 enim
783 973 837 1027 in
855 973 1032 1042 seipse
1057 972 1455 1042 quodammodo
1501 971 1820 1040 baptizavit,
1852 978 1979 1024 tunc
2011 968 2078 1022 il-

506 1063 793 1117 luminavit
845 1081 857 1116 :
889 1070 1105 1132 sputum
1135 1061 1303 1126 enim,
1360 1060 1502 1131 quod
1526 1076 1590 1115 ex
1617 1060 1795 1130 capite
1841 1074 1939 1113 suo
1989 1058 2081 1113 de-

506 1152 740 1216 scendit,
765 1151 1023 1207 Dominus
1053 1159 1212 1206 terrae
1239 1151 1601 1217 commiscuit,
1619 1161 1678 1204 ut
1701 1150 1936 1204 divinam
1965 1149 2082 1218 ejus

507 1254 779 1309 naturam,
813 1259 932 1314 qua:
979 1259 1048 1299 ex
1091 1244 1199 1298 Deo
1234 1252 1338 1309 est,
1389 1252 1553 1312 atque
1589 1244 1904 1306 humanam,
1960 1259 2082 1311 qua:

501 1351 576 1393 rex
609 1337 918 1393 hominibus
947 1345 1222 1407 assumpta
1272 1346 1376 1402 est,
1438 1334 1702 1408 designet,
1749 1345 1810 1390 ut
1857 1334 2079 1391 Verbum

507 1445 631 1484 caro
653 1427 852 1498 factum
881 1436 957 1482 est
995 1435 1044 1481 et
1065 1427 1315 1480 habitavit
1344 1426 1400 1480 in
1421 1427 1586 1480 nobis.
1633 1447 1650 1479 ι

578 1520 896 1591 Tanguntur
933 1526 1113 1573 autem
1144 1533 1302 1572 nares
1331 1525 1387 1572 et
1415 1533 1576 1572 aures
1598 1517 1786 1588 digito,
1841 1525 1904 1571 ut
1934 1517 2076 1572 dona

505 1610 681 1666 sancti
730 1609 986 1682 Spiritus,
1017 1609 1074 1664 hi
1098 1609 1190 1679 qui
1221 1625 1251 1663 a
1279 1609 1367 1663 via
1393 1609 1641 1664 veritatis
1671 1609 2079 1674 aberraverant,

505 1702 766 1768 audiant,
813 1713 869 1756 et
917 1700 1083 1756 corde
1131 1701 1472 1771 percipiant:
1505 1707 1561 1754 et
1599 1707 1874 1770 percepta,
1920 1713 2081 1768 quam

507 1794 820 1858 audierunt,
857 1793 913 1847 in
940 1791 1045 1846 ﬁde
1069 1792 1384 1863 perdurent,
1431 1801 1488 1846 ut
1518 1791 1700 1846 dicere
1729 1790 1939 1861 possint
1970 1807 1982 1844 :
2014 1788 2082 1842 In

505 1886 695 1939 auditu
739 1885 886 1938 auris
917 1883 1140 1937 obedivit
1172 1883 1322 1947 mihi,
1373 1883 1515 1936 unde
1555 1891 1609 1936 cl
1638 1882 1898 1936 Dominus
1929 1897 1942 1933 :
1979 1879 2082 1945 Qui

506 1979 660 2032 habet
701 1993 857 2030 aures
891 1976 1164 2040 audiendi,
1206 1977 1413 2039 audiat,
1459 1974 1514 2029 id
1545 1982 1648 2038 est,
1686 1973 1778 2042 qui
1808 1971 1970 2026 habet
1999 1972 2084 2025 in-

504 2067 781 2123 tellectum
818 2065 1173 2137 intelligendi,
1215 2065 1502 2134 intelligat,
1555 2063 1697 2117 Nam
1739 2072 1788 2116 et
1825 2061 2083 2116 Dominus

506 2155 728 2211 surdum
775 2165 825 2210 et
863 2165 1067 2209 mutum
1107 2154 1502 2225 apprehendens
1540 2153 1605 2206 de
1647 2153 1802 2206 turba
1847 2167 2083 2206 seorsum

505 2247 650 2301 misit
677 2245 868 2317 digitos
907 2261 1031 2300 suos
1058 2245 1114 2299 in
1149 2243 1437 2298 auriculas.
1467 2243 1650 2300 Prima
1683 2242 1872 2298 salutis
1891 2240 2081 2310 janua,

506 2349 592 2397 est
628 2339 925 2404 inﬁrmum,
971 2338 1406 2411 apprehendente
1449 2337 1702 2402 Domino,
1729 2350 1975 2392 seorsum
2017 2335 2085 2389 de

505 2432 666 2488 turba
695 2422 946 2496 educere,
996 2429 1050 2485 id
1088 2436 1191 2492 est,
1238 2427 1306 2482 de
1334 2427 1747 2482 conversatione
1776 2425 1962 2497 gentili
2015 2424 2084 2478 ad

504 2524 667 2578 ﬁdem
694 2536 1011 2592 provocare.
1043 2520 1250 2591 Digitos
1273 2521 1327 2574 in
1352 2520 1623 2575 auriculas
1657 2520 1843 2585 mittit,
1870 2535 1993 2574 cum
2017 2519 2085 2572 ad

505 2613 850 2682 suscipienda
891 2620 946 2666 et
982 2610 1327 2682 intelligenda
1351 2626 1450 2681 per
1475 2611 1615 2665 dona
1645 2611 1814 2666 sancti
1850 2609 2084 2680 Spiritus

506 2703 673 2758 verba
709 2702 922 2765 salutis,
949 2715 1108 2756 aures
1131 2701 1310 2756 cordis
1342 2701 1533 2770 aperit.
1584 2701 1754 2755 Nares
1779 2701 1942 2756 etiam
1973 2709 2085 2754 tan-

508 2801 729 2864 guntur,
757 2801 819 2847 ut
842 2807 941 2864 per
960 2792 1354 2847 invocationem
1386 2792 1560 2847 sancti
1593 2791 1828 2862 Spiritus
1858 2792 2084 2848 odorem

502 2884 772 2938 bonorum
799 2897 1042 2953 operum,
1071 2881 1284 2950 rejectis
1305 2882 1560 2951 operibus
1589 2883 1905 2938 scurrilibus
1930 2891 1984 2937 et
2008 2882 2086 2937 fe-

505 2975 654 3039 tidis,
703 2975 1031 3044 percipiant,
1069 2982 1126 3028 et
1156 2973 1514 3028 delectatione
1549 2972 1744 3027 ﬂorum
1798 2974 2083 3040 virtutum,

505 3066 781 3135 aSpirante
802 3064 1049 3130 Domino,
1082 3063 1190 3118 frui
1217 3071 1543 3119 mereantur.
1575 3064 1728 3121 Unde
1755 3072 1810 3119 et
1829 3066 2082 3120 catechu-

505 3171 725 3212 menum
761 3155 1068 3212 faciendum
1100 3170 1290 3226 preces
1330 3154 1632 3210 funduntur
1666 3155 1742 3209 ita
1773 3154 1969 3225 :Aperi
2008 3156 2078 3221 ei,

504 3249 748 3312 Domine,
765 3249 990 3319 januam
1013 3249 1384 3303 misericordiae
1407 3259 1532 3315 tum,
1555 3259 1603 3303 et
1621 3251 1772 3319 signo
1808 3251 2080 3320 sapientia

503 3350 610 3394 tute
629 3339 878 3404 imbutus,
907 3340 1140 3394 omnium
1184 3339 1530 3410 cupiditatum
1578 3339 1833 3409 fetoribus
1875 3350 2075 3406 careat,

503 3442 658 3502 atque
677 3432 745 3485 ad
765 3447 974 3485 suavem
1001 3431 1212 3485 odorem
1251 3441 1628 3502 praceptorum
1675 3439 1886 3485 tuorum
1927 3431 2080 3485 la’tus

505 3522 600 3576 tibi
625 3523 682 3575 in
704 3520 919 3576 ecclesia
961 3530 1053 3575 tua
1087 3520 1366 3576 deserviat.
1413 3521 1481 3574 Et
1505 3521 1733 3587 etl‘cctis,
1783 3522 2080 3577 secundum

503 3609 842 3682 Apostolum,
869 3610 1088 3667 Christo
1113 3610 1286 3666 bonus
1319 3611 1456 3666 odor
1486 3611 1730 3667 dicamus
1760 3630 1772 3666 :
1815 3611 1883 3667 In
1922 3613 2081 3668 odore

503 3711 888 3771 unguentorum
908 3711 1118 3756 tuorum
1143 3702 1422 3756 currimus.

654 3810 734 3865 De
755 3813 997 3868 unctione
1030 3815 1252 3882 pectoris
1273 3823 1321 3868 et
1345 3814 1683 3885 scapularum
1716 3800 1781 3870 ea:
1801 3816 1936 3871 oleo.

575 3897 842 3967 Tangitur
861 3903 1025 3956 etiam
1065 3904 1130 3958 de
1150 3903 1270 3958 oleo
1293 3913 1482 3960 sancto
1509 3915 1717 3975 pectus,
1760 3915 1822 3961 ut
1845 3907 2082 3960 immun-

503 3991 573 4044 do
606 3992 819 4061 spiritui
848 3994 1203 4062 prohibeatur
1230 3997 1502 4052 introitus.
1537 3998 1781 4069 Scapulae
1816 4002 1960 4056 enim
1989 4015 2082 4065 eo-

505 4082 632 4137 dem
685 4083 968 4154 signantur
1009 4086 1148 4151 oleo,
1198 4097 1260 4142 ut
1305 4089 1545 4159 undique
1568 4093 1871 4149 munitione
1902 4096 2082 4151 crucis

502 4172 771 4238 ﬁrmetur,
805 4183 858 4230 et
882 4177 948 4231 ad
978 4179 1208 4249 gratiam
1241 4180 1445 4236 Christi
1493 4184 1803 4252 perductus,
1859 4187 2079 4256 partici-

504 4279 638 4334 pare
670 4277 948 4322 mereatur
999 4278 1056 4324 et
1093 4271 1370 4328 adhmrere
1429 4273 1646 4330 Christo
1683 4276 1932 4343 Domino,
1990 4279 2080 4350 qui

501 4363 690 4408 unctus
737 4366 814 4410 est
844 4357 956 4412 oleo
1001 4359 1199 4416 lwtitite
1234 4379 1345 4433 pra’
1392 4366 1735 4436 participibus
1769 4369 1901 4422 suis.
1937 4368 2084 4424 Inter

499 4532 642 4631 palis
667 4542 836 4589 totum
860 4552 919 4592 se
942 4537 1192 4606 subjiciat
1214 4545 1468 4612 potestati
1501 4545 1596 4600 Dei
1621 4554 1675 4600 et
1695 4547 2072 4615 dominationi,

499 4627 656 4690 cujus
676 4627 1002 4695 principatus
1031 4637 1079 4681 et
1108 4646 1321 4700 regnum
1336 4651 1492 4704 super
1519 4635 1791 4690 humerum
1821 4652 1942 4692 esse
1963 4639 2076 4706 ejus

500 4713 844 4768 ostenditur:
872 4717 1015 4772 unde
1043 4727 1097 4772 et
1120 4734 1338 4776 crucem
1368 4739 1520 4777 suam
1550 4723 1664 4793 ipse
1693 4727 1944 4792 portavit,
1982 4728 2078 4782 ha-

496 4803 634 4858 bens
665 4821 852 4860 nomen
875 4823 1031 4878 super
1056 4826 1206 4866 omne
1236 4829 1440 4867 nomen.
1498 4813 1741 4884 Namque
1769 4824 1823 4870 et
1857 4833 1955 4872 nos
1980 4819 2079 4873 hu-

501 4910 711 4950 merum
739 4904 794 4951 et
818 4899 1058 4955 cervices
1083 4901 1422 4967 inclinemus,
1460 4905 1747 4961 credentes
1767 4917 1822 4960 et
1847 4907 2078 4964 adoran.

498 4995 582 5040 tes
612 4986 762 5041 illum
804 4988 891 5042 cui
919 5004 1081 5045 omne
1119 5005 1257 5061 genu
1287 4992 1543 5047 ﬂectitur.
1592 4994 1880 5053 Portemus
1927 5001 2076 5055 enim

497 5089 742 5142 crucem,
770 5087 825 5132 et
859 5093 1150 5148 sequamur
1184 5081 1356 5147 illum,
1382 5084 1506 5154 quia
1521 5084 1713 5154 jugum
1735 5087 1851 5157 ejus
1876 5099 1924 5142 et
1949 5107 2080 5146 onus

495 5180 660 5220 suave
699 5175 748 5220 et
799 5166 906 5222 leve
929 5177 1046 5233 est;
1094 5177 1155 5223 ut
1182 5171 1369 5226 audire
1397 5172 1683 5229 credentes
1714 5190 2022 5233 mereamur
2060 5196 2076 5234 :

511 5251 688 5310 Venite
728 5256 798 5309 ad
822 5273 925 5322 me,
966 5274 1143 5313 omnes
1185 5260 1276 5330 qui
1318 5259 1569 5314 laboratis
1609 5271 1655 5316 et
1692 5268 1896 5319 onerati
1927 5269 2072 5321 estis.

495 5343 866 5403 Perducamus
890 5349 960 5404 ad
996 5352 1299 5407 orationem
1338 5367 1502 5422 opera
1541 5364 1750 5419 nostra,
1799 5357 1868 5411 ad
1916 5358 2076 5415 ﬁdem

493 5451 620 5492 cum
645 5439 916 5496 desiderio
936 5454 1254 5510 currentes;
1281 5445 1406 5515 quia
1433 5446 1485 5501 in
1511 5447 1737 5503 humero
1761 5458 1815 5504 et
1841 5452 2074 5521 scapulis

493 5542 653 5597 opus,
685 5532 744 5586 in
789 5542 1006 5603 pectore
1031 5537 1168 5592 ratio
1199 5537 1519 5609 intelligitur
1550 5558 1561 5592 :
1598 5538 1732 5595 ﬁdes
1760 5541 1906 5595 enim
1952 5559 2073 5612 quae

495 5619 709 5689 capitur
755 5625 962 5692 auditu,
992 5628 1154 5683 corde
1201 5627 1466 5695 creditur,
1502 5646 1597 5686 ore
1642 5631 1982 5702 promittitur
2001 5637 2070 5689 ad

495 5715 744 5783 salutem,
785 5727 995 5777 secreto
1023 5723 1217 5780 mentis
1242 5731 1324 5780 est
1360 5725 1694 5793 collocanda,
1729 5737 1784 5783 et
1817 5727 1948 5795 ipsis
1985 5739 2069 5785 est

2175 509 2394 563 creditur
2426 509 2496 561 ad
2511 509 2800 578 justitiam,
2845 524 2935 562 ore
2957 517 3133 562 autem
3155 507 3412 577 confessio
3433 506 3493 576 ﬁt
3514 507 3584 559 ad
3607 506 3755 560 salu-

2176 609 2294 653 tem.
2329 599 2481 654 Unde
2510 609 2563 652 et
2591 598 2853 653 Dominus
2908 600 3085 672 tetigit
3124 599 3362 669 linguam
3398 598 3555 662 muti,
3590 606 3645 652 et
3668 597 3753 651 lo.

2175 692 2359 760 quitur
2399 706 2463 744 ac
2497 691 2788 745 conﬁtetur
2826 701 3028 745 mutus.
3067 691 3324 760 linguam
3373 689 3575 758 quippe
3613 686 3754 740 muti

2177 781 2434 836 Dominus
2457 781 2650 848 tangit,
2673 796 2796 835 cum
2823 781 2886 834 ad
2916 779 3310 835 confessionem
3339 778 3463 833 ﬁdei
3486 793 3584 832 ore
3606 787 3757 832 cate-

2177 872 2510 927 chizatorum
2545 871 2785 935 instruit,
2825 871 3036 925 dicente
3063 871 3179 941 ipso
3208 889 3221 923 :
3255 870 3436 923 Dilata
3483 886 3540 922 os
3581 879 3752 932 tuum,

2178 971 2226 1014 et
2247 977 2338 1031 ego
2359 958 2648 1030 adimplebo
2670 959 2828 1013 illud.
2856 960 2967 1015 Hoc
2993 969 3097 1020 est.
3133 961 3301 1015 dilata
3339 959 3671 1022 conﬁtendo,
3701 968 3758 1011 et

2179 1065 2280 1120 ego
2323 1049 2455 1103 illud
2501 1049 2668 1118 ipsius
2711 1048 3053 1103 confessione
3109 1050 3331 1119 replebo
3384 1056 3757 1112 sacramento,

2182 1153 2433 1195 sermone
2455 1139 2684 1209 mystico
2706 1138 2913 1202 ditabo,
2937 1149 2997 1192 ut
3022 1147 3076 1193 et
3103 1148 3158 1193 tu
3190 1139 3523 1209 respondere
3544 1140 3754 1208 possis:

2181 1230 2250 1286 In
2295 1229 2451 1284 corde
2488 1245 2600 1284 meo
2655 1229 2904 1283 abscondi
2947 1229 3155 1302 eloquia
3209 1240 3323 1295 tua,
3369 1239 3423 1283 ut
3489 1245 3596 1283 non
3641 1246 3759 1300 pec-

2182 1339 2291 1378 cem
2329 1321 2444 1377 tibi.

2319 1431 2399 1486 De
2429 1433 2879 1488 abrenuntiatione
2898 1432 3097 1486 diaboli
3123 1442 3171 1488 et
3193 1434 3395 1503 pompis
3446 1433 3584 1503 ejus.

2252 1525 2542 1581 Pmlibato
2570 1527 2674 1580 hoc
2698 1526 2888 1580 ordine
2909 1524 3104 1590 ollicio,
3135 1526 3457 1601 perducitur
3487 1525 3671 1580 infans
3691 1526 3758 1580 ad

2183 1621 2433 1690 baptismi
2457 1628 2877 1684 sacramentum,
2899 1627 2956 1674 et
2987 1620 3356 1689 interrogatur
3372 1619 3438 1672 de
3466 1617 3734 1671 credulita

2185 1719 2240 1789 te
2267 1697 2502 1774 Christi,
2547 1718 2603 1764 et
2632 1709 3102 1764 ahrenuntiatione
3132 1708 3363 1771 diaboli;
3397 1723 3632 1779 pompas
3670 1723 3756 1760 au-

2187 1811 2312 1866 tem,
2346 1817 2500 1872 quas,
2536 1801 2751 1857 diabolo
2777 1801 3061 1856 nuntiante
3089 1808 3146 1856 et
3190 1801 3476 1862 suadente,
3511 1816 3751 1868 suscepe-

2183 1903 2268 1948 rat
2302 1895 2483 1959 homo,
2515 1893 2882 1958 abrenuntiat,
2922 1901 2981 1946 ut
3016 1892 3230 1961 rejectis
3266 1891 3468 1947 diaboli
3503 1893 3756 1962 operibus

2182 1996 2238 2042 et
2265 1987 2410 2042 vitiis
2429 1987 2747 2048 veternosis,
2771 1968 3113 2040 renovandus
3134 1985 3493 2054 exspolietur,
3521 1985 3616 2053 qui
3639 2000 3736 2052 pan

2183 2077 2269 2131 nis
2301 2075 2533 2131 sordidis
2561 2083 2616 2130 et
2648 2076 2942 2131 conscissis
2965 2075 3274 2138 mundatur,
3329 2075 3593 2129 induatur
3627 2075 3755 2130 albis

2182 2175 2238 2221 et
2283 2165 2440 2221 novis
2485 2166 2726 2220 vestibus
2765 2173 2952 2220 currat
2986 2181 3107 2220 cum
3149 2165 3419 2220 desiderio
3460 2167 3530 2220 ad
3564 2167 3754 2221 fontes.

2181 2258 2397 2328 Pompa:
2427 2256 2622 2311 diaboli
2645 2265 2771 2311 sunt
2808 2257 2936 2310 vitia
2970 2255 3268 2318 mortifera,
3301 2271 3422 2326 qua:
3457 2258 3634 2327 primo
3664 2258 3736 2311 ho

2184 2349 2339 2414 mini,
2368 2349 2486 2417 ipso
2511 2347 2906 2407 consentiente,
2944 2345 3185 2410 immisit,
3221 2345 3278 2400 id
3322 2352 3430 2409 est,
3482 2345 3748 2415 superbia,

2183 2455 2322 2495 vana
2348 2437 2540 2509 gloria,
2579 2444 2635 2492 et
2657 2445 2876 2500 cetera,
2910 2451 3030 2506 quae
3050 2436 3118 2489 ad
3144 2450 3334 2489 omnes
3364 2435 3608 2489 homines
3633 2449 3747 2504 per-

2182 2537 2476 2594 venerunt,
2526 2528 2820 2582 secundum
2884 2526 3244 2596 Apostolum:
3282 2523 3392 2580 Per
3458 2543 3624 2580 unum
3670 2527 3753 2580 lto-

2182 2623 2375 2677 minem
2423 2629 2691 2692 peccatum
2732 2619 2944 2672 intravit
2987 2618 3042 2672 in
3101 2619 3384 2682 mundum,
3430 2627 3482 2672 et
3531 2636 3628 2688 per
3650 2635 3749 2688 pec-

2183 2721 2359 2766 catum
2405 2725 2585 2775 mors,
2642 2717 2692 2763 et
2729 2709 2804 2764 ita
2866 2710 2921 2762 in
2973 2725 3150 2763 omnes
3208 2709 3445 2763 homines
3499 2719 3743 2780 pertrans

2183 2806 2298 2860 ivit.

2237 2896 2320 2951 Ad
2343 2896 2630 2967 imaginem
2663 2894 2859 2964 quippe
2890 2893 2983 2948 Dei
3021 2895 3183 2948 homo
3212 2893 3388 2948 factus
3439 2903 3552 2960 est,
3591 2903 3646 2949 et
3682 2896 3749 2949 in-

2185 2988 2345 3044 dutus
2386 2987 2582 3042 stolam
2612 2985 2980 3050 mortalitatis,
3016 3001 3175 3056 quam
3223 2987 3626 3041 consentiendo
3655 2988 3750 3040 dia-

2185 3079 2307 3134 bolo
2356 3079 2572 3134 admisit
2607 3093 2788 3132 :nunc
2810 3076 3048 3145 abjiciat,
3099 3076 3388 3146 imaginem
3428 3075 3554 3144 ejus
3587 3088 3644 3131 ut
3672 3079 3735 3132 ha

2182 3172 2308 3226 beat
2361 3170 2649 3224 mundatus
2677 3167 2972 3222 caelestem.
3011 3166 3163 3222 Unde
3185 3175 3238 3220 et
3267 3165 3563 3236 Apostolus
3594 3169 3754 3222 dicit:

2184 3261 2334 3318 Sicut
2390 3261 2710 3332 portavimus
2751 3261 3028 3330 imaginem
3071 3258 3304 3321 terreni,
3374 3258 3448 3310 ita
3502 3268 3758 3327 portemus

2181 3353 2457 3424 imaginem
2487 3350 2727 3406 ccelestis.
2775 3349 2930 3404 Sicut
2961 3350 3105 3404 enim
3138 3364 3392 3402 nummus
3430 3348 3598 3403 habet
3633 3350 3739 3403 ima

2181 3446 2356 3518 ginem
2381 3442 2725 3513 imperatoris
2754 3441 2958 3506 mundi,
2988 3441 3066 3496 sic
3101 3441 3194 3509 qui
3226 3439 3361 3495 facit
3391 3455 3546 3510 opera
3583 3452 3738 3494 recto

2183 3538 2260 3591 ris
2294 3535 2643 3590 tenebrarum
2671 3522 2853 3604 portat
2902 3532 3188 3601 imaginem
3238 3528 3376 3599 ejus,
3427 3546 3585 3601 quam
3629 3529 3756 3597 reji-

2182 3627 2332 3682 ciunt
2361 3637 2550 3680 omnes
2574 3624 2627 3677 in
2653 3623 2871 3677 Christo
2903 3620 3182 3690 baptizati,
3229 3628 3289 3674 ut
3319 3619 3521 3675 Christi
3545 3628 3750 3690 portent

2182 3718 2472 3788 imaginem
2502 3714 2698 3768 vexillo
2732 3712 2931 3768 Christi
2957 3712 3172 3782 signati.
3223 3711 3331 3766 iste
3359 3720 3445 3765 est
3470 3713 3619 3765 enim
3644 3711 3752 3765 iens

2183 3809 2323 3864 sacri
2352 3805 2712 3877 baptismatis,
2742 3804 2832 3857 ubi
2862 3803 3001 3857 haedi
3026 3801 3360 3857 descendunt
3394 3802 3552 3856 fetidi
3581 3814 3633 3856 et
3654 3816 3748 3856 ca:-

2181 3901 2324 3964 nosi,
2361 3910 2416 3954 et
2457 3897 2757 3954 ascendunt
2801 3897 2924 3968 agni
2954 3895 3306 3950 immaculati.
3371 3897 3450 3951 De
3482 3897 3588 3951 hoc
3621 3897 3755 3952 enim

2182 3993 2508 4065 baptismate
2575 3988 2865 4060 Apostolus
2921 3989 3160 4058 loquitur
3197 4010 3211 4044 :
3253 3989 3573 4058 Quicunque
3624 3989 3754 4042 enim

2184 4082 2434 4154 baptizati
2454 4098 2637 4136 sumus
2657 4082 2713 4134 in
2735 4079 2941 4134 Christo
2967 4078 3120 4143 Jesu,
3142 4081 3197 4133 in
3219 4091 3384 4133 morte
3410 4081 3580 4150 ipsius
3607 4081 3758 4149 bapti-

2185 4175 2290 4229 zati
2335 4189 2537 4237 sumus,
2586 4169 2871 4240 consepulti
2895 4186 3010 4223 cum
3035 4170 3126 4223 illo
3146 4187 3237 4241 per
3259 4170 3599 4240 baptismum.
3632 4170 3757 4223 Mori

2182 4268 2328 4334 enim
2357 4273 2575 4342 oportet
2613 4278 2709 4316 nos
2733 4271 2976 4333 peccato,
3028 4271 3086 4315 ut
3134 4263 3406 4332 possimus
3441 4263 3759 4333 consepeliri

2183 4373 2308 4414 cum
2357 4356 2593 4411 Christo.
2630 4341 2840 4408 Mortuo
2869 4353 3010 4407 enim
3044 4351 3316 4421 sepultura
3345 4353 3602 4409 debetur.
3664 4353 3756 4420 Qui

397 4457 406 4470 '
500 4445 752 4514 scapulas
783 4448 1040 4518 tangitur,
1059 4459 1118 4504 ut
1139 4463 1489 4510 consecratus
1524 4455 1782 4513 humerus
1806 4474 1928 4514 cum
1961 4475 2080 4514 sca-
2105 4449 2158 4508 D
2184 4449 2330 4506 enim
2353 4447 2487 4502 vivit
2510 4453 2747 4517 peccato,
2777 4444 3099 4513 εοηευρειὶτί
3124 4460 3230 4498 non
3257 4453 3436 4515 Ροίεει
3459 4462 3586 4500 cum
3613 4445 3759 4501 Chri-

2183 4551 2289 4598 sto.
2322 4540 2692 4612 Exspoliantes
2739 4555 2880 4609 ergo,
2908 4539 3205 4594 secundum
3233 4539 3584 4609 Apostoium,
3631 4550 3758 4594 vete-

2183 4654 2293 4690 rem
2313 4635 2573 4689 hominem
2594 4647 2712 4686 cum
2752 4633 2956 4686 actibus
2975 4632 3110 4702 ejus,
3146 4632 3583 4686 abrenuntiando
3615 4648 3757 4702 pom~

2181 4727 2268 4798 pis
2298 4733 2352 4781 et
2381 4724 2636 4794 operibus
2665 4723 2841 4787 malis,
2880 4723 3160 4775 induantus
3186 4738 3394 4782 novum,
3439 4722 3534 4792 qui
3579 4738 3760 4775 secun-

2183 4819 2309 4872 dum
2337 4817 2504 4871 Deum
2543 4826 2749 4872 creatus
2788 4825 2862 4869 est
2885 4815 2938 4867 in
2953 4815 3167 4884 justitia
3190 4823 3239 4868 et
3261 4816 3586 4879 sanctitate;
3639 4815 3758 4883 quia

2183 4905 2342 4961 semel
2373 4916 2516 4961 vetus
2544 4907 2699 4959 homo
2733 4915 2907 4958 noster
2935 4903 3093 4957 simul
3113 4903 3399 4973 cruciﬁxus
3443 4914 3541 4969 est,
3590 4915 3647 4958 ut
3681 4905 3761 4956 des

2182 5008 2421 5054 struatur
2442 5014 2628 5066 corpus
2649 4981 2869 5066 peccati,
2895 5005 2950 5048 ut
2975 4994 3115 5049 ultra
3138 5012 3241 5049 non
3261 4998 3557 5050 serviamus
3580 5013 3760 5067 pecca-

2182 5103 2257 5146 to.
2293 5091 2554 5146 Dominus
2595 5098 2776 5144 autem
2827 5089 2881 5143 in
2929 5089 3179 5158 sepulcro
3214 5105 3355 5143 novo
3393 5090 3668 5160 sepultus,
3708 5100 3760 5144 et

2181 5182 2234 5237 in
2264 5182 2488 5236 sindone
2519 5181 2717 5236 munda
2739 5180 3024 5234 obvolutus
3053 5188 3169 5246 est;
3211 5189 3267 5234 et
3302 5183 3614 5251 quicunque
3634 5197 3759 5236 con-

2181 5273 2398 5343 sepeliri
2421 5271 2535 5325 vult
2570 5272 2788 5326 Christo
2838 5284 2935 5340 per
2965 5267 3314 5340 baptismum,
3366 5273 3577 5342 abjecta
3605 5281 3756 5326 vctu-

2182 5373 2325 5419 state
2371 5372 2428 5418 et
2457 5363 2818 5428 immunditia,
2858 5362 3149 5418 mundatus
3189 5373 3243 5419 et
3279 5379 3452 5419 novus
3499 5365 3759 5418 induatur

2180 5456 2408 5510 sindone
2440 5471 2602 5520 nova,
2652 5453 2909 5526 Apostolo
2953 5456 3298 5526 praecipiente
3337 5475 3350 5510 :
3396 5454 3757 5509 Renoeamini

2176 5549 2385 5618 spiritu,
2413 5550 2637 5603 novitate
2678 5552 2864 5605 mentis
2898 5561 3120 5614 vestrm;
3155 5559 3204 5602 et
3226 5547 3428 5602 induite
3451 5563 3636 5601 novum
3663 5545 3760 5598 lto~

2176 5641 2386 5694 minem.
2435 5640 2512 5694 lbi
2541 5641 2704 5696 etiam
2741 5643 3048 5697 nominatur
3073 5639 3268 5704 infans,
3327 5640 3468 5694 sicut
3511 5637 3752 5692 Joannes

2177 5731 2230 5787 in
2264 5729 2581 5801 Apocalypsi
2614 5731 2764 5799 dicit,
2802 5741 2849 5786 et
2885 5730 3018 5785 dabo
3039 5729 3118 5784 illi
3139 5729 3402 5783 calculum
3433 5728 3754 5788 candidum,
