4000 6450
210 289 307 360 789

1401 273 1736 334 EPISTOLA
1771 276 1860 333 DE
1897 277 2256 336 BAPTlSMO.

3341 274 3445 332 790

209 406 260 464 id
279 409 380 469 est,
414 409 608 470 corpus
635 395 904 467 baptismo
938 393 1308 459 candidatum,
1346 401 1402 448 et
1434 394 1490 449 in
1521 403 1769 450 resurre-
1794 396 1848 458 Α
1870 394 1992 450 dem
2023 394 2134 450 Deo
2162 402 2488 466 cooperante
2518 394 2574 450 in
2598 394 2865 466 principio
2885 402 2969 452 est
2996 400 3243 474 creatus;
3272 399 3327 469 et
3355 394 3448 448 be-

209 497 376 554 ctione
405 488 822 560 incorruptionis
847 487 1016 558 gloria
1056 486 1350 564 refulgens,
1395 495 1444 541 et
1466 485 1522 539 in
1560 482 1765 544 calculo

211 601 386 645 nomen
424 597 611 636 novum
641 582 915 651 scriptum,
940 589 997 634 ut
1029 579 1128 649 ﬁlii
1157 579 1251 633 Dei
1273 577 1604 634 nominemur
1623 583 1671 630 et
1695 574 1770 631 si-

209 693 337 732 mus.
372 672 523 729 Unde
555 680 611 726 et
637 671 779 727 idem
805 669 1040 725 Joannes
1065 684 1080 724 :
1104 668 1344 724 Scribam
1366 683 1522 737 super
1543 682 1659 721 eum
1683 681 1773 725 no,-

205 783 316 821 inen
339 778 546 827 novum,
571 761 672 817 hoc
692 769 774 816 est
790 775 984 815 nomen
1007 758 1396 822 Christianum,
1416 765 1478 811 ut
1504 771 1534 810 a
1553 754 1771 812 Christo

207 855 534 914 Christianus
583 853 837 922 deinceps
879 859 1152 906 vocetur:
1197 857 1252 929 et
1305 856 1550 911 renatus,
1598 860 1770 910 novus

207 951 293 1021 qui
325 947 562 1011 eﬁ‘ectus,
591 945 808 1002 omissis
829 945 977 1000 vitiis
1005 953 1059 998 et
1090 942 1301 1013 pompis
1327 940 1547 1004 diaboli,
1573 953 1770 993 nomen

207 1053 420 1106 novum,
457 1037 514 1094 id
544 1044 650 1105 est,
701 1035 1070 1092 Christianum
1117 1039 1322 1104 portet,
1372 1040 1429 1086 et
1471 1045 1638 1106 opera
1684 1043 1773 1084 ses»

207 1137 418 1202 quatur.

820 1195 898 1252 De
921 1193 1170 1266 symbolo.

272 1292 581 1368 Symbolum
608 1292 792 1363 itaque
821 1289 1027 1355 Graece,
1077 1287 1271 1343 Latine
1314 1285 1529 1358 signum
1555 1283 1641 1340 vel
1681 1299 1775 1340 co-

204 1385 370 1458 gnitio
395 1385 801 1455 interpretatur.
841 1380 1139 1436 Discessuri
1162 1378 1388 1451 apostoli
1412 1378 1480 1432 ad
1506 1376 1776 1444 evangeli-

205 1474 427 1530 zandum
475 1471 760 1544 gentibus,
806 1470 910 1524 hoc
958 1468 1062 1524 sibi
1103 1466 1508 1538 praedicationis
1558 1465 1774 1535 signum

204 1563 285 1620 vel
316 1563 575 1619 indicium
595 1569 914 1632 posuerunt.
967 1557 1222 1614 Continet
1260 1564 1444 1611 autem
1486 1555 1779 1611 credulita—

203 1663 310 1710 tem
355 1653 658 1717 Trinitatis,
721 1659 776 1706 et
824 1649 1091 1705 unitatem
1143 1646 1429 1712 Ecclesiae,
1481 1661 1548 1700 ac
1601 1647 1780 1710 omnis

1871 499 1941 541 ne
1975 487 2068 556 qui
2097 484 2280 556 lapsus
2311 494 2396 541 est
2424 486 2479 543 in
2509 494 2742 542 mortem
2768 485 2930 543 tertio
2962 485 3132 554 gradu
3158 482 3362 548 delicti,
3392 481 3447 538 id

1872 585 1958 632 est
1981 589 2265 642 consensu,
2315 577 2477 632 tertio
2502 592 2534 630 a
2569 576 2786 637 lavacro
2816 583 3067 645 receptus
3097 581 3448 642 recuperetur

1873 668 1942 729 ad
1971 667 2157 722 vitam.
2188 667 2340 735 Quod
2367 677 2547 729 autem
2581 683 2678 739 per
2710 682 2905 738 aquam
2941 666 3240 737 baptismus
3265 667 3444 732 datur,

1873 756 1989 811 haec
2019 758 2195 824 ratio;
2231 757 2401 819 voluit
2435 758 2582 814 enim
2611 757 2870 813 Dominus
2909 765 2970 811 ut
2997 772 3086 812 res
3135 756 3221 811 illa
3255 757 3447 812 invisi-

1873 847 1998 903 bilis
2023 863 2121 919 per
2143 865 2468 920 congruens,
2496 858 2551 906 et
2572 849 2814 920 profecto
2837 846 3248 913 contractabile,
3281 856 3337 902 et
3372 849 3451 903 vi-

1873 936 2029 995 sibile
2064 937 2467 1006 impenderetur
2515 939 2862 1004 elementum,
2907 952 3072 1009 super
3096 935 3241 1007 quod
3285 938 3450 992 etiam

1875 1027 1930 1081 in
1966 1027 2235 1098 principio
2270 1025 2546 1084 ferebatur
2584 1028 2820 1100 Spiritus
2856 1037 3098 1082 sanctus.
3143 1025 3280 1082 Nam
3311 1027 3453 1082 sicut

1876 1131 2013 1187 aqua
2037 1127 2301 1188 purgatur
2320 1119 2559 1175 exterius
2588 1135 2805 1190 corpus,
2837 1119 2912 1174 ita
2932 1117 3169 1173 latenter
3193 1115 3309 1186 ejus
3335 1131 3453 1186 my-

1875 1208 2043 1263 sterio
2072 1224 2170 1280 per
2196 1208 2460 1279 Spiritum
2491 1219 2742 1266 sanctum
2773 1209 3096 1284 puriﬁcatur
3133 1217 3189 1264 et
3217 1208 3448 1262 animus.

1875 1299 2128 1358 lnvocato
2174 1301 2317 1357 enim
2348 1301 2459 1356 Deo
2506 1301 2785 1358 descendit
2836 1299 3076 1372 Spiritus
3126 1307 3348 1354 sanctus
3388 1297 3456 1352 de

1879 1391 2053 1458 caelis,
2081 1401 2136 1447 et
2161 1393 2441 1448 medicatis
2472 1393 2628 1463 aquis
2653 1390 2958 1449 sanctiﬁcat
2981 1391 3223 1455 easdem,
3249 1406 3315 1445 ex
3338 1389 3455 1460 ipso

1879 1483 2152 1554 accipiunt
2183 1485 2292 1540 vim
2325 1484 2684 1554 purgationis,
2738 1492 2802 1539 ut
2836 1483 2890 1538 in
2919 1483 3000 1539 eis
3039 1497 3168 1539 caro
3195 1490 3250 1536 et
3276 1482 3457 1536 anima

1879 1572 2093 1630 delictis
2133 1576 2480 1644 coinquinata
2527 1574 2843 1632 mandetur.
2886 1593 2904 1627 ι
2951 1574 3262 1644 Baptismus
3313 1573 3459 1626 enim

1883 1665 2008 1721 talis
2050 1675 2140 1728 est,
2176 1665 2341 1737 (sicut
2367 1666 2702 1738 Augustinus
2727 1666 2878 1739 dicit)
2933 1665 3110 1736 qualis
3139 1664 3228 1719 ille
3268 1671 3376 1728 est,
3404 1663 3460 1716 in

199 1743 492 1799 (Ῑδτίδῑῖδηί
527 1743 794 1814 dogmatis
823 1745 1260 1829 sacramentum?
1293 1737 1437 1809 (1‘10d
1472 1737 1774 1808 symb‘ﬂum
1803 1754 1852 1814 Β
1881 1758 2037 1828 Cujus
2061 1767 2334 1829 potestate
2360 1737 2552 1826 datur;
2595 1775 2702 1814 non
2723 1737 2900 1828 qualis
2922 1758 3009 1812 ille
3039 1767 3146 1824 est,
3183 1771 3280 1826 per
3305 1754 3460 1824 cujus

199 1832 322 1889 ﬁdei
350 1842 407 1889 et
430 1833 544 1906 spei
570 1843 770 1888 nostrae
804 1847 912 1886 non
950 1829 1206 1888 scribitur
1237 1827 1292 1882 in
1327 1829 1518 1882 charta
1547 1835 1604 1883 et
1629 1837 1774 1889 atra—

197 1934 406 1990 mento,
441 1924 534 1980 sed
559 1925 616 1980 in
646 1922 844 1982 tabulis,
862 1921 1036 1977 cordis
1075 1918 1398 1974 carnalibus.
1447 1918 1602 1974 Sicut
1629 1933 1776 1979 nam-

196 2029 304 2084 que
346 2015 403 2070 in
443 2015 586 2070 bono
614 2014 916 2087 symbolum
955 2009 1202 2066 Ecclesia
1250 2010 1416 2065 tradit
1450 2020 1652 2069 nostra:
1688 2025 1776 2065 sa-

198 2109 293 2163 luti
330 2107 695 2178 profuturum,
739 2108 813 2162 ita
860 2104 1106 2161 inﬁdeles
1140 2102 1198 2156 in
1235 2103 1399 2169 malo,
1457 2110 1689 2158 testante
1719 2103 1775 2159 in

197 2199 517 2272 Apocalypsi
537 2197 746 2254 Joanne
773 2198 1017 2269 apostolo
1044 2216 1058 2253 :
1094 2197 1198 2266 Qui
1217 2196 1372 2250 habet
1395 2195 1773 2260 characterem,

197 2303 286 2346 aut
311 2308 497 2346 nomen
520 2291 715 2356 bestiae,
757 2301 849 2345 aut
871 2306 1143 2346 numerum
1165 2289 1389 2346 nominis
1411 2287 1550 2358 ejus,
1593 2287 1648 2341 id
1668 2297 1774 2354 est,

198 2381 499 2452 mysterium
520 2380 841 2450 iniquitatis,
863 2379 1138 2439 mercandi
1163 2384 1257 2433 aut
1278 2375 1541 2432 vendendi
1572 2375 1627 2430 in
1656 2376 1777 2430 uni-

198 2480 307 2526 tate
340 2470 563 2526 malitia:
587 2470 869 2526 licentiam
892 2469 1075 2526 habet.
1103 2467 1220 2525 Hoc
1250 2469 1464 2540 signum
1501 2466 1780 2522 Antichri-

198 2562 265 2617 sti
290 2571 392 2630 est,
427 2562 482 2618 in
507 2578 616 2633 quo
645 2570 791 2618 totus
826 2560 1059 2618 Satanas
1083 2561 1426 2616 habitaturus
1460 2571 1546 2615 est
1586 2573 1780 2629 corpo—

199 2655 401 2711 raliter.
456 2654 596 2711 Aliis
629 2655 772 2712 enim
812 2655 1012 2711 dicitur
1052 2670 1162 2710 non
1209 2653 1375 2709 licere
1415 2652 1650 2708 vendere
1687 2659 1782 2706 aut

197 2760 394 2813 emere,
439 2747 549 2802 nisi
571 2746 664 2803 illo
701 2746 1022 2802 charactere
1051 2744 1296 2816 signatis.
1331 2742 1652 2815 Symbolum
1686 2757 1782 2798 au-

199 2845 306 2892 tem
333 2837 668 2894 sacramenti
694 2837 862 2892 divini
898 2836 1054 2894 nobis
1082 2837 1458 2902 commissum,
1500 2835 1621 2890 ideo
1670 2850 1783 2899 non

199 2938 280 2986 est
307 2931 761 2987 committendum
789 2929 1015 2996 chartis,
1045 2945 1154 2984 non
1183 2927 1531 2984 scribendum
1558 2926 1785 2992 litteris,L

199 3023 321 3092 quia
350 3023 557 3078 charta:
589 3030 644 3077 et
668 3021 862 3076 littera:
906 3021 1079 3092 magis
1121 3035 1309 3076 curam
1352 3035 1516 3091 quam
1549 3019 1779 3090 gratiam

1881 1849 2247 1904 ministerium
2297 1850 2458 1905 datur
2489 1869 2502 1905 :
2535 1865 2642 1905 non
2702 1849 2850 1905 enim
2899 1856 3060 1912 nocet
3098 1849 3141 1902 si
3198 1846 3396 1915 aliquis
3428 1860 3462 1899 a

1883 1941 2024 1995 malo
2084 1942 2304 1999 homine
2352 1944 2678 2015 baptizetur,
2725 1943 2773 2000 si
2822 1951 3002 2000 tamen
3065 1949 3214 1999 recte
3273 1940 3459 2010 bapti-

1881 2043 2055 2103 zetur,
2099 2051 2118 2086 ι

2407 2125 2485 2180 De
2513 2127 2756 2182 unctione
2776 2126 2983 2198 capitis.

1953 2213 2234 2285 Baptizato
2264 2225 2444 2272 autem
2477 2217 2605 2276 facit
2634 2218 2920 2290 presbyter
2946 2217 3160 2290 signum
3184 2217 3362 2274 crucis
3396 2215 3464 2274 de

1884 2305 2178 2360 chrismate
2230 2323 2355 2362 cum
2397 2308 2589 2378 pollice
2629 2305 2694 2364 in
2730 2310 2992 2364 verticem
3045 2309 3258 2378 capitis.
3307 2307 3466 2363 Sicut

1883 2398 2029 2454 enim
2077 2399 2132 2453 in
2157 2399 2430 2470 baptismo
2481 2412 2831 2470 peccatorum
2881 2401 3132 2457 remissio
3171 2401 3348 2466 datur,
3391 2402 3466 2456 ita

1883 2501 1982 2557 per
2006 2487 2317 2549 unctionem
2339 2489 2702 2546 sanctiﬁcatio
2732 2490 2970 2562 Spiritus
2993 2490 3298 2546 adhibetur.
3328 2490 3464 2546 Nam

1887 2583 1941 2630 et
1972 2575 2030 2639 in.
2055 2577 2238 2636 Veteri
2267 2577 2615 2634 Testamento
2657 2579 2970 2636 sacerdotes
3010 2588 3066 2634 et
3106 2595 3264 2652 reges
3299 2595 3468 2652 unge—

1885 2665 2107 2734 bantur,
2159 2668 2300 2723 sicut
2334 2669 2519 2726 Aaron
2546 2686 2578 2728 a
2613 2669 2797 2741 Moyse
2837 2679 3032 2728 unctus
3054 2680 3158 2738 est,
3200 2682 3258 2727 et
3294 2671 3469 2728 David

1885 2772 1916 2810 a
1949 2755 2219 2814 Samuele.
2265 2757 2324 2816 In
2361 2761 2536 2830 capite
2591 2761 2811 2832 ungitur
2853 2762 2978 2832 quia
3014 2779 3082 2819 ex
3125 2763 3243 2833 ipso
3277 2778 3470 2818 omnes

1886 2863 2079 2904 sensus
2103 2851 2504 2920 procedunt,,et
2534 2852 2650 2924 ipse
2682 2867 2873 2908 sensus
2917 2853 3080 2924 capit.
3112 2853 3246 2907 Nam
3269 2853 3469 2909 mulier

1887 2953 2051 3010 super
2084 2949 2247 3010 caput
2282 2938 2412 2996 Jesu
2447 2951 2782 3013 unguentum
2811 2942 2950 2998 fudit
2981 2943 3133 2999 nardi
3169 2943 3370 3012 pistici,
3408 2952 3471 2999 ut

1887 3029 2049 3085 ﬁdem
2098 3029 2357 3086 Ecclesiae
2408 3041 2462 3088 et
2507 3034 2750 3105 gentium
2781 3034 3096 3091 ostenderet
3146 3051 3243 3108 per
3274 3045 3469 3092 unctos

200 3116 613 3188 proloquuntur.
651 3116 754 3173 Ubi
777 3132 907 3172 vero
931 3117 1026 3172 Dei
1075 3117 1273 3184 gratia,
1323 3117 1544 3173 donatio
1596 3116 1777 3172 divina
1806 3121 1852 3184 C
1883 3122 2180 3180 chrismate
2223 3123 2431 3180 salutis.

199 3209 445 3265 consistit
477 3209 544 3264 ad
579 3217 815 3280 pactum,
854 3209 985 3264 ﬁdes
1017 3216 1072 3264 et
1107 3208 1338 3263 altitudo
1367 3207 1551 3264 cordis
1578 3206 1780 3269 sufficit

201 3299 264 3354 ad
293 3308 593 3366 secretum,
639 3308 700 3354 ut
747 3301 852 3356 hoc
888 3299 1080 3374 salutis
1124 3299 1451 3372 symbolum,
1488 3301 1594 3356 hoc
1640 3302 1693 3355 in
1729 3309 1781 3356 te

199 3402 412 3460 semper
432 3379 647 3462 pactum
675 3391 829 3445 testis
850 3390 1014 3446 falsus
1040 3392 1268 3462 ignoret.
1291 3389 1606 3463 Symbolum
1635 3393 1782 3448 enim

199 3481 342 3537 inter
375 3483 514 3538 duos
543 3482 726 3537 ﬁrmat
767 3497 982 3552 semper
1026 3483 1299 3554 geminata
1335 3484 1686 3553 conscriptio,
1728 3493 1784 3539 et

198 3568 252 3624 in
295 3571 741 3642 stipulationibus
785 3580 1005 3628 cautum
1055 3572 1229 3630 reddit
1267 3571 1504 3640 humana
1546 3572 1776 3637 cautela,

197 3675 266 3716 ne
300 3661 355 3713 vi
385 3661 663 3732 subrepat,
695 3677 871 3732 neque
902 3661 1138 3732 decipiat
1163 3661 1386 3732 perﬁdia
1410 3662 1781 3717 contractibus

199 3765 418 3820 semper
450 3750 689 3818 inimica,
728 3753 822 3808 sed
848 3752 951 3810 hoc
995 3753 1139 3809 inter
1175 3753 1424 3810 homines
1459 3755 1600 3810 inter
1647 3769 1784 3823 quos

197 3838 353 3895 fraus
393 3849 490 3895 aut
529 3857 560 3896 a
597 3857 704 3913 quo
733 3842 875 3901 facta
919 3851 1005 3898 est
1033 3843 1223 3899 laedit:
1262 3845 1403 3899 inter
1433 3845 1603 3900 Deum
1646 3861 1779 3902 vero

197 3937 250 3984 et
278 3930 534 3987 homines
565 3933 876 4003 symbolum,
913 3933 1035 3988 ﬁdei
1073 3934 1186 3989 sola
1216 3934 1321 3989 ﬁde
1345 3935 1595 3990 ﬁrmatur
1625 3953 1638 3990 :
1674 3951 1781 3990 non

199 4018 416 4087 litterae,
451 4022 545 4076 sed
569 4022 786 4092 spiritui
804 4023 1058 4088 creditur,
1097 4027 1223 4094 quia
1249 4024 1492 4083 divinum
1515 4026 1782 4082 creditum

201 4109 495 4166 humanam
523 4128 629 4167 non
670 4113 877 4185 indiget
907 4115 1235 4170 cautionem.
1270 4115 1413 4170 Deus
1437 4131 1566 4171 vero
1598 4115 1781 4173 facere

203 4201 446 4258 fraudem
483 4205 678 4272 nescit,
716 4205 830 4276 pati
854 4220 961 4260 non
989 4216 1189 4276 potest.
1251 4207 1359 4261 Sed
1386 4206 1527 4261 forte
1560 4205 1779 4273 dicitur,

203 4296 291 4364 qui
321 4295 434 4351 falli
464 4313 573 4352 non
600 4306 778 4372 potest
809 4315 906 4357 cur
934 4300 1101 4370 exigit
1129 4299 1431 4369 placitum?
1464 4299 1595 4370 quid
1633 4315 1781 4370 sym-

204 4389 424 4443 bolum?
473 4387 683 4458 Quaerit
722 4390 853 4446 illud
891 4400 1112 4462 propter
1145 4400 1220 4457 te,
1264 4408 1369 4446 non
1416 4399 1639 4462 propter
1679 4407 1776 4446 se:

205 4494 305 4534 non
343 4481 472 4551 quia
515 4480 605 4537 ille
647 4481 887 4548 dubitat,
938 4482 1031 4536 sed
1080 4481 1140 4536 ut
1190 4490 1246 4536 tu
1305 4483 1517 4537 credas.
1556 4469 1860 4550 'QnazritD

205 4571 541 4641 symbolum,
593 4572 718 4644 quia
765 4580 818 4627 te
861 4573 1022 4628 modo
1069 4587 1179 4627 non
1233 4572 1302 4629 ad
1347 4587 1464 4628 rem
1495 4580 1782 4640 convocat,

206 4660 293 4715 sed
348 4664 417 4717 ad
451 4662 650 4728 ﬁdem;
707 4672 762 4719 et
801 4678 902 4734 per
942 4677 1185 4734 praesens
1214 4663 1497 4735 placitum,
1539 4663 1782 4720 futurum

205 4755 467 4821 pertrahit
493 4755 564 4811 ad
594 4756 825 4823 lucrum,
855 4773 923 4811 ex
953 4757 1058 4812 ﬁde
1089 4759 1143 4812 in
1179 4757 1362 4814 ﬁdem.

732 4869 810 4925 De
836 4871 975 4925 trina
1002 4873 1283 4927 mersione.

270 4961 684 5020 Abrenuntiatis
721 4962 976 5033 operibus
1015 4962 1236 5028 diaboli,
1271 4973 1326 5018 et
1360 4963 1626 5034 mysterio
1658 4978 1777 5018 cre-

207 5050 442 5109 dulitatis
470 5061 720 5122 accepto,
745 5054 1009 5122 mergitur
1031 5051 1211 5108 infans
1242 5054 1296 5107 in
1331 5070 1493 5124 aqua,
1524 5062 1578 5108 et
1607 5055 1785 5126 bapti~

207 5155 377 5200 zatur.
421 5146 733 5217 Baptismus
768 5146 977 5212 Graece,
1006 5145 1199 5201 Latine
1231 5147 1418 5203 tinctio
1452 5148 1783 5218 interpretao

209 5243 322 5302 tur;
349 5237 451 5292 sub
478 5237 765 5292 Trinitatis
785 5238 931 5292 enim
953 5237 1324 5308 designatione
1355 5238 1436 5304 ﬁt,
1472 5239 1526 5293 id
1548 5247 1652 5304 est,
1682 5237 1787 5292 Pa-

209 5330 326 5397 tris,
361 5340 418 5387 et
443 5331 589 5393 Filii,
620 5339 676 5386 et
703 5330 938 5400 Spiritus
963 5332 1159 5396 sancti,
1209 5333 1423 5387 dicente
1451 5332 1683 5388 Domino
1710 5334 1779 5388 ad

208 5424 498 5492 apostolos.
532 5421 636 5487 Ite,
682 5422 859 5478 docete
887 5440 1063 5478 omnes
1084 5435 1280 5495 gentes,
1339 5425 1665 5496 baptizantes
1697 5443 1784 5481 eos

215 5511 262 5566 in
303 5514 515 5568 nomine
547 5512 747 5576 Patris,
769 5521 815 5567 et
839 5511 993 5578 Filii,
1021 5523 1068 5568 et
1097 5514 1331 5584 Spiritus
1357 5517 1548 5570 sancti.
1578 5514 1788 5571 Conve-

213 5603 380 5660 uienti
405 5621 538 5676 ergo
573 5606 626 5660 in
660 5606 870 5660 ratione
915 5605 1016 5660 sub
1045 5607 1186 5661 trina
1210 5607 1483 5662 inersione
1524 5607 1688 5662 homo
1717 5610 1786 5663 ad

216 5695 507 5770 imaginem
539 5708 826 5756 revocatur
851 5708 1052 5755 sancta:
1081 5699 1388 5768 Trinitatis,
1418 5701 1508 5771 qui
1539 5702 1606 5757 ad
1640 5715 1786 5757 eam—

2375 3235 2452 3292 De
2479 3237 2736 3292 velamine
2757 3238 2966 3310 capitis.

1951 3327 2170 3384 Pannus
2181 3338 2407 3386 ornatus
2433 3345 2598 3400 super
2621 3339 2786 3399 caput
2811 3330 3071 3400 baptizati
3089 3326 3331 3400 ponitur.
3360 3330 3473 3388 Sa:-

1880 3437 1949 3492 pe
1978 3425 2124 3477 enim
2168 3424 2390 3480 nomine
2420 3424 2616 3494 capitis
2659 3439 2814 3478 mens
2859 3424 2999 3479 solet
3031 3424 3279 3496 intelligi.
3315 3424 3471 3481 Unde

1883 3522 1941 3569 et
1971 3514 2026 3568 in
2063 3514 2410 3586 Apocalypsi,
2444 3514 2840 3570 circumamicti
2866 3514 3207 3569 vestimentis
3243 3515 3382 3571 albis
3411 3515 3469 3571 in

1884 3605 2153 3675 capitibus
2185 3607 2302 3661 suis
2351 3622 2584 3662 coronas
2617 3621 2815 3662 aureas
2842 3606 3047 3660 habere
3094 3607 3374 3673 dicuntur,
3414 3607 3471 3662 id

1883 3705 1968 3752 est
1999 3714 2012 3750 :
2047 3697 2206 3752 bonis
2231 3699 2486 3768 operibus
2513 3697 2686 3754 induti
2714 3698 2938 3768 perenni
2971 3698 3234 3753 memoria
3267 3697 3472 3754 mentis

1884 3787 2078 3858 gaudia
2133 3802 2366 3858 superna
2413 3798 2678 3860 quaram.
2723 3789 2845 3846 Jam
2892 3800 3022 3847 tunc
3087 3806 3262 3861 equus
3313 3789 3470 3846 albus

1883 3877 2128 3944 eﬁ'eetus,
2176 3889 2232 3935 et
2261 3895 2448 3937 sessor
2495 3896 2660 3951 super
2713 3882 2862 3937 illum
2909 3883 3115 3938 habens
3160 3896 3373 3948 arcum,
3413 3881 3468 3937 id

1881 3979 1986 4036 est,
2041 3971 2318 4038 Ecclesiae,
2377 3979 2498 4044 qua:
2551 3990 2715 4047 super
2766 3977 2945 4032 nivem
2986 3977 3162 4047 gratia
3209 3973 3468 4046 baptismi

1883 4060 2134 4117 dealbata
2192 4071 2297 4131 est,
2356 4062 2616 4121 Dominus
2662 4066 2936 4135 praesidet,
2981 4065 3239 4121 vexillum
3292 4065 3472 4120 crucis

1882 4150 2110 4208 habens.

2299 4245 2374 4300 De
2395 4246 2792 4318 conﬁrmatione
2822 4248 3070 4317 episcOpi.
3299 4301 3302 4304 .

1956 4335 2088 4391 Post
2136 4337 2252 4393 haec
2281 4339 2566 4394 conﬁrmet
2606 4355 2730 4394 eum
2763 4341 3050 4410 episcopus
3081 4341 3133 4395 in
3180 4339 3366 4394 fronte
3391 4339 3460 4394 de

1885 4425 2202 4482 chrismate.
2237 4427 2467 4498 Ideoque
2512 4445 2704 4492 manus
2741 4431 3013 4501 impositio
3045 4430 3124 4496 ﬁt,
3172 4439 3232 4485 ut
3260 4445 3356 4502 per
3380 4431 3472 4486 be-

1890 4517 2249 4572 nedictionem
2273 4519 2564 4576 advocatus
2591 4519 2851 4577 invitetur
2871 4521 3106 4592 Spiritus
3135 4531 3356 4577 sanctus
3380 4535 3472 4576 su-

1889 4621 1988 4678 per
2021 4623 2116 4664 eos
2159 4610 2473 4676 descendat,
2514 4611 2671 4685 juxta
2698 4613 3006 4683 exemplum
3057 4613 3422 4683 apostolorum
3453 4629 3466 4664 :

1890 4699 2023 4755 Cum
2045 4702 2390 4770 audivissent,
2441 4704 2638 4775 inquit,
2662 4705 2930 4773 discipuli,
2971 4707 3061 4778 qui
3089 4704 3470 4775 Hierosolymis

1887 4801 2062 4857 erant,
2082 4793 2206 4862 quia
2233 4794 2505 4864 recepisset
2543 4793 2791 4849 Samaria
2834 4795 3043 4850 verbum
3064 4795 3183 4860 Dei,
3215 4797 3472 4848 miserunt

1889 4879 1960 4932 ad
1983 4880 2102 4935 illos
2135 4880 2352 4935 Petrum
2376 4893 2423 4936 et
2444 4881 2728 4949 Joannem,
2757 4884 2846 4954 qui
2889 4901 3006 4938 cum
3042 4884 3319 4949 venissent,
3347 4900 3472 4936 ora-

1885 4979 2072 5024 verunt
2105 4986 2202 5040 pro
2251 4971 2398 5039 ipsis,
2451 4980 2508 5024 ut
2551 4972 2846 5041 acciperent
2877 4972 3135 5042 Spiritum
3182 4981 3468 5035 sanctum;

1887 5077 1980 5113 nec
2019 5061 2146 5113 dum
2184 5061 2322 5114 enim
2364 5061 2418 5113 in
2451 5077 2764 5132 quemquam
2812 5062 3025 5117 illorum
3056 5070 3466 5133 supervenerat;

1889 5152 1979 5206 sed
2033 5152 2283 5222 baptizati
2325 5152 2541 5207 tantum
2568 5165 2717 5209 erant
2777 5157 2833 5210 in
2875 5155 3083 5209 nomine
3125 5153 3340 5206 Domini
3376 5169 3473 5205 ηου-

1889 5245 1986 5298 stri
2035 5241 2167 5296 Iesu
2223 5243 2438 5298 Christi.
2501 5245 2646 5300 Tunc
2691 5245 3022 5316 imponebant
3069 5260 3256 5298 manus
3305 5259 3463 5312 super

1889 5352 2002 5402 eos,
2045 5345 2093 5389 et
2155 5336 2476 5405 accipiebant
2534 5337 2797 5408 Spiritum
2861 5345 3124 5388 sanctum.
3170 5333 3464 5389 Sciendum

1890 5435 1975 5481 est
2045 5427 2189 5496 quod
2251 5427 2572 5498 Philippus,
2632 5426 2723 5494 qui
2795 5425 3057 5480 Samaria:
3125 5425 3466 5497 evangeliza-

1890 5518 2002 5584 bat,
2065 5533 2206 5573 unus
2263 5519 2328 5572 de
2385 5525 2591 5587 septem
2634 5515 2801 5569 fuerit
2841 5531 2856 5569 :
2891 5516 2938 5569 si
2993 5517 3139 5571 enim
3194 5517 3469 5587 apostolus

1891 5617 2055 5673 esset,
2093 5609 2206 5677 ipse
2236 5623 2456 5662 manum
2504 5606 2783 5674 imponere
2829 5605 3114 5675 potuisset,
3160 5616 3218 5662 ut
3249 5608 3459 5677 accipe-

1888 5709 2009 5757 rent
2039 5699 2300 5771 Spiritum
2335 5704 2579 5752 sanctum
2609 5713 2619 5748 :
2655 5695 2758 5750 hoc
2796 5695 2966 5751 enim.
2990 5695 3163 5755 solum
3195 5697 3462 5770 pontiﬁci-
