4000 6456
528 296 623 352 791

1621 287 1824 344 JESSE
1864 285 2163 344 EPISCOPI
2199 284 2651 344 AMBIANENSIS

3587 310 3593 321 ι
3680 272 3794 343 792

525 420 626 475 bus
650 415 896 471 debetur.
924 409 1059 464 Nam
1096 407 1394 478 presbyteri
1433 420 1554 461 cum
1597 406 1894 475 baptizant,
1926 403 2098 458 chris-
2122 404 2177 465 Α
2197 411 2254 459 ει
2274 403 2509 471 undique
2536 404 2852 457 muniuntur
2878 417 2894 456 :
2926 401 3053 455 item
3081 402 3145 457 'in
3176 398 3409 475 pectoris
3451 413 3507 461 ει
3544 408 3794 478 scapulzc

523 512 669 560 mate
709 499 1011 571 baptizatos
1058 511 1262 567 ungere
1313 496 1469 560 licet;
1509 494 1605 549 sed
1643 495 1689 549 si
1736 494 1804 547 ab
1849 492 2100 567 episcopo

521 592 689 651 fuerit
726 595 1122 651 consecratum,
1155 601 1261 640 non
1303 595 1486 639 tamen
1523 584 1754 643 frontem
1802 598 1871 637 ex
1909 582 2099 637 eodem

520 683 642 738 oleo
679 681 916 751 signare,
946 676 1089 750 quod
1120 676 1248 733 solis
1279 676 1544 746 episcopis
1580 674 1822 739 debetur,
1853 689 1960 743 quo
1989 662 2100 727 tral-

521 772 656 828 dant
676 771 937 841 Spiritum
961 767 1282 839 paraclitum
1303 766 1592 836 baptizatis
1616 782 1628 818 :
1661 764 1942 836 Postquam
1962 764 2100 818 enim

518 863 753 918 ascendit
797 860 1056 915 Dominus
1102 859 1167 913 de
1217 874 1372 928 aqua,
1419 857 1543 912 vidit
1591 854 1745 910 caelos
1788 865 2012 925 apertos,
2048 864 2095 909 et

517 953 750 1025 Spiritus
795 961 1008 1006 sanctus
1053 960 1301 1021 tanquam
1349 947 1595 1017 columba,
1636 947 1900 1002 descendit
1945 964 2101 1015 super

516 1061 658 1098 eum.
706 1042 822 1097 Hoc
872 1040 1129 1113 mysterio
1186 1038 1437 1109 expleto,
1497 1038 1541 1094 si
1592 1037 1887 1093 servaverit
1939 1036 2097 1092 ﬁdem

515 1134 881 1199 Christianus,
914 1131 1155 1204 profecto
1180 1131 1368 1186 beatus
1399 1130 1522 1185 erit.
1564 1130 1778 1192 Beatus,
1811 1130 1864 1184 in
1889 1128 2100 1200 Apoca-

516 1224 683 1297 lypsi,
715 1225 806 1296 qui
833 1222 985 1276 habet
1009 1231 1206 1292 partem
1235 1221 1289 1274 in
1317 1221 1691 1274 resurrectione
1714 1220 1883 1289 prima
1912 1219 2094 1288 (Apoc.

513 1328 611 1380 ιι,
644 1314 718 1386 6).
758 1311 1104 1368 Resurrectio
1145 1311 1318 1381 prima
1346 1318 1429 1364 est
1456 1310 1509 1364 in
1542 1309 1833 1379 baptismo,
1864 1316 1925 1362 ut
1952 1309 2099 1378 Apo-

514 1404 683 1460 stolus
710 1402 839 1458 dicit
871 1416 885 1456 :
924 1401 984 1458 Si
1010 1398 1409 1461 consurrexistis
1443 1415 1561 1452 cum
1585 1397 1813 1462 Christo,
1842 1412 1958 1467 qua:
1979 1413 2098 1450 sur-

511 1512 630 1550 sum
681 1503 803 1549 sunt
848 1490 1084 1565 quicrite.
1134 1491 1251 1546 Non
1300 1500 1483 1545 autem
1534 1488 1709 1544 solum
1744 1488 2012 1559 episcopis
2044 1497 2099 1546 et

512 1582 849 1654 presbyteris
879 1583 1083 1638 dictum
1121 1589 1224 1646 est,
1258 1580 1353 1635 sed
1380 1594 1567 1634 omnes
1607 1579 1699 1648 qui
1735 1579 2094 1644 servaverint,

513 1688 623 1743 quo
651 1672 827 1729 renati
854 1678 999 1736 sunt,
1033 1670 1221 1726 christi
1260 1669 1528 1733 dicuntur,
1559 1659 1780 1737 propter
1807 1668 2094 1737 mysticum

512 1742 771 1826 chrisma,
819 1769 875 1815 et
910 1760 1219 1815 sacerdotes
1263 1759 1628 1824 nominantur,
1680 1758 1806 1828 quia
1849 1759 2092 1813 membra
2122 1742 2168 1801 Β

511 1859 637 1905 sunt
666 1851 889 1915 Christi,
928 1851 1019 1920 qui
1050 1858 1134 1905 est
1176 1850 1428 1905 sacerdos
1471 1865 1713 1904 sunnnus
1751 1858 1807 1904 et
1848 1858 2089 1904 sanctus.

510 1939 589 1995 De
617 1938 724 1994 illis
753 1940 829 1994 ait
854 1938 1049 1993 Petrus
1076 1954 1089 1991 :
1120 1936 1255 1993 Gens
1285 1946 1489 2002 sancta,
1521 1937 1695 2007 regale
1720 1937 2089 1992 sacerdotium.

508 2032 712 2087 Fidelis
740 2045 869 2084 vero
896 2029 1234 2093 Christianus
1264 2043 1293 2082 a
1324 2027 1540 2083 Christo
1570 2028 1790 2094 dicitur,
1820 2028 1866 2087 si
1895 2042 2091 2087 nomen

508 2123 671 2179 factis
699 2129 996 2191 sequatur:
1040 2120 1215 2175 ﬁdelis
1242 2129 1325 2174 est
1375 2120 1464 2190 qui
1507 2120 1778 2174 veraciter
1822 2120 1996 2174 credit
2038 2119 2093 2173 id

510 2213 654 2283 quod
686 2229 791 2267 non
823 2212 1006 2266 videt:
1039 2218 1095 2266 et
1134 2210 1260 2265 inde
1294 2210 1433 2265 dicta
1460 2218 1545 2265 est
1568 2211 1701 2266 ﬁdes
1742 2210 1789 2265 si
1830 2211 1925 2264 ﬁat
1950 2210 2091 2280 quod

509 2306 716 2361 dictum
762 2313 846 2361 est
895 2312 988 2365 aut
1033 2303 1357 2373 promissum
1401 2303 1544 2357 inter
1591 2301 1745 2357 duos.
1777 2302 1922 2356 Inter
1959 2303 2092 2357 duos

510 2399 655 2453 enim
677 2397 932 2467 placitum
958 2396 1178 2461 factum,
1215 2404 1272 2450 et
1298 2409 1361 2450 ea
1384 2410 1503 2464 qua:
1531 2405 1657 2450 sunt
1686 2395 1828 2449 inter
1848 2396 2012 2450 Deum
2035 2404 2091 2450 et

508 2487 806 2554 hominem,
835 2502 976 2541 verte
1005 2486 1127 2542 ﬁdei
1154 2493 1297 2551 sunt,
1332 2486 1451 2542 ideo
1473 2487 1614 2558 quod
1653 2487 1899 2555 promisit
1928 2487 2090 2542 homo

507 2593 727 2634 servare
754 2578 914 2637 debet
943 2597 955 2631 :
987 2578 1114 2647 quia
1149 2585 1203 2632 et
1232 2577 1374 2632 Deus
1403 2577 1543 2646 quod
1570 2577 1820 2647 promisit
1860 2577 2086 2642 homini,

506 2669 557 2727 si
582 2669 894 2742 promiserit
921 2682 1159 2733 servare,
1188 2684 1295 2723 non
1325 2666 1615 2722 fraudabit.

613 2759 693 2815 De
714 2760 1110 2829 conﬁrmatione
1138 2760 1368 2830 corporis
1394 2769 1443 2814 et
1466 2760 1737 2829 sanguinis
1762 2758 1978 2814 Christi.

576 2850 881 2908 Novissime
907 2860 1086 2909 autem
1114 2865 1341 2920 corpore
1362 2860 1419 2905 et
1452 2851 1713 2921 sanguine
1741 2850 1939 2907 Christi
1963 2867 2088 2907 con-

507 2944 759 2999 ﬁrmatur
791 2943 986 3008 infans,
1037 2950 1098 2996 ut
1127 2940 1243 3011 ejus
1272 2942 1443 3012 possit
1469 2958 1589 2998 esse
1631 2942 1952 3009 membrum,
1991 2943 2085 3013 qui

508 3050 610 3107 pro
635 3049 703 3090 eo
724 3049 914 3104 passus
954 3042 1035 3090 est
1088 3042 1144 3089 et
1184 3035 1499 3100 resurrexit,
1536 3034 1653 3104 ipso
1689 3036 1917 3091 Domino
1946 3045 2084 3091 atte-

508 3134 706 3190 stante,
736 3126 827 3195 qui
870 3126 1004 3181 dixit
1039 3144 1053 3180 :
1097 3124 1200 3191 Qui
1245 3125 1527 3179 manducat
1564 3143 1772 3180 carnem
1816 3144 2006 3193 meam,
2033 3139 2083 3182 et

510 3215 635 3270 bibit
663 3215 965 3285 sanguinem
1001 3230 1193 3280 meum,
1240 3219 1295 3270 in
1334 3231 1417 3270 me
1449 3226 1644 3280 manet,
1686 3226 1733 3269 et
1772 3234 1865 3287 ego
1892 3217 1946 3270 in
1980 3231 2080 3272 eo:

504 3306 634 3377 quia
657 3319 779 3359 caro
800 3320 915 3366 mea
939 3321 1052 3359 uere
1077 3313 1149 3364 est
1177 3304 1345 3371 cibus,
1372 3313 1420 3359 et
1446 3306 1664 3375 sanguis
1700 3322 1845 3360 meus
1872 3320 1985 3361 vere
2008 3315 2084 3361 est

506 3406 681 3467 potus.
712 3394 863 3451 Unde
890 3402 943 3450 et
963 3394 1293 3465 Augustinus
1323 3412 1336 3448 :
1380 3412 1400 3448 ι
1446 3394 1528 3461 Si,
1558 3396 1750 3465 inquit,
1790 3397 1844 3450 in
1884 3396 2085 3453 Christi

509 3499 735 3555 corpore
788 3483 949 3548 homo
1015 3482 1206 3549 luerit,
1253 3483 1482 3553 accipiat
1538 3484 1738 3540 Christi
1799 3484 2080 3557 Spiritum.

507 3575 664 3632 Sicut
686 3584 867 3632 autem
900 3589 1098 3645 corpus
1121 3583 1364 3631 nostrum
1399 3575 1515 3631 sine
1543 3576 1737 3645 spiritu
1765 3577 1944 3632 vivere
1978 3593 2084 3632 non

505 3674 707 3736 potest,
740 3667 821 3722 sic
843 3681 950 3722 non
973 3667 1137 3721 habet
1163 3665 1411 3735 spiritum
1436 3666 1579 3732 vitae,
1606 3666 1709 3721 nisi
1735 3667 1827 3737 qui
1854 3668 1909 3723 in
1938 3668 2090 3725 Chri-

507 3759 578 3815 sti
611 3771 837 3827 corpore
863 3757 1027 3813 fuerit
1053 3757 1291 3811 munitus
1319 3775 1331 3810 :
1365 3757 1597 3827 ideoque
1625 3758 1716 3828 qui
1747 3758 1862 3813 vult
1900 3760 2086 3816 venire

508 3848 764 3911 accedat,
805 3849 1024 3912 credat,
1054 3848 1200 3909 vivat
1240 3847 1353 3904 Deo
1390 3849 1545 3905 :Deo
1586 3849 1977 3923 incorporetur,
2026 3862 2087 3909 ut

507 3935 833 3991 viviﬁcetur.
874 3955 893 3987 ι

940 4024 1075 4083 Item
1104 4027 1316 4081 traditio
1358 4027 1663 4098 baptisterii.

580 4115 765 4170 Primo
798 4108 1060 4187 paganus,
1103 4126 1288 4186 postea
1336 4119 1755 4175 catechumenus
1796 4119 1875 4173 ιιι.
1918 4120 2087 4176 Acce-

510 4206 645 4260 dens
696 4206 765 4260 ad
808 4206 1131 4277 baptismum
1178 4209 1452 4264 renuntiat
1487 4210 1722 4281 maligno
1769 4212 1982 4280 spiritui
2032 4223 2089 4268 et

507 4292 760 4350 omnibus
803 4296 1076 4364 damnosis
1115 4296 1231 4366 ejus
1276 4301 1506 4370 pompis.
1549 4301 1875 4356 Exsumatur
1920 4305 2085 4361 etiam

508 4393 588 4450 ut,
645 4384 827 4452 fugato
869 4385 1101 4452 diabolo,
1139 4387 1365 4443 Domino
1398 4402 1747 4460 praeparetur.
1796 4391 2087 4448 Exoreiza~

509 4483 621 4539 tur,
654 4473 706 4528 id
742 4482 845 4540 est,
884 4474 1194 4545 conjuratur
1231 4479 1496 4549 malignus
1540 4481 1779 4550 spiritus,
1818 4489 1875 4535 ut
1905 4492 2081 4549 exeat,

508 4573 565 4618 et
587 4564 833 4631 excedat,
871 4565 1004 4622 dans
1043 4567 1218 4623 locum
1245 4569 1356 4623 Deo
1393 4585 1540 4624 vero.
1584 4572 1793 4641 Accipit
1831 4576 2084 4629 catechu-

508 4672 702 4712 menns
730 4658 917 4725 salem,
960 4670 1019 4714 ut
1047 4662 1261 4729 putrida
1304 4672 1359 4716 et
1402 4661 1541 4717 fluxa
1588 4664 1704 4731 ejus
1741 4676 1960 4735 peccata
1997 4685 2084 4723 sa-

508 4747 726 4819 pientiae
774 4749 908 4816 sale,
959 4749 1139 4804 divino
1184 4766 1436 4817 munere,
1490 4756 1835 4811 mandentur.
1882 4758 2085 4814 Deinde

509 4838 735 4908 symboli
766 4840 1041 4911 apostolici
1070 4826 1306 4896 traditur
1335 4844 1381 4897 ei
1408 4844 1559 4910 ﬁdes,
1588 4856 1647 4899 ut
1674 4864 1840 4902 vacua
1871 4850 2081 4917 domus,

507 4936 564 4985 et
595 4944 626 4983 a
668 4930 849 4999 prisco
890 4930 1192 4987 habitatore
1246 4935 1522 5000 derelicta,
1582 4936 1683 4991 ﬁde
1737 4950 1980 5007 ornetur,
2030 4951 2085 4996 et

507 5031 843 5094 prteparctur
890 5023 1153 5079 habitatio
1197 5026 1308 5081 Dei.
1341 5028 1489 5084 Tunc.
1533 5030 1666 5085 ﬁunt
1708 5034 1994 5097 scrutinia,
2026 5045 2085 5089 ut

511 5117 820 5187 experiatur
842 5117 1036 5188 sacpius
1057 5134 1217 5187 quam
1242 5119 1469 5176 ﬁrmiter
1488 5133 1608 5193 p083.
1630 5126 2083 5181 renuntiationcm

511 5208 744 5275 Satanar,
794 5225 948 5264 sacra
987 5212 1148 5265 verba
1184 5212 1307 5267 data
1347 5214 1467 5268 ﬁdei
1511 5215 1763 5271 radicitus
1807 5219 1967 5272 corde
1994 5218 2084 5272 de—

510 5295 706 5351 ﬁxerit.
734 5298 1050 5369 Tanguntur
1073 5309 1127 5355 et
1156 5317 1335 5367 nares,
1368 5311 1427 5356 ut
1456 5304 1688 5372 quandiu
1715 5306 1961 5375 spiritum
1992 5325 2087 5363 na-

510 5386 660 5442 ribus
690 5388 868 5443 trahat
893 5388 947 5443 in
972 5390 1074 5445 lide
1102 5400 1320 5461 accepta
1350 5393 1621 5460 perduret.
1655 5395 1847 5450 Pectus
1871 5412 2085 5467 quoque

511 5477 698 5531 eodem
728 5480 1042 5551 perungitur
1084 5482 1202 5538 oleo
1251 5484 1304 5538 in
1347 5495 1547 5541 sancta:
1585 5487 1761 5541 crucis
1808 5489 1979 5558 signo,
2026 5500 2087 5545 ut

511 5565 724 5623 diabolo
763 5570 1043 5625 claudatur
1084 5572 1377 5644 ingressus.
1425 5576 1721 5648 Signantur
1750 5586 1804 5633 et
1830 5579 2082 5650 scapulze,

584 5690 608 5717 ⁸
636 5679 691 5735 S.
723 5681 856 5753 Aug.
887 5684 951 5738 de
977 5684 1124 5740 Trin.
1156 5704 1226 5755 tv,
1251 5690 1302 5742 6.

2196 497 2451 552 unctione
2475 498 2722 565 signatur
2748 494 2870 549 ﬁdei
2901 496 3150 562 ﬁrmitas,
3183 506 3237 552 ct
3258 514 3483 568 Operam
3511 500 3788 556 bonorum

2194 587 2628 658 perseverantia;
2659 594 2713 641 et
2748 586 2804 640 in
2841 588 3059 642 nomine
3090 598 3289 644 sancta).
3318 590 3607 646 Trinitatis
3636 594 3787 649 trina

2196 677 2568 733 Submersione
2594 678 2933 747 baptizatus:
2958 687 3019 733 ut
3047 688 3198 736 recte
3232 682 3415 745 homo,
3445 683 3539 751 qui
3562 685 3631 737 ad
3651 684 3793 739 ima-

2196 765 2374 837 ginem
2401 774 2600 821 sanctze
2624 765 2909 820 Trinitatis
2935 768 3201 835 conditus,
3240 783 3341 839 per
3380 771 3789 828 invocationem

2196 855 2436 926 ejusdem
2486 864 2687 911 sancta:
2731 856 3031 923 Trinitatis,
3083 860 3149 913 ad
3195 860 3443 917 eamdem
3489 871 3788 917 renovetur

2197 947 2505 1019 imaginem,
2540 958 2595 1003 et
2621 949 2711 1018 qui
2749 949 2909 1004 tertio
2934 950 3138 1018 peccati
3166 950 3355 1019 gradu,
3391 951 3446 1006 id
3471 960 3559 1006 est
3588 968 3786 1021 opera-

2196 1038 2365 1102 tione,
2387 1036 2583 1093 ceciJit
2612 1038 2665 1091 in
2695 1046 2923 1093 mortem
2953 1036 3170 1110 (cecidit
3197 1039 3359 1095 homo
3377 1054 3480 1110 per
3502 1041 3787 1111 cogitatio-

2196 1145 2340 1192 nem,
2373 1128 2784 1183 delcctationem
2813 1137 2867 1183 et
2893 1129 3286 1199 operationem)
3330 1131 3497 1184 tertio
3537 1130 3786 1186 elevatus

2197 1220 2436 1276 de‘fonte
2468 1235 2568 1290 per
2606 1221 2831 1290 gratiam
2863 1228 3108 1291 resurgat
3131 1220 3197 1275 ad
3226 1222 3416 1277 vitam.
3450 1221 3609 1276 Tunc
3644 1222 3783 1277 albis

2196 1312 2434 1366 induitur
2460 1312 2813 1375 vestimentis,
2857 1322 3078 1383 propter
3118 1313 3371 1383 gaudium
3406 1314 3778 1385 regeneratio-

2195 1403 2299 1467 nis,
2329 1403 2630 1458 castita'tem
2662 1402 2784 1458 vita:
2807 1412 2863 1458 et
2889 1402 3115 1474 angelici
3153 1404 3458 1474 splendoris
3501 1405 3779 1458 decorem.

2196 1491 2346 1547 Tunc
2367 1508 2521 1547 sacro
2556 1493 2847 1548 chrismate
2871 1501 3031 1562 caput
3067 1492 3404 1563 perungitur,
3441 1501 3500 1547 et
3550 1494 3780 1563 mystico

2197 1583 2395 1652 tegitur
2421 1581 2705 1647 velamine,
2734 1590 2795 1635 ut
2821 1581 3083 1653 intelligat
3107 1583 3351 1638 diadema
3389 1583 3568 1655 regni,
3608 1591 3662 1640 et
3689 1599 3776 1637 sa-

2198 1673 2423 1728 cerdotii
2464 1671 2779 1743 dignitatem
2806 1680 3047 1742 portare,
3080 1670 3233 1741 juxta
3269 1673 3593 1742 Apostolurn
3623 1694 3637 1705 ο
3679 1674 3776 1730 Vos

2195 1764 2318 1817 estis
2365 1779 2524 1833 genus
2567 1763 2760 1831 regale,
2806 1762 3074 1831 offerentes
3112 1764 3444 1832 vosmetipsos
3490 1762 3603 1816 Deo
3645 1764 3770 1827 rica,

2193 1854 2417 1907 hostiam
2441 1862 2677 1906 sanctam
2724 1862 2772 1905 et
2822 1852 2933 1905 Deo
2973 1850 3281 1922 placentem.
3330 1851 3424 1907 Sic
3458 1869 3691 1923 corpore
3720 1862 3772 1909 et

2194 1942 2453 2012 sanguine
2481 1941 2757 1996 Dominico
2788 1940 3157 2006 conﬁrmatur,
3202 1950 3261 1996 ut
3310 1942 3454 1996 illius
3484 1943 3560 1997 sit
3602 1958 3769 1997 mem-

2192 2031 2370 2097 brum,
2401 2035 2491 2105 qui
2539 2049 2637 2104 pro
2666 2050 2731 2090 eo
2768 2050 2959 2103 passus
2994 2043 3098 2099 est,
3139 2042 3194 2089 et
3220 2036 3545 2089 resurrexit.
3589 2035 3771 2091 Novis-

2193 2125 2328 2181 sime
2365 2140 2465 2195 per
2504 2125 2898 2195 impositionem
2939 2140 3130 2180 manus
3160 2141 3188 2179 a
3231 2141 3445 2180 summo
3491 2127 3771 2181 sacerdote

2193 2213 2521 2283 septiformis
2543 2215 2724 2283 gratiae
2751 2213 3009 2284 Spiritum
3027 2215 3253 2284 accepit,
3278 2222 3338 2268 ut
3364 2215 3656 2270 roboretur
3674 2229 3774 2285 per

2194 2304 2453 2375 Spiritum
2482 2312 2727 2360 sanctum
2756 2304 2822 2359 ad
2852 2304 3246 2375 praedicandum
3277 2305 3421 2369 aliis,
3450 2305 3538 2374 qui
3574 2304 3675 2359 fuit
3708 2305 3766 2359 in

2190 2397 2458 2466 baptismo
2486 2412 2582 2466 per
2608 2397 2835 2469 gratiam
2875 2397 3000 2453 vita:
3039 2399 3267 2453 donatus
3295 2406 3531 2452 aeternas.
3557 2396 3767 2454 Videtis

2189 2507 2352 2562 quam
2380 2491 2612 2548 ﬁdeliter
2645 2508 2739 2547 seu
2785 2493 3178 2548 rationabiliter
3218 2501 3272 2546 et
3319 2492 3620 2563 prudenter
3656 2493 3771 2549 htcc

2188 2581 2369 2635 omnia
2398 2580 2552 2636 nobis
2583 2582 2776 2636 tradita
2808 2591 2932 2637 sunt
2958 2583 3310 2637 observanda.
3347 2602 3366 2634 ι
3404 2596 3431 2622 α
3468 2582 3644 2638 Nemo
3685 2599 3771 2638 ca—

2188 2673 2419 2741 tholicus
2439 2682 2624 2728 contra
2657 2673 2907 2729 Ecclesia:
2936 2674 3344 2739 auctoritatem;
3369 2689 3537 2729 nemo
3562 2675 3772 2731 sobn'us

2187 2775 2379 2819 contra
2408 2765 2724 2820 rationalem
2754 2782 2847 2821 cor
2858 2764 3231 2832 suetudinem;
3256 2781 3422 2822 nemo
3446 2766 3630 2823 ﬁdelis
3652 2783 3772 2824 eon—

2185 2866 2268 2915 tra
2320 2860 2538 2929 pietatis
2587 2860 2993 2930 intelligentiam
3043 2868 3251 2917 certare
3297 2861 3487 2927 audet,
3544 2881 3564 2914 ι
3614 2871 3671 2918 ει
3712 2877 3773 2918 ne

2185 2950 2563 3007 schismaticus
2578 2950 2907 3014 inveniatur,
2921 2960 3101 3005 etnon
3122 2950 3446 3006 catholicus.
3470 2949 3774 3021 Sequamur

2185 3040 2632 3110 pro’baptismate
2661 3053 2861 3096 sancta:
2905 3041 3160 3096 Romanm
3197 3041 3455 3097 Ecclesia:
3482 3041 3773 3097 auctorita-

2190 3142 2319 3195 tem,
2353 3140 2409 3185 ut
2441 3130 2580 3184 unde
2618 3132 2899 3186 catholicae
2940 3131 3063 3186 ﬁdei
3094 3132 3245 3186 initia
3285 3133 3626 3201 accepimus,
3657 3132 3773 3187 inde

2185 3220 2510 3291 exemplaria
2566 3221 2756 3275 salutis
2820 3229 3019 3277 nostra:
3076 3238 3291 3293 semper
3339 3222 3658 3287 valeamus;
3706 3236 3772 3277 ne

2185 3315 2428 3370 membra
2464 3328 2492 3366 a
2530 3312 2705 3381 capite
2736 3321 3052 3382 separentur
3086 3329 3207 3379 suo,
3249 3329 3319 3368 ne
3355 3312 3597 3383 claviger
3621 3311 3770 3384 regni

2185 3405 2422 3459 caelestis
2464 3403 2682 3474 abjiciat
2730 3420 2867 3474 quos
2905 3420 2934 3459 a
2975 3404 3088 3460 suis
3116 3405 3361 3460 diversos
3393 3405 3643 3474 intelligit
3675 3405 3770 3459 do-

2186 3496 2391 3551 ctrinis.

2187 3606 2321 3663 Item
2350 3610 2413 3664 de
2439 3609 2693 3681 baptismo
2722 3610 2985 3680 officioque
3015 3609 3171 3681 ejus,_
3197 3609 3503 3681 auctoribus
3533 3609 3771 3664 nomina-

2592 3682 2683 3734 tim
2706 3679 3022 3737 venientium
3046 3679 3115 3733 ad
3137 3679 3316 3749 ﬁdem.

2259 3779 2462 3845 Oratio,
2495 3780 2649 3850 quasi
2676 3781 2786 3835 oris
2812 3782 2971 3845 ratio,
2999 3795 3064 3834 eo
3091 3779 3232 3849 quod
3255 3795 3321 3834 ex
3342 3794 3441 3835 ore
3468 3788 3529 3834 et
3568 3780 3764 3835 ratione

2185 3871 2462 3938 procedat,
2512 3888 2670 3941 super
2713 3872 2923 3935 electos,
2965 3871 3019 3927 id
3061 3878 3163 3935 est,
3206 3870 3527 3936 advocatos,
3575 3871 3663 3942 qui
3704 3872 3763 3926 de

2187 3961 2491 4030 gentilitate
2529 3962 2597 4016 ad
2637 3962 2836 4017 Christi
2873 3962 3031 4018 ﬁdem
3070 3963 3313 4019 veniunt.
3352 3960 3764 4018 Cathecumenas

2187 4051 2431 4106 Grzccum
2488 4060 2599 4116 εει,
2656 4053 2880 4107 audiens
2941 4054 3325 4123 interpretatur
3386 4054 3509 4109 sive
3581 4056 3767 4110 docens

2190 4140 2398 4212 [Fortc,
2435 4142 2695 4215 discens].
2729 4142 3085 4214 Omnipotens,
3118 4145 3243 4215 quia
3280 4145 3467 4199 omnia
3494 4156 3693 4215 potest,
3721 4152 3768 4199 et

2189 4234 2367 4288 omnia
2404 4235 2607 4288 creavit
2635 4234 2837 4303 absque
2874 4233 3013 4287 malo
3047 4242 3102 4289 et
3129 4235 3432 4299 mendacio,
3467 4237 3768 4306 sempiterna

2190 4324 2351 4403 Deus,
2383 4326 2434 4380 id
2465 4334 2567 4391 est,
2597 4325 2722 4394 quia
2761 4325 3121 4395 sempiternus
3153 4333 3258 4390 est,
3286 4341 3389 4382 nec
3433 4327 3653 4383 initium
3683 4327 3771 4382 ha-

2113 4425 2162 4484 D
2188 4421 2303 4485 hct,
2336 4436 2436 4475 nec
2476 4422 2668 4486 ﬁnem;
2712 4422 2961 4490 respicere
2987 4421 3228 4490 dignare,
3254 4421 3438 4486 idest,
3465 4429 3770 4492 reSpectum

2191 4510 2573 4565 misericordiae
2608 4511 2836 4577 habere;
2867 4529 3023 4582 super
3046 4512 3183 4566 hunc
3208 4511 3494 4580 fanmlum,
3518 4530 3673 4584 quem
3704 4511 3771 4564 ad

2190 4602 2508 4665 rudimenta,
2540 4602 2591 4655 id
2621 4610 2722 4665 cst,
2756 4602 2821 4656 ad
2859 4602 3173 4667 novitatem,
3201 4602 3324 4670 ﬁdei
3348 4620 3567 4667 uocare,
3595 4604 3647 4659 id
3671 4610 3769 4667 est,

2192 4691 2482 4761 appellare,
2513 4692 2781 4761 dignatus,
2814 4695 3119 4758 ra’cilntcm,
3157 4693 3209 4746 id
3239 4700 3339 4752 est,
3383 4694 3769 4756 obscuritatem

2190 4784 2274 4835 vel
2321 4784 2698 4848 tenebrosum;
2733 4785 2905 4838 cordis
2948 4784 3162 4852 expelle,
3212 4784 3437 4855 projicc,
3487 4787 3769 4856 disrumpe,

2193 4871 2400 4940 frange,
2431 4872 2661 4944 laqueos,
2695 4875 2746 4929 id
2779 4883 2881 4939 est,
2925 4876 3202 4943 captiones
3252 4875 3337 4928 vel
3380 4876 3767 4945 muscipulam;

2192 4961 2284 5017 Sat
2326 4980 2425 5027 ure,
2451 4964 2695 5019 Gnaeum
2713 4974 2789 5021 est
2805 5007 2818 5031 ,
2839 4967 2979 5036 quod
3006 4967 3389 5035 interpretatur
3407 4969 3770 5032 adversarius,

2190 5056 2314 5126 quia
2345 5071 2556 5117 semper
2581 5065 2664 5112 est
2688 5061 2971 5112 adversum
3000 5074 3099 5113 nos
3118 5057 3417 5125 colligatus,
3448 5058 3500 5111 id
3526 5068 3613 5114 est
3647 5074 3773 5112 can—

2191 5146 2440 5209 strictus;
2472 5165 2615 5217 apart
2655 5149 2722 5210 ei,
2774 5148 3015 5209 Domine,
3037 5149 3263 5217 jauuam
3309 5149 3521 5219 pietatis
3561 5160 3690 5215 tute,
3720 5149 3771 5204 id

2191 5246 2295 5301 cst,
2326 5239 2521 5292 ostium
2548 5239 2686 5305 ﬁdei,
2717 5241 2856 5294 sicut
2880 5241 3091 5295 Veritas
3116 5240 3170 5293 in
3196 5239 3485 5310 Evangelio
3509 5242 3624 5295 ait:
3658 5242 3770 5310 Ego

2188 5344 2304 5381 sum
2337 5330 2551 5393 ostium,
2576 5331 2624 5384 si
2655 5330 2771 5401 quis
2808 5348 2900 5400 per
2940 5347 3019 5383 me
3062 5331 3340 5388 introierit.
3377 5329 3690 5393 salrabitur,
3720 5338 3768 5384 et

2187 5417 2528 5487 ingredietur,
2550 5431 2597 5475 et
2628 5422 2939 5491 egredietur,
2964 5432 3013 5475 et
3041 5438 3233 5491 pascua
3256 5421 3498 5486 inveniet,
3527 5431 3586 5474 ut
3619 5423 3770 5490 signa

2187 5512 2456 5579 sapientia?
2480 5522 2609 5579 tum,
2630 5513 2681 5567 id
2713 5522 2817 5577 est,
2848 5524 2907 5567 ut
2936 5516 3146 5583 signum
3181 5513 3381 5569 Christi
3406 5514 3578 5583 possit
3606 5514 3765 5568 intri-

2189 5597 2371 5669 ligcrc,
2415 5602 2683 5671 quomodo
2728 5603 3059 5670 incarnatus,
3107 5602 3374 5673 quomodo
3410 5614 3596 5669 natus,
3632 5620 3768 5674 quo-
