4000 6450
223 290 317 349 793
370 312 378 317 ⁴

1391 292 1723 351 EPISTOLA
1760 294 1848 349 DE
1887 262 2239 351 BAP'nsno.

3346 301 3450 359 794

222 412 370 468 modo
410 423 619 479 passus,
670 405 937 480 quomodo
983 409 1295 474 cruciﬁxus,
1333 409 1601 476 quomodo
1632 422 1779 462 mor-
1807 416 1856 477 Α
1884 406 2007 477 quis
2038 406 2251 474 debeat,
2295 408 2381 464 vel
2413 409 2504 478 qui
2542 411 2772 469 declinat
2816 429 2847 469 a
2887 414 2973 470 via
3022 423 3168 472 recta
3220 418 3453 487 qualiter

222 517 355 571 tuus,
395 502 663 573 quomodo
702 503 977 559 descendit
1003 503 1072 559 ad
1107 502 1338 566 interna,
1364 500 1635 569 quomodo
1662 515 1784 554 sur-

222 595 373 660 rexit,
404 596 671 664 quomodo
704 595 761 651 in
790 595 987 652 caelum
1022 593 1286 658 ascendit,
1313 593 1565 656 imbutus,
1593 591 1645 645 id
1675 599 1780 656 est,

222 690 502 745 instructus
536 685 623 742 vel
663 686 874 751 doctus,
903 686 1172 755 fetoribus,
1210 685 1264 741 id
1293 692 1398 749 est,
1425 683 1479 738 in
1508 682 1783 752 spurcitiis

219 782 296 837 vel
328 779 765 850 inquinamentis,
796 795 915 851 quae
951 779 1019 834 ad
1062 778 1408 848 cupiditatem
1442 775 1627 831 satculi
1663 790 1786 844 per-

220 876 397 938 tinent,
446 880 647 944 careat,
696 871 896 926 habere
928 885 1034 925 non
1072 870 1229 934 velit;
1278 876 1675 939 prteceptorum,
1727 865 1781 920 id

217 978 311 1034 est,
343 967 738 1030 mandatorum,
780 965 951 1029 latus,
997 964 1051 1019 id
1093 974 1197 1030 est,
1235 962 1445 1026 hilaris,
1484 961 1663 1015 clarus
1696 961 1783 1016 vel

216 1059 558 1124 laetabundus,
586 1057 678 1112 tibi
701 1056 756 1111 in
785 1056 1022 1111 Ecclesia
1047 1065 1139 1109 tua
1167 1054 1444 1110 deserviat.
1473 1053 1571 1108 Est
1594 1061 1650 1108 et
1676 1052 1782 1106 alia

214 1151 429 1206 ecclesia
476 1149 875 1213 haereticorum,
915 1147 1042 1218 quia
1070 1158 1197 1202 non
1245 1147 1407 1201 debet
1453 1144 1676 1200 credere
1725 1144 1781 1198 in
1821 1203 1837 1216 κ

212 1240 426 1295 ecclesia
448 1239 849 1305 hmreticorum,
874 1239 968 1293 sed
1007 1238 1061 1292 in
1100 1236 1343 1293 Ecclesia
1369 1235 1777 1292 catholicorum.

212 1314 491 1400 Propterea
517 1330 650 1394 dixi,
686 1329 751 1383 In
776 1326 1010 1382 Ecclesia
1036 1336 1127 1381 tua
1158 1327 1413 1381 deserviat
1442 1336 1489 1380 et
1520 1325 1776 1396 proﬁciat,

210 1420 318 1475 sive
345 1430 573 1485 crescat,
603 1420 657 1473 in
696 1418 823 1488 ﬁde,
855 1418 938 1473 vel
966 1418 1370 1489 inaugmenlum
1402 1414 1580 1480 faciat,
1609 1415 1674 1468 de
1697 1414 1782 1467 die

210 1518 260 1564 tn
295 1511 449 1576 diem,
490 1511 637 1566 omni
677 1517 916 1579 tempore
959 1510 1082 1564 vitae
1117 1506 1419 1578 przesentis,
1456 1514 1509 1559 ut
1539 1505 1778 1571 idoneus,

207 1601 259 1654 id
291 1609 396 1666 est,
444 1601 639 1673 dignus
671 1601 755 1656 vel
801 1599 1246 1669 suﬁiciens,qsive
1282 1612 1471 1668 purus,
1508 1596 1777 1666 efﬁciatur,

206 1690 257 1745 id
294 1699 395 1757 est,
430 1692 603 1762 possit
638 1690 914 1754 accedere,
948 1689 1000 1744 id
1030 1698 1133 1755 est,
1180 1687 1630 1760 appropinquare,
1669 1702 1781 1755 per-

1881 499 2233 571 eorrigcudus
2259 500 2347 556 sit.
2387 501 2483 557 Est
2515 503 2660 558 enim
2686 506 3081 574 quodammodo
3122 508 3213 563 lex
3249 510 3447 583 legum,

1882 596 2005 665 quia
2033 611 2222 652 omnes
2251 599 2563 668 praeeminet
2598 599 2745 672 leges
2783 616 2905 672 qua:
2948 605 3187 663 humano
3225 608 3453 669 arbitrio

1883 687 2193 755 compositae
2218 696 2360 742 sunt.
2732 736 2737 741 .

1951 773 2081 829 Post
2104 777 2461 846 cognitionem
2493 779 2616 834 ﬁdet
2642 781 2936 847 canonicae,
2963 783 3329 842 adnotandum
3368 797 3455 845 est

1881 865 2114 934 qualiter
2139 867 2273 924 ﬁdes
2300 869 2560 941 catholica
2592 879 2647 927 et
2675 871 2927 927 credatur
2953 882 3009 928 et
3034 875 3350 932 observetur
3384 880 3453 936 ab

1880 959 2151 1025 omnibus,
2195 960 2247 1013 id
2291 970 2394 1026 est,
2444 961 2680 1028 Patrem,
2725 972 2780 1018 et
2826 963 3041 1032 Filium,
3085 974 3141 1022 et
3190 966 3452 1039 Spiritum

1881 1058 2128 1105 sanctum
2188 1059 2296 1107 tres
2336 1068 2597 1122 personas
2640 1056 2916 1122 conﬁteri;
2950 1059 3045 1114 sed
3090 1058 3328 1117 Trinitas
3368 1070 3457 1117 est

1881 1138 1936 1192 in
1958 1139 2231 1195 vocabulis
2272 1156 2666 1210 personarum;
2714 1146 2892 1201 unitas
2918 1162 3050 1204 vero
3073 1164 3349 1221 nunquam
3373 1166 3457 1207 se-

1879 1240 2101 1298 paretur
2142 1245 2173 1285 a
2216 1230 2517 1300 majestate,
2557 1235 2624 1289 ab
2669 1237 2906 1292 essentia
2934 1245 2991 1294 et
3034 1238 3104 1295 ab
3130 1242 3455 1311 aeternitate,

1882 1321 1957 1377 ita
1988 1330 2047 1376 ut
2076 1323 2147 1377 sit
2174 1325 2650 1383 consubstantialis
2677 1327 2840 1383 Pater
2864 1330 3129 1399 videlicet,
3173 1343 3228 1389 et
3264 1334 3455 1401 Filius,

1882 1425 1938 1471 et
1967 1415 2199 1486 Spiritus
2222 1424 2444 1473 sanctus
2482 1425 2539 1473 et
2585 1429 2908 1488 coaeternus,
2946 1431 3002 1477 et
3033 1437 3352 1495 cooperator
3375 1444 3451 1485 se-

1883 1508 2114 1563 cundant
2143 1508 2304 1564 ﬁdem
2329 1525 2447 1579 quae
2469 1512 2711 1581 exposita
2743 1521 2827 1568 est
2869 1513 2926 1569 in
2952 1513 3169 1573 Nicazna
3199 1522 3405 1590 synodo
3427 1538 3454 1578 ο

1881 1611 2110 1652 cccxvm
2161 1598 2429 1669 episcopis
2476 1602 2812 1658 constituens
2856 1603 3001 1660 hunc
3046 1608 3304 1663 modum:
3335 1610 3445 1665 Cre-

1882 1689 2056 1743 dimus
2080 1690 2135 1743 in
2165 1707 2326 1744 unum
2352 1690 2519 1745 Deum
2545 1690 2758 1748 Patrem
2783 1695 3204 1766 omnipotentem,
3229 1700 3454 1755 omnium

203 1791 379 1850 capue,
424 1782 478 1836 id
515 1789 621 1847 εει,
652 1792 904 1851 receptae,
949 1780 1242 1843 medicina’,
1292 1779 1346 1833 id
1389 1787 1491 1843 est,
1540 1776 1775 1832 sanitati.

1886 1781 2164 1837 visibilium
2202 1793 2249 1837 et
2290 1784 2647 1852 invisibilium,
2679 1786 2931 1855 factorem
2962 1789 3077 1844 caeli
3119 1800 3167 1844 et
3201 1800 3375 1857 terrte,
3405 1802 3454 1848 e'

200 1870 463 1926 Exorcizo
493 1873 641 1937 te,id
676 1881 783 1940 est,
826 1873 1047 1945 increpo
1090 1880 1165 1937 te,
1209 1869 1293 1924 vel
1330 1868 1552 1937 conjuro
1594 1875 1666 1931 te,
1710 1866 1781 1919 ad

199 1963 440 2031 tutelam,
486 1965 540 2019 id
578 1973 680 2029 est,
725 1965 793 2020 ad
836 1965 1202 2020 defensionem
1234 1961 1319 2017 vel
1358 1962 1424 2016 ad
1469 1960 1775 2015 sanitatem.

200 2049 288 2105 Sal
326 2051 651 2107 elementum
681 2062 783 2118 est,
824 2061 880 2109 et
918 2061 1204 2123 postquam
1238 2048 1632 2105 sanctiﬁcatum
1673 2054 1773 2111 est,

200 2144 258 2198 ﬁt
282 2155 706 2211 sacramentum,
732 2147 788 2199 in
821 2146 1030 2199 nomine
1059 2144 1156 2197 Dei
1181 2143 1361 2197 Patris
1386 2139 1776 2210 omnipotentis,

199 2234 249 2287 id
278 2242 382 2299 est,
405 2250 503 2304 per
526 2235 763 2301 Patrem,
789 2234 916 2290 etin
942 2233 1197 2287 eliarilate
1221 2230 1433 2285 Domini
1460 2228 1626 2283 nostri
1647 2227 1778 2282 Jesu

199 2322 407 2391 Christi,
436 2324 609 2391 idest,
627 2340 724 2395 per
738 2324 953 2391 Filium,
970 2334 1018 2378 et
1040 2323 1093 2377 in
1117 2322 1303 2376 virtute
1330 2319 1559 2391 Spiritus
1585 2317 1775 2383 sancti,

197 2414 365 2480 idest,
386 2415 454 2470 ad
476 2416 937 2486 comparationem
961 2414 1184 2469 deorum
1211 2420 1544 2469 mortuorum
1570 2425 1584 2475 ;
1617 2417 1663 2462 et
1686 2423 1778 2478 per

195 2509 358 2564 Deum
382 2527 583 2576 rerum,
609 2511 662 2565 id
681 2518 785 2576 est,
810 2510 876 2563 ad
909 2506 1363 2581 comparationem
1388 2502 1665 2558 falsorum.

261 2616 288 2644 ι
332 2603 522 2659 Prima
574 2605 719 2660 enim
772 2601 1119 2657 adnotatione
1162 2606 1518 2668 percunctare
1562 2594 1777 2650 curavi-

195 2713 342 2763 mus,
378 2698 515 2767 quid
562 2697 635 2752 sit
671 2711 863 2758 canon,
897 2694 983 2749 vel
1031 2693 1161 2763 quid
1207 2692 1549 2748 contineatur
1597 2689 1651 2743 in
1693 2703 1780 2743 ca-

193 2789 364 2843 none?
411 2788 603 2843 Canon
652 2795 832 2842 autem
877 2774 1083 2848 Graece,
1117 2782 1305 2841 Latine
1354 2779 1536 2851 regula
1572 2793 1777 2833 nuncuo

193 2890 351 2955 patur
377 2901 390 2936 :
425 2882 614 2953 regula
646 2888 824 2935 autem
856 2879 998 2934 dicta
1034 2892 1100 2932 eo
1130 2876 1273 2946 quod
1310 2882 1457 2930 recte
1480 2873 1648 2938 ducit,
1678 2886 1777 2926 nec

194 2972 481 3043 aliquando
527 2973 645 3027 sine
689 2968 1010 3027 rectitudine
1056 2974 1184 3027 stat.
1233 2965 1479 3021 Canones
1528 2971 1776 3032 tempore

193 3063 533 3119 Constantini
566 3063 907 3135 imperatoris
932 3061 1209 3116 exordium
1241 3057 1441 3113 habere
1462 3065 1771 3127 cmperuat,

1881 1871 2120 1941 reliqua;
2157 1872 2317 1928 ﬁdem
2360 1875 2523 1929 etiam
2573 1877 2745 1931 sancti
2792 1876 3073 1934 Athanasii
3116 1880 3353 1951 episcopi
3404 1882 3454 1937 ir

1880 1962 1982 2016 hoc
2026 1977 2188 2032 Opere
2237 1965 2546 2020 censuimus
2589 1967 3012 2033 observandam,
3052 1975 3108 2023 et
3144 1968 3453 2041 Symbolum

1878 2053 2247 2123 apostolorum
2309 2070 2432 2109 cum
2488 2055 2867 2113 traditionibus
2925 2065 2982 2113 et
3032 2060 3453 2129 expositionibus

1877 2154 2188 2200 sanctorum
2218 2144 2438 2200 Patrum
2464 2147 2517 2201 in
2546 2146 2631 2201 his
2659 2149 2998 2205 sermonibus
3024 2152 3315 2207 adnotatis.

1948 2234 2078 2307 Cap.
2110 2235 2149 2290 Ι.
2192 2227 2375 2292 Primo
2410 2237 2652 2292 omnium
2687 2239 3009 2297 admonendi
3043 2250 3169 2295 sunt.
3195 2242 3262 2297 de
3295 2243 3431 2298 recti

1877 2328 2063 2383 tudine
2092 2329 2217 2384 ﬁdei
2259 2344 2392 2394 sum,
2436 2336 2496 2385 ut
2538 2343 2660 2385 eam
2706 2338 2759 2385 et
2807 2329 2910 2400 ipsi
2949 2338 3186 2399 teneant,
3223 2341 3276 2389 et
3303 2334 3450 2390 intel-

1877 2418 2068 2490 ligant,
2113 2426 2169 2474 et
2210 2419 2312 2475 sibi
2359 2418 2615 2489 subjectis
2643 2419 2876 2489 populis,
2918 2420 3042 2475 vivo
3079 2436 3330 2479 sermone
3360 2439 3449 2480 an-

1874 2514 2147 2577 nuntient,
2200 2522 2259 2568 et
2306 2513 2677 2582 unusquisque
2720 2528 2833 2579 eos,
2869 2528 3006 2583 quos
3046 2514 3208 2570 habet
3252 2517 3307 2571 in
3360 2532 3453 2574 suc

1877 2605 2180 2660 ministerio
2223 2612 2538 2675 cognoscat,
2590 2603 2703 2658 sive
2746 2604 2920 2670 viros,
2971 2605 3084 2661 sive
3131 2606 3362 2664 feminas
3405 2618 3454 2664 et

1876 2710 2097 2766 pueros,
2135 2704 2196 2751 ut
2233 2695 2444 2751 noverit
2471 2694 2804 2766 singulorum
2834 2695 3199 2754 confessiones
3245 2707 3298 2755 et
3332 2716 3447 2755 con-

1876 2786 2262 2851 versationem,
2292 2784 2419 2855 quia
2446 2798 2545 2854 pro
2570 2783 2820 2840 omnibus
2846 2785 3155 2843 redditurus
3183 2796 3266 2844 est
3299 2790 3449 2846 ratio

1874 2892 1999 2932 nem
2033 2876 2162 2932 Deo.

1946 2967 2076 3039 Cap.
2107 2968 2169 3024 ll.
2202 2966 2469 3031 Secundo,
2500 2974 2562 3020 ut
2599 2965 2700 3035 ipsi
2729 2967 3038 3023 sacerdotes
3080 2967 3240 3024 talem
3269 2976 3445 3025 osten'

1874 3060 2007 3116 dant
2058 3075 2210 3115 suam
2261 3056 3027 3126 conversationemsubjectis
3071 3058 3174 3114 sibi
3220 3061 3456 3131 populis,

189 3165 409 3227 propter
459 3156 647 3212 Arium
707 3154 1167 3225 blasphemantem
1220 3150 1316 3205 Dei
1364 3148 1587 3214 Filium,
1638 3163 1767 3203 nam
1796 3140 1840 3203 C
1872 3166 1993 3221 qum
2040 3148 2319 3205 imitabilis
2355 3148 2443 3211 sit,
2485 3147 2754 3213 videlicet,
2793 3148 2931 3204 sicut
2961 3148 3251 3218 Apostolus
3277 3150 3456 3207 dixit:

191 3255 520 3301 cereteruum
562 3245 709 3300 Patri
741 3260 859 3300 esse
893 3245 1218 3316 denegabat;
1249 3257 1313 3297 ex
1354 3256 1461 3311 qua
1493 3256 1553 3296 re
1596 3241 1650 3295 in
1685 3241 1751 3295 Ni

190 3352 299 3392 czea
343 3337 566 3392 civitate
605 3337 895 3407 provinciae
940 3334 1206 3405 Bithyniae
1251 3347 1482 3388 cccxvut
1532 3330 1772 3403 episcopi

187 3437 585 3493 convenerunt,
623 3427 802 3495 ibique
841 3426 1002 3480 ﬁdem
1049 3423 1368 3479 catholicam
1408 3429 1775 3492 exposuerunt

187 3533 351 3590 quam
392 3528 505 3575 tota
542 3519 912 3593 complectitur
947 3516 1207 3571 Ecclesia.
1257 3513 1503 3569 Secunda
1539 3514 1776 3583 synodus

184 3608 659 3681 Constantinopoli
697 3613 1018 3679 congregata
1047 3615 1131 3661 est
1170 3621 1233 3661 cr.
1271 3606 1647 3675 episcoporum
1675 3603 1775 3659 sub

184 3698 500 3753 Theodosio
557 3699 770 3753 seniore
830 3707 1019 3754 contra
1086 3696 1459 3752 Macedonium
1514 3695 1773 3764 Spiritum

182 3796 442 3842 sanctum
506 3776 676 3844 Deum
735 3803 855 3844 esse
913 3798 1218 3858 negantem.
1297 3786 1476 3842 Tertia
1538 3788 1775 3858 synodus

182 3876 462 3947 Ephesina
491 3878 665 3948 prima
698 3893 760 3934 cc
793 3879 1169 3947 episcoporum
1208 3879 1307 3934 sub
1339 3876 1556 3947 juniore
1594 3877 1772 3933 Theo-

183 3970 338 4024 dosio
389 3969 651 4026 adversus
702 3970 1034 4037 Nestorium,
1083 3971 1176 4039 qui
1226 3970 1362 4025 duas
1412 3984 1674 4039 personas
1715 3969 1770 4024 in

185 4058 405 4115 Christo
434 4061 731 4117 asserebat.
781 4061 986 4128 Quarta
1034 4062 1269 4132 synodus
1314 4060 1770 4121 Chalcedonensis

186 4168 361 4208 ncxxx
410 4153 790 4222 episcoporum
824 4153 924 4207 sub
954 4152 1183 4207 Martino
1213 4152 1538 4223 imperatore
1575 4152 1769 4205 adver-

187 4261 277 4301 sus
315 4245 599 4316 Eutychen
650 4246 811 4300 Verbi
860 4246 953 4300 Dei
985 4254 1041 4300 et
1080 4246 1265 4300 carnis
1305 4260 1471 4300 unam
1523 4252 1769 4301 naturam

186 4341 651 4406 pronuntiantem.
679 4338 800 4393 Istae
830 4339 995 4409 igitur
1018 4346 1250 4409 quatuor
1280 4337 1468 4408 synodi
1500 4338 1773 4408 principa-

188 4431 285 4497 les,
337 4432 497 4501 quasi
550 4439 782 4501 quatuor
818 4432 1039 4485 ﬁumina
1086 4430 1324 4502 paradisi
1380 4439 1668 4494 emanant,
1716 4438 1774 4484 et

1875 3240 1943 3296 In
1975 3241 2235 3305 castitate,
2268 3238 2323 3293 in
2351 3238 2661 3304 sobrietate;
2692 3246 2750 3293 ut
2780 3254 2886 3294 non
2916 3239 3223 3295 deserviant
3244 3241 3380 3313 gulae
3404 3250 3454 3298 et

1875 3329 2266 3400 cupiditatibus
2308 3326 2470 3396 hujus
2519 3329 2730 3393 saeculi;
2779 3335 2840 3381 ut
2877 3329 3019 3397 quod
3061 3329 3196 3385 alios
3237 3339 3455 3389 monent

1874 3421 2188 3485 observare,
2221 3421 2274 3474 in
2318 3421 2512 3490 seipsis
2551 3420 2866 3486 ostendant;
2912 3429 2972 3475 ut
3014 3431 3244 3477 caveant
3290 3438 3349 3478 se
3388 3425 3458 3480 ab

1874 3511 2023 3565 omni
2051 3510 2277 3564 avaritia
2305 3518 2359 3565 et
2386 3509 2697 3580 cupiditate,
2729 3509 2856 3580 quia
2882 3511 3037 3566 multi
3067 3512 3156 3567 diu
3187 3521 3458 3584 noctuque

1874 3599 2143 3665 laborant,
2194 3608 2255 3654 ut
2290 3600 2575 3670 acquirant
2619 3600 2958 3671 temporalia,
2997 3602 3264 3669 videlicet,
3300 3620 3458 3659 man-

1875 3691 2033 3762 cipia,
2077 3690 2284 3755 vinum,
2335 3698 2389 3745 et
2433 3705 2703 3746 annonam
2749 3707 2872 3747 cum
2918 3707 3084 3747 usura
3110 3733 3127 3758 ,
3178 3708 3211 3747 a
3256 3707 3362 3763 qua
3402 3703 3459 3749 et

1874 3783 2016 3837 Deus
2052 3781 2320 3852 prohibet,
2366 3789 2422 3836 et
2453 3782 2630 3836 omnis
2671 3781 2952 3852 Scriptura
2978 3782 3180 3849 divina,
3201 3791 3257 3838 et
3281 3785 3458 3839 sancti

1873 3888 2109 3929 canones
2137 3887 2152 3925 :
2184 3887 2284 3926 nec
2319 3888 2446 3947 non
2468 3871 2757 3927 mulierum
2788 3872 3058 3928 declinent
3099 3874 3452 3940 Consortium,

1872 3972 1929 4020 et
1955 3978 2137 4020 secum
2166 3963 2412 4019 habitare
2441 3979 2548 4018 non
2580 3963 2917 4033 permittant,
2945 3973 3008 4019 ut
3047 3965 3344 4021 auctoritas
3370 3972 3457 4021 est

1871 4056 2157 4110 canonica.

1942 4147 2070 4219 Cap.
2094 4149 2179 4203 lll.
2219 4148 2422 4213 Tertio,
2461 4156 2520 4202 ut
2555 4147 2853 4203 orationem
2879 4147 3234 4212 Dominicam,
3266 4147 3319 4201 id
3347 4154 3448 4212 est,

1873 4238 2036 4298 Pater
2069 4249 2261 4303 noster,
2301 4247 2356 4293 et
2388 4238 2558 4293 Credo
2599 4239 2653 4291 in
2697 4239 2863 4292 Deum
2897 4239 3316 4307 omnipotentem,
3349 4237 3454 4293 sibi

1870 4330 2127 4399 subjectis
2153 4332 2449 4393 insinuent,
2476 4338 2531 4383 et
2560 4330 2710 4385 reddi
2738 4330 2937 4385 faciant
2967 4337 3075 4385 tam
3101 4329 3247 4386 viros
3278 4338 3335 4385 et
3372 4329 3455 4385 fe-

1874 4425 2073 4491 minas,
2097 4441 2263 4508 _qnam
2292 4440 2509 4495 pueros.

187 4495 413 4593 irrigant
450 4495 619 4578 corda
662 4523 918 4578 ﬁdelium.
969 4522 1027 4577 Si
1070 4495 1178 4593 qua
1225 4538 1357 4579 vero
1405 4522 1508 4576 alia
1540 4521 1766 4576 concilia
1796 4495 1848 4556 D
1944 4497 2192 4586 Cup.'lV.
2220 4515 2447 4583 Quarto,
2489 4522 2544 4569 et
2582 4511 2683 4584 ipsi
2724 4510 3022 4583 presbyteri
3053 4512 3455 4568 acomessatio-

186 4621 497 4668 sanctorum
532 4613 774 4679 Patrum,
796 4629 895 4684 pro
923 4613 1245 4668 necessitate
1274 4628 1578 4676 causarum,
1609 4612 1766 4681 plena

187 4703 389 4775 Spiritu
440 4707 540 4762 Dei
574 4708 626 4761 in
659 4723 822 4761 unum
867 4715 1190 4777 congregata
1232 4715 1547 4772 sanxerunt,
1590 4715 1770 4761 custo-

186 4796 374 4852 dienda
403 4804 459 4851 ct
491 4797 820 4873 recipienda.
862 4795 1110 4866 Synodus
1138 4794 1383 4850 Grtccum
1421 4804 1525 4859 est,
1563 4796 1616 4850 in
1664 4793 1768 4848 La-

187 4887 350 4944 tinum
383 4891 778 4957 interpretatur
803 4889 1091 4942 cmnitatus
1117 4889 1199 4941 Vel
1231 4897 1423 4942 enatus.
1458 4888 1608 4944 Nunc
1634 4890 1769 4943 dixi-

183 4994 299 5036 mus
326 4983 459 5052 quid
501 4982 575 5036 sit
613 4996 807 5046 canon,
839 4988 1005 5036 restat
1051 4989 1108 5033 ut
1147 4980 1388 5034 dicamus
1431 4978 1558 5049 quid
1594 4981 1768 5034 conti-

182 5083 375 5126 neatur
429 5075 487 5128 in
544 5088 770 5128 canone.
830 5072 1013 5127 Canon
1072 5072 1218 5127 enim
1261 5071 1355 5141 (ut
1402 5069 1606 5126 dictum
1652 5070 1762 5143 est)

183 5165 362 5232 regula
413 5173 780 5234 nuncupatur,
831 5165 883 5217 id
918 5171 1021 5226 est,
1069 5178 1100 5215 a
1146 5169 1294 5216 recte
1324 5162 1570 5227 vivendo,
1618 5171 1765 5217 recte

182 5259 475 5321 operando,
522 5264 669 5310 recte
698 5256 750 5309 in
781 5254 883 5307 ﬁde
928 5252 1157 5308 tenenda
1198 5252 1533 5307 divinitatem
1572 5259 1623 5307 et
1665 5254 1789 5307 ἷκε-⁷

184 5348 499 5402 manitatem
566 5345 775 5400 Domini
845 5345 1014 5398 nostri
1064 5342 1190 5398 Jesu
1243 5342 1443 5398 Christi
1498 5344 1764 5398 veraciter

185 5437 510 5501 conﬁtendo,
552 5436 924 5491 haereticorum
963 5434 1285 5505 pravitatem
1328 5434 1662 5499 calcandam,
1709 5443 1765 5489 et

184 5537 497 5585 sanctorum
519 5527 943 5583 orthodoxorum
964 5525 1186 5579 Patrum
1211 5540 1453 5579 normam
1480 5524 1763 5582 tenendam

186 5618 489 5675 denuntiat.
520 5619 690 5675 Docet
727 5618 873 5674 enim
910 5632 1079 5671 canon
1123 5616 1391 5685 quomodo
1411 5615 1557 5684 justc
1582 5615 1763 5669 vivere

1872 4609 2031 4662 nibus
2056 4616 2111 4662 et
2136 4606 2522 4678 potationibus,
2553 4614 2614 4659 ut
2639 4604 2927 4675 Apostolus
2965 4610 3167 4667 monet,
3218 4618 3278 4659 se
3322 4606 3453 4660 sub-

1870 4699 2107 4755 trahunt.
2144 4698 2278 4753 Nam
2309 4697 2528 4768 quidam
2558 4695 2770 4751 illorum
2797 4709 2917 4748 cum
2965 4693 3286 4763 quihusdam
3319 4694 3455 4747 vici-

1868 4791 1952 4844 nis
1972 4791 2245 4844 suis.......
2276 4802 2447 4858 usque
2474 4786 2542 4842 ad
2564 4786 2796 4841 mediam
2819 4793 3030 4839 noctem
3051 4793 3106 4839 et
3131 4800 3195 4839 eo
3221 4784 3451 4853 amplius

1867 4897 1990 4935 cum
2023 4882 2154 4952 ipsis
2184 4880 2417 4935 bibendo
2442 4885 2745 4938 morantur,
2777 4884 2834 4930 et
2856 4876 2948 4944 qui
2977 4874 3217 4945 religiosi
3246 4881 3301 4926 et
3328 4888 3453 4926 san—

1871 4973 1943 5027 cti
1974 4989 2093 5027 esse
2123 4972 2370 5025 videntur
2400 4984 2509 5021 non
2540 4967 2755 5036 quidem
2792 4974 2920 5019 tunc
2963 4965 3036 5019 ibi
3080 4969 3317 5023 manent,
3356 4962 3452 5015 sed

1873 5070 2052 5116 tamen
2103 5060 2331 5115 saturati
2375 5058 2459 5112 vel
2505 5056 2641 5110 ebrii
2694 5064 3039 5111 revertuntur
3080 5054 3145 5107 ad
3192 5051 3452 5105 ecclesias

1870 5166 2018 5216 suas,
2045 5159 2101 5206 et
2137 5164 2313 5219 neque
2350 5149 2404 5204 in
2442 5149 2550 5214 die,
2584 5163 2759 5218 neque
2801 5147 2858 5201 in
2893 5155 3050 5201 nocte
3077 5143 3310 5199 oﬁicium
3339 5143 3451 5197 Deo

1871 5245 1925 5299 in
1954 5244 2181 5301 ecclesia
2210 5244 2310 5300 sibi
2352 5243 2554 5298 credita
2586 5243 2931 5313 persolvunt:
2965 5238 3207 5293 nonnulli
3237 5251 3364 5292 vero
3395 5237 3452 5292 in

1870 5340 2057 5396 eodem
2088 5339 2227 5405 loco,
2251 5338 2339 5392 ubi
2370 5338 2435 5392 ad
2468 5336 2774 5393 convivium
2796 5338 3047 5403 pergunt,
3086 5328 3376 5385 dormiunt.

1938 5431 2068 5501 Cap.
2119 5429 2182 5484 ν.
2230 5431 2449 5497 Quinto,
2479 5437 2538 5482 ut
2579 5428 2679 5495 ipsi
2720 5422 3020 5495 presbyteri
3071 5421 3204 5476 tales
3241 5421 3449 5476 schola-

1865 5525 1978 5579 rios
2002 5523 2256 5589 habeant,
2289 5524 2341 5578 id
2367 5531 2471 5586 est,
2506 5522 2581 5577 ita
2620 5520 2854 5574 nutritos
2883 5526 2938 5573 et
2964 5517 3284 5581 insinuatos,
3315 5525 3373 5572 ut
3402 5518 3449 5572 si

1866 5615 2008 5671 iorte
2053 5616 2133 5671 eis
2173 5615 2450 5683 contingat
2491 5627 2600 5666 non
2658 5625 2820 5681 posse
2866 5623 3152 5665 occurrere
3207 5616 3451 5679 tempore

236 5741 277 5769 ἰ
309 5730 564 5789 Fortasse
587 5733 700 5789 han:
729 5731 797 5788 ad
826 5729 989 5785 alium
1013 5737 1286 5785 auctorem
1308 5728 1633 5799 pertineant,
1662 5729 1753 5799 qui
1792 5736 1918 5784 ante
1946 5728 2209 5800 synodum
2231 5741 2264 5780 ν
2293 5725 2447 5780 vixit.
