4000 6444
161 338 254 395 797

1680 338 1858 396 VITA.

3278 327 3387 388 798

155 467 268 578 32a:
308 447 811 532 diesordinationis
839 450 955 521 ejus
987 451 1208 534 videtur
1229 464 1380 531 esse;
1415 455 1471 503 at
1500 449 1708 530 decima
1736 458 1786 515 Α
1810 467 1972 522 quam
2019 449 2320 507 Ludovicus
2358 450 2424 532 de
2453 447 2799 512 Blanchel‘ort
2824 449 2991 517 abbas
3016 448 3387 531 Ferrariensis

230 521 390 574 tobris
429 535 481 573 in
518 529 848 575 monasterio
878 522 1234 578 Ferramensr.
1264 520 1355 574 ubi
1391 535 1560 573 saeue
1593 534 1710 578 ejus
1816 538 1958 575 anno
1999 522 2132 576 1487
2169 535 2420 578 expensus
2447 522 2514 574 ad
2542 521 2645 576 huc
2666 533 2802 578 opus
2831 529 3102 578 argenteis
3144 533 3382 574 nummts

230 519 390 574 tobris
429 519 481 573 in
518 520 848 575 monasterio
867 517 1234 582 'Ferrariensi,
1264 520 1355 574 ubi
1391 535 1560 573 saeue
1593 517 1710 586 ejus

159 590 384 658 reliquiae
411 604 552 659 anno
584 589 718 644 1569
747 606 777 644 a
827 590 1130 647 furentibus
1169 590 1478 645 Calvinistis
1516 599 1712 659 praeter

156 659 401 733 pauculas
449 658 725 730 dissipata:
776 671 934 727 sunt,
991 663 1230 733 pretiosa
1276 661 1432 716 theca
1477 658 1710 730 espilata

1816 519 1958 592 anno
1999 522 2132 592 1487
2168 521 2420 592 expensis
2447 522 2514 574 ad
2542 521 2645 576 huc
2666 533 2802 588 opus
2831 521 3102 588 argenteis
3144 519 3382 574 nummis

1815 591 2016 657 40,000
2043 591 2296 652 fabricari
2325 599 2631 646 curaverat.

154 785 3384 830 u==l===============================================================:================================ll

953 954 1304 1075 VITA
1387 870 1904 1068 SANCTI
1989 951 2565 1064 ALDRICI

1086 1153 1359 1220 Auctore
1391 1154 1714 1230 Anonymo
1745 1195 1764 1226 ,
1799 1154 1978 1234 cujus
2011 1161 2157 1215 tetas
2195 1154 2453 1215 incerta.

515 1295 681 1362 (Apud
699 1293 905 1357 ﬂabill.,
931 1295 1039 1346 Act.
1062 1294 1152 1345 SS.
1178 1292 1288 1344 ord.
1311 1291 1364 1342 S.
1387 1289 1576 1344 Bened.
1600 1301 1664 1338 ex
1687 1301 1777 1338 ms.
1802 1289 2106 1346 Lectionario
2128 1291 2404 1352 Senonensi
2446 1301 2758 1357 pervetusto,
2785 1301 2838 1346 et
2861 1295 3006 1360 aliis,

1093 1441 1935 1578 OBSERVATIONES
2007 1495 2458 1576 anvw.

223 1737 269 1790 Ι.
312 1734 430 1802 Quo
461 1743 704 1808 tempore
744 1733 946 1790 vixerit
991 1732 1268 1801 sequentis
1307 1732 1446 1787 Vim
1484 1735 1722 1804 scriptor
1749 1741 1795 1799 B
1825 1735 2056 1808 Magnus
2082 1734 2197 1803 ejus
2228 1735 2371 1808 filius
2401 1733 2610 1808 duobus
2637 1736 2689 1794 in
2721 1737 2875 1802 locis,
2909 1736 3222 1808 Noviomagi
3251 1737 3403 1793 scili-

151 1821 466 1886 anonymus,
517 1805 662 1858 nullo
701 1813 923 1886 constat
967 1812 1326 1884 argumento:
1369 1818 1513 1886 eum“
1540 1813 1719 1886 tamen

153 1878 250 1930 sub
290 1873 509 1930 initium
556 1875 734 1928 saeculi
788 1874 1058 1928 undecimi
1117 1874 1315 1926 vixisse
1369 1873 1715 1940 crediderim,

151 1946 290 2014 quod
328 1945 474 1998 nulla
515 1944 715 1999 referat
756 1943 1016 1999 miracula
1047 1957 1077 1996 a
1105 1951 1294 1997 sancto
1327 1941 1548 1998 Aldrico
1578 1943 1721 2000 facta

151 2024 269 2085 post
295 2015 347 2068 id
365 2023 611 2085 tempus.

219 2084 273 2137 2.
309 2082 594 2138 Aldricum
636 2091 878 2136 sanctum
916 2091 1110 2137 vocant
1151 2082 1472 2138 Udorannus
1510 2091 1565 2138 et
1600 2082 1724 2138 Cla-

159 2154 264 2207 rius
290 2154 342 2206 in
372 2153 487 2206 suis
515 2151 820 2217 Chronicis,
854 2160 1081 2220 uterque
1117 2151 1369 2206 Senonici
1408 2153 1723 2208 monasterii

157 2221 334 2277 Sancti
375 2221 547 2286 Petri,
581 2223 668 2276 ille
697 2223 797 2276 sub
838 2223 997 2276 linem
1033 2221 1326 2287 undecimi,
1370 2223 1456 2277 hic
1490 2223 1590 2278 sub
1615 2224 1724 2280 ini-

159 2293 282 2346 tium
331 2292 637 2347 duodecimi
676 2293 993 2346 monachus.
1027 2290 1094 2344 Et
1124 2299 1274 2346 certe
1311 2293 1486 2348 sancti
1520 2293 1725 2348 Aldrici

160 2377 347 2432 corpus
368 2369 496 2432 ante
523 2376 696 2416 annos
721 2371 1017 2432 sexcentos
1041 2361 1278 2432 levatum
1301 2377 1332 2416 e
1366 2373 1507 2418 terra
1535 2362 1723 2429 fuisse,

159 2430 374 2501 ejusque
425 2430 627 2502 festum
679 2431 821 2502 diem
873 2447 994 2486 cum
1027 2431 1302 2502 religione
1347 2435 1725 2498 observatum,

161 2499 365 2556 censiat
411 2516 484 2571 ex
532 2501 657 2555 Vita
703 2499 965 2571 subjecta.
1013 2499 1220 2571 Colitur
1259 2502 1362 2556 iste
1405 2513 1628 2558 sanctus
1674 2504 1729 2556 in

161 2572 376 2626 ecclesra
403 2570 710 2626 Senonensi
741 2570 827 2624 die
856 2579 1009 2625 sexta
1038 2570 1202 2633 Junii,
1229 2574 1320 2640 qui
1346 2571 1483 2626 forte
1508 2575 1622 2627 dies
1644 2581 1731 2627 est

162 2641 270 2708 ejus
315 2640 710 2701 ordinationis,
759 2656 886 2703 nam
927 2642 1105 2695 obitus
1138 2640 1254 2709 ejus
1290 2641 1479 2696 incidit
1507 2644 1561 2696 in
1587 2643 1731 2696 diem

163 2711 417 2766 decimum
469 2711 746 2774 Octobris,
789 2712 882 2781 qui
925 2712 1041 2766 dies
1078 2713 1217 2781 apud
1253 2711 1632 2766 Ferrarienses
1659 2714 1732 2766 fe-

163 2783 292 2836 stive
321 2782 655 2852 celebratur.
687 2781 992 2835 Translatio
1021 2797 1150 2835 vero
1176 2781 1453 2852 trigesimo
1475 2783 1560 2836 die
1582 2781 1728 2836 Julii.

225 2853 276 2906 5.
316 2851 671 2906 Ferraricnse
708 2852 1120 2913 monasterium,
1158 2852 1311 2921 cujus
1350 2854 1648 2906 monachus
1677 2861 1732 2906 et

162 2921 320 2976 abbas
357 2921 462 2976 fuit
499 2932 722 2985 sanctus
749 2921 1018 2983 Aldricus,
1055 2923 1219 2976 situm
1246 2931 1330 2976 est
1369 2922 1434 2974 ad
1467 2922 1732 2976 Clareiam

184 2989 381 3062 Clairy)
414 3005 631 3046 amnem
663 2991 719 3062 in
749 2990 952 3062 Lupam
987 2991 1056 3062 (le
1094 2991 1280 3062 Loing)
1311 2990 1647 3062 influentem,
1676 2994 1730 3046 in

205 3060 468 3151 as'tinensi
509 3060 749 3143 pago.(le
792 3060 1053 3151 Gatirtais)
1096 3060 1346 3151 ditat-esis
1375 3061 1727 3126 Senonensis,
1758 3090 1801 3151 ρ

160 3129 418 3200 Bethleem
465 3129 764 3200 antiquitus
807 3150 838 3184 a
883 3129 1151 3186 conditore
1207 3133 1438 3196 dictant,
1498 3140 1728 3186 testante

160 3198 302 3272 Lupo
315 3201 446 3272 pejus
478 3203 582 3256 loci
599 3198 804 3272 abbate
829 3202 883 3254 in
908 3202 1132 3272 epistola
1167 3203 1249 3272 l5.
1281 3203 1356 3256 Eo
1380 3203 1433 3256 in
1461 3202 1580 3256 loco
1606 3219 1730 3257 san-

161 3271 274 3341 ctos
305 3271 663 3326 Saviniamnn
697 3280 751 3324 et
781 3271 1158 3326 Potentianum
1204 3271 1477 3326 Senonum
1514 3283 1728 3341 aposto-

161 3337 236 3411 los
265 3341 548 3400 mdiculam
577 3341 748 3395 beata:
770 3341 950 3411 Marize
977 3343 1226 3411 primitus
1247 3343 1494 3410 posuisse
1520 3337 1725 3396 l'erunt.

162 3406 470 3467 Mouasterii
521 3411 886 3466 conditionem
910 3406 1452 3481 Chlodoveo'Magno
1494 3411 1731 3468 Franco-

160 3493 274 3552 ru_m
304 3482 446 3552 regi,
477 3482 876 3552 restitutionem
909 3479 1290 3552 Wandelberto
1312 3479 1434 3552 duci
1463 3481 1727 3534 tribuunt.

165 3565 182 3596 ι
203 3549 480 3604 Buchiitus
507 3568 575 3604 ex
605 3549 791 3620 gentili
833 3565 1150 3620 conversus,
1191 3551 1282 3618 qui
1312 3559 1367 3620 et
1395 3550 1512 3620 ipse
1542 3559 1730 3618 postea

158 3620 512 3684 venerabilis,
538 3639 556 3670 ι
576 3619 630 3673 id
656 3627 740 3672 est
767 3619 1085 3681 monachus,
1105 3638 1124 3669 ι
1147 3619 1375 3681 exstitit,
1391 3619 1730 3674 Ferrariensi

157 3689 498 3742 monasterio
538 3688 791 3758 przefuitr
847 3687 1229 3758 subimcdium
1260 3689 1513 3758 saeculum
1566 3691 1735 3758 septi-

156 3771 330 3827 mum,
369 3765 508 3812 teste
536 3757 795 3812 Audocno
829 3758 883 3811 in
927 3757 1063 3811 libro
1100 3760 1277 3827 primo
1313 3759 1378 3813 de
1408 3757 1530 3816 Vita
1559 3757 1732 3813 sancti

158 3823 320 3895 Eligii
345 3829 607 3899 episcopi,
641 3843 760 3899 cap.
791 3829 885 3899 710.
922 3823 1229 3899 Ludovicus
1265 3828 1538 3899 Augustus
1578 3849 1595 3879 ί
1619 3845 1734 3883 mo-

159 3897 459 3951 nasterium
502 3897 721 3953 Sanctte'
754 3898 936 3952 Maria:
963 3906 1018 3953 et
1045 3898 1229 3952 Sancti
1269 3897 1414 3952 Petri
1441 3899 1506 3953 de
1538 3899 1732 3953 Ferra-

161 3965 277 4038 riis,
315 3968 460 4036 quod
487 3968 785 4038 antiquitus
803 3967 1086 4038 Bethleem
1126 3970 1442 4032 vocabatur,
1495 3969 1548 4023 iu
1578 3969 1730 4038 cujus

163 4036 307 4114 curia
330 4045 482 4106 pater
506 4037 644 4114 [Ιῃιο
666 4037 819 4114 avus]
841 4039 958 4108 ejus
979 4037 1234 4114 Pippinus
1255 4040 1454 4114 occidit
1493 4036 1726 4114 leonem,

165 4113 216 4156 et
242 4108 471 4179 ipsemet
498 4108 528 4162 εἰ
551 4108 826 4176 Stephano
851 4125 986 4178 papa
1021 4108 1262 4163 Remano
1305 4109 1357 4162 in
1405 4125 1583 4179 regem
1634 4110 1730 4164 ho-

166 4177 386 4231 norilice
413 4187 764 4232 consecratus
795 4177 883 4232 est
908 4179 961 4231 in
989 4180 1178 4234 eadem
1217 4179 1447 4232 ecclesia
1472 4177 1489 4229 ἱ
1525 4181 1730 4232 instau-

169 4256 310 4300 rasse
351 4256 686 4317 memoratur
718 4247 772 4300 in
813 4249 953 4301 libro
988 4248 1054 4301 de
1083 4249 1251 4317 ipsius
1279 4247 1419 4302 Vita.
1447 4249 1561 4302 lluc
1609 4263 1732 4316 spe-

169 4321 290 4386 ctat,
317 4316 363 4386 si
395 4334 503 4372 non
545 4318 721 4382 fallor,
758 4317 810 4370 id
841 4319 985 4386 quod
1022 4316 1217 4372 litteris
1242 4319 1521 4372 mandavit
1547 4333 1732 4370 mona-

168 4381 294 4437 chus
316 4385 502 4443 Sancti
525 4381 792 4442 Gallensis
817 4381 875 4442 in
898 4387 1034 4440 libro
1056 4389 1292 4442 secundo
1314 4388 1380 4440 de
1405 4387 1528 4440 Vita
1550 4387 1729 4442 Caroli

169 4431 506 4530 atg'ni'e'gﬁ'.
529 4431 1731 4530 Ξέῖῖἱὶἶὶᾗὲίίηἷ’βίρᾗιῖιῖἱὶζνῶἶιιρὲἳίονὲίὸόἱὶ
1755 4431 1808 4491 1)

167 4528 416 4637 primates
445 4529 532 4585 sui
561 4545 684 4583 eum
728 4528 971 4583 clanculo
1001 4529 1363 4598 despicerent,
1390 4530 1459 4582 ob
1485 4529 1730 4595 corporis

190 4604 338 4637 UI'Snn
393 4598 716 4637 hrnvilnlnnl
795 4601 1114 4637 nrmnnniccp
1164 4609 1375 4637 lauru-nm
1419 4599 1632 4637 ilnmilli
1675 4599 1727 4637 in

190 4604 339 4648 orsan
388 4598 717 4654 brevitatem
735 4637 756 4668 ,ν
795 4601 1114 4668 praecepisse
1164 4609 1376 4652 taurum
1418 4599 1634 4654 immitti
1674 4599 1728 4652 in

168 4653 387 4744 leonem,
419 4653 485 4722 et,
503 4653 721 4740 quidem
738 4653 957 4744 'le'onem
970 4653 1322 4739 ‘apprehcnsa
1354 4653 1491 4744 tauri
1510 4669 1729 4744 cervice

169 4725 305 4806 illum
329 4725 384 4788 in
411 4725 616 4794 terr'am
651 4738 976 4810 projecisse;
1022 4725 1138 4792 tum
1162 4809 1170 4810 ί
1191 4754 1370 4810 regem
1414 4740 1628 4810 dixisse,
1660 4739 1728 4793 ad

169 4810 594 4873 circumstantes,
641 4817 698 4861 ut
727 4808 819 4876 qui
852 4810 1060 4864 viribus
1105 4808 1358 4864 ﬁdentior
1404 4819 1572 4874 esset,
1619 4809 1730 4864 leo-

170 4878 282 4922 nem
309 4886 339 4925 a
375 4884 535 4934 tauro
563 4879 922 4943 abstraheret,
966 4887 1058 4932 aut
1097 4889 1245 4933 certe
1288 4880 1581 4934 occideret.
1626 4879 1726 4934 Ubi

172 4947 316 5021 tremo
342 4943 393 4998 id
420 4948 644 5021 aggredi
675 4964 838 5021 ausus
859 4957 961 5012 est,
992 4949 1288 5021 Pippinum
1315 4950 1487 5021 ipsum
1518 4951 1728 5021 ρηιεβὲί-

173 5010 310 5094 Ξξξθ,
334 5010 660 5094 transmisso
681 5018 856 5094 gladio
886 5010 982 5094 per
1004 5010 1250 5090 ju'g'ulum
1278 5010 1469 5094 leonis,
1499 5010 1642 5094 quod
1671 5019 1725 5094 in

172 5085 348 5159 Palori
390 5085 758 5144 Ferrariensis
791 5085 1034 5144 ecclesia:
1070 5085 1247 5159 porta
1274 5085 1727 5159 vetustis—ﬁguris

171 5153 600 5239 ςεξριξιξξεηιθιυῳ
627 5159 885 5239 hactenus
912 5153 1172 5239 cernitur.
1209 5157 1404 5212 Verum
1433 5153 1728 5239 quod'sub-

174 5210 254 5302 91'!
283 5210 419 5302 νὲιεέ
433 5210 720 5302 ritabat;
735 5210 994 5302 satira
1007 5210 1724 5302 rasam—lg;2,55,},égga

175 5294 408 5372 ξξψθξὶιιε
432 5299 678 5372 adducta
721 5294 883 5363 sunt;
909 5294 1192 5372 Pippinum
1222 5300 1431 5372 scilicet
1444 5294 1506 5353 in
1534 5300 1724 5353 Ferra-

179 5365 330 5439 ειεξιιεί
377 5365 619 5439 ecclesia
677 5365 1054 5424 consecratum
1121 5371 1186 5424 ab
1250 5369 1524 5439 Stephano
1587 5385 1723 5439 papa

179 5417 361 5511 {sisset
376 5417 807 5511 arsisses:
816 5417 1078 5511 fuisse};
1084 5417 1486 5511 ηἷςοῦἱῖξίέξὲ
1496 5417 1726 5494 ἰναῗιῖιῖιῖ

179 5486 463 5582 arceas
479 5486 1152 5582 ’λᾱέῡξςῑίξεῖξῑήςίδς
1167 5486 1725 5582 Ᾰιῖέξί,ῇξῇἷρξζι;;ὦ;

181 5557 298 5649 93a.
336 5557 1136 5649 Αὶιξειξιέἰῖῗζὗῖᾓιίὄιιῖἕῶἰιῖἱιὲ
1167 5557 1721 5649 ’ῑῖἱ”ἱ⁵ἰὶ’;ῗ”ἔίὲι›ἷιξιῖιί

180 5640 346 5720 Ripa,
400 5646 780 5720 Erlteiupertus
827 5659 884 5705 et
931 5650 1022 5704 alii
1069 5649 1332 5704 nonnulli.
1380 5651 1445 5706 Et
1491 5640 1722 5705 fortasse

185 5710 391 5779 υιτοίιιιε
435 5719 486 5774 iu
527 5710 641 5776 loco
670 5719 922 5792 l’ippinus
947 5731 1236 5777 coronatus
1265 5731 1365 5789 est,
1395 5722 1470 5778 uti
1499 5721 1720 5777 Carolus

1823 1816 1910 1878 _c_et
1942 1807 2317 1878 etCurbanaei
2346 1821 2360 1870 ;
2399 1815 2451 1860 et
2481 1806 2738 1878 Pippinus
2769 1810 2880 1877 ipse
2908 1817 3033 1862 ante
3063 1806 3319 1878 Stephani
3347 1811 3402 1863 in

1821 1875 2113 1948 Franciam
2165 1878 2452 1948 adventum
2482 1892 2512 1928 a
2552 1875 2827 1948 lionifacio
2867 1875 3180 1948 Moguntina
3227 1879 3406 1933 archi-

1823 1946 2076 2013 episcopo
2104 1961 2360 2016 coronam
2395 1945 3026 2016 Suessioneiaccepcrat,
3059 1949 3201 2016 quod
3231 1949 3404 2001 etiam

1821 2021 1890 2067 ab
1919 2015 2039 2070 aliis
2067 2015 2283 2082 regibus
2311 2023 2648 2082 usurpatum.
2679 2015 2898 2070 Certum
2927 2032 3057 2071 vero
3079 2015 3168 2070 est
3198 2032 3263 2070 ex
3291 2018 3406 2070 An-

1823 2083 2036 2139 nalibus
2081 2083 2422 2144 Bertinianis,
2473 2083 2805 2138 Ludovicum
2847 2096 2900 2139 et
2944 2085 3402 2140 Carolomannum

1822 2153 2081 2208 Ludovici
2124 2153 2273 2212 Balbi
2318 2154 2457 2206 filios
2501 2170 2565 2208 eo
2611 2155 2663 2208 in
2710 2155 2956 2211 cmnobio
2999 2165 3285 2210 coronatos
3331 2156 3402 2210 ab

1821 2225 2086 2292 Ansegiso
2115 2224 2519 2294 archiepiscopo
2541 2223 2707 2278 fuisse
2733 2239 2747 2278 :
2778 2227 2832 2279 id
2861 2227 3004 2294 quod
3032 2227 3275 2294 agnoscit
3299 2225 3405 2281 Ca-

1825 2293 2174 2351 rolomannus
2230 2293 2283 2346 in
2333 2294 2617 2362 capitulari
2650 2293 2906 2350 Carisiaci
2943 2297 3010 2350 ab
3061 2293 3120 2349 Se
3146 2295 3312 2359 facto,
3344 2297 3401 2350 in

1824 2363 2133 2433 Appendice
2159 2363 2225 2416 ad
2257 2363 2460 2433 Lupum
2487 2380 2500 2415 :
2533 2365 2621 2418 ubi
2643 2363 3072 2421 Carolomannus
3097 2374 3270 2418 ratum
3304 2366 3402 2419 ha-

1826 2432 1917 2487 bet
1946 2434 2208 2502 scriptum
2241 2432 2389 2496 illud,
2429 2452 2447 2482 ‹
2471 2436 2612 2502 quod
2642 2435 2695 2486 in
2726 2433 3100 2490 Fet-rariorum
3131 2444 3401 2489 monaste-

1827 2504 2114 2584 rio_corar_n
2145 2503 2314 2583 altari.
2335 2503 2509 2558 sancti
2536 2503 2678 2556 Petri
2713 2505 3054 2584 perdonavjt.
3080 2525 3098 2584 ρ

1898 2572 1951 2625 4.
1991 2572 2227 2626 Abbatcs
2269 2573 2384 2641 ejus
2435 2572 2916 2644 monasteriipost
2967 2574 3262 2628 Buchinum
3310 2574 3403 2644 qui

1830 2643 2053 2705 fuerint,
2085 2652 2178 2697 aut
2201 2657 2360 2712 que.n
2392 2658 2531 2696 unus
2567 2651 2688 2712 post
2731 2643 2897 2696 alium
2937 2646 3180 2698 ordinem
3215 2643 3401 2698 tenue-

1830 2715 1962 2777 rint,
1999 2728 2105 2766 non
2150 2711 2310 2766 facile
2350 2721 2434 2766 est
2477 2712 2870 2767 demonstrare.
2922 2713 3276 2768 Perturbatus
3321 2722 3406 2768 est

1829 2799 2016 2837 eorum
2043 2783 2255 2853 ordoin
2287 2779 2473 2836 fusiori
2505 2781 2674 2836 Callia
2704 2782 3037 2846 Christiana,
3068 2784 3155 2837 ubi
3190 2783 3404 2853 Singul-

1831 2853 1917 2907 fus
1956 2862 2012 2926 et
2047 2852 2391 2926 Adalbertus,
2441 2864 2644 2926 sextus
2672 2861 2728 2926 et
2778 2855 3038 2926 septimus
3087 2852 3398 2926 ponuntur:

1831 2939 1966 2992 quos
1993 2924 2133 2976 inter
2160 2923 2444 2992 Aleuinum
2485 2931 2543 2976 et
2583 2922 2857 2977 Alalricutn
2898 2922 3242 2977 collocandos
3284 2939 3404 2978 esse

1832 2991 2045 3047 constat
2069 3008 2133 3045 ex
2158 2991 2400 3062 epistolis
2425 2992 2555 3060 Lupi
2579 2993 2791 3046 abbatis
2812 3001 2867 3048 et
2892 3008 2959 3047 ex
2985 2992 3104 3046 Vita
3131 2995 3400 3062 sequenti.

1835 3065 1911 3118 De
1957 3061 2201 3133 Singulfo
2230 3076 2322 3133 seu
2358 3061 2563 3132 Sigulfo
2599 3063 2672 3116 ita
2705 3062 2884 3132 Lupus
2930 3065 2983 3117 in
3025 3061 3248 3133 epistola
3289 3064 3401 3117 20:

1839 3079 1911 3118 ue
1957 3079 2201 3184 Sunium)
2230 3079 2322 3115 seu
2358 3079 2563 3132 Stguuo
2599 3079 2672 3116 tta
2705 3079 2884 3132 Lupus
2930 3079 2983 3117 in
3025 3079 3248 3133 eptswta
3289 3079 3401 3117 zu:

1839 3152 1858 3184 ι
1885 3134 2043 3188 Certe
2093 3131 2433 3186 ‘errariensis
2463 3133 2798 3196 monasterii,
2836 3133 2922 3187 cui
2950 3134 3201 3202 indignus
3221 3135 3404 3186 deser-

1832 3205 1939 3276 vio,
1989 3203 2258 3276 quondam
2303 3202 2496 3276 nobilis
2538 3203 2708 3276 abbas
2732 3211 2786 3256 et
2813 3204 3100 3276 presbyter
3143 3203 3403 3276 Sigulfus,

1833 3275 1924 3343 qui
1965 3287 2134 3341 usque
2179 3275 2246 3324 ad
2277 3273 2484 3326 senium
2517 3273 2780 3325 canonico
2827 3273 3013 3326 habitu
3062 3273 3405 3328 laudabiliter

1831 3345 2064 3406 vixerat,
2110 3351 2299 3409 sponte
2328 3358 2387 3396 se
2414 3350 2679 3411 potestate
2712 3343 2882 3405 exuit,
2917 3352 2972 3396 et
3001 3354 3262 3406 nostram,
3305 3345 3406 3397 hoc

1831 3421 1918 3466 est
1961 3412 2354 3473 monachicam,
2396 3412 2708 3479 religionem
2749 3414 3060 3480 assumpsit,
3107 3420 3269 3480 atque
3312 3413 3405 3465 do-

1835 3497 1934 3535 nec
1964 3483 2104 3536 diem
2145 3481 2337 3541 obiret,
2386 3497 2484 3535 suo
2525 3496 2716 3551 passus
2755 3490 2840 3535 est
2877 3482 3070 3550 subjici
3111 3482 3400 3550 discipulo,

1834 3567 1992 3621 quem
2024 3551 2190 3620 ipsius
2218 3552 2491 3604 voluntate
2521 3550 2842 3621 aefratrum
2877 3566 3148 3621 consensu
3173 3551 3406 3621 impera-

1834 3629 1922 3674 tor
1943 3619 2249 3691 Ludovicus
2272 3629 2569 3691 mernorato
2595 3619 2712 3673 loco
2742 3622 2990 3675 abbatem
3016 3619 3354 3691 pracfeeerat,
3379 3639 3399 3672 ι

1834 3691 1993 3744 idest
2027 3690 2337 3744 Adalberto.
2379 3687 2616 3759 Sigulfus
2655 3690 2779 3752 iste,
2820 3687 3032 3744 nationi
3060 3691 3308 3759 Anglicus
3338 3706 3406 3745 ex

1835 3759 1956 3814 Vita
1992 3759 2252 3825 subjecta,
2297 3759 2507 3814 Alcuiui
2541 3761 2855 3830 discipulus,
2887 3776 2917 3814 a
2942 3771 3272 3829 praeceptore
3301 3777 3402 3816 suo

1832 3831 2120 3900 prmfectus
2141 3841 2222 3883 est
2245 3831 2570 3884 monasterio
2600 3829 2934 3884 Ferrariensi
2962 3846 3103 3885 anno
3134 3830 3245 3886 fere
3275 3831 3401 3897 804,

1833 3916 1940 3971 quo
1969 3900 2248 3971 idlcuinus
2294 3900 2573 3968 discipulis
2619 3902 2731 3954 suis
2777 3901 3022 3954 abbatias
3076 3901 3400 3971 resignavit.

1835 3969 2038 4038 Sigulfo
2061 3971 2320 4024 successit
2347 3971 2670 4025 Adalbertus
2696 3971 2850 4024 initio
2870 3969 3207 4040 principatus
3233 3970 3406 4031 Ludo-

1831 4042 1938 4094 vici
1984 4040 2249 4110 Augusti;
2304 4039 2595 4094 Adalberto
2651 4051 2832 4095 autem
2883 4039 3135 4096 AldriCus
3186 4041 3406 4110 circiter

1832 4126 2033 4164 annum
2063 4112 2186 4164 82L
2219 4110 2350 4163 Dein
2384 4125 2527 4163 anno
2557 4109 2657 4162 δεῖ)
2684 4111 2902 4164 Aldrico
2929 4111 2982 4163 in
3010 4112 3188 4164 sedem
3232 4109 3406 4164 Seno«

1832 4181 2008 4234 nicam
2039 4180 2300 4234 translato
2326 4179 2578 4232 sull‘ectus
2604 4189 2685 4233 est
2714 4180 2851 4243 Odo,
2881 4196 2909 4232 a
2939 4180 3135 4232 Sancta
3174 4179 3406 4232 Martha-

1833 4251 1919 4303 nis
1957 4251 2227 4304 omissus:
2255 4250 2346 4318 qui
2381 4259 2587 4318 postea.
2621 4264 2686 4302 eo
2719 4251 2860 4318 quod
2892 4249 3148 4302 Lothario
3174 4248 3398 4318 faveret,

1834 4327 1972 4372 teste
2004 4319 2152 4388 Lupo
2178 4321 2231 4373 in
2260 4317 2486 4388 epistola
2515 4318 2606 4381 26,
2645 4334 2675 4370 a
2705 4317 2897 4372 Carolo
2925 4318 3088 4372 Calvo
3120 4317 3306 4387 pulsus
3335 4333 3402 4372 ex

1834 4387 2060 4458 epistola
2086 4387 2183 4450 Ἦ,
2224 4387 2595 4458 successorem
2637 4389 2861 4442 sortitus
2899 4396 2982 4442 est
3026 4387 3258 4458 Lupum,
3289 4387 3405 4442 cla-

1835 4455 2106 4512 rissimum
2139 4459 2220 4513 sui
2259 4459 2516 4528 temporis
2544 4457 2739 4512 virum.
2778 4458 3006 4512 Exstant
3031 4455 3170 4527 apud
3195 4455 3403 4528 Lupum

1833 4528 2038 4583 Odonis
2080 4529 2320 4598 epistola:
2365 4539 2616 4597 quatuor,
2646 4530 2761 4598 ejus
2796 4529 3013 4583 nomine
3034 4545 3062 4582 a
3087 4528 3236 4598 Lupo
3265 4529 3404 4583 scri-

1831 4609 1937 4669 ptte
1963 4617 1976 4651 :
2005 4599 2158 4669 cujus
2180 4599 2380 4654 Odunis
2402 4598 2614 4652 abbatis
2639 4601 2696 4654 lit
2718 4600 2920 4654 mentio
2941 4600 2994 4653 in
3034 4600 3173 4654 libro
3194 4601 3259 4669 de
3283 4598 3402 4654 Vita

1832 4667 2006 4724 sancti
2047 4667 2293 4730 Faronis,
2325 4685 2446 4738 cap.
2484 4669 2604 4724 H8.
2641 4670 2717 4723 Ex
2748 4670 2946 4738 quibus
2974 4667 3280 4739 corrigendi
3314 4671 3406 4724 ab-

1831 4741 2014 4793 batum
2073 4740 2498 4794 Ferrariensiutn
2553 4739 3042 4810 indicesivulgati,
3100 4741 3153 4793 in
3206 4740 3404 4810 quibus

1830 4810 2016 4865 Odone
2046 4811 2411 4879 pnetermisso
2439 4818 2752 4879 recensctur
2779 4809 3012 4873 Wenilo,
3059 4810 3150 4878 qui
3181 4809 3400 4862 Aldrico

1830 4877 2062 4943 mortuo,
2096 4897 2202 4935 non
2230 4896 2297 4934 ex
2327 4881 2520 4933 abbate
2551 4877 2908 4943 Ferrariensi,
2949 4889 3010 4932 ut
3043 4877 3235 4948 putant
3261 4893 3401 4948 non-

1828 4949 1979 5013 nulli,
2037 4950 2170 5004 Vita:
2215 4948 2870 5018 sequentisiauctoritate
2899 4947 3137 5018 decepti,
3188 4947 3282 5001 sed
3332 4960 3400 5000 ex

1828 5021 2104 5088 capellano
2143 5017 2303 5090 regiae
2331 5017 2560 5090 capella:
2610 5017 2790 5090 Caro_li
2836 5017 2997 5090 Calvi
3037 5017 3268 5090 'creatus
3297 5024 3402 5090 est

1828 5084 2266 5158 archiepiscopus
2324 5084 2671 5141 Senonensls.
2734 5088 2847 5142 Etsi
2908 5103 3069 5158 porro
3109 5084 3402 5158 Singulqu

1826 5159 1994 5213 abbas
2015 5155 2318 5212 'canonicus
2347 5167 2466 5212 erat
2494 5168 2618 5212 ante
2654 5155 2956 5213 abdicatam
2986 5155 3398 5226 perfecturam;

1827 5244 1933 5282 non
1967 5239 2146 5284 tamen
2193 5229 2468 5283 canonicis
2512 5228 2822 5296 suhjacebat
2856 5223 3242 5296 monasterium
3273 5223 3402 5296 Fer-

1826 5300 2091 5363 rariense,
2118 5300 2213 5353 sed
2237 5299 2540 5361 monachis,
2564 5294 2827 5366 siquidem
2849 5297 3098 5366 Aldricus
3117 5312 3182 5348 eo
3205 5295 3257 5348 in
3283 5294 3402 5366 loco

1825 5370 1893 5423 ab
1941 5370 2158 5424 ineunte
2209 5380 2366 5423 aetate
2413 5365 2790 5422 titionachalis
2840 5365 3124 5435 disciplina
3163 5365 3402 5434 suscepit

1825 5440 2058 5507 insignia
2101 5440 2203 5495 sub
2240 5441 2510 5495 Alcuinoo
2560 5437 2785 5506 Singulﬁ
2838 5438 3099 5506 magistro
3145 5450 3208 5489 ac
3259 5450 3399 5505 pra:-

1821 5526 1881 5565 οε
1887 5526 2058 5566 SSOI‘C.

1892 5581 1945 5634 5.
1986 5581 2170 5648 Qualis
2204 5595 2269 5635 eo
2309 5590 2546 5648 tempore
2581 5576 2744 5632 fuerit
2779 5575 3168 5648 monachorum
3207 5575 3403 5648 Ferra-

1824 5646 2082 5705 riensium
2131 5652 2342 5718 religio,
2383 5646 2517 5704 satis
2553 5649 2727 5702 innuit
2768 5648 2946 5718 Lupus
2977 5647 3029 5700 in
3061 5648 3288 5716 epistola
3329 5646 3401 5702 25

1824 5667 2082 5705 mensuum
2131 5664 2342 5718 religio,
2383 5664 2517 5704 satis
2553 5664 2727 5702 lllllull
2768 5664 2946 5772 Lupus
2977 5664 3029 5700 In
3061 5664 3288 5716 episuna
3329 5664 3384 5702 τι

1821 5723 2021 5780 Odonis
2056 5722 2266 5777 abbatis
2292 5719 2506 5776 nomine
2531 5719 2728 5789 scripta
2758 5719 2824 5775 ad
2871 5718 3181 5774 Judovicum
3219 5719 3384 5772 abba-
