4000 6454
555 273 661 331 799

1582 261 1640 317 S.
1681 260 1956 317 ALDRICI
1997 256 2425 314 SENONENSIS
2463 256 2784 313 ARCllIEP.

3722 259 3829 317 860

551 390 687 448 tem,
738 396 773 434 n
806 395 923 435 ntec
967 377 1132 433 verba
1159 395 1172 432 :
1206 395 1226 429 ‹
1247 374 1492 449 Namque
1537 372 1853 449 quia‘baud
1895 370 2083 449 procul
2110 385 2140 423 a
2168 373 2215 431 Α
2245 371 2660 449 tarumictibus
2686 370 2959 449 confossi;
2994 381 3223 449 quartus
3245 385 3300 431 et
3328 385 3514 433 sextus
3540 377 3733 449 gtadio
3761 376 3825 431 ad

552 440 711 508 nobis
737 450 953 524 educati
973 449 1128 524 estis,
1146 447 1295 524 apud
1309 440 1644 524 nos—quoque
1669 441 1877 524 fuistis;
1899 440 2133 524 qualitas

551 520 882 592 monasterii
902 518 1072 592 nostri
1100 514 1198 573 vos
1226 514 1604 592 minime'latet
1631 532 1643 566 :
1675 514 1991 592 ubiprzeter
2020 519 2131 592 stu-

551 592 701 646 dium
734 589 1032 660 religionis,
1075 603 1182 657 quo
1226 588 1328 660 sibi
1363 601 1559 640 nomen
1588 585 1727 660 inter
1753 583 1857 660 alia
1883 583 2133 660 cumoliia

549 653 864 721 vindicavit:
906 674 1011 713 non
1049 653 1133 713 est
1171 659 1314 728 quod
1353 654 1715 728 expetendum
1750 654 1821 708 sit
1848 653 1930 728 ei,_
1950 654 2041 720 qui
2073 667 2132 704 se

551 731 736 811 res"!
761 729 908 811 fasi!-
933 750 952 781 ι
983 722 1351 811 "Hessians.
1376 722 1471 807 δέει
1496 722 2135 811 (ιυίδίιιξίξηερξιφμίῗξξὲι

550 794 676 855 libri
705 801 771 854 de
801 799 923 853 Vita
953 799 1125 854 sancti
1149 794 1405 860 Faronis,
1437 797 1488 849 in
1516 794 1643 865 ’cap.
1678 794 1778 865 ll8
1811 794 1952 846 idem
1981 794 2135 844 testi-

551 870 797 924 monium
831 870 1057 938 przebet,
1095 869 1320 935 loquens
1346 868 1411 922 de
1440 864 1612 938 Lupo,
1642 864 1734 938 qui
1765 882 1790 938 ιΔ
1806 872 1992 932 pastor
2018 875 2134 915 mo-

551 941 641 1012 do,
668 958 707 1012 ιΔ
738 933 933 1012 inquit,
973 957 991 988 ι
1013 954 1127 1012 pro_
1141 933 1746 1012 religionesanctitatis
1781 934 1834 989 in
1862 940 2133 1012 monaste-

549 1004 634 1065 rio
684 1004 1048 1064 famosissima
1089 1004 1470 1063 Ferra'riensii
1520 1006 1726 1069 existit,
1786 1004 1916 1056 «ubi
1959 1010 2132 1056 coetus

550 1080 941 1135 monachorum
966 1080 1019 1132 in
1049 1077 1266 1133 Christo
1292 1092 1416 1133 cum
1444 1075 1533 1129 illo
1565 1083 1679 1130 toto
1707 1075 1839 1130 orbe
1867 1080 1952 1125 est
1981 1086 2133 1127 vene-

547 1150 797 1224 randus._
825 1169 853 1224 ιΔ
901 1148 1196 1203 Monachos
1262 1146 1592 1224 septuaginta
1658 1145 1790 1224 duos
1840 1142 1990 1224 Lupo
2037 1140 2134 1224 ab.

548 1220 681 1274 bate
728 1219 799 1272 ibi
841 1219 893 1272 in
935 1233 1131 1286 magna
1177 1215 1404 1286 penuria
1436 1215 1639 1286 vixisse
1674 1215 1906 1286 legimus
1934 1215 1987 1266 iu
2016 1215 2134 1286 ejus

546 1288 775 1358 epistola
802 1288 891 1353 45,
921 1289 989 1343 ad
1015 1283 1267 1343 Carolum
1299 1301 1505 1358 regem.
1543 1285 1670 1358 [stic
1698 1283 2003 1358 monachus
2034 1283 2135 1337 fuit

547 1352 1339 1433 Marcuvardus,“postmodum
1364 1352 1551 1433 'abbas
1591 1354 1949 1433 Erumietisis,
1982 1352 2133 1433 Lupo

547 1430 785 1502 maxime
833 1423 1133 1502 familiaris.
1173 1428 1535 1502 Ij‘uit_eti_a_m,
1671 1425 1844 1502 fallor,
1890 1423 2028 1502 Eigil
2065 1438 2133 1477 ex

548 1499 818 1553 monacho
859 1501 983 1553 dein
1024 1498 1331 1553 Prumiensi
1377 1497 1544 1553 abbas
1578 1496 2032 1556 Flaviniaceusis,
2068 1507 2133 1547 ac

544 1570 764 1625 demum
795 1570 1235 1638 archiepiscopus
1264 1568 1615 1624 Senouensis.
1642 1567 1849 1638 Quibus
1875 1565 2135 1618 adnume-

546 1639 752 1694 randus
780 1639 896 1694 Ado
926 1636 1252 1694 Viennensis
1279 1640 1531 1694 antistes.
1563 1638 1711 1692 Inter
1741 1636 1965 1690 abbates
2002 1649 2135 1704 prae—

544 1717 631 1763 ter
673 1708 980 1769 Aleuinum,
1033 1707 1325 1774 Sigull‘um,
1377 1707 1751 1773 Adalbertum,
1803 1715 1859 1760 et
1901 1706 2131 1774 Lupum,

543 1752 785 1834 maxime
814 1752 1012 1835 claruit
1047 1752 1391 1851 reiigione’et
1424 1752 2136 1851 munificentiaulsudoiicus
2165 1752 2209 1811 Β

545 1850 612 1904 de
640 1850 1011 1904 Blanchaforti
1042 1844 1210 1905 abbas
1243 1852 1313 1904 ab
1346 1864 1490 1903 anno
1517 1848 1654 1902 1465
1691 1848 1757 1901 ad
1788 1846 1945 1909 1505,
1977 1844 2136 1915 cujus

544 1934 709 1988 opera
757 1929 932 1974 totum
974 1920 1090 1974 fere
1134 1919 1529 1974 monasterium
1569 1935 1599 1971 a
1640 1917 2008 1988 fundamentis
2054 1918 2135 1988 iu-

544 1986 846 2042 stauratum
873 2000 977 2044 est.
1009 1990 1251 2058 Denique
1279 2003 1344 2044 eo
1382 1988 1485 2043 loci
1543 2004 1685 2042 anno
1724 1987 1883 2051 1569,
1930 1986 2132 2058 die_178

542 2058 796 2131 Augusti,
826 2059 1031 2114 crudeli
1054 2055 1266 2131 Amo—rtis
1303 2072 1500 2131 genere
1539 2057 1712 2131 allecti
1746 2066 1874 2131 sunt
1893 2072 1932 2131 _a
1957 2055 2133 2131 Calvi-

545 2128 707 2183 nistis
736 2144 830 2183 sex
856 2129 1130 2192 monachi,
1161 2126 1397 2184 Joannes
1436 2128 1682 2183 Boursiet
1722 2127 1994 2197 subprior,
2025 2126 2133 2179 Lu-

542 2197 768 2254 dovicus
796 2199 995 2254 Bouvet
1028 2199 1366 2263 cellerarius,
1407 2196 1642 2254 Jacobus
1682 2196 2127 2265 Colombetpm—

541 2268 793 2339 positus,
834 2269 1138 2324 Ludovicus
1186 2269 1445 2339 Παιονίη,
1507 2269 1811 2324 Ludovicus
1861 2264 2023 2339 cura
2074 2275 2131 2321 et

541 2338 799 2410 Claudius
824 2339 1096 2410 Boturdin;
1127 2336 1357 2410 quorum
1392 2339 1600 2410 primus
1623 2347 1676 2394 et
1698 2339 1969 2410 secundus
1999 2336 2129 2410 fune

542 2408 611 2483 ad
634 2408 829 2463 collum
860 2409 1081 2483 alligato
1120 2408 1467 2483 strangulati,
1507 2424 1571 2483 ac
1598 2425 1695 2483 per
1725 2408 1926 2479 gradus
1952 2408 2131 2483 eccle-

541 2478 638 2533 sia:
676 2480 906 2550 raptati;
941 2478 1135 2535 tertius
1159 2489 1216 2535 et
1243 2478 1465 2551 quintus
1493 2478 1799 2552 gladiorum
1828 2487 1885 2533 et
1917 2478 2127 2548 sclope-

2235 440 2584 517 mammillam
2636 440 3079 517 transverbera‘ti.
3115 444 3387 501 llactenus
3423 440 3638 517 perstat
3688 449 3829 504 istud

2238 513 2625 589 monasterium
2667 511 2767 565 sub
2803 513 3150 589 Benedictina
3179 520 3355 572 sancti
3389 511 3563 589 Mauri
3589 534 3829 589 congre-

2234 584 2468 657 gatione,
2510 582 3057 657 maguo_populorum
3079 601 3355 657 concursu
3393 582 3825 657 frequentatum,

2231 649 2326 780 gui
2374 654 2430 775 iln
2478 649 2649 707 tndem
2703 649 2941 723 Virginis
3000 655 3241 726 Deiparae
3299 659 3412 714 voti
3467 649 3640 714 causa
3695 649 3827 715 con;

2274 740 2379 780 uun
2412 761 2426 776 .

2274 730 2426 780 uunt.

2303 798 2355 850 6.
2398 791 2716 869 Complures
2744 807 2809 846 ex
2853 796 3138 869 monachis
3176 799 3380 869 nostris
3421 815 3521 869 per
3562 799 3824 854 saeculum

2233 878 2438 920 nonum
2491 863 2871 933 decimamque
2922 864 3225 939 Senonensi
3282 863 3526 925 ecclesia:
3572 869 3822 939 pnnfecti

2233 945 2379 1010 sunt,
2405 947 2528 985 nam
2552 941 2751 1010 printer
2785 943 3033 1010 sanetum
3064 935 3325 1010 Ebonem,
3351 943 3441 1009 qui
3468 935 3682 995 szec'ulo
3713 956 3824 1010 sep-

2234 1007 2367 1061 timo
2396 1017 2516 1055 eam
2547 1004 2730 1056 sedem
2771 1005 2965 1069 tenuit,
3001 1003 3265 1061 Jeremias
3291 1003 3663 1064 ex'monacbo
3695 1003 3824 1064 Ceu—

2234 1073 2444 1150 tulensi
2462 1072 2544 1150 (ut
2569 1072 2730 1150 vulgo
2763 1076 3028 1146 creditur)
3056 1076 3234 1132 dictus
3262 1080 3722 1150 archiepisc0pns
3750 1089 3823 1134 est

2235 1146 2303 1199 ab
2334 1142 2608 1197 Ludovico
2648 1146 2923 1207 Augusto;
2963 1142 3073 1199 tum
3104 1149 3366 1202 successit
3408 1142 3675 1204 Aidrict'ts
3719 1164 3825 1204 mo-

2336 1183 2607 1197 υμυυ..νυ
2648 1183 2725 1195 ι...
2770 1183 2889 1198 .......
2963 1183 3073 1199 ......
3104 1183 3366 1202 success...
3460 1183 3675 1203 ,υιηηδ
3719 1183 3822 1204 ωυ-

2234 1215 2441 1291 uacuus
2466 1224 2517 1291 et
2548 1213 2715 1291 abbas
2733 1183 3140 1291 3“_erra,rien_sis;
3165 1216 3288 1272 dein
3316 1183 3453 1291 pos?
3471 1219 3822 1291 Weuilouem

2234 1283 2599 1360 Eigilpbb'as
2646 1282 3103 1360 b‘ia\:i_niacetisis;
3156 1282 3347 1360 postea
3403 1290 3718 1360 Ansegisus
3762 1306 3821 1344 ex

2234 1353 2483 1426 coinobio
2529 1354 2715 1408 Sancti
2748 1353 3035 1426 Michaelis
3089 1353 3231 1426 apud
3282 1353 3633 1424 Bellovacos;
3707 1362 3821 1415 hinc

2235 1425 2509 1496 Evrardus
2549 1425 2849 1496 monachus
2892 1434 2948 1478 et
2987 1425 3307 1496 praepositus
3344 1430 3577 1484 abbatize
3608 1432 3822 1485 Sancta:

2235 1494 2508 1567 golumbte
2538 1508 2714 1567 prope
2745 1494 3009 1567 Senonas.
3059 1494 3397 1567 Interpositis
3443 1516 3576 1553 vero
3614 1501 3821 1555 duobus

2237 1564 2516 1638 Watteriis
2534 1574 2589 1618 et
2617 1564 2861 1629 Aldaldo,
2903 1566 3085 1638 sedem
3128 1564 3337 1638 accepit
3370 1568 3689 1625 Willelmus
3720 1586 3821 1624 mo-

2237 1636 2478 1699 nachus;
2515 1642 2571 1688 et
2598 1645 2723 1703 post
2758 1650 2881 1688 eum
2916 1634 3223 1692 Gerlannus
3253 1634 3556 1695 monachus
3591 1641 3821 1695 Antisio-

2238 1705 2487 1760 dorensis
2515 1704 2750 1759 coenobii
2778 1705 2964 1759 Sancti
2993 1705 3275 1771 Germani,
3307 1725 3691 1767 successorem
3717 1727 3820 1765 sor-

2238 1776 2370 1852 titus
2419 1783 2504 1852 (Est
2552 1774 3343 1852 liildemauntun_tnnnobitam
3389 1780 3816 1852 Dionysiantm;

2237 1846 2327 1901 cui
2357 1843 2615 1917 suﬂ‘ectus
2649 1844 3102 1917 Archembaldus,
3147 1857 3205 1901 et
3246 1858 3369 1917 post.
3390 1843 3812 1917 eum'Sewinus,

2236 1931 2345 1970 non
2371 1916 2591 1985 quidem
2617 1916 2891 1979 monachi,
2918 1917 3011 1970 sed
3035 1916 3321 1973 monastici
3351 1921 3565 1976 ordinis
3588 1916 3817 1977 cultores

2237 1995 2722 2056 et-propagatores
2770 1986 2977 2056 eximii.
3022 1986 3145 2041 Jam
3193 1989 3478 2045 referenda
3517 2002 3607 2046 est
3647 1992 3816 2047 sancti

2236 2054 2451 2111 Altl'rici'
2498 2054 2650 2121 Vita,
2700 2054 2856 2123 cujus
2911 2057 3106 2112 titulus
3151 2059 3205 2112 in
3254 2076 3357 2115 ms.
3404 2060 3594 2116 codice
3627 2062 3817 2116 Ferra-

2238 2127 2407 2181 riensi
2455 2126 2534 2181 sic
2578 2128 2777 2181 habet:
2810 2125 3001 2196 Incipit
3054 2126 3173 2182 Vita
3216 2128 3354 2183 beati
3403 2131 3609 2185 Aldrici
3652 2131 3819 2185 Seno-

2235 2198 2411 2251 nensis
2452 2196 2850 2267 archiepiscopi,
2888 2206 2936 2249 et
2981 2198 3142 2267 hujus
3184 2200 3410 2253 abbatiu:
3457 2199 3818 2255 Ferrariensis

2235 2266 2460 2343 abbatis,
2490 2266 2578 2320 ubi
2605 2268 2720 2343 ejus
2752 2282 2941 2343 corpus
2984 2266 3058 2343 est
3092 2269 3446 2343 inituruatniu.
3485 2270 3823 2343 Quapropter

2233 2337 2473 2406 ejusdem
2527 2337 2782 2391 transitus
2836 2337 2898 2406 [it
2948 2338 3249 2393 solemniler
3296 2341 3489 2395 decimo
3522 2337 3613 2395 die
3647 2337 3821 2396 (Icto-

2234 2406 2363 2461 bris.

549 2635 3813 2676 Μ

1609 2807 2202 2936 INCIPIT
2302 2810 2737 2940 VITA.

618 3109 667 3163 i.
705 3107 862 3162 Anno
887 3108 1366 3178 septingentesimo
1407 3110 1805 3182 septuagesimo
1836 3113 2028 3183 quinto
2059 3114 2129 3168 ab
2157 3120 2201 3181 ρ
2234 3112 2387 3178 deus,
2416 3125 2646 3183 operum
2691 3111 3006 3168 maturitate
3044 3114 3405 3184 perfectiores
3446 3091 3815 3177 mutabatur.

545 3202 922 3257 incarnatione
966 3201 1199 3267 Domini,
1243 3212 1503 3274 regnante
1532 3200 1727 3258 Carolo
1758 3202 1973 3274 Magno,
2002 3204 2131 3259 bea-

547 3304 636 3351 tus
660 3294 911 3349 Aldricus
939 3295 992 3349 in
1026 3295 1303 3350 territorio
1330 3294 1641 3350 Vastiuensi
1672 3293 1741 3366 (le
1772 3292 2034 3367 Gdtinais)
2064 3296 2131 3351 de

542 3384 881 3456 principibus
914 3385 1171 3455 palatinis
1197 3386 1407 3441 exstitit
1433 3386 1731 3453 oriundus;
1760 3387 1853 3456 qui
1883 3388 2011 3442 dum
2038 3388 2134 3441 ad—

543 3477 651 3532 huc
690 3477 834 3532 intra
869 3479 1100 3532 materni
1131 3478 1272 3533 uteri
1302 3479 1581 3550 angustias
1612 3478 2007 3544 includeretur,
2040 3495 2134 3534 vo-

542 3567 648 3623 luit
675 3569 937 3624 Dominus
965 3570 1254 3625 ostendere
1282 3568 1335 3624 in
1366 3569 1605 3625 nondum
1636 3577 1765 3623 nato
1805 3570 1947 3637 quod
1988 3568 2134 3623 futu-

543 3675 667 3715 rum
687 3669 832 3715 esset
863 3661 916 3714 in
940 3660 1143 3715 adulto.
1177 3659 1398 3716 Crebris
1431 3660 1630 3731 quippe
1651 3660 2034 3715 saltationibus
2058 3662 2133 3715 ita

548 3750 890 3813 movebatur,
919 3758 980 3803 ut
1008 3750 1154 3819 ipsos
1178 3758 1436 3820 parentes
1458 3765 1587 3805 suos
1609 3760 1798 3821 stupor
1838 3750 2134 3804 vehemens

545 3839 1005 3908 apprehenderct:
1034 3840 1125 3908 qui
1143 3848 1320 3894 motus
1336 3841 1548 3911 signum
1569 3841 1812 3896 creditur
1832 3841 2130 3907 exstitisse,

547 3930 691 3998 quod
717 3938 913 3985 contra
940 3932 1126 3985 hostes
1147 3932 1456 4001 spirituales
1478 3942 1622 3989 esset
1649 3934 2024 3988 dimicaturus.

614 4020 671 4075 2.
711 4021 810 4077 Hic
830 4031 1116 4092 postquam
1144 4024 1196 4077 in
1224 4023 1402 4079 lucem
1430 4024 1633 4095 prodiit
1661 4024 1802 4079 sacri
1835 4024 2132 4093 baptisma-

545 4113 618 4169 tis
662 4106 980 4170 charactere
1021 4114 1340 4186 insiguitus,
1382 4114 1633 4169 Aldricus
1673 4115 1981 4169 nominatus
2016 4122 2130 4177 est;

549 4203 643 4274 qui
694 4218 844 4259 more
893 4203 1154 4259 nobilium
1186 4204 1240 4258 in
1269 4203 1478 4259 deliciis
1514 4204 1798 4279 suavitatis
1847 4204 2128 4271 educatus,

547 4292 606 4348 in
658 4292 833 4362 prima
879 4294 1126 4362 pueritia:
1182 4293 1543 4349 teneritudine
1594 4294 1849 4364 operibus
1903 4297 2134 4350 maturis

545 4389 762 4437 attatcm
790 4383 957 4451 carpit
994 4384 1316 4453 anticipare,
1356 4391 1411 4438 et
1439 4383 1756 4453 pra'claram
1796 4384 2132 4440 nobilitatem

2235 3205 2476 3261 Tandem
2517 3221 2547 3260 a
2581 3207 2900 3276 parentibus
2923 3208 3156 3265 traditus
3186 3211 3241 3265 in
3270 3212 3594 3272 liberalibus
3624 3214 3821 3276 artibus

2232 3296 2563 3352 erudiendus
2593 3337 2608 3362 ,
2658 3298 2981 3353 mirabiliter
3021 3302 3189 3373 coepit
3228 3304 3531 3374 proiicere,
3580 3320 3639 3365 et
3673 3313 3821 3382 juxta

2233 3390 2474 3445 scientia:
2524 3390 2841 3446 doctrinalis
2882 3404 3232 3463 augmentum
3263 3399 3662 3458 incrementum
3703 3408 3826 3463 reli-

2234 3481 2408 3550 gionis
2454 3483 2732 3554 suscipere
2763 3502 2775 3538 :
2808 3494 2868 3540 ut
2908 3502 3015 3541 non
3055 3487 3230 3544 solum
3272 3492 3327 3546 in
3358 3492 3696 3563 liberalibus,
3729 3517 3823 3555 ve-

2236 3588 2355 3626 rum
2396 3573 2564 3628 etiam
2589 3574 2646 3629 in
2674 3574 3051 3645 spiritualibus
3083 3580 3390 3651 disciplinis
3425 3584 3724 3644 ellicaciter
3750 3592 3823 3644 in-

2234 3666 2573 3721 stitueretur.
2606 3667 2875 3725 Recolens
2902 3671 3057 3742 juxta
3098 3673 3230 3729 illud
3266 3676 3499 3733 verbum
3532 3678 3815 3752 Sapientis,

2234 3772 2415 3811 mores
2437 3774 2504 3813 cx
2539 3760 2788 3814 convictu
2817 3759 3071 3829 formari,
3116 3780 3239 3819 cum
3274 3769 3579 3828 caenobitis
3607 3774 3819 3829 deiecta

2233 3849 2398 3904 batur
2424 3851 2746 3906 continuare
2777 3868 3105 3921 sermonem,
3148 3868 3205 3913 et
3242 3860 3639 3931 religiosorum
3668 3868 3821 3922 collo-

2235 3939 2380 4009 quiis
2424 3941 2884 4011 quamplurimum
2922 3946 3351 4004 demulcebatur.
3393 3951 3686 4010 Gaudebat
3710 3972 3822 4012 cum

2234 4028 2342 4084 illis
2364 4037 2606 4101 tempore
2620 4031 2950 4105 jejuniorum
2979 4040 3409 4108 communicare,
3440 4048 3734 4104 nocturnis
3747 4050 3822 4103 vi-

2234 4120 2377 4192 giliis
2409 4121 2696 4192 interesse,
2723 4138 2777 4182 et
2802 4129 2986 4185 studio
3017 4133 3325 4190 sanctitatis
3355 4141 3826 4210 concupiscentia

2235 4210 2451 4267 illicitas
2498 4215 2715 4282 penitus
2767 4216 3062 4274 declinare.
3120 4221 3316 4278 Secum
3376 4228 3555 4284 etiam
3610 4233 3825 4303 singulis

2236 4306 2528 4361 momentis
2560 4309 2828 4365 secretius
2865 4314 3153 4382 tractabat,
3188 4317 3427 4387 qualiter
3457 4325 3654 4380 mundi
3690 4325 3825 4379 'alla-

2237 4410 2329 4450 ccs
2366 4398 2598 4453 evitaret
2639 4400 2945 4471 illecebras,
2977 4403 3131 4474 cujus
3157 4413 3593 4470 conversatione
3635 4416 3826 4471 diutina

548 4475 983 4547 pmclarissimis
1031 4477 1296 4531 bonorum
1351 4486 1567 4532 actuum
1615 4478 1860 4533 excubiis
1908 4472 2542 4542 reddereDsanctitatis
2589 4491 2927 4558 propositum
2977 4472 3226 4562 impediri
3275 4498 3606 4557 verebatur.
3672 4504 3829 4572 liuius

552 4566 877 4632 clariorem,
923 4567 1222 4636 puerilibus
1267 4569 1597 4638 portendens
1647 4570 1911 4626 tirociniis
1958 4570 2136 4640 qualis

551 4664 897 4727 quantusque
940 4658 1140 4713 athleta
1176 4667 1323 4715 esset
1357 4660 1588 4716 futurus.
1626 4661 1763 4716 Nam
1795 4663 1939 4716 beati
1970 4661 2133 4716 Nico-

550 4749 621 4805 lai
642 4748 891 4815 aimulus,
909 4749 1077 4804 multo
1098 4749 1305 4821 jejunio
1333 4760 1576 4808 tenerum
1592 4770 1788 4823 corpus
1803 4753 2132 4815 macerahat,

551 4848 607 4895 et
641 4839 1021 4909 intempestiva
1061 4840 1387 4898 abstinentia
1419 4844 1588 4900 exiles
1621 4843 1939 4899 attenuabat
1962 4853 2133 4900 artus.

554 4930 671 4986 Non
701 4930 877 4986 solum
906 4940 1088 4986 autem
1118 4943 1373 5003 parentes
1401 4942 1549 4989 tanta
1579 4936 1735 4989 bona:
1760 4935 1957 4990 indolis
1981 4936 2133 5005 signa

555 5024 863 5080 vehementi
889 5032 1107 5095 stupore
1134 5026 1459 5094 alliciebant,
1491 5041 1678 5083 verum
1704 5030 1868 5083 etiam
1892 5030 2135 5085 omnium

555 5115 1041 5205 contemplandum
1073 5118 1283 5173 animos
1319 5119 1641 5175 mirabiliter
1672 5121 1970 5178 reddebant
2000 5131 2158 5195 atto:

557 5206 719 5262 nitos.

628 5297 681 5351 ‘5.
723 5297 895 5368 igitur
939 5314 971 5352 a
1015 5299 1206 5369 primis
1255 5301 1503 5371 pueritia:
1544 5304 1867 5361 rudimentis
1910 5304 2140 5377 puerilia

561 5386 807 5443 devitans
855 5387 1274 5457 oblectamenta,
1331 5407 1442 5447 sua:
1484 5392 1837 5462 ingenuitatis
1890 5396 2142 5466 magniﬁ-

563 5476 763 5543 centia,
818 5495 1030 5535 morum
1078 5483 1359 5539 honestate
1416 5484 1644 5541 miriﬁce
1699 5488 2035 5555 extollebat;
2087 5498 2144 5545 et

566 5566 737 5622 Deum
772 5572 899 5628 totis
924 5574 1451 5649 viribusdiligcndo,
1478 5580 1531 5634 in
1560 5581 1834 5636 anteriora
1862 5597 1920 5639 se
1952 5592 2143 5640 exten-

637 5708 661 5735 ιι
687 5695 1034 5762 Ferrariense
1058 5709 1282 5777 scilicet,
1317 5714 1460 5782 quod
1484 5716 1655 5771 beata:
1680 5714 1862 5774 Marim
1884 5729 1939 5776 et
1959 5731 2147 5781 sancto

2238 4573 2337 4627 zeli
2380 4574 2588 4630 facibus
2614 4577 2805 4633 beatus
2832 4578 3083 4638 Aldricus
3112 4586 3373 4641 ardenter
3417 4603 3714 4657 accensus,
3746 4610 3829 4646 ar-

2236 4666 2426 4720 ctioris
2454 4667 2578 4721 vitro
2602 4671 2849 4725 semitam
2878 4673 3195 4732 deliberavit
3224 4678 3496 4749 arripere,
3522 4692 3582 4737 et
3608 4697 3665 4740 ut
3686 4686 3833 4740 babi-

2240 4765 2353 4811 tum
2384 4759 2716 4815 exteriorem
2742 4761 2992 4819 interiori
3014 4766 3411 4835 conformaret,
3436 4771 3699 4830 habitum
3730 4791 3839 4830 tuo»

2238 4849 2525 4905 nachalem
2558 4866 2842 4909 assumere
2870 4856 3183 4912 destinavit.

2313 4941 2367 4996 4.
2407 4940 2515 4997 Sed
2564 4960 2632 4998 ne
2684 4956 2940 5014 parentes
2984 4951 3199 5021 gravius
3240 4951 3596 5024 molestarct,
3651 4959 3735 5016 vel
3780 4960 3840 5014 iis

2245 5032 2622 5102 ignorantibus
2671 5036 2776 5093 hoc
2827 5050 3045 5109 ageret,
3098 5053 3292 5098 nactus
3342 5053 3840 5116 opportunitatem.

2245 5122 2326 5177 eis
2358 5124 2508 5193 pium
2537 5127 2733 5182 mentis
2764 5131 3023 5185 revelavit
3065 5148 3321 5190 arcanum
3355 5155 3368 5189 :
3411 5142 3511 5208 qui
3561 5142 3692 5198 licet
3715 5159 3845 5213 qua-

2250 5215 2372 5270 dam
2413 5217 2612 5286 pietate
2662 5220 2714 5273 in
2761 5222 2951 5291 primis
2996 5241 3102 5280 non
3155 5230 3624 5301 acquiescerent,
3674 5246 3849 5290 atlen-

2251 5308 2441 5365 dentcs
2474 5311 2526 5365 in
2557 5328 2622 5367 eo
2663 5314 2910 5371 reluccrc
2944 5317 3378 5378 inaestimabilem
3422 5326 3727 5385 cbaritatis
3765 5346 3853 5384 ar-

2253 5402 2474 5467 dorem,
2506 5406 2736 5463 honesto
2782 5412 3063 5479 proposito
3107 5413 3401 5471 noluerunt
3435 5418 3707 5487 obviare;
3760 5423 3852 5477 sed

2252 5505 2376 5547 cum
2405 5494 2515 5549 Deo
2541 5504 2805 5568 perpetuo
2835 5501 3164 5557 serviturum
3213 5511 3559 5565 monasterio
3610 5529 3857 5583 pnescn-

2254 5594 2521 5655 tavcrunt,
2562 5591 2705 5660 quod
2729 5591 2786 5647 iu
2816 5592 3022 5652 honore
3052 5597 3227 5654 beata:
3253 5597 3478 5657 Maria:tl
3509 5616 3637 5660 erat
3668 5606 3860 5663 ianth-

2255 5723 2415 5782 Pctro
2451 5744 2661 5785 sacrum
2686 5741 2766 5787 est
2801 5734 3051 5792 nimirum
3089 5737 3317 5796 ecclesia
3352 5742 3620 5801 urimaria
3658 5749 3713 5802 ίι.
3760 5749 3855 5802 hoc
