4000 6450
136 415 223 476 801

1574 404 1579 407 ’
1643 399 1825 454 “TA.

3255 377 3362 438 802

137 540 240 585 tum
269 542 282 580 :
313 521 400 579 ubi
426 519 527 575 sub
553 518 779 573 Alcuino
803 515 995 570 abbate
1034 513 1293 582 magistro
1318 508 1561 573 litterali,
1595 507 1682 563 cui
1711 513 1761 571 Α
1791 508 1904 578 ipso
1945 520 2153 561 morum
2205 502 2569 558 maturitatem
2618 497 2882 552 redimere
2927 493 3185 565 quidquid
3227 498 3362 547 retas

131 583 231 691 jam
266 612 390 672 dicti
431 610 666 667 coenobii
692 606 1087 665 administratio
1114 614 1240 659 tunc
1271 601 1530 673 temporis
1569 607 1688 655 erat
1779 596 2034 667 juvenilis
2059 594 2339 650 videbatur
2366 591 2623 646 invidere.
2671 585 2949 656 Susceptis
2994 586 3165 691 igitur.
3188 583 3363 638 sacris

138 708 425 768 commissa.
458 702 793 757 monachalis
819 701 1114 770 disciplime
1135 697 1373 767 suscepit
1398 694 1651 765 insignia.

200 801 248 855 5.
274 797 384 865 Quo
422 793 695 859 defuncto,
743 794 812 848 ad
844 798 1030 847 curam
1070 789 1310 859 ejusdem
1356 787 1460 844 loci
1497 803 1690 858 geren-

138 891 248 945 dam
295 884 614 941 substitutus
658 888 743 938 est
790 880 1084 951 Singultus,
1143 879 1363 933 natione
1414 876 1688 947 Anglicus,

138 977 288 1036 nobili
318 973 566 1045 prosapia
591 981 763 1038 ortus,
794 987 1004 1026 morum
1031 970 1314 1024 honestate
1342 967 1615 1036 praeditus,
1639 972 1694 1019 ct

139 1067 386 1137 religiosa:
414 1061 840 1118 conversationis
871 1059 1225 1129 prmrogativa
1254 1056 1566 1127 praeclarus.
1596 1056 1693 1109 llic

139 1158 267 1215 beati
311 1155 514 1211 Aldrici
562 1152 901 1226 perpendens
938 1151 1174 1206 futuram
1210 1149 1692 1220 praeminentium,

138 1264 286 1320 quam
310 1245 596 1301 manifesta
633 1242 912 1315 religionis
937 1243 1288 1297 declarabant
1322 1240 1540 1305 indicia,
1572 1255 1695 1294 eum

138 1341 231 1412 piis
273 1336 666 1393 eruditionibus
716 1334 933 1389 assidue
979 1333 1331 1395 instituebat,
1389 1338 1443 1385 et
1493 1337 1553 1384 ut
1600 1329 1699 1383 flos

139 1426 499 1486 adolescentiae
536 1426 592 1480 in
625 1423 831 1479 fructus
876 1425 1074 1479 uberes
1113 1423 1430 1493 procederet
1480 1425 1699 1474 (etatem

141 1530 367 1576 teneram
396 1517 655 1588 pastorali
684 1530 814 1571 cura
843 1515 1083 1569 studiose
1119 1511 1463 1567 informabat.

201 1613 249 1667 6.
294 1611 533 1681 Singulis
579 1604 762 1679 itaque
799 1608 991 1663 diebus
1030 1607 1084 1660 in
1131 1603 1530 1661 adolescentulo
1574 1617 1703 1656 suc-

140 1704 408 1761 crescebat
435 1703 591 1758 bona:
621 1698 954 1770 operationis
982 1696 1264 1762 industria,
1292 1703 1354 1749 ut
1375 1693 1703 1749 eruditorem

140 1811 284 1849 suum
316 1794 371 1848 in
399 1792 703 1855 dev0tione,
736 1790 973 1854 silentio,
1000 1788 1307 1843 humilitate
1329 1794 1384 1842 et
1410 1784 1700 1841 concordia

1787 688 2085 752 ordinibus,
2116 686 2312 742 divinis
2334 683 2588 754 operibus
2614 678 2937 750 propensius
2962 675 3264 739 insistebat,
3304 682 3366 729 ut

1789 778 2117 835 luculentius
2146 780 2200 832 in
2229 792 2293 833 eo
2329 776 2693 832 clarescerent
2724 772 2987 825 virtutum
3031 769 3283 838 insignia,
3310 773 3367 821 et

1792 868 2109 924 intentionis
2134 867 2417 921 chantatis
2445 865 2806 920 exuberarent
2832 861 3186 914 incrementa.

1860 958 1915 1013 8.
1943 957 2078 1011 Nam
2098 965 2301 1025 quanto
2323 956 2497 1025 major
2529 954 2700 1009 factus
2724 960 2823 1017 est,
2854 952 2908 1005 in
2935 949 3187 1004 omnibus
3218 954 3370 1001 tanto

1794 1061 1853 1104 se
1872 1046 2190 1102 humiliabat
2217 1045 2560 1115 magisjnxta
2597 1044 2818 1098 verbum
2858 1039 3099 1111 Apostoli
3130 1056 3143 1092 :
3174 1037 3373 1091 Humi-

1796 1139 2000 1193 liamini
2038 1137 2134 1191 sub
2155 1138 2350 1206 potenti
2388 1153 2548 1191 manu
2587 1135 2704 1199 Dei,
2737 1142 2793 1187 ut
2821 1150 2907 1188 vos
2936 1131 3127 1203 exultet
3155 1133 3213 1185 in
3241 1139 3372 1184 tem-

1795 1243 1918 1299 pore
1957 1226 2268 1281 uisitationis
2302 1225 2365 1296 (Ι
2393 1225 2540 1281 Petr.
2578 1240 2630 1289 v,
2658 1225 2734 1293 6).
2767 1224 3005 1278 Tandem
3050 1221 3195 1276 fama
3236 1221 3380 1276 celea

1797 1318 1912 1374 bris
1936 1317 2041 1372 viri
2076 1317 2301 1372 illustris
2329 1317 2486 1387 longe
2515 1315 2728 1386 lateque
2758 1314 2969 1378 dill‘usa,
3001 1313 3068 1368 ad
3102 1313 3245 1384 regis
3270 1312 3375 1366 Lu-

1801 1410 1974 1465 dovici
2020 1409 2114 1463 ﬁlii
2148 1409 2326 1464 Caroli
2374 1408 2550 1479 Magni
2591 1406 2838 1478 pervenit
2882 1404 3236 1470 audientiam,
3283 1401 3377 1472 qui

1802 1509 1930 1556 tunc
1957 1502 2107 1571 regni
2140 1500 2474 1555 Francorum
2499 1500 2717 1554 tenebat
2744 1496 3132 1552 monarchiam.

1873 1617 1927 1672 9.
1948 1617 2030 1672 Ad
2073 1617 2225 1687 eujus
2256 1617 2518 1671 monitum
2557 1615 2913 1687 quorumdam
2959 1613 3378 1677 incredulorum,

1805 1708 1897 1777 qui
1950 1716 2078 1763 tunc
2128 1707 2288 1761 fidem
2343 1706 2709 1762 Christianam
2761 1703 3168 1775 impugnabant,
3222 1709 3384 1773 prout

1807 1796 2040 1868 Spiritus
2065 1806 2283 1853 sanctus
2309 1798 2472 1852 dabat
2499 1796 2676 1866 eloqui
2707 1794 2803 1859 illi,
2835 1795 3105 1850 versutias
3130 1792 3275 1848 elisit
3300 1807 3387 1847 ar-

137 1882 470 1939 uniformiter
524 1880 766 1937 aemulari
807 1879 1104 1942 videretur,
1144 1878 1251 1932 imo
1281 1877 1445 1931 etiam
1494 1874 1704 1930 cunctis
1732 1856 1779 1916 Β
1807 1856 1984 1959 εἶπες,
2016 1895 2069 1942 ει
2106 1887 2313 1940 minam
2346 1856 2699 1956 ρριηίοῃιηῇιίς
2740 1856 2860 1939 ﬁdei
2890 1882 3201 1954 propulsata
3228 1881 3384 1951 peni-

138 1973 369 2045 praeponi
421 1981 481 2027 ut
528 1971 849 2027 imitationis
884 1970 1209 2039 exemplum.
1257 1968 1498 2036 Denique
1548 1964 1708 2036 hujus

140 2063 274 2119 beati
303 2062 663 2117 adolescentis
699 2060 841 2114 fama
874 2060 941 2113 ad
967 2068 1215 2113 sanctum
1247 2066 1271 2093 ιι
1299 2056 1592 2111 Jercmiam
1617 2057 1709 2111 de-

140 2136 418 2222 venit,'qui
449 2161 580 2207 tunc
616 2151 873 2221 temporis
906 2148 1371 2219 archipracsulatui
1408 2146 1710 2203 Senonensi

142 2245 358 2303 feliciter
380 2245 720 2315 przesidebat.

207 2337 256 2390 7.
299 2336 432 2392 Cum
487 2336 670 2405 itaque
707 2334 919 2390 videndi
965 2334 1058 2403 pio
1107 2333 1360 2401 ﬂagraret
1412 2331 1709 2396 desiderio,

144 2431 387 2501 praicepit
431 2445 558 2484 eum
608 2429 720 2484 suis
764 2426 1140 2496 conspectibus
1171 2425 1515 2496 praesentari,
1567 2433 1628 2477 ut
1667 2425 1714 2479 si

145 2521 275 2576 fama
312 2522 377 2577 de
411 2521 686 2592 probitate
727 2519 899 2589 ipsius
924 2532 1053 2572 vera
1098 2515 1439 2585 praedicaret,
1471 2529 1715 2585 prtesen-

147 2613 228 2668 tali
251 2612 455 2667 visione
477 2620 535 2668 et
569 2610 674 2667 fide
702 2611 961 2679 probaret
1005 2608 1251 2672 occulta;
1298 2620 1405 2676 quo
1432 2605 1575 2660 facto
1604 2613 1717 2659 tam

148 2704 463 2760 admirandae
506 2701 857 2774 perfectionis
899 2707 1158 2770 expertus
1210 2705 1314 2761 est,
1370 2704 1428 2749 ut
1472 2695 1720 2765 pluribus

147 2804 247 2850 tam
283 2795 463 2850 tacitis
506 2809 672 2864 quam
701 2792 887 2848 relatis
914 2792 1054 2845 fama
1088 2790 1141 2845 in
1171 2787 1411 2857 ejusdem
1445 2803 1721 2843 commen-

148 2887 351 2942 datione
375 2885 615 2957 maligna
648 2884 816 2939 fuisse
841 2883 1136 2938 videretur.
1170 2880 1357 2950 Majori
1388 2881 1572 2950 itaque
1593 2896 1717 2951 pro-

148 2979 373 3033 motione
394 2979 620 3049 dignum
646 2976 960 3040 arbitratus,
978 2974 1168 3029 ordine
1194 2971 1427 3028 diaconii
1453 2973 1719 3027 illustrem

149 3069 411 3141 insignivit
437 3070 872 3135 adolescentem;
898 3076 1084 3139 postea
1125 3082 1286 3132 vero,
1322 3066 1538 3136 delapso
1567 3066 1719 3121 bien-

150 3161 251 3227 nio,
283 3179 408 3217 eum
439 3163 509 3217 ad
536 3161 923 3218 sacerdotalem
959 3158 1269 3216 subiimavit
1303 3159 1584 3213 honorem.
1615 3156 1721 3211 Ac-

150 3253 404 3309 cendebat
453 3254 656 3310 etenim
704 3254 935 3308 ιὶίεοτεῑε
979 3250 1223 3322 prmsulis
1274 3249 1609 3320 dispensatio
1660 3248 1718 3301 in

151 3444 321 3482 norem
350 3431 521 3484 sancti
568 3427 715 3483 Petri
743 3438 792 3482 et
825 3429 1056 3482 omnium
1108 3436 1415 3482 cwterorum
1461 3426 1725 3495 apostolo-

152 3513 261 3552 rum
290 3508 597 3554 consecrata
631 3508 725 3562 est,
758 3507 894 3552 teste
931 3498 1077 3567 Lupo
1105 3499 1158 3551 in
1184 3497 1409 3565 epistola
1436 3498 1520 3551 15.
1548 3497 1728 3567 Eccle-

150 3569 223 3623 sia
256 3584 388 3623 vero
430 3570 608 3622 minus
654 3567 967 3638 principalis
1001 3566 1054 3621 in
1097 3568 1356 3621 honorem
1393 3576 1594 3638 sancire
1618 3566 1731 3620 Μαι-ι

149 3636 703 3760 τὶω,δῖιει’ρει’ἱιιοι“ιιὶη
745 3652 1008 3691 concursu
1040 3638 1200 3691 hodie
1235 3651 1448 3706 quoque
1474 3636 1723 3691 celebris.

218 3721 243 3747 ιι
322 3721 466 3760 aeno
509 3705 805 3760 Senonensi
842 3708 1249 3760 archiepiscopo
1280 3708 1540 3760 successit
1580 3706 1723 3760 Jerc‘

218 3721 243 3747 ιι
267 3705 466 3778 Magno
509 3705 805 3760 Senonensi
842 3705 1540 3777 archiepiscoposncccssit
1580 3706 1731 3760 Jerc-

146 3777 308 3840 mias,
358 3777 535 3847 quem
572 3778 895 3847 monachum
950 3786 1003 3832 et
1038 3786 1445 3847 procuratorem
1498 3777 1730 3832 cmnobii

150 3847 206 3901 S.
239 3846 481 3901 Richarii
518 3845 680 3901 fuisse
720 3846 938 3901 tradunt
967 3845 1176 3903 Clarius
1214 3848 1267 3901 in
1300 3846 1572 3902 Chronico
1617 3862 1731 3901 mo-

153 3917 370 3970 nasterii
411 3907 469 3970 S.
497 3916 643 3987 Petri
680 3916 1040 3981 Senonensis,
1078 3916 1228 3987 llugo
1253 3918 1547 3972 monachus
1576 3916 1732 3970 Anti-

156 3987 482 4042 siodorensis
512 3986 564 4040 in
595 3986 949 4058 Cbrpuologia
987 4004 1102 4051 sua,
1150 3986 1347 4058 aliique
1379 3988 1727 4041 recentiores.

158 4057 569 4137 0ninilius‘vero
597 4050 887 4126 praeiverat
906 4057 1182 4137 [lariult’us
1217 4050 1275 4111 iii
1300 4057 1563 4137 phro'nici
1589 4057 1731 4137 (ien-

162 4127 376 4183 tulcnsis
421 4128 516 4181 lib.
573 4142 631 4181 ut
660 4168 675 4191 ,
727 4142 847 4196 cap.
907 4130 1009 4188 20.
1070 4128 1159 4183 tibi
1206 4128 1398 4182 scribit
1440 4127 1732 4183 Jeremiam

163 4199 478 4278 monachum
516 4207 572 4252 et
610 4198 1007 4278 thomus-rationi
1052 4199 1110 4278 S_.
1152 4197 1425 4278 Richarii,
1459 4198 1735 4278 regnanti-

162 4267 255 4321 bus
278 4267 550 4322 Ludovico
594 4276 649 4321 et
683 4268 1046 4321 Carlomanno
1089 4266 1344 4321 Ludovici
1392 4266 1543 4320 Balbi
1590 4268 1734 4332 ﬁliis,

164 4352 277 4390 cum
318 4337 641 4391 I‘iortmanni
694 4336 1003 4391 Centulensi
1062 4337 1392 4392 monasterio
1446 4337 1736 4400 inhiarent,

167 4408 279 4475 fuga
309 4408 541 4462 salutem
579 4408 875 4477 qumsiisse,
908 4406 1196 4475 asportatis
1222 4423 1404 4462 secum
1450 4407 1575 4461 inde
1608 4407 1738 4461 reli-

168 4479 297 4600 gionis
327 4479 521 4542 sacris,
570 4476 705 4547 quas
732 4478 784 4531 in
827 4478 1156 4532 monasterio
1196 4476 1255 4532 S.
1296 4477 1569 4533 Columba:
1599 4477 1740 4545 apud

237 4565 400 4600 nonas
435 4550 674 4600 primum
711 4547 1040 4600 recondidit:
1089 4547 1179 4600 ubi
1210 4547 1376 4600 abbas
1412 4564 1442 4600 a
1479 4544 1738 4600 fratribus

1809 1985 1897 2032 tus
1930 1977 1958 2017 δ
1994 1977 2345 2047 ambiguitate
2396 1974 2801 2045 redintegravit.
2855 1973 3030 2043 Super
3072 1973 3268 2042 quibus
3297 1971 3387 2043 ju-

1810 2067 2075 2124 cundatus
2126 2067 2422 2136 imperator
2466 2066 2779 2136 Augustus,
2827 2078 2949 2119 eum
2998 2072 3390 2134 praeceptorem

1813 2171 1835 2199 ο
1857 2159 2153 2230 palatinum
2184 2158 2437 2222 instituit,
2467 2167 2527 2212 ut
2548 2157 2658 2211 vita
2692 2155 2985 2226 imperialis
3021 2154 3156 2209 aulae
3183 2163 3239 2209 et
3273 2169 3391 2208 ma-

1805 2251 1927 2323 jora
1972 2251 2189 2323 negotia
2228 2265 2338 2306 suae
2366 2249 2710 2305 discretionis
2754 2247 2983 2302 arbitrio
3015 2245 3389 2302 defiuirentur.

1814 2331 1987 2398 Tanto
2016 2344 2197 2412 itaque
2216 2348 2445 2411 patrono
2471 2338 2842 2411 gratulabatur
2866 2336 3119 2402 Francia,
3147 2336 3386 2406 quicum

1812 2442 2083 2504 potestate
2135 2432 2349 2487 caeteris
2391 2430 2787 2502 prreemineret,
2823 2442 2881 2483 se
2922 2436 3101 2482 tamen
3145 2424 3397 2481 omnibus

1814 2539 2004 2596 parem
2045 2523 2353 2579 exhibebat.
2397 2522 2527 2577 Erat
2564 2520 2773 2576 cunctis
2805 2517 3058 2582 affabilis,
3104 2516 3393 2571 verborum

1819 2617 2088 2672 suavitate
2137 2628 2402 2680 serenus,
2450 2612 2778 2685 pupillorum
2825 2608 3058 2678 adjutor,
3112 2606 3397 2662 viduarum

1818 2707 2104 2772 defensor,
2158 2705 2482 2761 miserorum
2529 2702 2869 2759 consiliarius
2903 2718 2917 2754 :
2948 2708 3003 2755 et
3035 2698 3115 2755 sic
3147 2696 3400 2754 omnibus

1818 2799 1998 2856 omnia
2045 2799 2237 2864 factus,
2283 2796 2524 2853 omnium
2571 2794 2801 2867 gratiam
2842 2801 2896 2850 et
2928 2792 3170 2849 favorem
3202 2788 3404 2846 meruit

1820 2891 2063 2961 adipisci.

1891 2983 1977 3039 10.
2001 2983 2244 3054 Cumque
2269 2981 2352 3035 vir
2387 2988 2607 3036 sanctus
2636 2978 2703 3034 ab
2726 2977 2978 3033 omnibus
3007 2973 3191 3031 scdulo
3216 2972 3402 3027 lauda-

1821 3070 1991 3141 retur,
2024 3081 2203 3129 tamen
2240 3071 2557 3128 elaborabat
2591 3067 2804 3122 laudem
2827 3066 3125 3139 humanam
3155 3062 3243 3133 pia
3271 3061 3401 3115 sim-

1822 3169 2061 3240 plicitate
2102 3168 2417 3229 obscurare,
2470 3178 2539 3218 ne
2592 3161 2825 3217 elatione
2871 3159 3055 3232 gloriae
3093 3163 3401 3213 serenatam

1824 3258 2211 3316 conscientiam
2239 3252 2550 3310 favorabilis
2578 3266 2709 3306 aura
2728 3249 3066 3319 percellcret.
3093 3244 3239 3302 Solet
3258 3245 3404 3301 enini

1826 3438 1883 3492 S.
1908 3435 2180 3493 Columbae
2206 3432 2451 3489 coenobio
2470 3474 2483 3495 ,
2523 3431 2609 3486 cui
2625 3429 2826 3492 .vivens
2850 3429 3016 3484 malta
3036 3428 3175 3484 bona
3215 3433 3409 3484 contu-

1825 3509 1906 3572 lit,
1937 3506 2245 3573 ibidemque
2272 3516 2378 3557 mot
2395 3508 2517 3557 tuus
2541 3500 2756 3573 sepeliri
2784 3499 2969 3573 voluit.

1900 3566 1929 3618 Β
1959 3577 2105 3642 Quos
2142 3566 2449 3638 limreticos,
2499 3566 2760 3642 quibusve
2799 3570 2974 3642 modis
3018 3566 3415 3642 impugnaverit

1829 3637 2097 3709 Aldricus,
2152 3645 2438 3698 incertum.
2491 3637 2741 3697 Tavellus
2786 3640 3002 3710 quidem
3061 3637 3116 3710 in
3172 3637 3412 3710 Historia

1830 3707 2203 3785 episcoporum
2236 3712 2629 3785 Senonensium
2672 3707 2825 3785 putat
2855 3709 2969 3785 ejus
2997 3707 3252 3785 episcopi
3281 3722 3414 3785 con:

1832 3774 1953 3843 silio
1978 3774 2307 3840 L'udovicum
2344 3783 2604 3839 indixisse
2642 3774 3417 3853 svnodumAquisgranihubi

1832 3859 1990 3913 luxus
2010 3856 2241 3910 vestium
2295 3853 2507 3909 clericis
2537 3846 2856 3908 interdictus
2886 3851 2974 3906 sit.
2996 3846 3085 3903 'At
3108 3846 3416 3903 concilium

1832 3928 1994 3991 istud,
2029 3927 2083 3980 iu
2112 3940 2218 3995 quo
2248 3923 2299 3977 id
2328 3925 2618 3989 sancitum,
2661 3921 2817 3992 longe
2840 3931 2963 3995 ante
2999 3918 3202 3995 didrici
3238 3917 3421 3987 ponti—1

1833 3988 2049 4053 ficatum
2081 3988 2415 4050 celebratum
2451 4003 2555 4056 est,
2602 3988 2983 4047 anno'sciliret
3016 3988 3139 4053 817,
3184 3995 3419 4056 testante

1832 4069 2116 4139 Anonyth
2141 4067 2223 4139 _in_
2254 4065 2394 4139 libro
2435 4062 2664 4139 dc__Vit.a_
2712 4062 2967 4139 Ludovici
3016 4057 3276 4139 Augusti,
3307 4055 3420 4139 Aeni

1835 4131 2048 4207 semper
2085 4133 2694 4207 fidelissimusadbgesit
2720 4131 2993 4207 Aldrieus,
3027 4137 3086 4207 ut
3108 4134 3326 4207 constat
3352 4139 3422 4207 es

1835 4195 2133 4261 Annalibus
2161 4204 2485 4259 Bertinianis
2524 4204 2592 4256 ad
2621 4217 2820 4255 annum
2850 4201 2976 4262 835,
3027 4197 3300 4267 plerisque
3352 4195 3421 4248 ab

1838 4278 2164 4309 ςηιτηιηιηιο
2198 4274 2594 4309 mmnnccinnnm
2627 4269 2967 4309 f-ininntilmc-

1838 4278 2165 4351 imperatore
2198 4274 2597 4328 successionem
2624 4270 2969 4325 facientibus.
3435 4334 3439 4338 _

1915 4362 1935 4384 υ
1964 4346 2294 4413 luterprctor
2333 4341 2712 4413 cancellarium
2748 4354 2841 4392 seu
2879 4335 3212 4391 conditorem
3247 4332 3426 4413 regio-

1840 4430 1958 4489 rum
1992 4411 2508 4489 diplomatutn_,qtia3
2534 4411 2799 4489 pleraque
2831 4416 3092 4489 pnecepta
3135 4412 3422 4489 v'ocaintur.

1844 4486 1987 4540 Sane
2033 4472 2306 4538 Aldricum
2338 4472 2559 4550 l’appini'
2593 4472 2895 4550 Aquitaniae
2926 4472 3109 4550 regis,
3167 4472 3425 4550 Ludovici

237 4565 400 4603 nonas
435 4544 689 4626 primum
711 4547 1040 4626 recondidit;
1089 4547 1179 4601 ubi
1209 4547 1443 4626 _abbas_a_
1479 4544 1738 4626 fratribus
1765 4562 1817 4619 D
1843 4555 2065 4626 Augusti
2097 4553 2225 4617 ﬁlii,
2263 4544 2679 4626 Patie'c'uariqm:
2702 4548 2879 4626 fuisse
2923 4544 3138 4626 ίρνὶτιιξο
3166 4546 3237 4626 ir}
3284 4544 3429 4626 hillis

169 4617 361 4673 electus
395 4628 501 4682 est,
553 4634 616 4672 ac
660 4618 874 4672 demum
922 4617 1251 4673 Senonensis
1295 4618 1735 4687 archiepiscOpus

172 4701 392 4751 creatus,
424 4689 573 4758 quod
599 4688 762 4758 etiam
794 4689 1004 4744 Clarius
1024 4701 1080 4743 et
1114 4688 1265 4757 llugo
1293 4688 1545 4749 referunt,
1576 4688 1739 4756 idque

173 4758 231 4827 ad
280 4757 536 4813 Ludovici
592 4757 671 4811 Pii
716 4766 926 4827 tempus
969 4760 1309 4827 detorquent.
1366 4760 1561 4815 Verum
1615 4773 1739 4811 eum

172 4824 407 4884 Jeremia:
439 4828 692 4884 monachi
726 4824 970 4882 secessus
1005 4829 1058 4882 in
1094 4824 1397 4882 emnobiuin
1428 4828 1741 4882 Senoaease

176 4900 445 4969 coiitigerit
475 4898 825 4969 suavientihus
843 4898 892 4969 in
918 4897 1156 4969 Francos
1181 4897 1549 4969 Nortmannis,
1577 4898 1742 4967 (quod

176 4976 287 5033 post
308 4967 538 5025 mortem
573 4967 825 5021 Ludovici
867 4967 945 5020 l’ii
982 4968 1095 5021 aeci
1119 4968 1216 5035 lit)
1245 4969 1443 5021 rectius
1482 4984 1605 5020 eum
1652 4983 1743 5021 se-

179 5052 373 5092 cessum
409 5049 631 5095 revocat
670 5037 942 5091 llariulfus
986 5039 1050 5090 ad
1086 5038 1444 5107 principatum
1490 5038 1746 5091 Ludovici

181 5109 610 5164 ctL‘ailoznanni.
645 5109 828 5178 Itaque
862 5108 1125 5163 Jeremias
1154 5107 1493 5178 Centulcasis
1532 5109 1750 5161 thesau-

181 5180 345 5257 rarius
397 5198 505 5257 non
560 5176 925 5257 potest'ideru
969 5194 1091 5232 esse
1120 5176 1526 5257 _cum_.le_remia
1568 5179 1751 5231 archi-

183 5248 421 5327 episcopo
454 5251 636 5320 Magni
677 5262 1013 5327 successore,
1039 5250 1132 5327 qui
1162 5248 1433 5327 Ludovico
1463 5248 1558 5327 Pio
1586 5250 1754 5327 nupti-

188 5319 312 5371 rium
343 5320 564 5376 ineunte
607 5336 725 5374 eam
765 5322 945 5373 sedem
986 5320 1209 5387 adeptus
1243 5330 1342 5371 est.
1376 5319 1637 5383 Quocirca
1675 5319 1755 5371 di-

189 5391 425 5460 cendum,
452 5403 547 5445 aut
570 5391 855 5460 praedictos
872 5398 1119 5443 auctores
1146 5390 1378 5460 nominis
1406 5389 1755 5460 similitudine

191 5455 220 5509 tl
246 5472 463 5535 ct‘pLos,
507 5455 585 5535 ex-
618 5462 829 5535 ditobus
859 5474 1023 5535 unum
1060 5458 1352 5535 conflasse;
1392 5468 1484 5535 aut
1532 5460 1575 5512 si
1606 5458 1758 5512 Jere-

191 5529 317 5582 naias
343 5532 687 5585 Ccntulensis
737 5530 1029 5583 monachus
1059 5529 1110 5582 in
1158 5530 1339 5583 sedem
1389 5528 1758 5582 Senonensem

193 5610 399 5678 evectus
428 5602 523 5665 sit,
569 5602 703 5678 duos
740 5599 1071 5678 statuendus
1099 5614 1221 5653 esse
1264 5597 1547 5678 Jcremias,
1592 5613 1758 5678 unum

195 5668 279 5739 qui
308 5678 549 5739 tempore
587 5671 841 5725 Ludovici
884 5669 983 5739 lfii,
1025 5668 1251 5722 alterum
1289 5670 1377 5738 qui
1416 5669 1761 5739 regnantibus

197 5732 459 5794 Ludovico
488 5752 543 5795 et
576 5732 1085 5802 Carlomanno,vaut
1116 5748 1262 5793 certe
1298 5732 1458 5808 paulo
1479 5732 1631 5807 post,
1659 5738 1759 5792 Se-

187 5809 438 5875 .neniram
482 5812 766 5866 ecclesiam
811 5812 1078 5865 seniorem
1124 5816 1457 5879 assumptum
1496 5808 1660 5863 fuisse
1696 5825 1757 5861 ex

1845 4614 2042 4680 litteris
2077 4614 2221 4692 quas
2263 4623 2540 4691 Philippus
2590 4619 2837 4692 Labbﬁeus
2882 4617 3048 4692 refert
3086 4617 3139 4670 in
3163 4614 3429 4692 bliscella-

1844 4697 1963 4753 neis
1987 4686 2236 4755 curiosis,
2264 4701 2320 4748 et
2344 4686 2567 4745 missum
2600 4690 2930 4744 dominicum
2954 4687 3123 4742 fuisse
3149 4686 3427 4740 Aldricum

1845 4776 2089 4822 nostrum
2116 4763 2228 4832 jam
2251 4764 2583 4832 episcopum,
2613 4760 2931 4828 intelligitur
2961 4765 3071 4832 tum
3100 4771 3163 4810 ex
3193 4756 3426 4832 quodam

1848 4836 2091 4890 Lotharii
2116 4823 2485 4904 imperatori-si
2516 4823 2824 4904 diplomate,
2875 4823 3245 4904 confirmantis
3287 4823 3433 4877 ordi-

1850 4907 2126 4960 nationem
2171 4897 2334 4973 quam
2374 4897 2679 4973 Ludovicus
2708 4907 2869 4973 pater
2900 4897 3232 4973 permissos
3280 4907 3428 4973 suos,

1853 4975 2169 5029 Haldricum
2189 4960 2510 5027 Senonensi:
2539 4960 2767 5022 ecclesia:
2801 4960 3145 5021 venerabilem
3170 4960 3433 5034 quandem

1854 5046 2321 5113 archiepiscopum,
2373 5040 2681 5113 Alberieurn
2731 5030 3255 5113 Lingonenseiuaet
3300 5030 3435 5113 alios

1857 5100 2187 5174 instituerat,
2218 5100 2742 5180 proptcrrevitaudas
2770 5100 3070 5180 discordias
3097 5104 3239 5180 inter
3269 5100 3435 5180 abba-

1856 5167 1938 5239 tes
1987 5191 2042 5235 et
2081 5167 2372 5235 "tondentis
2420 5179 2851 5233 Flaviniacenses
2887 5178 2951 5229 de
2988 5173 3141 5228 bonis
3176 5167 3436 5239 coenobii,

1860 5238 2001 5323 apud
2055 5260 2300 5305 nostrum
2347 5250 2637 5323 Georgium
2675 5245 3031 5323 Vini-liumiu
3080 5239 3325 5320 apologia
3372 5238 3438 5323 de

1860 5306 2088 5392 corpore
2134 5329 2334 5374 sanctae
2363 5306 2579 5390 Regium
2598 5327 2755 5392 ;_‘t_.um
2780 5331 2842 5368 ex
2872 5312 3067 5392 litteris
3092 5306 3339 5392 superius
3370 5306 3438 5360 ad

1862 5384 2062 5447 annum
2105 5392 2208 5447 801i
2256 5392 2414 5444 editis
2447 5384 2555 5457 pro
2604 5384 2893 5457 Elnoneusi
2945 5384 3299 5457 monasterio,
3331 5392 3440 5445 quo

1860 5463 2102 5517 directus
2142 5471 2225 5515 est
2261 5449 2511 5514 Aldricns
2556 5458 2622 5511 ab
2652 5454 2922 5508 Ludovico
2949 5450 3192 5520 Augusto
3224 5449 3288 5501 ari
3325 5463 3442 5501 mo«

1862 5534 2124 5588 nasticum
2152 5532 2397 5588 ordinem
2430 5530 2625 5581 ibidem
2661 5520 3087 5577 confirmandum
3123 5538 3134 5572 :
3168 5533 3325 5587 quem
3350 5532 3441 5571 or-

1861 5604 2041 5657 dinem
2068 5604 2232 5658 etiam
2263 5602 2317 5654 in
2348 5597 2670 5665 Dionysiuno
2701 5589 3211 5665 restitueresategit
3240 5602 3440 5665 procu-

1862 5683 2014 5727 rante
2038 5671 2309 5727 Ludovico
2334 5668 2428 5719 Pio
2445 5681 2457 5718 :
2476 5661 2523 5718 at
2550 5680 2670 5717 eam
2695 5661 2892 5717 scholis
2917 5661 3103 5732 palatii
3127 5661 3444 5731 prmfectum

1864 5744 2027 5799 fuisse
2050 5744 2136 5797 hic
2164 5740 2337 5797 solum
2369 5735 2584 5790 invenio
