4000 6450
547 376 659 435 803

1574 371 1633 429 S.
1670 369 1946 428 ALDRICI
1984 366 2411 428 SENONENSIS
2445 365 2764 425 ARCHIEP.

543 490 809 550 celsitudo
835 488 1015 546 meriti
1041 488 1243 546 sentire
1282 501 1607 554 mareorem,
1634 484 1848 557 quoties
1872 485 2123 540 humanae
2147 486 2201 549 Α
2223 482 2377 539 Pauli
2422 468 2751 545 construxit,
2793 486 2851 536 et
2887 478 3155 551 quasdam
3199 477 3445 536 ofﬁcinas
3483 477 3680 537 usibus
3711 478 3825 536 fra-

543 585 721 642 laudis
738 600 878 640 vana
906 585 1147 655 subrepit
1166 582 1497 652 jocunditas.
1526 582 1737 637 Interea
1763 579 2118 651 quorumdam

543 676 865 733 aemulorum
895 688 1181 729 rancorem
1207 674 1491 728 suscitavit
1530 670 1753 741 maligni
1796 670 1967 725 hostis
1997 682 2122 739 sug-

544 767 739 841 gestio,
770 765 863 837 qui
885 779 1158 821 venenosa
1181 764 1533 820 detractionis
1553 761 1758 816 invidia
1792 760 1849 814 in
1871 767 2122 815 sanctum

544 857 758 914 Domini
796 862 1077 927 cmperunt
1118 854 1422 924 malignari,
1471 862 1527 909 et
1560 853 1759 907 famam
1798 850 2122 906 laudabilem

542 946 769 1018 profana
789 945 1136 1017 derogatione
1149 945 1451 999 incrustare
1469 940 1680 1015 Μίνω,
1694 940 1988 1013 incusare].
2014 940 2122 997 Sed

542 1040 630 1093 vir
654 1039 775 1104 Dei,
806 1036 1018 1105 iaciens
1052 1038 1348 1108 cogitatum
1388 1036 1445 1089 in
1484 1035 1746 1100 Domino,
1775 1032 1846 1088 ob
1882 1046 2121 1088 amorem

543 1126 751 1183 Christi
780 1127 1176 1182 detrahentium
1207 1124 1629 1181 amaritudinem
1662 1123 1933 1192 patienter
1960 1121 2123 1176 susti-

545 1223 710 1277 nebat
738 1236 753 1275 :
783 1228 839 1275 et
862 1220 1015 1275 laetus
1043 1219 1312 1275 suavitate
1333 1224 1596 1273 serenatae
1624 1214 1992 1277 conscientiae,
2027 1213 2123 1267 do-

544 1310 691 1366 losas
734 1310 1016 1365 machinas
1053 1308 1167 1365 sola
1194 1309 1418 1364 sedabat
1444 1307 1726 1378 patientia,
1771 1305 2009 1360 innitens
2043 1304 2123 1358 illi

546 1402 803 1458 Davidieo
841 1401 1002 1472 (Ima,
1027 1400 1216 1471 Annae)
1245 1418 1258 1454 :
1289 1400 1428 1454 Deus
1456 1399 1795 1453 scientiarum
1842 1397 2119 1461 Dominus,

547 1502 596 1546 et
635 1491 715 1546 illi
748 1500 1117 1561 prreparantur
1165 1490 1502 1560 cogitationes
1541 1487 1607 1560 (Ι
1632 1487 1761 1558 Reg.
1793 1503 1856 1552 ll,
1891 1488 1926 1542 5
1947 1487 1987 1558 ).
2020 1485 2124 1541 Per

548 1584 869 1639 modestiam
899 1581 1166 1650 siquidem
1194 1581 1476 1651 mitigatur
1501 1579 1726 1643 invidia,
1760 1578 1853 1633 ubi
1882 1578 2126 1648 turpibus

547 1674 774 1742 objectis
826 1673 1002 1728 virtus
1062 1671 1292 1728 eniteret
1348 1670 1755 1726 taciturnitatis.
1810 1669 2125 1724 Nullatenus

547 1766 711 1821 etiam
741 1764 910 1818 armis
938 1762 1276 1818 saevientium
1303 1760 1621 1828 conteritur,
1652 1760 1745 1830 qui
1789 1759 1978 1831 gratiae
2012 1772 2126 1814 cm-

548 1854 701 1911 lestis
723 1854 948 1908 tuitione
970 1853 1229 1907 munitur.

621 1948 708 2001 ll.
737 1948 872 2001 Dum
915 1949 1029 2000 haec
1058 1951 1364 2015 agerentur.
1399 1942 1724 1999 Adalbertus
1757 1943 2125 1999 Ferrariensis

549 2035 783 2092 coenobii
833 2036 999 2089 abbas
1041 2035 1273 2089 eximius
1314 2034 1567 2105 migravit
1613 2050 1643 2089 a
1693 2034 1910 2100 saeculo,
1963 2051 2126 2105 quem

553 2123 830 2194 Singulfus
877 2125 1030 2180 senio
1068 2125 1379 2180 debilitatus
1419 2125 1690 2179 communi
1735 2123 1962 2180 fratrum
1997 2142 2129 2182 con-

549 2229 710 2270 sensu
742 2215 845 2270 sibi
873 2214 1244 2280 substituerat,
1277 2215 1483 2270 malens
1509 2231 1634 2270 cum
1674 2214 1842 2271 Maria
1869 2218 1937 2272 ad
1964 2219 2129 2288 pedes

548 2304 762 2359 Domini
785 2305 994 2371 sedere,
1025 2320 1191 2375 quam
1217 2321 1341 2361 cum
1370 2306 1578 2361 Martha
1611 2306 1812 2362 diutius
1846 2307 1992 2364 circa
2023 2309 2140 2366 fre;

549 2409 723 2466 quens
761 2396 1125 2451 ministerium
1168 2405 1437 2467 satagere.
1472 2397 1567 2452 llle
1600 2407 1720 2468 post
1747 2407 2000 2468 quartum
2027 2416 2128 2455 an-

549 2501 680 2541 num
719 2492 829 2542 Sua:
855 2486 1340 2543 administrationis
1367 2503 1398 2542 a
1423 2488 1605 2544 carnis
1639 2490 1913 2560 ergastulo
1959 2490 2133 2547 felici-

552 2584 638 2632 ter
664 2576 943 2632 absolutus
962 2586 1075 2645 est;
1105 2593 1214 2648 quo
1239 2578 1469 2649 sepulto,
1498 2579 1551 2633 in
1569 2578 1868 2646 Aldricum,
1891 2582 2133 2650 probatas

552 2667 827 2738 religionis
848 2668 1046 2733 virum,
1074 2669 1316 2724 omnium
1344 2670 1620 2726 unanimis
1639 2678 1694 2725 et
1721 2672 1983 2728 canonica
2004 2688 2134 2729 con-

552 2760 702 2814 venit
726 2760 921 2816 electio
949 2774 964 2813 :
993 2761 1086 2829 qui
1122 2761 1247 2815 licet
1283 2761 1372 2831 pia
1406 2761 1753 2832 simplicitate
1781 2764 2128 2831 reniteretur,

552 2862 614 2902 se
642 2855 791 2903 tanto
821 2850 973 2919 apice
1002 2850 1279 2921 indignum
1302 2851 1576 2922 judicans,
1605 2853 1780 2909 victus
1807 2863 1987 2911 tamen
2011 2871 2134 2927 pro-

555 2945 707 2991 terva
732 2937 959 2992 fratrum
982 2938 1260 3009 instantia,
1291 2942 1509 2998 tandem
1540 2957 1727 2999 eorum
1764 2945 2011 3014 petitioni
2040 2948 2132 3003 be.

556 3028 721 3099 nigne
765 3030 1054 3099 acquievit.
1089 3030 1207 3098 Quo
1257 3033 1444 3089 audito
1490 3037 1815 3092 venerabilis
1856 3037 2131 3108 Augustus

554 3122 827 3191 praedicta:
851 3121 1099 3179 electioni
1129 3139 1409 3181 assensum
1446 3127 1692 3183 hilariter
1711 3130 1942 3199 praebuit
1965 3139 2023 3186 et
2049 3131 2128 3187 fa-

556 3230 743 3270 vorem
774 3232 787 3268 :
820 3223 875 3270 et
903 3230 1010 3270 non
1039 3216 1211 3271 solum
1242 3218 1522 3290 privilegia
1550 3219 1780 3275 abbatize
1805 3236 1919 3276 suae
1943 3236 1975 3275 a
1994 3236 2130 3292 prae-
2156 3199 2202 3263 (ἶ

559 3304 934 3360 decessorihus
976 3307 1090 3360 suis
1130 3305 1438 3376 impetrata,
1480 3323 1578 3363 sua
1604 3309 1865 3378 petitione
1913 3326 2136 3366 renova-

556 3393 665 3457 vit;
705 3394 800 3448 sed
836 3393 1001 3449 etiam
1027 3411 1167 3451 nova
1195 3396 1372 3452 eidem
1398 3398 1730 3455 monasterio
1763 3399 1819 3455 in
1857 3409 2134 3471 posterum

555 3482 839 3553 profutura
865 3487 1154 3543 concessit.
1335 3478 1344 3488 ’
1889 3502 1892 3505 ’

629 3575 718 3629 12.
752 3576 921 3648 Igitur
944 3586 1197 3648 suscepto
1216 3578 1445 3635 fratrum
1468 3581 1730 3653 regimine
1755 3582 1939 3641 Sancti
1960 3585 2132 3655 Petri,

449 3713 457 3722 .
558 3664 627 3720 de
648 3664 735 3720 die
777 3666 832 3721 in
876 3667 1020 3723 diem
1055 3670 1195 3724 bona
1241 3672 1520 3726 crescebat
1545 3672 1761 3742 opinio;
1802 3683 1857 3729 et
1898 3675 2026 3732 licet
2048 3693 2136 3735 oc-

560 3753 703 3809 culte
739 3754 906 3811 vitam
933 3772 1099 3827 agens
1125 3756 1442 3824 solitariam,
1490 3759 1808 3817 multimodo
1848 3779 2135 3837 exaspera-

559 3849 708 3904 tione
744 3850 978 3905 miseria:
1014 3852 1194 3906 carnis
1236 3851 1433 3907 bellum
1475 3852 1759 3921 indiceret,
1797 3871 1903 3912 non
1950 3868 2132 3914 tamen

552 3940 735 4008 potuit
772 3940 1024 3997 abscondi
1063 3942 1283 3997 lucerna
1326 3943 1427 3998 sub
1453 3945 1653 4010 modio,
1700 3949 1794 4001 sed
1831 3947 1923 4003 illo
1962 3949 2132 4005 invito

558 4030 864 4085 sanctitatis
910 4046 1072 4102 opera
1118 4033 1403 4101 prodibant
1448 4034 1502 4089 in
1559 4035 1864 4105 publicum,
1914 4037 2130 4094 Patrem

557 4120 650 4190 qui
679 4120 732 4175 in
761 4121 914 4177 ctelis
941 4132 1047 4189 εει,
1077 4123 1455 4195 glorificantia.
1486 4125 1588 4179 llic
1624 4128 2010 4182 monasterium
2039 4143 2134 4183 no-

556 4224 685 4264 vum
730 4211 787 4266 in
838 4213 1097 4268 honorem
1146 4214 1426 4269 beatorum
1469 4213 1833 4285 apostolorum
1881 4217 2025 4274 Petri
2076 4229 2134 4277 et

631 4334 658 4363 ιι
680 4320 838 4377 Anno
859 4324 986 4388 828,
1014 4333 1234 4379 auctore
1264 4325 1571 4382 Odoramno
1606 4330 1869 4385 monacho
1890 4330 1944 4385 in
1975 4333 2131 4389 chro-

529 4406 710 4473 Vn‘ico;
738 4400 796 4445 et
816 4394 1032 4473 quidem
1064 4396 1645 4473 ﬂuidus-Decembris,
1676 4408 1737 4454 ut
1770 4400 1965 4469 legitur
1987 4405 2131 4472 apud

555 4459 813 4543 Clarium,
835 4459 940 4531 qui
962 4462 1208 4543 Ieremiae
1231 4466 1435 4543 obitum
1460 4459 1670 4543 repo_n_it
1685 4459 2126 4543 annohsequenti,

557 4531 650 4582 sed
675 4530 832 4592 male,
855 4530 922 4585 ex
954 4535 1301 4588 annotatione
1328 4536 1378 4588 in
1400 4530 1547 4589 nuru.
1576 4539 1661 4593 15.

627 4597 654 4668 (ξ
686 4597 1069 4668 Monasterium
1106 4602 1248 4657 istud
1274 4604 1435 4658 situm
1473 4615 1558 4662 est
1599 4608 1652 4662 in
1695 4611 1955 4667 suburbio
1998 4612 2128 4668 civi-

557 4667 686 4747 tatis
738 4666 1047 4747 Senoniae,
1100 4686 1132 4724 a
1182 4672 1453 4747 Ludovico
1493 4674 1735 4747 Augusto
1776 4666 2125 4738 commissum

554 4733 1276 4831 {Sicefeaieereatss
1292 4742 1475 4831 ςιεξίο
1515 4733 2129 4831 ωεῖίιεειιρὲῖιῖίζὲεέἆί

553 4806 655 4888 sub
696 4806 923 4888 tui‘tione
953 4806 1338 4888 archiepiscopi
1384 4814 1666 4888 Senonicge
1699 4806 1868 4888 urbis.
1902 4841 1922 4874 ι
1955 4806 2127 4877 Bene-4

552 4876 729 4958 dictus
750 4874 1169 4958 finianazabba's
1209 4874 1561 4958 monasticam
1609 4874 2125 4958 disciplinamﬁi'stic

552 4946 810 5027 restituit,
861 4943 1028 5027 Jacob
1073 4951 1268 5027 abbate
1294 4956 1555 5027 canonico
1602 4956 1718 5022 ejus
1748 4943 2126 5017 locitu'mne—i;

551 5018 799 5092 sistente,
829 5026 888 5071 ut
913 5018 1501 5092 legiturindiplomate
1523 5018 1780 5083 Ludovici
1806 5028 2034 5092 Augusti
2067 5031 2122 5086 in

553 5086 851 5159 appendice
877 5090 946 5145 ad
970 5086 1119 5158 'Lupi
1148 5086 1360 5148 abbatis
1394 5108 1579 5159 opera,
1597 5097 1850 5154 editionis
1881 5086 2125 5156 ﬁaluzia—

553 5110 850 5169 appet-uice
877 5110 946 5145 ad
987 5110 1119 5171 [app]
1148 5110 1360 5148 annuus
1394 5110 1850 5217 ogerammuoms
1882 5110 2125 5156 Baluzia-

553 5170 807 5242 narrum
835 5157 1135 5242 lauderieus
1178 5171 1367 5242 rogatu
1442 5166 1679 5242 _upplicii
1719 5169 1945 5242 abbatis;
1979 5172 2125 5226 dicto

550 5225 813 5307 coenobio
853 5226 944 5307 jus
995 5230 1225 5307 eligendi
1244 5225 1882 5307 'abbatis'éonfirmavit.
1927 5240 1984 5295 In
2038 5225 2124 5296 his

550 5290 749 5379 litteris
799 5290 1097 5379 laudantur:
1128 5299 1445 5379 ("Aufridus
1487 5290 2123 5379 εεζοοτὶῇῐαζηέροὶὲἒ

551 5359 799 5449 ξειξειῃξτε
835 5369 1104 5449 quondam
1141 5369 1422 5449 Senonicae
1468 5374 1618 5429 urbis
1654 5359 1998 5449 abigam}?
2012 5359 2124 5449 qui

552 5431 1086 5507 hospitium'a-liqnod
1112 5443 1440 5496 monasterio
1473 5455 1671 5499 sanctae
1687 5431 1969 5502 'Columlize
1993 5431 2125 5503 edn;

554 5501 807 5588 tolerari}:
838 5501 1031 5588 Fsst'at
1051 5510 1451 5588 in_Appendice_
1474 5512 1587 5581 jam
1613 5501 2122 5588 dictaiprivileg'ium

552 5566 743 5692 Emit;
761 5572 908 5630 Calvi
934 5592 1034 5647 pro
1075 5566 1323 5636 libertate
1365 5566 1522 5639 isnds
1538 5566 1836 5653 esseni;
1850 5566 2124 5644 ié'éui'liil

920 5713 1112 5799 litterae
1135 5719 1295 5789 hujus
1328 5724 1409 5779 rei
1439 5725 1646 5799 indices
1673 5726 1739 5782 ad
1776 5725 2121 5799 Frotharium

556 5773 859 5836 Tullensem
894 5773 1224 5859 episcopum.
1238 5773 1646 5853 sistant—infra
1673 5773 1809 5868 post
1822 5773 1839 5781 ’
1852 5773 1995 5853 B336

2224 584 2372 632 trum
2408 574 2697 645 perutiles;
2740 581 2796 629 et
2841 573 2897 628 in
2931 573 3272 629 subditorum
3306 586 3438 627 cura
3475 579 3687 629 tantam
3726 588 3826 629 ex-

2223 665 2402 721 hibuit
2438 664 2798 734 diligentiam,
2846 671 2908 717 ut
2945 663 3075 733 quia
3109 676 3275 732 super
3309 676 3482 732 pauca
3515 662 3697 717 ﬁdelis
3724 677 3825 717 ex.

2221 757 2379 821 stitit,
2437 769 2601 825 super
2638 753 2808 809 multa
2866 752 3127 808 constitui
3168 759 3478 808 mereretur
3504 753 3697 822 :quod
3748 768 3818 808 ex

2222 847 2512 902 subsecuta
2540 850 2740 899 eventu
2766 843 2845 897 rei
2875 842 3146 897 evidentia
3179 841 3494 897 declaravit.
3540 840 3676 898 Post
3707 858 3823 899 mo-

2222 937 2401 992 dicum
2442 948 2679 1004 namque
2705 933 2964 1003 temporis
3007 931 3351 987 intervallum
3386 932 3626 989 celebris
3666 930 3819 990 lere-

2222 1029 2363 1082 mias
2413 1026 2691 1081 memoria:
2741 1024 2941 1095 praesul
2999 1023 3329 1080 Senouensis
3376 1039 3545 1080 carne
3595 1028 3817 1084 mortali

2220 1127 2420 1173 exutus
2443 1123 2530 1171 est
2553 1128 2605 1181 ιι,
2635 1123 2691 1169 ει
2723 1114 2777 1168 in
2801 1115 3130 1169 monasterio
3156 1114 3332 1170 beata
3357 1113 3643 1171 Columbae
3663 1117 3696 1157 δ
3718 1132 3815 1172 ει-

2222 1208 2394 1263 hibito
2419 1206 2602 1263 debito
2636 1204 2989 1259 humanitatis
3016 1201 3216 1270 oﬂicio,
3245 1202 3547 1261 honoriﬁce
3574 1207 3816 1261 tumula-

2226 1305 2311 1353 tus
2328 1305 2431 1352 est.

2296 1391 2383 1445 l3.
2411 1388 2683 1444 Prrelinito
2710 1387 2874 1459 igitur
2896 1396 3139 1457 tempore
3172 1386 3479 1453 electionis,
3516 1387 3666 1443 sicut
3698 1404 3812 1445 mus

2225 1491 2311 1537 εει
2344 1480 2763 1545 ecclesiasticus,
2785 1493 2857 1534 ne
2879 1492 3010 1534 oves
3031 1493 3291 1534 erroneas
3317 1478 3439 1534 sine
3469 1487 3701 1550 pastore
3734 1480 3812 1535 ln-

2226 1587 2329 1644 pus
2387 1586 2554 1641 rapax
2594 1570 2960 1639 disperderet,
3008 1569 3077 1624 ad
3142 1569 3457 1639 eligendum
3514 1572 3811 1628 antistitem

2227 1680 2350 1720 cum
2380 1663 2716 1719 humanitate
2750 1668 2808 1739 et
2848 1661 3134 1716 devotione
3154 1660 3387 1731 populus
3410 1663 3676 1717 convenit
3694 1665 3812 1719 uni-

2227 1770 2453 1811 versus:
2485 1771 2516 1809 a
2562 1769 2668 1825 quo
2708 1753 2861 1825 prius
2884 1752 3138 1807 invocata
3180 1753 3356 1808 sancti
3405 1752 3656 1825 Spiritus
3702 1770 3810 1827 gra-

2154 1855 2204 1915 B
2231 1848 2327 1911 tia,
2357 1845 2596 1901 unanimi
2625 1844 2931 1909 concordia,
2958 1843 3159 1914 popqu
3194 1844 3537 1901 acclamante
3564 1854 3628 1902 et
3675 1845 3809 1905 favo-

2224 1952 2343 1993 rem
2369 1942 2680 2006 praestante,
2726 1935 2917 1989 beatus
2958 1916 3211 1989 Aldricus
3234 1934 3430 1990 ordine
3453 1936 3730 1993 canonico
3758 1938 3805 1993 in

2226 2026 2664 2098 archipraasulem
2694 2025 2901 2081 electus
2918 2033 3021 2081 est.
3051 2024 3292 2081 Audiens
3325 2025 3420 2081 vir
3440 2035 3677 2084 unde:
3700 2028 3804 2083 sine

2225 2117 2677 2187 contemplatione
2708 2117 2945 2186 quietem
2989 2130 3089 2187 per
3134 2115 3528 2187 episcopalium
3581 2115 3804 2173 admini-

2227 2211 2546 2267 strationem
2573 2208 3040 2280 interpellandam,
3067 2209 3415 2266 multimodas
3444 2212 3811 2282 pratendebat

2227 2302 2637 2367 excusationes,
2685 2314 2934 2355 asserens
2977 2315 3039 2356 se
3083 2308 3235 2356 tanto
3279 2301 3432 2358 oneri
3476 2304 3657 2360 minus
3692 2305 3800 2362 ido-

2229 2410 2391 2450 neum
2413 2405 2461 2461 ο,
2498 2401 2554 2448 ει
2576 2394 2783 2448 honore
2808 2396 2971 2446 tanta:
2994 2391 3342 2447 sublimitatis
3374 2393 3813 2464 indignmPri-

2229 2495 2412 2542 vatum
2433 2495 2612 2541 tamen
2630 2483 3074 2554 tranquillitatem
3089 2483 3318 2554 publica:
3331 2484 3556 2540 utilitati
3583 2491 3805 2557 postpo-

2231 2594 2396 2644 nens,
2435 2578 2743 2648 importuna
2788 2576 2921 2631 cleri
2969 2584 3026 2631 et
3058 2575 3242 2647 populi
3294 2576 3475 2632 victus
3534 2577 3803 2641 instantia,

2230 2672 2322 2726 vix
2379 2670 2595 2727 tandem
2648 2668 2921 2739 acquievit
2960 2685 2975 2722 :
3012 2676 3068 2724 et
3113 2667 3269 2739 quasi
3315 2667 3535 2724 invitus
3578 2677 3639 2725 et
3670 2669 3805 2724 reui-

2232 2772 2354 2820 tens
2376 2776 2407 2818 a
2437 2761 2767 2817 monasterio
2797 2767 2985 2829 raptus
3028 2760 3098 2815 ad
3127 2757 3343 2823 infulas,
3380 2773 3512 2815 cum
3542 2758 3807 2816 universo-

2232 2869 2354 2909 rum
2383 2852 2574 2924 plausu
2596 2850 2825 2906 feliciter
2850 2849 3248 2905 inthronizatus
3272 2857 3377 2904 εει.
3419 2847 3699 2905 Sustinuit
3716 2850 3796 2905 ita-

2230 2961 2336 3016 que
2365 2944 2505 3001 alter
2525 2942 2768 2999 !acobita
2816 2940 3050 2999 dormire
3092 2955 3219 2997 cum
3253 2940 3534 3010 Rachele,
3563 2950 3628 2998 ut
3652 2957 3807 3015 quan-

2230 3038 2406 3108 doque
2431 3038 2573 3092 illius
2608 3043 2831 3091 vacaret
2864 3032 3224 3103 amplexibus.

2302 3128 2389 3183 14.
2422 3127 2660 3182 Functus
2712 3126 2894 3195 itaque
2945 3123 3124 3180 ollicio
3164 3122 3448 3195 pastorali,
3475 3124 3653 3196 erepit
3696 3124 3809 3182 dili-

2233 3227 2423 3289 genter
2456 3217 2680 3288 vigllare
2716 3230 2881 3285 supra
2918 3229 3137 3286 gregem
3180 3229 3360 3280 suum,
3382 3229 3454 3270 ne
3480 3213 3637 3270 fraus
3662 3217 3808 3270 auti-

2234 3310 2327 3381 qui
2370 3309 2544 3364 hostis
2568 3306 2645 3362 illi
2691 3304 2947 3371 officeret,
2975 3305 3104 3376 quia
3141 3304 3338 3360 circuit
3367 3311 3429 3358 ut
3459 3302 3547 3358 leo
3590 3305 3837 3376 rugieas.

2233 3415 2481 3471 quaerens
2510 3413 2672 3470 quem
2701 3398 2923 3453 devoret
2952 3412 2967 3449 :
2998 3403 3193 3451 contra
3214 3409 3379 3466 quem
3402 3401 3679 3448 armatura
3716 3395 3815 3451 Del

2232 3489 2431 3547 muniri
2458 3489 2666 3545 crebris
2702 3486 3170 3543 exhortationibus
3217 3483 3455 3540 subditos
3492 3483 3814 3539 animabat.

2231 3582 2446 3639 Interea
2474 3580 2734 3636 doctrina:
2755 3577 3008 3634 salutaris
3049 3575 3374 3632 informatus
3403 3575 3742 3640 illustrabat,
3763 3584 3815 3631 et

2232 3674 2415 3730 omnia
2444 3672 2519 3743 pii
2560 3670 2796 3741 pastoris
2829 3667 3005 3725 cilicia
3053 3669 3280 3738 provida
3306 3668 3639 3725 discretione
3664 3668 3811 3724 solli-

2231 3768 2373 3825 citus
2412 3766 2715 3822 εχει-αδδιδι.
2746 3765 2878 3819 Erat
2927 3776 3161 3833 namque
3216 3762 3527 3818 consolator
3569 3776 3811 3817 mceren-

2233 3860 2387 3923 tium,
2420 3855 2633 3926 adjutor
2673 3854 3019 3927 pupillorum.
3049 3851 3305 3909 defensor
3350 3851 3667 3916 viduarum,
3702 3868 3813 3908 om-

2231 3947 2382 4004 nium
2433 3947 2767 4017 compatiens
2814 3945 3094 4010 miseriis,
3144 3943 3387 4001 omnium
3448 3942 3809 4014 indigentium

2231 4037 2483 4093 anxiatus
2514 4036 2797 4107 angustiis,
2834 4033 3156 4103 iniuriarum
3199 4018 3497 4098 co'rrector,
3542 4032 3812 4101 injuriae-

2232 4130 2367 4184 tium
2395 4128 2774 4198 reprehensor,
2806 4126 3146 4196 aequilibrato
3190 4138 3409 4195 semper
3434 4124 3812 4180 moderamine
3859 4112 3867 4121 ’

2231 4219 2593 4285 rectitudinis,
2640 4228 2702 4273 ut
2736 4217 2948 4273 atllictis
2974 4225 3031 4272 et
3076 4214 3438 4286 allligentibus
3472 4229 3529 4268 ω
3577 4213 3813 4270 fovendo

2230 4340 2363 4387 tam.
2411 4330 2547 4385 Eum
2579 4342 2710 4383 vero
2746 4328 3006 4397 primaria
3044 4327 3308 4383 electione
3333 4341 3439 4382 non
3465 4325 3640 4381 fuisse
3673 4341 3815 4381 crea-

2230 4411 2365 4467 tum,
2396 4402 2489 4456 sed
2511 4399 2709 4480 alium,
2732 4400 2824 4480 qui
2845 4399 3125 4480 Ludovico
3142 4399 3385 4480 Augusto
3406 4397 3696 4480 iprobaius
3711 4412 3811 4480 gon

2230 4480 2334 4535 est,
2353 4465 2583 4539 constat
2608 4484 2677 4539 ex
2696 4465 2946 4539 ejusdem
2978 4465 3248 4524 Frotharii
3277 4465 3524 4539 episiolis
3552 4467 3640 4533 l5,
3673 4465 3741 4521 l6
3762 4476 3813 4521 et

2151 4547 2205 4607 Β
2233 4543 2332 4606 l7;
2365 4555 2526 4610 porro
2555 4536 2832 4594 Aldric'um
2862 4540 3080 4594 ineunte
3119 4553 3272 4610 anno
3316 4536 3423 4610 829
3454 4539 3705 4610 nondum
3731 4552 3817 4610 or-

2228 4605 2470 4666 dinatum
2505 4608 2694 4673 fuisse,
2720 4617 2883 4679 patet,
2929 4616 3041 4662 tum
3068 4621 3137 4679 ex
3159 4607 3408 4679 capitulis
3447 4622 3478 4661 a
3526 4605 3812 4679 Ludovico

2225 4680 2469 4749 Augusto
2494 4677 2731 4749 conditis
2750 4694 2893 4734 anno
2919 4686 3075 4734 sexto
3109 4678 3322 4749 decimo
3344 4677 3561 4749 imperii
3591 4678 3684 4732 sui
3712 4691 3809 4747 pro

2226 4747 2393 4807 variis
2439 4749 2682 4821 conciliis
2724 4747 2780 4804 in
2820 4763 2986 4821 regno
3017 4764 3116 4804 suo
3156 4747 3492 4821 ceiebrandis
3523 4764 3538 4800 :
3570 4748 3629 4821 in
3683 4763 3818 4821 quo-

2225 4836 2347 4875 rum
2390 4820 2747 4890 capitulorum
2774 4815 3302 4890 exordiogprazcipit,
3345 4825 3406 4890 ut
3424 4815 3818 4890 Δ[ιιιιειίεεῖιιε

2225 4885 2481 4945 risiorum
2529 4890 2965 4959 archiepiscopus
3005 4885 3234 4943 Scironis
3276 4885 3587 4959 quifuerit
3614 4928 3633 4955 ,
3689 4903 3813 4941 cum

2225 4960 2348 5016 aliis
2382 4960 2670 5028 conveniat
2697 4957 2729 5012 τί
2759 4957 2879 5013 turn
2899 4973 2965 5028 ex
2989 4959 3217 5028 epistola
3247 4957 3489 5027 ejusdem
3516 4959 3818 5027 imperato-

2225 5031 2303 5086 ris
2337 5031 2540 5099 scripta
2574 5027 2759 5084 Gallize
2802 5043 2866 5082 ac
2900 5027 3205 5099 Germania:
3230 5028 3515 5099 episcopis
3566 5030 3640 5084 ad
3674 5028 3817 5083 indi-

2224 5101 2391 5154 cenda
2430 5096 2483 5154 in
2508 5098 2801 5169 provinciis
2829 5098 3079 5169 concilia,
3111 5098 3163 5169 in
3190 5096 3643 5162 his'PariSiense,
3667 5112 3817 5151 anno

2224 5169 2330 5226 829
2353 5167 2682 5239 celebratum
2713 5175 2904 5224 octavo
2954 5168 3076 5223 ldus
3102 5167 3247 5239 Junii
3284 5182 3298 5221 :
3329 5183 3436 5238 qua
3479 5169 3538 5221 in
3576 5168 3817 5239 epistola

2225 5240 2468 5305 mandat,
2505 5246 2565 5293 ut
2617 5237 2829 5293 futurus
2879 5239 3105 5293 antistes
3153 5237 3474 5302 Senonicus,
3503 5246 3564 5291 et
3608 5237 3730 5299 alii,
3760 5238 3814 5289 in

2224 5309 2557 5365 Parisiorum
2579 5309 2768 5362 urbem
2793 5309 3116 5363 conveniant
3144 5324 3158 5361 :
3182 5308 3325 5377 quod
3351 5316 3686 5377 argumento
3706 5315 3814 5371 est.

2226 5379 2381 5435 initio
2409 5378 2527 5448 ejus
2555 5378 2704 5448 anni,
2735 5393 2843 5447 quo
2870 5380 2995 5433 data
3021 5374 3269 5448 cpistola,
3295 5374 3535 5448 nondum
3580 5374 3815 5439 factam,

2225 5457 2320 5503 aut
2361 5445 2534 5504 ratam
2584 5445 2767 5503 fuisse
2795 5448 3001 5503 Aldrici
3025 5445 3376 5513 electionem;
3413 5457 3471 5502 et
3504 5445 3819 5503 lcremiam

2223 5520 2340 5590 ejus
2365 5520 2704 5590 decessorem
2742 5517 3083 5590 praecedente
3130 5518 3415 5590 Decembri
3449 5518 3684 5590 abiisse.
3732 5515 3817 5590 li;

2223 5587 2329 5660 quo
2351 5588 2699 5658 corrigendos
2719 5587 2939 5660 _Clarius
2965 5598 3020 5644 et
3055 5599 3248 5660 auctor
3270 5588 3526 5660 Chronici
3557 5587 3819 5660 Letum-i-

2222 5657 2405 5715 cencis
2441 5657 2669 5714 in’tomo
2716 5658 2736 5711 Ι
2783 5659 3129 5714 Bibliotheca:
3161 5657 3483 5726 Labbeante,
3534 5659 3629 5728 qui
3658 5670 3819 5712 anno

2221 5729 2325 5786 829
2357 5728 2604 5786 Jeremiae
2637 5728 2845 5785 obitum
2871 5736 3133 5785 statuunt.
