4000 6464
202 379 298 442 805

1722 387 1897 444 VITA.

3330 390 3436 450 806

199 502 251 553 et
274 489 606 564 reprimendo
643 501 787 549 esset
822 495 1045 564 aequalis
1078 514 1090 550 :
1123 504 1178 551 et
1203 498 1282 553 sic
1309 505 1547 568 paterna:
1572 497 1756 566 pietati
1785 502 1836 561 Α
1863 497 2092 569 Remigii
2131 511 2503 556 consecratum
2529 542 2545 566 ,
2597 517 2626 557 a
2675 510 2829 572 porta
2879 502 3117 560 civitatis
3154 503 3436 564 Senonicaa

200 586 502 642 admisceret
552 582 784 641 officium
802 586 1026 656 iudicis,
1058 605 1125 645 ne
1163 591 1343 644 minus
1388 599 1535 645 esset
1578 589 1761 644 distri-

199 677 297 732 ctio
327 674 511 744 rigida,
563 690 666 730 nec
719 679 891 746 pietas
943 680 1192 736 remissa.
1238 680 1543 736 Canonicos
1595 681 1760 734 etiam

197 763 423 821 ecclesia:
460 779 572 817 sua:
618 773 845 834 paterna
884 769 1086 836 pietate
1133 771 1453 834 instruebat,
1494 779 1760 840 quatenus

195 857 535 928 simpliciores
558 856 902 913 efficerentur
935 859 1120 924 affatu,
1153 861 1434 916 nitidiores
1461 869 1606 925 actu,
1653 862 1757 916 mi-

197 948 349 1001 tiores
383 945 617 1014 eloqnio,
645 949 892 1017 puriores
919 951 1101 1004 animo
1133 968 1146 1004 :
1177 966 1244 1004 ne
1274 951 1546 1021 simplices
1573 965 1758 1004 exem-

191 1036 271 1106 plo
300 1049 393 1090 suo
426 1049 776 1106 corrumpere
804 1039 1138 1102 viderentur,
1169 1041 1410 1111 regulam
1439 1041 1756 1095 canonicam

193 1127 439 1181 excedere
474 1130 987 1185 verecundarentur.
1007 1133 1264 1203 Turpiter
1278 1133 1422 1190 enim
1439 1134 1760 1189 emarcescit

189 1220 331 1289 vigor
365 1218 602 1283 virtutis,
649 1236 770 1275 cum
807 1223 1052 1291 peccanti
1105 1239 1209 1278 non
1266 1225 1498 1279 sentitur
1540 1223 1758 1292 jactura

188 1313 415 1380 pudoris.
460 1312 730 1368 Prmterea
781 1329 810 1368 a
850 1317 1138 1384 praesentia
1189 1326 1400 1372 secreta
1435 1317 1756 1387 propensius

186 1402 393 1472 fugabat
435 1403 772 1468 munuscula,
805 1419 872 1459 ne
899 1422 996 1474 per
1031 1408 1346 1477 cupiditatis
1376 1407 1642 1462 lubricum
1663 1406 1756 1475 ju-

187 1492 303 1546 dicit
335 1508 560 1548 examen
620 1494 959 1563 inaequaliter
1007 1498 1296 1566 penderet,
1324 1499 1479 1568 juxta
1530 1499 1758 1552 verbum

182 1583 414 1652 Apostoli
442 1602 455 1637 :
485 1585 685 1638 Beatus
713 1587 800 1655 qui
823 1589 1015 1639 excutit
1046 1604 1236 1640 "ianus
1277 1588 1342 1640 ab
1377 1588 1520 1640 omni
1546 1605 1758 1641 munere

184 1673 309 1744 (lsa.
338 1690 474 1728 xxm
495 1715 509 1740 ,
540 1675 651 1744 15).
679 1675 888 1746 Quippe
930 1677 1384 1746 praedecessorem
1416 1694 1570 1733 suum
1617 1695 1758 1733 sem-

179 1779 269 1833 per
290 1765 391 1818 sibi
424 1767 757 1834 pmponebat
788 1767 1106 1822 imitationis
1148 1769 1450 1838 exemplum
1475 1807 1490 1835 ,
1518 1779 1576 1824 ut
1603 1770 1752 1839 cujus

1863 590 2076 646 modico
2103 591 2310 647 distans
2339 593 2640 658 intervallo,
2692 596 2846 663 cujus
2886 597 3082 651 vicinia
3118 600 3288 668 quieti
3319 617 3436 656 mo-

1861 684 2160 738 nachorum
2185 693 2302 738 erat
2327 685 2565 742 inimica.
2597 687 2731 742 Nam
2756 688 3000 759 populari
3034 691 3263 758 strepitu
3292 707 3432 760 saepe

1861 773 2319 842 compellebantur
2350 777 2559 832 minore
2597 780 2880 834 devotione
2908 780 3107 834 divinis
3137 796 3353 849 vacare,
3377 792 3436 838 et

1860 878 1891 916 a
1924 863 2139 919 fervore
2160 869 2630 938 contemplationis
2653 871 2922 926 interdum
2945 874 3271 942 subrepente
3295 891 3435 930 vana

1860 955 2210 1012 meditatione
2239 967 2514 1028 tepescere
2544 979 2556 1014 :
2581 963 2922 1016 occasionem
2945 964 3109 1018 etiam
3131 963 3434 1035 iurgiorum

1859 1055 1915 1100 et
1961 1047 2285 1104 seditionum
2322 1068 2463 1121 saepe
2511 1053 2614 1108 loci
2658 1057 2947 1124 praestabat
3000 1058 3247 1124 angustia
3293 1057 3440 1112 inter

1859 1138 2206 1197 eivitatenses
2231 1151 2286 1197 et
2315 1147 2701 1202 monachorum
2729 1149 3160 1205 contubernales.
3211 1149 3440 1206 Difficile

1860 1249 2093 1304 namque
2137 1237 2275 1291 solet
2324 1252 2445 1294 esse
2502 1241 2807 1294 animorum
2865 1242 3174 1302 concordia,
3220 1243 3310 1296 ubi
3354 1251 3443 1298 est

1859 1341 2073 1380 morum
2101 1335 2157 1381 et
2183 1329 2400 1384 habitus
2431 1330 2817 1400 discrepantia.
2851 1332 3023 1402 Hujus
3065 1347 3193 1402 ergo
3229 1333 3440 1387 incern-

1860 1419 2008 1472 modi
2041 1430 2260 1476 sanctus
2292 1422 2490 1491 prtesul
2515 1438 2764 1491 quaerens
2795 1423 3112 1488 remedium,
3160 1434 3440 1478 monaste-

1860 1509 2000 1562 rium
2050 1513 2367 1579 praedictum
2425 1514 2721 1568 \faleriasd
2760 1515 3040 1569 transtulit
3087 1532 3100 1568 :
3152 1517 3245 1571 sed
3306 1517 3443 1571 illud

1861 1599 2155 1670 inemptum
2211 1605 2560 1660 saecularibus
2601 1606 3102 1676 importunitatibus
3146 1615 3443 1677 occupatus

1859 1707 1967 1746 non
2006 1693 2156 1748 fecit.

1934 1784 2020 1837 17.
2046 1784 2175 1840 Post
2200 1801 2363 1856 Opera
2391 1789 2586 1860 quippe
2631 1789 2886 1860 gloriosa,
2913 1798 3037 1857 post
3082 1790 3296 1846 labores
3339 1805 3443 1860 pro

177 1871 463 1912 successor.
499 1859 709 1912 exstitit
737 1859 789 1913 in
821 1860 996 1928 apice,
1021 1868 1076 1913 et
1107 1860 1423 1915 succederet
1460 1860 1513 1913 in
1544 1859 1756 1913 humili—
1786 1844 1833 1902 Β
1865 1889 1960 1928 sua
1998 1844 2536 1933 ρουιεείει’διθιυὲηάεξ
2563 1844 2839 1942 “ﬁrm,
2873 1844 3290 1952 ξιξέαίεηίωιίέ
3335 1844 3437 1935 ;d;

178 1956 304 2002 tate.
348 1948 525 2003 Tanto
555 1950 775 2020 praelato
803 1951 1211 2021 gratulabantur
1238 1951 1438 2020 populi,
1474 1951 1583 2004 Deo
1631 1966 1754 2020 gra-

175 2040 460 2104 tesdevote
484 2041 856 2108 rependentes,
874 2042 963 2110 qui
989 2042 1293 2096 mirificavit
1319 2041 1752 2095 misericordiam

175 2143 321 2182 suam
351 2129 407 2182 in
435 2130 534 2194 eis,
559 2131 732 2184 virum
757 2139 917 2186 taan
946 2131 1220 2202 religionis
1245 2139 1299 2184 et
1325 2130 1625 2186 honestatis
1653 2146 1751 2185 suo

174 2217 517 2289 prmficiendo
553 2219 824 2290 regimini.

247 2331 330 2384 15.
362 2330 530 2385 Forte
559 2331 683 2386 dum
714 2332 923 2403 magnis
948 2333 1180 2402 negotiis
1211 2341 1416 2387 tractus
1461 2332 1527 2387 ad
1557 2331 1748 2387 urbem

173 2421 500 2476 Parisiorum
550 2423 835 2488 tenderet,
899 2439 1059 2494 prece
1116 2424 1460 2479 Fossatensis
1535 2424 1750 2478 abbatis

172 2512 466 2582 templum,
535 2512 678 2582 quod
738 2513 854 2582 ipse
917 2523 1298 2569 construxerat
1372 2514 1427 2568 in
1487 2514 1750 2568 honorem

170 2601 335 2655 beata:
365 2615 390 2642 ει
423 2601 633 2668 Mariae,
674 2603 943 2657 dedicavit
983 2621 995 2656 :
1025 2612 1080 2658 et
1105 2605 1228 2658 inde
1255 2619 1506 2658 reversus
1534 2603 1600 2656 ad
1629 2620 1752 2672 pro-

169 2693 302 2761 pria,
335 2693 467 2747 dum
518 2694 752 2763 quadam
789 2693 875 2748 die
921 2710 1020 2763 pro
1073 2693 1281 2750 foribus
1309 2694 1554 2750 ecclesiae
1600 2693 1751 2748 beati

170 2785 424 2856 Stephani
455 2787 483 2826 δ
519 2787 802 2854 resideret,
839 2787 972 2843 vidit
1001 2789 1290 2858 quemdam
1313 2793 1748 2857 praetereuntem,

170 2873 598 2946 Marrymardum
629 2888 650 2916 ε
690 2877 932 2943 nomine,
963 2878 1116 2947 cujus
1143 2878 1335 2932 faciem
1365 2878 1604 2942 intuens,
1634 2876 1751 2930 evi-

168 2965 339 3020 dentia
369 2968 424 3022 in
461 2982 531 3022 eo
573 2967 726 3039 signa
761 2968 1046 3038 perpendit
1075 2967 1395 3023 insolentiae.
1427 2967 1560 3020 Erat
1603 2967 1750 3020 enim

168 3057 410 3114 incessus
468 3075 660 3130 vagus,
709 3069 891 3130 gestus
929 3075 1254 3130 pomposus,
1298 3058 1481 3114 cervix
1537 3065 1750 3122 erecta,

167 3148 332 3207 facies
369 3162 548 3218 torva,
583 3152 723 3207 oculi
759 3160 961 3218 truces,
1003 3168 1181 3208 sermo
1208 3151 1492 3216 terribilis;
1526 3165 1633 3220 quo
1663 3165 1752 3204 ac-

166 3244 382 3308 cersito,
414 3244 541 3313 quis
567 3252 710 3298 esset
754 3244 993 3298 studiose
1019 3243 1320 3312 requisivit.
1351 3241 1442 3296 llle
1472 3249 1532 3295 ut
1569 3239 1748 3296 omnia

166 3331 218 3385 in
249 3335 491 3403 quodam
523 3334 664 3388 fastu
694 3334 840 3404 loqui
865 3343 1245 3398 consueverat,
1274 3347 1332 3387 se
1359 3332 1636 3387 custodem
1670 3331 1751 3386 ci-

163 3423 346 3478 vitatis
402 3425 706 3494 respondit.
759 3424 842 3477 Ad
891 3439 1054 3494 quem
1103 3422 1302 3494 prtesul
1346 3439 1360 3475 :
1406 3420 1464 3475 Si
1521 3420 1753 3474 aliorum

163 3523 346 3569 custos
393 3530 493 3576 es,
531 3530 629 3570 cur
673 3523 724 3568 te
758 3515 931 3583 ipsum
972 3513 1246 3567 custodire
1288 3511 1625 3565 contemnis?
1674 3509 1754 3562 Tu

159 3618 282 3658 cum
315 3606 396 3659 sis
422 3605 602 3674 pulvis
630 3612 684 3658 et
711 3605 874 3666 cinis,
921 3619 1020 3658 cur
1059 3602 1380 3656 immodicos
1413 3599 1585 3656 fastus
1627 3615 1756 3655 con-

156 3695 334 3763 cipis?
365 3693 503 3761 quid
541 3693 689 3746 inani
725 3693 987 3762 jactantia
1037 3690 1324 3760 gloriaris?
1375 3690 1444 3744 Et
1489 3689 1755 3759 incipiens

153 3784 475 3854 prtedicare
501 3785 728 3838 verbum
758 3783 872 3847 Dei,
913 3797 1055 3837 nunc
1102 3782 1430 3852 increpando
1473 3782 1756 3836 suavitatis

157 3873 464 3929 admiscuit
509 3873 720 3943 eloquia
742 3914 756 3938 ,
805 3872 1132 3928 Samaritani
1162 3872 1475 3928 vulneribus
1509 3873 1755 3928 semivivi

158 3966 348 4019 vinum
381 3972 442 4019 et
473 3963 652 4018 oleum
681 3964 970 4019 infundens
999 3981 1012 4018 :
1058 3979 1158 4018 nec
1201 3973 1328 4019 ante
1367 3963 1597 4029 destitit,
1625 3964 1753 4033 quin

161 4055 432 4109 tumidam
490 4052 781 4108 efﬁcaciter
837 4053 977 4108 illius
1027 4054 1290 4124 repressit
1326 4053 1651 4118 elationem,
1697 4060 1752 4108 et

162 4143 582 4215 superciliosam
614 4142 919 4197 humiliavit
943 4143 1363 4198 contumaciam.
1393 4143 1527 4197 Nam
1552 4142 1606 4196 in
1632 4157 1755 4197 cor-

165 4235 244 4290 dis
274 4236 358 4289 sui
382 4234 759 4306 penetralibus
799 4242 906 4288 tam
935 4235 1149 4305 penitus
1176 4234 1356 4288 infixae
1397 4243 1524 4288 sunt
1546 4234 1755 4303 sagittae

165 4325 403 4394 potentis
454 4333 666 4390 acutae,
701 4332 756 4378 et
804 4324 878 4377 ita
935 4323 1278 4378 vulneratum
1329 4330 1414 4378 est
1463 4339 1557 4378 cor
1597 4337 1754 4377 suum

165 4417 465 4482 charitate,
496 4415 640 4486 quod
663 4416 906 4482 omnium
937 4415 1336 4486 praeteritorum
1367 4417 1536 4483 gratia
1564 4415 1754 4470 incon-

167 4510 405 4565 tinenter
445 4526 508 4565 se
538 4511 864 4565 monachum
895 4509 1012 4564 fieri
1040 4510 1110 4564 ab
1139 4525 1204 4565 eo
1222 4510 1522 4580 postularet
1541 4515 1560 4564 ‘:
1596 4519 1652 4564 et
1681 4511 1753 4565 ita

165 4600 365 4656 factum
399 4610 508 4658 est.

235 4694 324 4747 16.
349 4694 488 4748 Erat
511 4707 581 4748 eo
607 4700 848 4762 tempore
870 4692 1258 4748 monasterium
1286 4692 1340 4746 in
1369 4691 1576 4747 honore
1607 4692 1753 4748 beati

233 4815 258 4843 ιι
281 4801 450 4859 Istius
478 4802 838 4857 dedicationis
868 4803 926 4856 fit
952 4805 1153 4857 mentio
1181 4803 1232 4857 in
1258 4803 1394 4857 libro
1419 4805 1486 4859 de
1523 4805 1757 4860 miracu-

166 4872 229 4928 lis
256 4876 436 4930 sancti
472 4873 734 4927 Baboleni
764 4873 974 4928 abbatis
1011 4873 1208 4928 saeculo
1253 4875 1507 4928 secundo.
1559 4873 1757 4928 Orato-

165 4945 301 4998 rium
331 4945 513 5000 beatae
554 4943 737 5010 Maria:
763 4943 924 4998 etiam
952 4958 1094 4996 nunc
1131 4951 1310 4996 exstat
1340 4944 1392 4996 in
1424 4945 1756 4998 monasterio

169 5014 487 5070 Fossatensi
515 5015 585 5069 ad
622 5011 754 5068 duas
795 5013 975 5068 Ieucas
1021 5027 1183 5080 supra
1222 5011 1495 5066 Luteciam
1528 5012 1760 5067 Parisio-

167 5099 283 5138 rum
311 5085 378 5138 ad
406 5085 718 5139 Matronam
741 5100 756 5147 ;
793 5083 935 5152 quod
965 5083 1032 5137 ab
1059 5084 1218 5138 annis
1242 5081 1759 5138 eentum'canouicis

166 5156 529 5210 sazcularibus
576 5154 771 5218 cessit,
823 5163 881 5208 ut
936 5162 1118 5222 postea
1177 5153 1387 5208 dicetur
1432 5152 1485 5206 in
1536 5153 1760 5208 historia

171 5225 553 5280 translationis
578 5224 823 5294 corporis
861 5224 1034 5280 sancti
1059 5223 1232 5278 Mauri
1271 5222 1484 5278 abbatis
1515 5223 1570 5278 in
1616 5224 1760 5280 istud

169 5297 596 5351 monasterium.

239 5367 266 5405 ι)
303 5366 560 5422 Ecclesia
610 5372 692 5420 est
735 5363 1059 5420 cathedralis
1099 5362 1386 5429 Senonica,
1426 5373 1612 5419 sancto
1639 5363 1762 5420 Ste-

205 5434 310 5489 han
487 5452 569 5490 ra.

171 5449 204 5504 Ρ
243 5517 265 5546 ο
299 5453 928 5573 Bezzcblarcuvardum,
974 5503 1066 5573 qui
1110 5511 1295 5572 postea
1345 5503 1520 5559 factus
1572 5520 1762 5560 mona-

170 5577 306 5633 chus
350 5573 749 5643 Ferrariensis,
779 5575 902 5630 dein
937 5575 1103 5629 abbas
1149 5573 1500 5642 Prumiensis,
1545 5575 1612 5630 de
1654 5589 1763 5646 quo

173 5646 554 5774 mIthlngallilias
582 5717 671 5773 alii
717 5678 1209 5788 appellant,_v_ulgo
1234 5715 1510 5788 Vergilias,
1542 5731 1650 5788 quo
1700 5716 1766 5770 de

178 5791 544 5856 monasterio,
574 5791 649 5844 uti
682 5786 831 5845 etde
864 5786 1035 5843 sancti
1062 5786 1314 5854 Remigii,
1344 5786 1461 5854 lege
1512 5786 1764 5843 adnotata

1861 1963 2316 2020 ministrationem
2342 1967 2717 2033 fastidiens,et
2751 1969 2818 2022 ad
2846 1969 2969 2022 vitae
2991 1984 3101 2023 suae
3125 1969 3436 2024 novissimae

1857 2055 2057 2110 mentis
2093 2071 2318 2111 acumen
2359 2059 2618 2128 dirigens,
2642 2059 3102 2128 coepit-secretius
3128 2060 3271 2115 beati
3302 2059 3443 2113 Mar-

1857 2144 1956 2198 tini
1987 2147 2308 2201 sententiam
2336 2147 2596 2204 refricare
2620 2149 2937 2215 asserentis,
2967 2151 3110 2220 quod
3138 2149 3242 2204 sibi
3266 2150 3440 2221 major

1855 2235 2020 2292 fuerit
2053 2238 2220 2293 virtus
2250 2247 2376 2294 ante
2396 2240 2788 2309 episcopatum,
2826 2256 2988 2310 quam
3016 2241 3071 2294 in
3095 2242 3433 2311 episcopatu.

1854 2328 2100 2384 Metuens
2149 2331 2331 2399 itaque
2378 2347 2477 2400 per
2523 2331 2862 2386 scecularium
2918 2333 3258 2401 negotiorum
3312 2347 3438 2403 per-

1852 2420 2138 2492 plexitates
2161 2421 2437 2490 religionis
2453 2436 2562 2475 sua:
2578 2422 2829 2475 meritum
2853 2422 3132 2489 minorari,
3149 2423 3439 2492 pastoralis

1853 2509 2232 2564 sollicitudinis
2277 2525 2464 2564 curam
2498 2511 2779 2580 proposuit
2808 2526 3007 2567 exuere
3043 2523 3099 2577 ο,
3145 2521 3200 2566 et
3229 2514 3298 2568 ad
3344 2529 3435 2569 so-

1853 2598 1963 2653 lita:
2004 2600 2478 2670 contemplationis
2513 2601 2956 2670 tranquillitatem
2983 2601 3229 2662 devotius
3274 2602 3441 2673 coepit

1855 2691 2134 2746 anhelare.
2160 2691 2379 2747 Veritus
2413 2703 2593 2748 tamen
2624 2709 2692 2748 ne
2735 2708 2950 2764 gregem
2982 2710 3080 2749 suo
3107 2703 3324 2764 pastore
3357 2696 3441 2750 vi-

1853 2783 2076 2839 duatum
2107 2785 2360 2854 antiquus
2394 2786 2576 2855 praedo
2623 2785 2975 2856 dispergeret,
3010 2787 3438 2843 misericordiam

1855 2876 1951 2932 Dei
1975 2877 2330 2947 singultuosis
2353 2877 2608 2946 precibus
2638 2877 2803 2946 etrapit
2829 2875 3147 2947 efllagitare,
3172 2886 3442 2947 quatenus

1854 2969 1904 3024 ei
1933 2983 2136 3023 securae
2171 2968 2370 3038 quietis
2407 2968 2746 3038 jucunditate
2783 2966 2988 3036 perfrui
3016 2969 3356 3032 concederet,
3385 2974 3444 3022 et

1853 3058 2084 3113 subditis
2121 3057 2234 3112 suis
2269 3057 2448 3111 idonei
2490 3057 2728 3126 pastoris
2767 3055 3164 3125 protectionem
3195 3055 3441 3125 provide-

1857 3157 1940 3203 ret
1969 3165 1981 3200 :
2037 3163 2200 3218 quam
2233 3147 2538 3202 orationem
2573 3163 2604 3201 a
2646 3147 2876 3201 Domino
2923 3146 3234 3201 exauditam
3267 3144 3440 3201 fuisse

1856 3255 1924 3294 ex
1949 3247 2072 3310 post
2117 3238 2260 3292 facto
2295 3238 2579 3292 evidenter
2614 3237 2866 3292 innotuit.

1926 3331 2011 3386 18.
2054 3328 2332 3384 Gloriosus
2377 3343 2608 3398 namque
2652 3327 2744 3382 Dei
2790 3326 3022 3382 famulus
3075 3327 3223 3381 diem
3255 3327 3441 3383 obitus

1853 3420 1936 3476 sui
1967 3419 2172 3488 Spiritu
2211 3427 2400 3474 sancto
2439 3419 2710 3473 revelante
2760 3433 3124 3489 pra-noscens,
3152 3419 3204 3472 in
3231 3434 3339 3488 quo
3370 3418 3441 3474 ad

1852 3527 1996 3566 verae
2025 3511 2224 3580 quietis
2259 3510 2454 3580 gaudia
2481 3510 2916 3581 transmigraret,
2938 3510 3252 3564 convocatis
3281 3510 3442 3566 disci-

1853 3602 1993 3674 pulis
2041 3602 2184 3656 diem
2230 3602 2586 3656 novissimum
2636 3602 2739 3657 sibi
2785 3602 2989 3656 instare
3035 3602 3120 3672 pia
3175 3601 3442 3657 relatione

1853 3692 2176 3763 propalavit,
2216 3692 2372 3748 solita
2411 3693 2632 3762 pietatis
2663 3691 3025 3746 'sollicitudine
3050 3706 3145 3745 eos
3177 3705 3439 3756 monens,

1852 3801 1951 3840 vas
1975 3786 2179 3856 proprii
2211 3787 2459 3856 corporis
2493 3786 2752 3840 mundum
2797 3793 2853 3840 et
2883 3785 3288 3840 immaculatum
3317 3800 3445 3856 pos-

1853 3877 2062 3941 sidere;
2104 3878 2290 3947 sicque
2335 3893 2592 3942 currere,
2649 3885 2711 3931 ut
2767 3879 3321 3948 comprehenderent;
3359 3878 3442 3934 sic

1853 3967 2120 4032 laborare,
2152 3975 2210 4021 ut
2240 3976 2458 4022 aeterna:
2485 3967 2834 4022 beatitudinis
2859 3968 3043 4037 quiete
3073 3983 3179 4023 non
3211 3966 3433 4023 frauda-

1854 4068 2072 4125 rentur;
2105 4061 2184 4115 sic
2205 4070 2441 4124 certare,
2473 4067 2533 4113 ut
2569 4068 2844 4130 perpetua:
2871 4060 3228 4129 iucunditatis
3253 4062 3444 4117 bravio

1852 4151 2292 4220 przctniarentur.
2343 4150 2520 4204 Finita
2561 4161 2740 4206 autem
2793 4152 3209 4221 przedicatione,
3263 4152 3442 4206 locum

1854 4241 2108 4296 idoneum
2142 4240 2434 4310 sepultura:
2458 4241 2637 4312 elegit,
2671 4242 2878 4296 scilicet
2903 4243 3210 4297 coenobium
3239 4241 3441 4296 Ferra-

1855 4333 2058 4396 riense,
2081 4348 2189 4403 quo
2219 4348 2415 4403 corpus
2453 4349 2610 4388 suum
2631 4333 2851 4398 deferri,
2883 4334 2999 4403 ejus
3028 4345 3082 4388 et
3124 4334 3317 4388 animae
3349 4347 3444 4388 ce-

1857 4424 2068 4480 lebrato
2109 4424 2371 4492 divortio;
2409 4435 2462 4481 et
2497 4425 2551 4480 in
2593 4427 2865 4483 stillicidio
2895 4427 3138 4483 ecclesire
3183 4426 3440 4482 tumulari

1780 4540 1833 4600 Ι)
1859 4519 2131 4588 praecepit.
2167 4517 2294 4573 [late
2331 4533 2396 4573 eo
2423 4515 2668 4582 docente,
2705 4528 2891 4590 stupor
2929 4520 3222 4575 vehemens
3250 4534 3444 4574 omnes

1858 4608 2232 4678 apprehendit,
2271 4607 2398 4678 quia
2437 4608 2641 4664 nullum
2688 4609 2902 4680 signum
2949 4608 3331 4665 invaletudinis
3383 4609 3440 4665 in

1860 4713 1926 4755 eo
1954 4707 2207 4771 poterant
2239 4701 2665 4770 apprehendere.

1864 4811 1932 4866 ad
1957 4810 2136 4866 Vitam
2173 4812 2346 4866 sancti
2385 4811 2612 4866 Romani
2651 4810 2862 4864 abbatis
2905 4809 2959 4862 in
3007 4807 3203 4863 saeculo
3242 4807 3441 4876 primo.

1865 4881 2068 4936 Aldrici
2101 4882 2310 4935 litteras
2358 4882 2462 4934 hac
2489 4881 2554 4933 de
2593 4893 2651 4931 re
2688 4880 2841 4932 datas
2877 4877 3103 4930 inferius
3153 4876 3441 4929 adducam.

1871 4951 1952 5005 Ad
1993 4953 2125 5013 hzne,
2152 4949 2422 5004 lleribaldi
2462 4946 2922 5001 Antisiodorensis
2949 4945 3207 5014 episcopi,
3229 4944 3448 5014 electio-

1869 5035 1992 5074 nem
2019 5012 2331 5088 procuravit
2348 5017 2620 5088 Aldricus,
2638 5026 2698 5088 ut
2719 5017 2914 5087 legitur
2941 5012 3157 5088 animo
3180 5013 3246 5068 de
3273 5012 3444 5084 gestis

1864 5085 2243 5163 episcoporum
2268 5085 2815 5163 Antisiodorcnsiuni,
2847 5101 2970 5163 cap.
3001 5085 3115 5163 ‘56.“
3276 5126 3296 5163 ,ν
3399 5149 3412 5161 ⁸

1934 5172 1959 5198 ο
1999 5153 2234 5231 ld'ipsuin
2281 5164 2567 5231 attestatur
2589 5227 2601 5231 _
2622 5158 2822 5231 Lupus
2858 5153 3044 5231 abbas
3076 5153 3446 5231 Ferrariensis

1863 5228 1980 5298 ejus
2007 5220 2299 5296 discipulus
2328 5229 2380 5280 in
2411 5227 2637 5296 epistola
2662 5220 2731 5282 29
2758 5227 2823 5298 ad
2855 5225 3208 5298 Guenilonem
3241 5220 3446 5274 Aldrici

1864 5295 2257 5372 successorem,
2287 5298 2377 5352 his
2402 5295 2624 5372 verbis;
2655 5317 2674 5372 ς
2720 5297 2858 5364 Quin
2893 5297 3055 5372 etiam
3081 5295 3333 5372 decessor
3358 5306 3450 5372 ve-

1866 5379 1980 5444 ster
2009 5369 2182 5423 beata:
2198 5369 2485 5444 memoria:
2527 5362 2799 5444 Aldricu‘s,
2830 5366 2926 5444 _qui
2975 5362 3184 5444 praefati
3214 5362 3446 5444 Ctesaris

1861 5439 2018 5510 jussu
2052 5446 2107 5492 et
2131 5438 2372 5510 mirabili
2418 5437 2942 5510 bonorum‘adnisu,
2975 5435 3453 5510 nobis‘cum_esset

1871 5501 2038 5564 abbas
2091 5508 2334 5574 ablatus,
2384 5508 2626 5562 ecclesiae
2667 5506 2948 5562 Senonicae
2981 5501 3222 5573 pontifex
3273 5501 3452 5574 factus

1872 5588 1974 5644 est,
2005 5580 2072 5633 ad
2118 5595 2217 5634 nos
2263 5571 2673 5634 immutabiliter
2705 5571 3061 5646 proposuerat
3100 5572 3309 5644 regredi
3340 5571 3454 5646 epi-

1871 5641 2070 5719 scopali
2102 5664 2230 5704 cura
2279 5648 2501 5719 omissa,
2527 5641 2742 5715 quando
2789 5641 2929 5701 lianc.
2953 5645 3116 5699 vitam
3136 5641 3249 5712 {ut
3275 5641 3451 5700 credi.

1875 5717 2018 5786 uitis,
2036 5719 2274 5776 feliciore
2301 5717 2549 5773 mutavit.
2587 5736 2606 5769 ι
