  <div class='ocr_page' id='page_1' title='image "/cluster/home/n/w/nwhite01/storage/ocr_20150623/105/hvd.32044021109350/407.png"; bbox 0 0 4000 6478; ppageno 0'>
   <div class='ocr_carea' id='block_1_1' title="bbox 532 382 634 439">
    <p class='ocr_par' dir='ltr' id='par_1_1' title="bbox 532 382 634 439">
     <span class='ocr_line' id='line_1_1' title="bbox 532 382 634 439; baseline -0.02 0"><span class='ocrx_word' id='word_1_1' title='bbox 532 382 634 439; x_wconf 82' lang='lat'><strong>807</strong></span> 
     </span>
    </p>
   </div>
   <div class='ocr_carea' id='block_1_2' title="bbox 1562 360 2743 441">
    <p class='ocr_par' dir='ltr' id='par_1_2' title="bbox 1562 360 2743 441">
     <span class='ocr_line' id='line_1_2' title="bbox 1562 360 2743 441; baseline -0.005 -1"><span class='ocrx_word' id='word_1_2' title='bbox 1562 385 1619 440; x_wconf 90' lang='lat' dir='ltr'><strong>s.</strong></span> <span class='ocrx_word' id='word_1_3' title='bbox 1659 384 1930 441; x_wconf 59' lang='lat' dir='ltr'><strong>suum</strong></span> <span class='ocrx_word' id='word_1_4' title='bbox 1965 360 2388 438; x_wconf 60' lang='lat' dir='ltr'><strong>sssoxsxsrs</strong></span> <span class='ocrx_word' id='word_1_5' title='bbox 2425 381 2743 438; x_wconf 69' lang='lat' dir='ltr'><strong>ancurar.</strong></span> 
     </span>
    </p>
   </div>
   <div class='ocr_carea' id='block_1_3' title="bbox 3680 387 3785 434">
    <p class='ocr_par' dir='ltr' id='par_1_3' title="bbox 3680 387 3785 434">
     <span class='ocr_line' id='line_1_3' title="bbox 3680 387 3785 434; baseline 0.01 -1"><span class='ocrx_word' id='word_1_6' title='bbox 3680 387 3785 434; x_wconf 68' lang='lat'><strong>808</strong></span> 
     </span>
    </p>
   </div>
   <div class='ocr_carea' id='block_1_4' title="bbox 603 488 3788 567">
    <p class='ocr_par' dir='ltr' id='par_1_4' title="bbox 603 488 3788 567">
     <span class='ocr_line' id='line_1_4' title="bbox 603 488 3788 567; baseline -0.002 -15"><span class='ocrx_word' id='word_1_7' title='bbox 603 498 692 554; x_wconf 73' lang='grc'><strong>19.</strong></span> <span class='ocrx_word' id='word_1_8' title='bbox 730 496 859 552; x_wconf 82' lang='lat' dir='ltr'><strong>Post</strong></span> <span class='ocrx_word' id='word_1_9' title='bbox 885 496 1152 551; x_wconf 87' lang='lat' dir='ltr'><strong>modicum</strong></span> <span class='ocrx_word' id='word_1_10' title='bbox 1194 498 1450 567; x_wconf 87' lang='lat' dir='ltr'><strong>temporis</strong></span> <span class='ocrx_word' id='word_1_11' title='bbox 1501 499 1845 554; x_wconf 89' lang='lat' dir='ltr'><strong>interstitium</strong></span> <span class='ocrx_word' id='word_1_12' title='bbox 1892 496 2100 552; x_wconf 84' lang='lat' dir='ltr'><strong>morbo-</strong></span> <span class='ocrx_word' id='word_1_13' title='bbox 2126 496 2179 554; x_wconf 81' lang='grc' dir='ltr'><strong>Α</strong></span> <span class='ocrx_word' id='word_1_14' title='bbox 2204 493 2324 548; x_wconf 90' lang='lat' dir='ltr'><strong>dem</strong></span> <span class='ocrx_word' id='word_1_15' title='bbox 2359 492 2599 561; x_wconf 81' lang='lat' dir='ltr'><strong>requiem</strong></span> <span class='ocrx_word' id='word_1_16' title='bbox 2639 496 2916 560; x_wconf 88' lang='lat' dir='ltr'><strong>peterent.</strong></span> <span class='ocrx_word' id='word_1_17' title='bbox 2973 497 3032 546; x_wconf 89' lang='lat' dir='ltr'><strong>ut</strong></span> <span class='ocrx_word' id='word_1_18' title='bbox 3067 488 3250 544; x_wconf 89' lang='lat' dir='ltr'><strong>vinum</strong></span> <span class='ocrx_word' id='word_1_19' title='bbox 3297 504 3406 558; x_wconf 88' lang='lat' dir='ltr'><strong>quo</strong></span> <span class='ocrx_word' id='word_1_20' title='bbox 3460 490 3788 558; x_wconf 87' lang='lat' dir='ltr'><strong>madebant,</strong></span> 
     </span>
    </p>
   </div>
   <div class='ocr_carea' id='block_1_5' title="bbox 532 585 2100 657">
    <p class='ocr_par' dir='ltr' id='par_1_5' title="bbox 532 585 2100 657">
     <span class='ocr_line' id='line_1_5' title="bbox 532 585 2100 657; baseline -0.003 -14"><span class='ocrx_word' id='word_1_21' title='bbox 532 601 652 644; x_wconf 88' lang='lat' dir='ltr'><strong>rum</strong></span> <span class='ocrx_word' id='word_1_22' title='bbox 680 586 922 656; x_wconf 76' lang='lat' dir='ltr'><strong>pulsatus</strong></span> <span class='ocrx_word' id='word_1_23' title='bbox 947 585 1235 656; x_wconf 81' lang='lat' dir='ltr'><strong>gravedine</strong></span> <span class='ocrx_word' id='word_1_24' title='bbox 1282 587 1446 655; x_wconf 75' lang='lat' dir='ltr'><strong>cmpit</strong></span> <span class='ocrx_word' id='word_1_25' title='bbox 1489 595 1770 657; x_wconf 80' lang='lat' dir='ltr'><strong>:cgrotare,</strong></span> <span class='ocrx_word' id='word_1_26' title='bbox 1800 595 1856 641; x_wconf 88' lang='lat' dir='ltr'><strong>et</strong></span> <span class='ocrx_word' id='word_1_27' title='bbox 1894 586 2100 640; x_wconf 81' lang='lat' dir='ltr'><strong>crebris</strong></span> 
     </span>
    </p>
   </div>
   <div class='ocr_carea' id='block_1_6' title="bbox 533 675 2103 744">
    <p class='ocr_par' dir='ltr' id='par_1_6' title="bbox 533 675 2103 744">
     <span class='ocr_line' id='line_1_6' title="bbox 533 675 2103 744; baseline -0.003 -12"><span class='ocrx_word' id='word_1_28' title='bbox 533 676 809 733; x_wconf 84' lang='lat' dir='ltr'><strong>doloribus</strong></span> <span class='ocrx_word' id='word_1_29' title='bbox 852 675 1044 730; x_wconf 89' lang='lat' dir='ltr'><strong>mortis</strong></span> <span class='ocrx_word' id='word_1_30' title='bbox 1076 675 1267 729; x_wconf 70' lang='lat' dir='ltr'><strong>vicina:</strong></span> <span class='ocrx_word' id='word_1_31' title='bbox 1313 676 1652 744; x_wconf 70' lang='lat' dir='ltr'><strong>prteambulis</strong></span> <span class='ocrx_word' id='word_1_32' title='bbox 1691 675 2103 731; x_wconf 77' lang='lat' dir='ltr'><strong>intolerabiliter</strong></span> 
     </span>
    </p>
   </div>
   <div class='ocr_carea' id='block_1_7' title="bbox 531 762 2100 836">
    <p class='ocr_par' dir='ltr' id='par_1_7' title="bbox 531 762 2100 836">
     <span class='ocr_line' id='line_1_7' title="bbox 531 762 2100 836; baseline 0 -17"><span class='ocrx_word' id='word_1_33' title='bbox 531 764 765 836; x_wconf 84' lang='lat' dir='ltr'><strong>fatigari.</strong></span> <span class='ocrx_word' id='word_1_34' title='bbox 805 762 973 819; x_wconf 91' lang='lat' dir='ltr'><strong>Solita</strong></span> <span class='ocrx_word' id='word_1_35' title='bbox 1013 772 1193 818; x_wconf 90' lang='lat' dir='ltr'><strong>tamen</strong></span> <span class='ocrx_word' id='word_1_36' title='bbox 1227 764 1406 819; x_wconf 90' lang='lat' dir='ltr'><strong>vultus</strong></span> <span class='ocrx_word' id='word_1_37' title='bbox 1437 766 1704 820; x_wconf 87' lang='lat' dir='ltr'><strong>serenitas</strong></span> <span class='ocrx_word' id='word_1_38' title='bbox 1735 781 1949 835; x_wconf 80' lang='lat' dir='ltr'><strong>semper</strong></span> <span class='ocrx_word' id='word_1_39' title='bbox 1994 766 2100 819; x_wconf 84' lang='lat' dir='ltr'><strong>im-</strong></span> 
     </span>
    </p>
   </div>
   <div class='ocr_carea' id='block_1_8' title="bbox 532 853 2115 924">
    <p class='ocr_par' dir='ltr' id='par_1_8' title="bbox 532 853 2115 924">
     <span class='ocr_line' id='line_1_8' title="bbox 532 853 2115 924; baseline 0.002 -14"><span class='ocrx_word' id='word_1_40' title='bbox 532 862 678 910; x_wconf 90' lang='lat' dir='ltr'><strong>mota</strong></span> <span class='ocrx_word' id='word_1_41' title='bbox 722 854 1118 924; x_wconf 75' lang='lat' dir='ltr'><strong>perseverabat,</strong></span> <span class='ocrx_word' id='word_1_42' title='bbox 1165 854 1220 907; x_wconf 88' lang='lat' dir='ltr'><strong>in</strong></span> <span class='ocrx_word' id='word_1_43' title='bbox 1270 853 1374 909; x_wconf 85' lang='lat' dir='ltr'><strong>fide</strong></span> <span class='ocrx_word' id='word_1_44' title='bbox 1402 864 1455 909; x_wconf 91' lang='lat' dir='ltr'><strong>et</strong></span> <span class='ocrx_word' id='word_1_45' title='bbox 1502 856 1557 910; x_wconf 90' lang='lat' dir='ltr'><strong>in</strong></span> <span class='ocrx_word' id='word_1_46' title='bbox 1588 857 1852 911; x_wconf 89' lang='lat' dir='ltr'><strong>charitatc</strong></span> <span class='ocrx_word' id='word_1_47' title='bbox 1900 857 2115 913; x_wconf 87' lang='lat' dir='ltr'><strong>Christi</strong></span> 
     </span>
    </p>
   </div>
   <div class='ocr_carea' id='block_1_9' title="bbox 530 945 2101 1018">
    <p class='ocr_par' dir='ltr' id='par_1_9' title="bbox 530 945 2101 1018">
     <span class='ocr_line' id='line_1_9' title="bbox 530 945 2101 1018; baseline 0.001 -17"><span class='ocrx_word' id='word_1_48' title='bbox 530 961 685 1002; x_wconf 89' lang='lat' dir='ltr'><strong>mens</strong></span> <span class='ocrx_word' id='word_1_49' title='bbox 713 946 906 1001; x_wconf 86' lang='lat' dir='ltr'><strong>devota</strong></span> <span class='ocrx_word' id='word_1_50' title='bbox 933 945 1103 1015; x_wconf 88' lang='lat' dir='ltr'><strong>magis</strong></span> <span class='ocrx_word' id='word_1_51' title='bbox 1131 960 1196 1000; x_wconf 91' lang='lat' dir='ltr'><strong>ac</strong></span> <span class='ocrx_word' id='word_1_52' title='bbox 1224 947 1395 1018; x_wconf 87' lang='lat' dir='ltr'><strong>magis</strong></span> <span class='ocrx_word' id='word_1_53' title='bbox 1420 948 1766 1003; x_wconf 88' lang='lat' dir='ltr'><strong>solidabatur.</strong></span> <span class='ocrx_word' id='word_1_54' title='bbox 1794 947 1899 1003; x_wconf 86' lang='lat' dir='ltr'><strong>Sed</strong></span> <span class='ocrx_word' id='word_1_55' title='bbox 1922 959 2101 1003; x_wconf 88' lang='lat' dir='ltr'><strong>tamen</strong></span> 
     </span>
    </p>
   </div>
   <div class='ocr_carea' id='block_1_10' title="bbox 530 1037 2101 1108">
    <p class='ocr_par' dir='ltr' id='par_1_10' title="bbox 530 1037 2101 1108">
     <span class='ocr_line' id='line_1_10' title="bbox 530 1037 2101 1108; baseline 0.001 -17"><span class='ocrx_word' id='word_1_56' title='bbox 530 1037 933 1108; x_wconf 79' lang='lat' dir='ltr'><strong>ingravescente</strong></span> <span class='ocrx_word' id='word_1_57' title='bbox 962 1037 1151 1091; x_wconf 87' lang='lat' dir='ltr'><strong>morbo</strong></span> <span class='ocrx_word' id='word_1_58' title='bbox 1173 1076 1188 1099; x_wconf 94' lang='lat'><strong>,</strong></span> <span class='ocrx_word' id='word_1_59' title='bbox 1241 1037 1419 1092; x_wconf 90' lang='lat' dir='ltr'><strong>debito</strong></span> <span class='ocrx_word' id='word_1_60' title='bbox 1454 1038 1691 1093; x_wconf 87' lang='lat' dir='ltr'><strong>refectus</strong></span> <span class='ocrx_word' id='word_1_61' title='bbox 1719 1039 1948 1104; x_wconf 88' lang='lat' dir='ltr'><strong>viatico,</strong></span> <span class='ocrx_word' id='word_1_62' title='bbox 1979 1037 2101 1092; x_wconf 85' lang='lat' dir='ltr'><strong>ﬁxis</strong></span> 
     </span>
    </p>
   </div>
   <div class='ocr_carea' id='block_1_11' title="bbox 529 1125 2099 1193">
    <p class='ocr_par' dir='ltr' id='par_1_11' title="bbox 529 1125 2099 1193">
     <span class='ocr_line' id='line_1_11' title="bbox 529 1125 2099 1193; baseline 0.002 -14"><span class='ocrx_word' id='word_1_63' title='bbox 529 1126 587 1180; x_wconf 88' lang='lat' dir='ltr'><strong>in</strong></span> <span class='ocrx_word' id='word_1_64' title='bbox 610 1125 804 1181; x_wconf 74' lang='lat' dir='ltr'><strong>cmlum</strong></span> <span class='ocrx_word' id='word_1_65' title='bbox 833 1125 1023 1186; x_wconf 88' lang='lat' dir='ltr'><strong>oculis,</strong></span> <span class='ocrx_word' id='word_1_66' title='bbox 1054 1126 1302 1181; x_wconf 89' lang='lat' dir='ltr'><strong>manibus</strong></span> <span class='ocrx_word' id='word_1_67' title='bbox 1350 1128 1417 1181; x_wconf 90' lang='lat' dir='ltr'><strong>ad</strong></span> <span class='ocrx_word' id='word_1_68' title='bbox 1455 1128 1624 1182; x_wconf 89' lang='lat' dir='ltr'><strong>Deum</strong></span> <span class='ocrx_word' id='word_1_69' title='bbox 1671 1128 1874 1182; x_wconf 88' lang='lat' dir='ltr'><strong>evectis</strong></span> <span class='ocrx_word' id='word_1_70' title='bbox 1897 1167 1912 1193; x_wconf 96' lang='lat'><strong>,</strong></span> <span class='ocrx_word' id='word_1_71' title='bbox 1952 1129 2099 1182; x_wconf 90' lang='lat' dir='ltr'><strong>viam</strong></span> 
     </span>
    </p>
   </div>
   <div class='ocr_carea' id='block_1_12' title="bbox 528 1214 2100 1287">
    <p class='ocr_par' dir='ltr' id='par_1_12' title="bbox 528 1214 2100 1287">
     <span class='ocr_line' id='line_1_12' title="bbox 528 1214 2100 1287; baseline 0.003 -19"><span class='ocrx_word' id='word_1_72' title='bbox 528 1215 795 1270; x_wconf 64' lang='lat' dir='ltr'><strong>universa:</strong></span> <span class='ocrx_word' id='word_1_73' title='bbox 839 1214 1022 1269; x_wconf 89' lang='lat' dir='ltr'><strong>carnis</strong></span> <span class='ocrx_word' id='word_1_74' title='bbox 1067 1214 1341 1285; x_wconf 87' lang='lat' dir='ltr'><strong>ingressus</strong></span> <span class='ocrx_word' id='word_1_75' title='bbox 1384 1216 1722 1287; x_wconf 85' lang='lat' dir='ltr'><strong>sexagesimo</strong></span> <span class='ocrx_word' id='word_1_76' title='bbox 1747 1216 1925 1287; x_wconf 88' lang='lat' dir='ltr'><strong>primo</strong></span> <span class='ocrx_word' id='word_1_77' title='bbox 1975 1218 2100 1273; x_wconf 70' lang='lat' dir='ltr'><strong>vitae</strong></span> 
     </span>
    </p>
   </div>
   <div class='ocr_carea' id='block_1_13' title="bbox 529 1303 2101 1378">
    <p class='ocr_par' dir='ltr' id='par_1_13' title="bbox 529 1303 2101 1378">
     <span class='ocr_line' id='line_1_13' title="bbox 529 1303 2101 1378; baseline 0.001 -19"><span class='ocrx_word' id='word_1_78' title='bbox 529 1320 638 1360; x_wconf 78' lang='lat' dir='ltr'><strong>sua:</strong></span> <span class='ocrx_word' id='word_1_79' title='bbox 665 1320 805 1361; x_wconf 89' lang='lat' dir='ltr'><strong>anno</strong></span> <span class='ocrx_word' id='word_1_80' title='bbox 832 1316 877 1368; x_wconf 75' lang='grc' dir='ltr'><strong>ι,</strong></span> <span class='ocrx_word' id='word_1_81' title='bbox 910 1312 1065 1359; x_wconf 87' lang='lat' dir='ltr'><strong>sexto</strong></span> <span class='ocrx_word' id='word_1_82' title='bbox 1104 1305 1227 1360; x_wconf 90' lang='lat' dir='ltr'><strong>ldus</strong></span> <span class='ocrx_word' id='word_1_83' title='bbox 1268 1303 1517 1362; x_wconf 88' lang='lat' dir='ltr'><strong>Octobris</strong></span> <span class='ocrx_word' id='word_1_84' title='bbox 1542 1307 1569 1346; x_wconf 64' lang='grc' dir='ltr'><strong>ιτ</strong></span> <span class='ocrx_word' id='word_1_85' title='bbox 1594 1306 1824 1361; x_wconf 81' lang='lat' dir='ltr'><strong>feliciter</strong></span> <span class='ocrx_word' id='word_1_86' title='bbox 1848 1306 2101 1378; x_wconf 81' lang='lat' dir='ltr'><strong>migravit</strong></span> 
     </span>
    </p>
   </div>
   <div class='ocr_carea' id='block_1_14' title="bbox 528 1394 2100 1451">
    <p class='ocr_par' dir='ltr' id='par_1_14' title="bbox 528 1394 2100 1451">
     <span class='ocr_line' id='line_1_14' title="bbox 528 1394 2100 1451; baseline 0.001 -2"><span class='ocrx_word' id='word_1_87' title='bbox 528 1396 596 1450; x_wconf 90' lang='lat' dir='ltr'><strong>ad</strong></span> <span class='ocrx_word' id='word_1_88' title='bbox 644 1394 928 1450; x_wconf 86' lang='lat' dir='ltr'><strong>Dominum</strong></span> <span class='ocrx_word' id='word_1_89' title='bbox 977 1410 1232 1451; x_wconf 83' lang='lat' dir='ltr'><strong>coronam</strong></span> <span class='ocrx_word' id='word_1_90' title='bbox 1272 1394 1471 1450; x_wconf 62' lang='lat' dir='ltr'><strong>ltetitize</strong></span> <span class='ocrx_word' id='word_1_91' title='bbox 1514 1398 1579 1451; x_wconf 91' lang='lat' dir='ltr'><strong>de</strong></span> <span class='ocrx_word' id='word_1_92' title='bbox 1607 1411 1769 1450; x_wconf 90' lang='lat' dir='ltr'><strong>manu</strong></span> <span class='ocrx_word' id='word_1_93' title='bbox 1799 1397 1892 1450; x_wconf 90' lang='lat' dir='ltr'><strong>Dei</strong></span> <span class='ocrx_word' id='word_1_94' title='bbox 1943 1412 2100 1451; x_wconf 89' lang='lat' dir='ltr'><strong>acce-</strong></span> 
     </span>
    </p>
   </div>
   <div class='ocr_carea' id='block_1_15' title="bbox 525 1485 2101 1557">
    <p class='ocr_par' dir='ltr' id='par_1_15' title="bbox 525 1485 2101 1557">
     <span class='ocr_line' id='line_1_15' title="bbox 525 1485 2101 1557; baseline -0.001 -17"><span class='ocrx_word' id='word_1_95' title='bbox 525 1492 701 1557; x_wconf 89' lang='lat' dir='ltr'><strong>ptans.</strong></span> <span class='ocrx_word' id='word_1_96' title='bbox 760 1486 1004 1541; x_wconf 90' lang='lat' dir='ltr'><strong>Delatum</strong></span> <span class='ocrx_word' id='word_1_97' title='bbox 1050 1494 1134 1541; x_wconf 85' lang='lat' dir='ltr'><strong>est</strong></span> <span class='ocrx_word' id='word_1_98' title='bbox 1183 1493 1362 1539; x_wconf 90' lang='lat' dir='ltr'><strong>autem</strong></span> <span class='ocrx_word' id='word_1_99' title='bbox 1409 1499 1605 1555; x_wconf 89' lang='lat' dir='ltr'><strong>corpus</strong></span> <span class='ocrx_word' id='word_1_100' title='bbox 1642 1486 1759 1556; x_wconf 92' lang='lat' dir='ltr'><strong>ejus</strong></span> <span class='ocrx_word' id='word_1_101' title='bbox 1796 1486 1865 1540; x_wconf 87' lang='lat' dir='ltr'><strong>ad</strong></span> <span class='ocrx_word' id='word_1_102' title='bbox 1910 1485 2101 1555; x_wconf 78' lang='lat' dir='ltr'><strong>praedi-</strong></span> 
     </span>
    </p>
   </div>
   <div class='ocr_carea' id='block_1_16' title="bbox 524 1575 2098 1647">
    <p class='ocr_par' dir='ltr' id='par_1_16' title="bbox 524 1575 2098 1647">
     <span class='ocr_line' id='line_1_16' title="bbox 524 1575 2098 1647; baseline 0 -15"><span class='ocrx_word' id='word_1_103' title='bbox 524 1585 668 1633; x_wconf 88' lang='lat' dir='ltr'><strong>ctum</strong></span> <span class='ocrx_word' id='word_1_104' title='bbox 698 1577 1003 1632; x_wconf 76' lang='lat' dir='ltr'><strong>ctenobium</strong></span> <span class='ocrx_word' id='word_1_105' title='bbox 1027 1575 1183 1644; x_wconf 85' lang='lat' dir='ltr'><strong>juxta</strong></span> <span class='ocrx_word' id='word_1_106' title='bbox 1214 1585 1452 1632; x_wconf 90' lang='lat' dir='ltr'><strong>tenorem</strong></span> <span class='ocrx_word' id='word_1_107' title='bbox 1500 1578 1758 1647; x_wconf 70' lang='lat' dir='ltr'><strong>praecepti</strong></span> <span class='ocrx_word' id='word_1_108' title='bbox 1810 1577 1922 1641; x_wconf 90' lang='lat' dir='ltr'><strong>sui,</strong></span> <span class='ocrx_word' id='word_1_109' title='bbox 1973 1594 2098 1632; x_wconf 91' lang='lat' dir='ltr'><strong>cum</strong></span> 
     </span>
    </p>
   </div>
   <div class='ocr_carea' id='block_1_17' title="bbox 523 1667 2094 1738">
    <p class='ocr_par' dir='ltr' id='par_1_17' title="bbox 523 1667 2094 1738">
     <span class='ocr_line' id='line_1_17' title="bbox 523 1667 2094 1738; baseline 0.001 -17"><span class='ocrx_word' id='word_1_110' title='bbox 523 1681 719 1738; x_wconf 83' lang='lat' dir='ltr'><strong>magno</strong></span> <span class='ocrx_word' id='word_1_111' title='bbox 741 1667 943 1738; x_wconf 92' lang='lat' dir='ltr'><strong>ejulatu</strong></span> <span class='ocrx_word' id='word_1_112' title='bbox 980 1667 1296 1738; x_wconf 89' lang='lat' dir='ltr'><strong>populorum</strong></span> <span class='ocrx_word' id='word_1_113' title='bbox 1325 1667 1620 1737; x_wconf 76' lang='lat' dir='ltr'><strong>lugentium</strong></span> <span class='ocrx_word' id='word_1_114' title='bbox 1663 1675 1716 1723; x_wconf 92' lang='lat' dir='ltr'><strong>et</strong></span> <span class='ocrx_word' id='word_1_115' title='bbox 1739 1668 2094 1738; x_wconf 85' lang='lat' dir='ltr'><strong>gementium,</strong></span> 
     </span>
    </p>
   </div>
   <div class='ocr_carea' id='block_1_18' title="bbox 523 1758 2097 1831">
    <p class='ocr_par' dir='ltr' id='par_1_18' title="bbox 523 1758 2097 1831">
     <span class='ocr_line' id='line_1_18' title="bbox 523 1758 2097 1831; baseline -0.001 -17"><span class='ocrx_word' id='word_1_116' title='bbox 523 1773 583 1814; x_wconf 89' lang='lat' dir='ltr'><strong>se</strong></span> <span class='ocrx_word' id='word_1_117' title='bbox 605 1758 742 1812; x_wconf 88' lang='lat' dir='ltr'><strong>tanti</strong></span> <span class='ocrx_word' id='word_1_118' title='bbox 771 1766 988 1829; x_wconf 87' lang='lat' dir='ltr'><strong>tamque</strong></span> <span class='ocrx_word' id='word_1_119' title='bbox 1014 1760 1231 1831; x_wconf 82' lang='lat' dir='ltr'><strong>benigni</strong></span> <span class='ocrx_word' id='word_1_120' title='bbox 1261 1759 1495 1830; x_wconf 83' lang='lat' dir='ltr'><strong>pastoris</strong></span> <span class='ocrx_word' id='word_1_121' title='bbox 1519 1758 1769 1829; x_wconf 68' lang='lat' dir='ltr'><strong>praesidio</strong></span> <span class='ocrx_word' id='word_1_122' title='bbox 1808 1759 2097 1814; x_wconf 80' lang='lat' dir='ltr'><strong>destitutos</strong></span> 
     </span>
    </p>
   </div>
   <div class='ocr_carea' id='block_1_19' title="bbox 2202 577 3782 652">
    <p class='ocr_par' dir='ltr' id='par_1_19' title="bbox 2202 577 3782 652">
     <span class='ocr_line' id='line_1_19' title="bbox 2202 577 3782 652; baseline 0.001 -17"><span class='ocrx_word' id='word_1_123' title='bbox 2202 582 2477 652; x_wconf 81' lang='lat' dir='ltr'><strong>paulisper</strong></span> <span class='ocrx_word' id='word_1_124' title='bbox 2505 581 2831 651; x_wconf 81' lang='lat' dir='ltr'><strong>digererent.</strong></span> <span class='ocrx_word' id='word_1_125' title='bbox 2887 577 3000 634; x_wconf 90' lang='lat' dir='ltr'><strong>Usu</strong></span> <span class='ocrx_word' id='word_1_126' title='bbox 3032 594 3160 633; x_wconf 85' lang='lat' dir='ltr'><strong>vero</strong></span> <span class='ocrx_word' id='word_1_127' title='bbox 3189 581 3481 635; x_wconf 89' lang='lat' dir='ltr'><strong>temerario</strong></span> <span class='ocrx_word' id='word_1_128' title='bbox 3520 580 3706 637; x_wconf 88' lang='lat' dir='ltr'><strong>locum</strong></span> <span class='ocrx_word' id='word_1_129' title='bbox 3731 584 3782 637; x_wconf 90' lang='lat' dir='ltr'><strong>in</strong></span> 
     </span>
    </p>
   </div>
   <div class='ocr_carea' id='block_1_20' title="bbox 2202 666 3791 740">
    <p class='ocr_par' dir='ltr' id='par_1_20' title="bbox 2202 666 3791 740">
     <span class='ocr_line' id='line_1_20' title="bbox 2202 666 3791 740; baseline -0.001 -15"><span class='ocrx_word' id='word_1_130' title='bbox 2202 686 2308 740; x_wconf 92' lang='lat' dir='ltr'><strong>quo</strong></span> <span class='ocrx_word' id='word_1_131' title='bbox 2336 685 2533 739; x_wconf 88' lang='lat' dir='ltr'><strong>corpus</strong></span> <span class='ocrx_word' id='word_1_132' title='bbox 2574 669 2719 723; x_wconf 86' lang='lat' dir='ltr'><strong>beati</strong></span> <span class='ocrx_word' id='word_1_133' title='bbox 2769 666 2977 723; x_wconf 87' lang='lat' dir='ltr'><strong>Aldrici</strong></span> <span class='ocrx_word' id='word_1_134' title='bbox 3004 668 3356 737; x_wconf 83' lang='lat' dir='ltr'><strong>quiescebat,</strong></span> <span class='ocrx_word' id='word_1_135' title='bbox 3381 668 3671 724; x_wconf 85' lang='lat' dir='ltr'><strong>ebrietatis</strong></span> <span class='ocrx_word' id='word_1_136' title='bbox 3707 684 3791 723; x_wconf 84' lang='lat' dir='ltr'><strong>er-</strong></span> 
     </span>
    </p>
   </div>
   <div class='ocr_carea' id='block_1_21' title="bbox 2201 759 3789 829">
    <p class='ocr_par' dir='ltr' id='par_1_21' title="bbox 2201 759 3789 829">
     <span class='ocr_line' id='line_1_21' title="bbox 2201 759 3789 829; baseline 0 -13"><span class='ocrx_word' id='word_1_137' title='bbox 2201 778 2326 817; x_wconf 92' lang='lat' dir='ltr'><strong>rore</strong></span> <span class='ocrx_word' id='word_1_138' title='bbox 2350 762 2433 816; x_wconf 90' lang='lat' dir='ltr'><strong>vel</strong></span> <span class='ocrx_word' id='word_1_139' title='bbox 2460 760 2699 829; x_wconf 86' lang='lat' dir='ltr'><strong>corrupti</strong></span> <span class='ocrx_word' id='word_1_140' title='bbox 2728 759 3074 814; x_wconf 84' lang='lat' dir='ltr'><strong>contumacia</strong></span> <span class='ocrx_word' id='word_1_141' title='bbox 3098 759 3388 827; x_wconf 86' lang='lat' dir='ltr'><strong>petierunt,</strong></span> <span class='ocrx_word' id='word_1_142' title='bbox 3412 764 3467 813; x_wconf 89' lang='lat' dir='ltr'><strong>et</strong></span> <span class='ocrx_word' id='word_1_143' title='bbox 3488 759 3566 812; x_wconf 89' lang='lat' dir='ltr'><strong>ibi</strong></span> <span class='ocrx_word' id='word_1_144' title='bbox 3594 774 3789 818; x_wconf 85' lang='lat' dir='ltr'><strong>somno</strong></span> 
     </span>
    </p>
   </div>
   <div class='ocr_carea' id='block_1_22' title="bbox 2202 848 3785 921">
    <p class='ocr_par' dir='ltr' id='par_1_22' title="bbox 2202 848 3785 921">
     <span class='ocr_line' id='line_1_22' title="bbox 2202 848 3785 921; baseline 0.001 -15"><span class='ocrx_word' id='word_1_145' title='bbox 2202 851 2425 907; x_wconf 90' lang='lat' dir='ltr'><strong>resoluti</strong></span> <span class='ocrx_word' id='word_1_146' title='bbox 2454 859 2675 921; x_wconf 86' lang='lat' dir='ltr'><strong>repente</strong></span> <span class='ocrx_word' id='word_1_147' title='bbox 2712 850 3141 905; x_wconf 87' lang='lat' dir='ltr'><strong>obdormierunt.</strong></span> <span class='ocrx_word' id='word_1_148' title='bbox 3187 848 3294 904; x_wconf 91' lang='lat' dir='ltr'><strong>Sed</strong></span> <span class='ocrx_word' id='word_1_149' title='bbox 3318 850 3581 905; x_wconf 89' lang='lat' dir='ltr'><strong>Dominus</strong></span> <span class='ocrx_word' id='word_1_150' title='bbox 3603 851 3785 908; x_wconf 80' lang='lat' dir='ltr'><strong>locum</strong></span> 
     </span>
    </p>
   </div>
   <div class='ocr_carea' id='block_1_23' title="bbox 2199 939 3789 1014">
    <p class='ocr_par' dir='ltr' id='par_1_23' title="bbox 2199 939 3789 1014">
     <span class='ocr_line' id='line_1_23' title="bbox 2199 939 3789 1014; baseline 0.003 -17"><span class='ocrx_word' id='word_1_151' title='bbox 2199 944 2370 999; x_wconf 88' lang='lat' dir='ltr'><strong>sacris</strong></span> <span class='ocrx_word' id='word_1_152' title='bbox 2397 945 2621 997; x_wconf 87' lang='lat' dir='ltr'><strong>artubus</strong></span> <span class='ocrx_word' id='word_1_153' title='bbox 2663 939 2805 996; x_wconf 81' lang='lat' dir='ltr'><strong>servi</strong></span> <span class='ocrx_word' id='word_1_154' title='bbox 2830 942 2911 997; x_wconf 90' lang='lat' dir='ltr'><strong>sui</strong></span> <span class='ocrx_word' id='word_1_155' title='bbox 2940 942 3244 999; x_wconf 87' lang='lat' dir='ltr'><strong>dedicatum</strong></span> <span class='ocrx_word' id='word_1_156' title='bbox 3276 958 3381 997; x_wconf 87' lang='lat' dir='ltr'><strong>non</strong></span> <span class='ocrx_word' id='word_1_157' title='bbox 3412 945 3630 1012; x_wconf 86' lang='lat' dir='ltr'><strong>patiens</strong></span> <span class='ocrx_word' id='word_1_158' title='bbox 3662 960 3789 1014; x_wconf 81' lang='lat' dir='ltr'><strong>pro-</strong></span> 
     </span>
    </p>
   </div>
   <div class='ocr_carea' id='block_1_24' title="bbox 2200 1032 3786 1099">
    <p class='ocr_par' dir='ltr' id='par_1_24' title="bbox 2200 1032 3786 1099">
     <span class='ocr_line' id='line_1_24' title="bbox 2200 1032 3786 1099; baseline 0.003 -12"><span class='ocrx_word' id='word_1_159' title='bbox 2200 1032 2400 1099; x_wconf 84' lang='lat' dir='ltr'><strong>fanari,</strong></span> <span class='ocrx_word' id='word_1_160' title='bbox 2430 1033 2759 1087; x_wconf 86' lang='lat' dir='ltr'><strong>dormientes</strong></span> <span class='ocrx_word' id='word_1_161' title='bbox 2807 1032 3129 1087; x_wconf 86' lang='lat' dir='ltr'><strong>mirabiliter</strong></span> <span class='ocrx_word' id='word_1_162' title='bbox 3174 1033 3459 1099; x_wconf 83' lang='lat' dir='ltr'><strong>subvexit,</strong></span> <span class='ocrx_word' id='word_1_163' title='bbox 3507 1044 3567 1088; x_wconf 85' lang='lat' dir='ltr'><strong>et</strong></span> <span class='ocrx_word' id='word_1_164' title='bbox 3614 1051 3786 1092; x_wconf 83' lang='lat' dir='ltr'><strong>unum</strong></span> 
     </span>
    </p>
   </div>
   <div class='ocr_carea' id='block_1_25' title="bbox 2204 1123 3789 1195">
    <p class='ocr_par' dir='ltr' id='par_1_25' title="bbox 2204 1123 3789 1195">
     <span class='ocr_line' id='line_1_25' title="bbox 2204 1123 3789 1195; baseline 0.003 -16"><span class='ocrx_word' id='word_1_165' title='bbox 2204 1133 2351 1179; x_wconf 90' lang='lat' dir='ltr'><strong>trans</strong></span> <span class='ocrx_word' id='word_1_166' title='bbox 2395 1123 2589 1179; x_wconf 85' lang='lat' dir='ltr'><strong>ﬁumen</strong></span> <span class='ocrx_word' id='word_1_167' title='bbox 2643 1124 2951 1194; x_wconf 80' lang='lat' dir='ltr'><strong>proximum</strong></span> <span class='ocrx_word' id='word_1_168' title='bbox 2992 1124 3047 1178; x_wconf 93' lang='lat' dir='ltr'><strong>in</strong></span> <span class='ocrx_word' id='word_1_169' title='bbox 3097 1132 3270 1180; x_wconf 89' lang='lat' dir='ltr'><strong>strata</strong></span> <span class='ocrx_word' id='word_1_170' title='bbox 3319 1124 3535 1195; x_wconf 87' lang='lat' dir='ltr'><strong>publica</strong></span> <span class='ocrx_word' id='word_1_171' title='bbox 3567 1165 3583 1192; x_wconf 86' lang='lat'><strong>,</strong></span> <span class='ocrx_word' id='word_1_172' title='bbox 3650 1127 3789 1185; x_wconf 81' lang='lat' dir='ltr'><strong>duos</strong></span> 
     </span>
    </p>
   </div>
   <div class='ocr_carea' id='block_1_26' title="bbox 2199 1213 3787 1285">
    <p class='ocr_par' dir='ltr' id='par_1_26' title="bbox 2199 1213 3787 1285">
     <span class='ocr_line' id='line_1_26' title="bbox 2199 1213 3787 1285; baseline 0.003 -16"><span class='ocrx_word' id='word_1_173' title='bbox 2199 1215 2300 1270; x_wconf 90' lang='lat' dir='ltr'><strong>sub</strong></span> <span class='ocrx_word' id='word_1_174' title='bbox 2334 1213 2456 1285; x_wconf 84' lang='lat' dir='ltr'><strong>fago</strong></span> <span class='ocrx_word' id='word_1_175' title='bbox 2480 1213 2637 1285; x_wconf 89' lang='lat' dir='ltr'><strong>longe</strong></span> <span class='ocrx_word' id='word_1_176' title='bbox 2664 1214 2966 1270; x_wconf 82' lang='lat' dir='ltr'><strong>collocavit.</strong></span> <span class='ocrx_word' id='word_1_177' title='bbox 3010 1215 3247 1270; x_wconf 88' lang='lat' dir='ltr'><strong>Tandem</strong></span> <span class='ocrx_word' id='word_1_178' title='bbox 3299 1230 3493 1270; x_wconf 90' lang='lat' dir='ltr'><strong>aurora</strong></span> <span class='ocrx_word' id='word_1_179' title='bbox 3526 1217 3787 1274; x_wconf 72' lang='lat' dir='ltr'><strong>rutiLante</strong></span> 
     </span>
    </p>
   </div>
   <div class='ocr_carea' id='block_1_27' title="bbox 2201 1303 3785 1376">
    <p class='ocr_par' dir='ltr' id='par_1_27' title="bbox 2201 1303 3785 1376">
     <span class='ocr_line' id='line_1_27' title="bbox 2201 1303 3785 1376; baseline 0.002 -18"><span class='ocrx_word' id='word_1_180' title='bbox 2201 1320 2230 1358; x_wconf 90' lang='lat' dir='ltr'><strong>a</strong></span> <span class='ocrx_word' id='word_1_181' title='bbox 2259 1303 2414 1376; x_wconf 86' lang='lat' dir='ltr'><strong>plebe</strong></span> <span class='ocrx_word' id='word_1_182' title='bbox 2435 1304 2637 1358; x_wconf 85' lang='lat' dir='ltr'><strong>inventi</strong></span> <span class='ocrx_word' id='word_1_183' title='bbox 2665 1313 2813 1369; x_wconf 88' lang='lat' dir='ltr'><strong>sunt,</strong></span> <span class='ocrx_word' id='word_1_184' title='bbox 2838 1305 2964 1358; x_wconf 93' lang='lat' dir='ltr'><strong>dum</strong></span> <span class='ocrx_word' id='word_1_185' title='bbox 2987 1304 3055 1358; x_wconf 87' lang='lat' dir='ltr'><strong>de</strong></span> <span class='ocrx_word' id='word_1_186' title='bbox 3091 1319 3243 1359; x_wconf 90' lang='lat' dir='ltr'><strong>more</strong></span> <span class='ocrx_word' id='word_1_187' title='bbox 3267 1303 3331 1359; x_wconf 87' lang='lat' dir='ltr'><strong>ad</strong></span> <span class='ocrx_word' id='word_1_188' title='bbox 3364 1314 3689 1361; x_wconf 86' lang='lat' dir='ltr'><strong>sanctorum</strong></span> <span class='ocrx_word' id='word_1_189' title='bbox 3736 1309 3785 1361; x_wconf 85' lang='lat' dir='ltr'><strong>in</strong></span> 
     </span>
    </p>
   </div>
   <div class='ocr_carea' id='block_1_28' title="bbox 2197 1392 3784 1464">
    <p class='ocr_par' dir='ltr' id='par_1_28' title="bbox 2197 1392 3784 1464">
     <span class='ocr_line' id='line_1_28' title="bbox 2197 1392 3784 1464; baseline 0.002 -19"><span class='ocrx_word' id='word_1_190' title='bbox 2197 1392 2454 1462; x_wconf 77' lang='lat' dir='ltr'><strong>praedicto</strong></span> <span class='ocrx_word' id='word_1_191' title='bbox 2484 1393 2816 1447; x_wconf 88' lang='lat' dir='ltr'><strong>monasterio</strong></span> <span class='ocrx_word' id='word_1_192' title='bbox 2859 1392 3254 1462; x_wconf 89' lang='lat' dir='ltr'><strong>quicscentium</strong></span> <span class='ocrx_word' id='word_1_193' title='bbox 3297 1404 3618 1464; x_wconf 82' lang='lat' dir='ltr'><strong>properaret</strong></span> <span class='ocrx_word' id='word_1_194' title='bbox 3676 1394 3784 1462; x_wconf 55' lang='lat' dir='ltr'><strong>sui.</strong></span> 
     </span>
    </p>
   </div>
   <div class='ocr_carea' id='block_1_29' title="bbox 2198 1482 3783 1555">
    <p class='ocr_par' dir='ltr' id='par_1_29' title="bbox 2198 1482 3783 1555">
     <span class='ocr_line' id='line_1_29' title="bbox 2198 1482 3783 1555; baseline 0.003 -19"><span class='ocrx_word' id='word_1_195' title='bbox 2198 1482 2392 1553; x_wconf 79' lang='lat' dir='ltr'><strong>fragia.</strong></span> <span class='ocrx_word' id='word_1_196' title='bbox 2423 1482 2682 1538; x_wconf 85' lang='lat' dir='ltr'><strong>Omnibus</strong></span> <span class='ocrx_word' id='word_1_197' title='bbox 2719 1497 2748 1535; x_wconf 88' lang='lat' dir='ltr'><strong>a</strong></span> <span class='ocrx_word' id='word_1_198' title='bbox 2779 1497 2970 1537; x_wconf 86' lang='lat' dir='ltr'><strong>somno</strong></span> <span class='ocrx_word' id='word_1_199' title='bbox 3014 1483 3262 1555; x_wconf 79' lang='lat' dir='ltr'><strong>excitatis</strong></span> <span class='ocrx_word' id='word_1_200' title='bbox 3288 1492 3344 1538; x_wconf 91' lang='lat' dir='ltr'><strong>et</strong></span> <span class='ocrx_word' id='word_1_201' title='bbox 3391 1484 3783 1540; x_wconf 83' lang='lat' dir='ltr'><strong>miraculosum</strong></span> 
     </span>
    </p>
   </div>
   <div class='ocr_carea' id='block_1_30' title="bbox 2197 1572 3780 1643">
    <p class='ocr_par' dir='ltr' id='par_1_30' title="bbox 2197 1572 3780 1643">
     <span class='ocr_line' id='line_1_30' title="bbox 2197 1572 3780 1643; baseline 0.003 -16"><span class='ocrx_word' id='word_1_202' title='bbox 2197 1580 2447 1628; x_wconf 88' lang='lat' dir='ltr'><strong>eventum</strong></span> <span class='ocrx_word' id='word_1_203' title='bbox 2475 1572 2875 1637; x_wconf 89' lang='lat' dir='ltr'><strong>conﬁtentibus,</strong></span> <span class='ocrx_word' id='word_1_204' title='bbox 2898 1572 3089 1642; x_wconf 88' lang='lat' dir='ltr'><strong>stupor</strong></span> <span class='ocrx_word' id='word_1_205' title='bbox 3113 1588 3303 1628; x_wconf 90' lang='lat' dir='ltr'><strong>omnes</strong></span> <span class='ocrx_word' id='word_1_206' title='bbox 3328 1575 3717 1643; x_wconf 82' lang='lat' dir='ltr'><strong>apprehendit,</strong></span> <span class='ocrx_word' id='word_1_207' title='bbox 3734 1587 3780 1631; x_wconf 88' lang='lat' dir='ltr'><strong>et</strong></span> 
     </span>
    </p>
   </div>
   <div class='ocr_carea' id='block_1_31' title="bbox 2198 1662 3776 1739">
    <p class='ocr_par' dir='ltr' id='par_1_31' title="bbox 2198 1662 3776 1739">
     <span class='ocr_line' id='line_1_31' title="bbox 2198 1662 3776 1739; baseline 0.001 -19"><span class='ocrx_word' id='word_1_208' title='bbox 2198 1680 2395 1720; x_wconf 88' lang='lat' dir='ltr'><strong>nomen</strong></span> <span class='ocrx_word' id='word_1_209' title='bbox 2425 1664 2596 1732; x_wconf 82' lang='lat' dir='ltr'><strong>sancti</strong></span> <span class='ocrx_word' id='word_1_210' title='bbox 2627 1662 2956 1719; x_wconf 80' lang='lat' dir='ltr'><strong>confessoris</strong></span> <span class='ocrx_word' id='word_1_211' title='bbox 2980 1662 3381 1739; x_wconf 84' lang='lat' dir='ltr'><strong>magniﬁcatum</strong></span> <span class='ocrx_word' id='word_1_212' title='bbox 3414 1666 3481 1719; x_wconf 87' lang='lat' dir='ltr'><strong>ad</strong></span> <span class='ocrx_word' id='word_1_213' title='bbox 3510 1666 3776 1723; x_wconf 84' lang='lat' dir='ltr'><strong>honorem</strong></span> 
     </span>
    </p>
   </div>
   <div class='ocr_carea' id='block_1_32' title="bbox 2198 1753 2855 1825">
    <p class='ocr_par' dir='ltr' id='par_1_32' title="bbox 2198 1753 2855 1825">
     <span class='ocr_line' id='line_1_32' title="bbox 2198 1753 2855 1825; baseline -0.005 -15"><span class='ocrx_word' id='word_1_214' title='bbox 2198 1755 2294 1810; x_wconf 90' lang='lat' dir='ltr'><strong>Dei</strong></span> <span class='ocrx_word' id='word_1_215' title='bbox 2330 1754 2524 1809; x_wconf 88' lang='lat' dir='ltr'><strong>claruit</strong></span> <span class='ocrx_word' id='word_1_216' title='bbox 2540 1753 2855 1825; x_wconf 65' lang='lat' dir='ltr'><strong>gloriosius.</strong></span> 
     </span>
    </p>
   </div>
   <div class='ocr_carea' id='block_1_33' title="bbox 522 1844 2084 1922">
    <p class='ocr_par' dir='ltr' id='par_1_33' title="bbox 522 1848 2084 1922">
     <span class='ocr_line' id='line_1_33' title="bbox 522 1848 2084 1922; baseline 0 -17"><span class='ocrx_word' id='word_1_217' title='bbox 522 1858 579 1905; x_wconf 91' lang='lat' dir='ltr'><strong>et</strong></span> <span class='ocrx_word' id='word_1_218' title='bbox 603 1852 869 1907; x_wconf 89' lang='lat' dir='ltr'><strong>desolatos</strong></span> <span class='ocrx_word' id='word_1_219' title='bbox 894 1852 1111 1922; x_wconf 89' lang='lat' dir='ltr'><strong>reliqui;</strong></span> <span class='ocrx_word' id='word_1_220' title='bbox 1147 1861 1200 1906; x_wconf 91' lang='lat' dir='ltr'><strong>et</strong></span> <span class='ocrx_word' id='word_1_221' title='bbox 1232 1852 1286 1908; x_wconf 89' lang='lat' dir='ltr'><strong>in</strong></span> <span class='ocrx_word' id='word_1_222' title='bbox 1315 1851 1586 1908; x_wconf 88' lang='lat' dir='ltr'><strong>stillicidio</strong></span> <span class='ocrx_word' id='word_1_223' title='bbox 1608 1848 1766 1920; x_wconf 81' lang='lat' dir='ltr'><strong>juxta</strong></span> <span class='ocrx_word' id='word_1_224' title='bbox 1792 1852 2084 1906; x_wconf 88' lang='lat' dir='ltr'><strong>oratorium</strong></span> 
     </span>
    </p>
   </div>
   <div class='ocr_carea' id='block_1_34' title="bbox 2188 1844 3778 1922">
    <p class='ocr_par' dir='ltr' id='par_1_34' title="bbox 2264 1844 3778 1917">
     <span class='ocr_line' id='line_1_34' title="bbox 2264 1844 3778 1917; baseline 0.005 -18"><span class='ocrx_word' id='word_1_225' title='bbox 2264 1844 2353 1899; x_wconf 71' lang='lat'><strong>22.</strong></span> <span class='ocrx_word' id='word_1_226' title='bbox 2396 1845 2740 1900; x_wconf 88' lang='lat' dir='ltr'><strong>Translatum</strong></span> <span class='ocrx_word' id='word_1_227' title='bbox 2770 1854 2854 1900; x_wconf 90' lang='lat' dir='ltr'><strong>est</strong></span> <span class='ocrx_word' id='word_1_228' title='bbox 2881 1852 3061 1900; x_wconf 89' lang='lat' dir='ltr'><strong>autem</strong></span> <span class='ocrx_word' id='word_1_229' title='bbox 3096 1860 3291 1917; x_wconf 87' lang='lat' dir='ltr'><strong>corpus</strong></span> <span class='ocrx_word' id='word_1_230' title='bbox 3330 1847 3444 1917; x_wconf 85' lang='lat' dir='ltr'><strong>ejus</strong></span> <span class='ocrx_word' id='word_1_231' title='bbox 3486 1865 3521 1902; x_wconf 90' lang='lat' dir='ltr'><strong>a</strong></span> <span class='ocrx_word' id='word_1_232' title='bbox 3573 1851 3778 1906; x_wconf 61' lang='lat' dir='ltr'><strong>stillicio</strong></span> 
     </span>
    </p>
   </div>
   <div class='ocr_carea' id='block_1_35' title="bbox 521 1941 2096 2011">
    <p class='ocr_par' dir='ltr' id='par_1_35' title="bbox 521 1941 2096 2011">
     <span class='ocr_line' id='line_1_35' title="bbox 521 1941 2096 2011; baseline -0.002 -12"><span class='ocrx_word' id='word_1_233' title='bbox 521 1942 668 1999; x_wconf 88' lang='lat' dir='ltr'><strong>beati</strong></span> <span class='ocrx_word' id='word_1_234' title='bbox 712 1942 940 1997; x_wconf 78' lang='lat' dir='ltr'><strong>Andreae</strong></span> <span class='ocrx_word' id='word_1_235' title='bbox 973 1943 1026 1996; x_wconf 93' lang='lat' dir='ltr'><strong>in</strong></span> <span class='ocrx_word' id='word_1_236' title='bbox 1054 1942 1262 2011; x_wconf 90' lang='lat' dir='ltr'><strong>lapideo</strong></span> <span class='ocrx_word' id='word_1_237' title='bbox 1315 1942 1557 2007; x_wconf 91' lang='lat' dir='ltr'><strong>tumulo,</strong></span> <span class='ocrx_word' id='word_1_238' title='bbox 1601 1957 1762 2010; x_wconf 87' lang='lat' dir='ltr'><strong>quem</strong></span> <span class='ocrx_word' id='word_1_239' title='bbox 1803 1941 1958 1995; x_wconf 89' lang='lat' dir='ltr'><strong>vivus</strong></span> <span class='ocrx_word' id='word_1_240' title='bbox 1994 1942 2096 1997; x_wconf 89' lang='lat' dir='ltr'><strong>sibi</strong></span> 
     </span>
    </p>
   </div>
   <div class='ocr_carea' id='block_1_36' title="bbox 522 2033 2096 2103">
    <p class='ocr_par' dir='ltr' id='par_1_36' title="bbox 522 2033 2096 2103">
     <span class='ocr_line' id='line_1_36' title="bbox 522 2033 2096 2103; baseline 0.001 -15"><span class='ocrx_word' id='word_1_241' title='bbox 522 2040 919 2099; x_wconf 82' lang='lat' dir='ltr'><strong>construxerat,</strong></span> <span class='ocrx_word' id='word_1_242' title='bbox 943 2033 1236 2088; x_wconf 87' lang='lat' dir='ltr'><strong>honoriﬁce</strong></span> <span class='ocrx_word' id='word_1_243' title='bbox 1257 2033 1495 2103; x_wconf 88' lang='lat' dir='ltr'><strong>sepultus</strong></span> <span class='ocrx_word' id='word_1_244' title='bbox 1508 2043 1592 2088; x_wconf 90' lang='lat' dir='ltr'><strong>est</strong></span> <span class='ocrx_word' id='word_1_245' title='bbox 1615 2050 1629 2086; x_wconf 90' lang='lat'><strong>:</strong></span> <span class='ocrx_word' id='word_1_246' title='bbox 1662 2033 1753 2089; x_wconf 90' lang='lat' dir='ltr'><strong>ubi</strong></span> <span class='ocrx_word' id='word_1_247' title='bbox 1782 2048 1889 2088; x_wconf 91' lang='lat' dir='ltr'><strong>non</strong></span> <span class='ocrx_word' id='word_1_248' title='bbox 1914 2034 2096 2090; x_wconf 87' lang='lat' dir='ltr'><strong>minus</strong></span> 
     </span>
    </p>
   </div>
   <div class='ocr_carea' id='block_1_37' title="bbox 521 2124 2094 2197">
    <p class='ocr_par' dir='ltr' id='par_1_37' title="bbox 521 2124 2094 2197">
     <span class='ocr_line' id='line_1_37' title="bbox 521 2124 2094 2197; baseline 0 -18"><span class='ocrx_word' id='word_1_249' title='bbox 521 2135 645 2195; x_wconf 92' lang='lat' dir='ltr'><strong>post</strong></span> <span class='ocrx_word' id='word_1_250' title='bbox 666 2132 892 2181; x_wconf 85' lang='lat' dir='ltr'><strong>mortem</strong></span> <span class='ocrx_word' id='word_1_251' title='bbox 918 2140 1072 2197; x_wconf 82' lang='lat' dir='ltr'><strong>suam</strong></span> <span class='ocrx_word' id='word_1_252' title='bbox 1100 2140 1261 2194; x_wconf 89' lang='lat' dir='ltr'><strong>quam</strong></span> <span class='ocrx_word' id='word_1_253' title='bbox 1299 2125 1353 2178; x_wconf 90' lang='lat' dir='ltr'><strong>in</strong></span> <span class='ocrx_word' id='word_1_254' title='bbox 1381 2125 1491 2179; x_wconf 90' lang='lat' dir='ltr'><strong>vita</strong></span> <span class='ocrx_word' id='word_1_255' title='bbox 1539 2138 1656 2189; x_wconf 90' lang='lat' dir='ltr'><strong>sua,</strong></span> <span class='ocrx_word' id='word_1_256' title='bbox 1684 2124 1874 2194; x_wconf 88' lang='lat' dir='ltr'><strong>quanti</strong></span> <span class='ocrx_word' id='word_1_257' title='bbox 1916 2124 2094 2179; x_wconf 89' lang='lat' dir='ltr'><strong>meriti</strong></span> 
     </span>
    </p>
   </div>
   <div class='ocr_carea' id='block_1_38' title="bbox 523 2212 2092 2284">
    <p class='ocr_par' dir='ltr' id='par_1_38' title="bbox 523 2212 2092 2284">
     <span class='ocr_line' id='line_1_38' title="bbox 523 2212 2092 2284; baseline 0.002 -17"><span class='ocrx_word' id='word_1_258' title='bbox 523 2212 687 2270; x_wconf 87' lang='lat' dir='ltr'><strong>fuerit</strong></span> <span class='ocrx_word' id='word_1_259' title='bbox 717 2228 903 2270; x_wconf 85' lang='lat' dir='ltr'><strong>servus</strong></span> <span class='ocrx_word' id='word_1_260' title='bbox 944 2213 1081 2284; x_wconf 84' lang='lat' dir='ltr'><strong>ejus,</strong></span> <span class='ocrx_word' id='word_1_261' title='bbox 1119 2214 1377 2270; x_wconf 89' lang='lat' dir='ltr'><strong>Dominus</strong></span> <span class='ocrx_word' id='word_1_262' title='bbox 1412 2229 1511 2282; x_wconf 91' lang='lat' dir='ltr'><strong>per</strong></span> <span class='ocrx_word' id='word_1_263' title='bbox 1565 2213 1794 2283; x_wconf 89' lang='lat' dir='ltr'><strong>plurima</strong></span> <span class='ocrx_word' id='word_1_264' title='bbox 1834 2215 2092 2270; x_wconf 89' lang='lat' dir='ltr'><strong>virtutum</strong></span> 
     </span>
    </p>
   </div>
   <div class='ocr_carea' id='block_1_39' title="bbox 532 2303 1525 2362">
    <p class='ocr_par' dir='ltr' id='par_1_39' title="bbox 532 2303 1525 2362">
     <span class='ocr_line' id='line_1_39' title="bbox 532 2303 1525 2362; baseline -0.002 -3"><span class='ocrx_word' id='word_1_265' title='bbox 532 2312 588 2359; x_wconf 90' lang='lat' dir='ltr'><strong>et</strong></span> <span class='ocrx_word' id='word_1_266' title='bbox 609 2304 985 2360; x_wconf 86' lang='lat' dir='ltr'><strong>miraculorum</strong></span> <span class='ocrx_word' id='word_1_267' title='bbox 999 2303 1286 2362; x_wconf 81' lang='lat' dir='ltr'><strong>declaravit</strong></span> <span class='ocrx_word' id='word_1_268' title='bbox 1308 2304 1525 2359; x_wconf 91' lang='lat' dir='ltr'><strong>indicia.</strong></span> 
     </span>
    </p>
   </div>
   <div class='ocr_carea' id='block_1_40' title="bbox 589 2389 2095 2464">
    <p class='ocr_par' dir='ltr' id='par_1_40' title="bbox 589 2389 2095 2464">
     <span class='ocr_line' id='line_1_40' title="bbox 589 2389 2095 2464; baseline 0.003 -16"><span class='ocrx_word' id='word_1_269' title='bbox 589 2394 679 2450; x_wconf 78' lang='lat'><strong>20.</strong></span> <span class='ocrx_word' id='word_1_270' title='bbox 719 2394 845 2450; x_wconf 89' lang='lat' dir='ltr'><strong>Post</strong></span> <span class='ocrx_word' id='word_1_271' title='bbox 867 2395 1082 2451; x_wconf 89' lang='lat' dir='ltr'><strong>beatum</strong></span> <span class='ocrx_word' id='word_1_272' title='bbox 1125 2389 1399 2451; x_wconf 84' lang='lat' dir='ltr'><strong>Aldricum</strong></span> <span class='ocrx_word' id='word_1_273' title='bbox 1428 2395 1699 2464; x_wconf 64' lang='lat' dir='ltr'><strong>praedicta:</strong></span> <span class='ocrx_word' id='word_1_274' title='bbox 1738 2396 1889 2451; x_wconf 89' lang='lat' dir='ltr'><strong>urbis</strong></span> <span class='ocrx_word' id='word_1_275' title='bbox 1913 2398 2095 2452; x_wconf 88' lang='lat' dir='ltr'><strong>cathe-</strong></span> 
     </span>
    </p>
   </div>
   <div class='ocr_carea' id='block_1_41' title="bbox 518 2484 2094 2558">
    <p class='ocr_par' dir='ltr' id='par_1_41' title="bbox 518 2484 2094 2558">
     <span class='ocr_line' id='line_1_41' title="bbox 518 2484 2094 2558; baseline 0.001 -17"><span class='ocrx_word' id='word_1_276' title='bbox 518 2484 672 2541; x_wconf 86' lang='lat' dir='ltr'><strong>dram</strong></span> <span class='ocrx_word' id='word_1_277' title='bbox 702 2485 925 2540; x_wconf 87' lang='lat' dir='ltr'><strong>sortitus</strong></span> <span class='ocrx_word' id='word_1_278' title='bbox 967 2493 1050 2541; x_wconf 89' lang='lat' dir='ltr'><strong>est</strong></span> <span class='ocrx_word' id='word_1_279' title='bbox 1077 2484 1380 2540; x_wconf 83' lang='lat' dir='ltr'><strong>cheaulus</strong></span> <span class='ocrx_word' id='word_1_280' title='bbox 1420 2496 1467 2551; x_wconf 81' lang='grc' dir='ltr'><strong>ο,</strong></span> <span class='ocrx_word' id='word_1_281' title='bbox 1496 2501 1656 2555; x_wconf 89' lang='lat' dir='ltr'><strong>quem</strong></span> <span class='ocrx_word' id='word_1_282' title='bbox 1684 2487 1797 2556; x_wconf 90' lang='lat' dir='ltr'><strong>ipse</strong></span> <span class='ocrx_word' id='word_1_283' title='bbox 1843 2502 1983 2558; x_wconf 67' lang='lat' dir='ltr'><strong>saepe</strong></span> <span class='ocrx_word' id='word_1_284' title='bbox 2013 2489 2094 2543; x_wconf 91' lang='lat' dir='ltr'><strong>di-</strong></span> 
     </span>
    </p>
   </div>
   <div class='ocr_carea' id='block_1_42' title="bbox 517 2575 2093 2647">
    <p class='ocr_par' dir='ltr' id='par_1_42' title="bbox 517 2575 2093 2647">
     <span class='ocr_line' id='line_1_42' title="bbox 517 2575 2093 2647; baseline 0.001 -16"><span class='ocrx_word' id='word_1_285' title='bbox 517 2584 606 2631; x_wconf 92' lang='lat' dir='ltr'><strong>cto</strong></span> <span class='ocrx_word' id='word_1_286' title='bbox 635 2578 962 2631; x_wconf 88' lang='lat' dir='ltr'><strong>monasterio</strong></span> <span class='ocrx_word' id='word_1_287' title='bbox 984 2575 1230 2631; x_wconf 89' lang='lat' dir='ltr'><strong>abbatem</strong></span> <span class='ocrx_word' id='word_1_288' title='bbox 1268 2575 1604 2646; x_wconf 83' lang='lat' dir='ltr'><strong>praefecerat.</strong></span> <span class='ocrx_word' id='word_1_289' title='bbox 1636 2575 1738 2632; x_wconf 85' lang='lat' dir='ltr'><strong>Hic</strong></span> <span class='ocrx_word' id='word_1_290' title='bbox 1787 2576 1951 2647; x_wconf 86' lang='lat' dir='ltr'><strong>igitur</strong></span> <span class='ocrx_word' id='word_1_291' title='bbox 1995 2578 2093 2633; x_wconf 81' lang='lat' dir='ltr'><strong>ho-</strong></span> 
     </span>
    </p>
   </div>
   <div class='ocr_carea' id='block_1_43' title="bbox 515 2668 2093 2739">
    <p class='ocr_par' dir='ltr' id='par_1_43' title="bbox 515 2668 2093 2739">
     <span class='ocr_line' id='line_1_43' title="bbox 515 2668 2093 2739; baseline 0.001 -16"><span class='ocrx_word' id='word_1_292' title='bbox 515 2682 712 2724; x_wconf 92' lang='lat' dir='ltr'><strong>norum</strong></span> <span class='ocrx_word' id='word_1_293' title='bbox 753 2675 971 2723; x_wconf 90' lang='lat' dir='ltr'><strong>actuum</strong></span> <span class='ocrx_word' id='word_1_294' title='bbox 992 2668 1267 2724; x_wconf 83' lang='lat' dir='ltr'><strong>exercitiis</strong></span> <span class='ocrx_word' id='word_1_295' title='bbox 1301 2668 1646 2739; x_wconf 87' lang='lat' dir='ltr'><strong>pervigilans,</strong></span> <span class='ocrx_word' id='word_1_296' title='bbox 1675 2677 1730 2724; x_wconf 90' lang='lat' dir='ltr'><strong>et</strong></span> <span class='ocrx_word' id='word_1_297' title='bbox 1757 2677 1939 2725; x_wconf 89' lang='lat' dir='ltr'><strong>mente</strong></span> <span class='ocrx_word' id='word_1_298' title='bbox 1981 2685 2093 2725; x_wconf 69' lang='lat' dir='ltr'><strong>ca:-</strong></span> 
     </span>
    </p>
   </div>
   <div class='ocr_carea' id='block_1_44' title="bbox 513 2756 2091 2830">
    <p class='ocr_par' dir='ltr' id='par_1_44' title="bbox 513 2756 2091 2830">
     <span class='ocr_line' id='line_1_44' title="bbox 513 2756 2091 2830; baseline 0.004 -19"><span class='ocrx_word' id='word_1_299' title='bbox 513 2756 740 2814; x_wconf 89' lang='lat' dir='ltr'><strong>lestibus</strong></span> <span class='ocrx_word' id='word_1_300' title='bbox 768 2756 1035 2814; x_wconf 86' lang='lat' dir='ltr'><strong>inhaerens</strong></span> <span class='ocrx_word' id='word_1_301' title='bbox 1072 2758 1327 2814; x_wconf 90' lang='lat' dir='ltr'><strong>divinitus</strong></span> <span class='ocrx_word' id='word_1_302' title='bbox 1352 2759 1636 2828; x_wconf 88' lang='lat' dir='ltr'><strong>comperit,</strong></span> <span class='ocrx_word' id='word_1_303' title='bbox 1665 2760 1758 2815; x_wconf 91' lang='lat' dir='ltr'><strong>ubi</strong></span> <span class='ocrx_word' id='word_1_304' title='bbox 1788 2761 2091 2830; x_wconf 89' lang='lat' dir='ltr'><strong>requiesce-</strong></span> 
     </span>
    </p>
   </div>
   <div class='ocr_carea' id='block_1_45' title="bbox 515 2849 2087 2918">
    <p class='ocr_par' dir='ltr' id='par_1_45' title="bbox 515 2849 2087 2918">
     <span class='ocr_line' id='line_1_45' title="bbox 515 2849 2087 2918; baseline 0.003 -17"><span class='ocrx_word' id='word_1_305' title='bbox 515 2853 638 2901; x_wconf 90' lang='lat' dir='ltr'><strong>rent</strong></span> <span class='ocrx_word' id='word_1_306' title='bbox 663 2861 887 2916; x_wconf 87' lang='lat' dir='ltr'><strong>corpora</strong></span> <span class='ocrx_word' id='word_1_307' title='bbox 914 2855 1218 2902; x_wconf 87' lang='lat' dir='ltr'><strong>sanctorum</strong></span> <span class='ocrx_word' id='word_1_308' title='bbox 1245 2856 1564 2918; x_wconf 87' lang='lat' dir='ltr'><strong>martyrum,</strong></span> <span class='ocrx_word' id='word_1_309' title='bbox 1584 2849 1793 2905; x_wconf 87' lang='lat' dir='ltr'><strong>scilicet</strong></span> <span class='ocrx_word' id='word_1_310' title='bbox 1811 2849 2087 2906; x_wconf 89' lang='lat' dir='ltr'><strong>Saviniani</strong></span> 
     </span>
    </p>
   </div>
   <div class='ocr_carea' id='block_1_46' title="bbox 515 2935 2089 3011">
    <p class='ocr_par' dir='ltr' id='par_1_46' title="bbox 515 2935 2089 3011">
     <span class='ocr_line' id='line_1_46' title="bbox 515 2935 2089 3011; baseline 0.004 -19"><span class='ocrx_word' id='word_1_311' title='bbox 515 2944 572 2992; x_wconf 91' lang='lat' dir='ltr'><strong>et</strong></span> <span class='ocrx_word' id='word_1_312' title='bbox 606 2935 909 2991; x_wconf 88' lang='lat' dir='ltr'><strong>Potentiani</strong></span> <span class='ocrx_word' id='word_1_313' title='bbox 934 2977 950 3003; x_wconf 92' lang='lat'><strong>,</strong></span> <span class='ocrx_word' id='word_1_314' title='bbox 997 2937 1217 2993; x_wconf 87' lang='lat' dir='ltr'><strong>Eodaldi</strong></span> <span class='ocrx_word' id='word_1_315' title='bbox 1271 2948 1328 2993; x_wconf 90' lang='lat' dir='ltr'><strong>et</strong></span> <span class='ocrx_word' id='word_1_316' title='bbox 1358 2938 1595 2996; x_wconf 90' lang='lat' dir='ltr'><strong>Serotini</strong></span> <span class='ocrx_word' id='word_1_317' title='bbox 1630 2955 1646 2995; x_wconf 90' lang='lat'><strong>:</strong></span> <span class='ocrx_word' id='word_1_318' title='bbox 1682 2956 1911 3011; x_wconf 90' lang='lat' dir='ltr'><strong>quorum</strong></span> <span class='ocrx_word' id='word_1_319' title='bbox 1938 2958 2089 2999; x_wconf 84' lang='lat' dir='ltr'><strong>reve-</strong></span> 
     </span>
    </p>
   </div>
   <div class='ocr_carea' id='block_1_47' title="bbox 513 3028 2088 3104">
    <p class='ocr_par' dir='ltr' id='par_1_47' title="bbox 513 3028 2088 3104">
     <span class='ocr_line' id='line_1_47' title="bbox 513 3028 2088 3104; baseline 0.007 -23"><span class='ocrx_word' id='word_1_320' title='bbox 513 3028 692 3084; x_wconf 87' lang='lat' dir='ltr'><strong>rentia</strong></span> <span class='ocrx_word' id='word_1_321' title='bbox 716 3043 783 3083; x_wconf 91' lang='lat' dir='ltr'><strong>ne</strong></span> <span class='ocrx_word' id='word_1_322' title='bbox 809 3036 1050 3099; x_wconf 89' lang='lat' dir='ltr'><strong>tempore</strong></span> <span class='ocrx_word' id='word_1_323' title='bbox 1075 3037 1132 3085; x_wconf 91' lang='lat' dir='ltr'><strong>et</strong></span> <span class='ocrx_word' id='word_1_324' title='bbox 1157 3030 1401 3099; x_wconf 80' lang='lat' dir='ltr'><strong>neglectu</strong></span> <span class='ocrx_word' id='word_1_325' title='bbox 1427 3032 1817 3100; x_wconf 89' lang='lat' dir='ltr'><strong>obsolesceret,</strong></span> <span class='ocrx_word' id='word_1_326' title='bbox 1860 3050 2088 3104; x_wconf 86' lang='lat' dir='ltr'><strong>corpora</strong></span> 
     </span>
    </p>
   </div>
   <div class='ocr_carea' id='block_1_48' title="bbox 512 3122 2088 3196">
    <p class='ocr_par' dir='ltr' id='par_1_48' title="bbox 512 3122 2088 3196">
     <span class='ocr_line' id='line_1_48' title="bbox 512 3122 2088 3196; baseline 0.004 -19"><span class='ocrx_word' id='word_1_327' title='bbox 512 3122 794 3178; x_wconf 89' lang='lat' dir='ltr'><strong>beatorum</strong></span> <span class='ocrx_word' id='word_1_328' title='bbox 827 3129 1126 3193; x_wconf 87' lang='lat' dir='ltr'><strong>martyrum</strong></span> <span class='ocrx_word' id='word_1_329' title='bbox 1154 3124 1300 3179; x_wconf 90' lang='lat' dir='ltr'><strong>omni</strong></span> <span class='ocrx_word' id='word_1_330' title='bbox 1326 3140 1519 3196; x_wconf 89' lang='lat' dir='ltr'><strong>pompa</strong></span> <span class='ocrx_word' id='word_1_331' title='bbox 1554 3126 1780 3182; x_wconf 88' lang='lat' dir='ltr'><strong>solemni</strong></span> <span class='ocrx_word' id='word_1_332' title='bbox 1822 3128 1874 3182; x_wconf 91' lang='lat' dir='ltr'><strong>in</strong></span> <span class='ocrx_word' id='word_1_333' title='bbox 1919 3128 2088 3184; x_wconf 87' lang='lat' dir='ltr'><strong>eccle-</strong></span> 
     </span>
    </p>
   </div>
   <div class='ocr_carea' id='block_1_49' title="bbox 513 3212 2084 3288">
    <p class='ocr_par' dir='ltr' id='par_1_49' title="bbox 513 3212 2084 3288">
     <span class='ocr_line' id='line_1_49' title="bbox 513 3212 2084 3288; baseline 0.004 -20"><span class='ocrx_word' id='word_1_334' title='bbox 513 3213 594 3268; x_wconf 90' lang='lat' dir='ltr'><strong>sia</strong></span> <span class='ocrx_word' id='word_1_335' title='bbox 635 3213 805 3268; x_wconf 88' lang='lat' dir='ltr'><strong>sancti</strong></span> <span class='ocrx_word' id='word_1_336' title='bbox 865 3212 1010 3269; x_wconf 91' lang='lat' dir='ltr'><strong>Petri</strong></span> <span class='ocrx_word' id='word_1_337' title='bbox 1070 3214 1458 3272; x_wconf 87' lang='lat' dir='ltr'><strong>honorabiliter</strong></span> <span class='ocrx_word' id='word_1_338' title='bbox 1507 3217 1810 3273; x_wconf 88' lang='lat' dir='ltr'><strong>collocavit.</strong></span> <span class='ocrx_word' id='word_1_339' title='bbox 1877 3219 2084 3288; x_wconf 87' lang='lat' dir='ltr'><strong>Corpus</strong></span> 
     </span>
    </p>
   </div>
   <div class='ocr_carea' id='block_1_50' title="bbox 512 3304 2085 3377">
    <p class='ocr_par' dir='ltr' id='par_1_50' title="bbox 512 3304 2085 3377">
     <span class='ocr_line' id='line_1_50' title="bbox 512 3304 2085 3377; baseline 0.004 -18"><span class='ocrx_word' id='word_1_340' title='bbox 512 3304 674 3359; x_wconf 88' lang='lat' dir='ltr'><strong>etiam</strong></span> <span class='ocrx_word' id='word_1_341' title='bbox 719 3304 867 3359; x_wconf 89' lang='lat' dir='ltr'><strong>beati</strong></span> <span class='ocrx_word' id='word_1_342' title='bbox 911 3305 1045 3376; x_wconf 88' lang='lat' dir='ltr'><strong>Lupi</strong></span> <span class='ocrx_word' id='word_1_343' title='bbox 1087 3304 1361 3362; x_wconf 89' lang='lat' dir='ltr'><strong>Senonum</strong></span> <span class='ocrx_word' id='word_1_344' title='bbox 1408 3308 1676 3377; x_wconf 63' lang='lat' dir='ltr'><strong>przesulis’,</strong></span> <span class='ocrx_word' id='word_1_345' title='bbox 1703 3318 1759 3363; x_wconf 90' lang='lat' dir='ltr'><strong>et</strong></span> <span class='ocrx_word' id='word_1_346' title='bbox 1787 3307 1957 3364; x_wconf 77' lang='lat' dir='ltr'><strong>beatae</strong></span> <span class='ocrx_word' id='word_1_347' title='bbox 1981 3308 2085 3366; x_wconf 89' lang='lat' dir='ltr'><strong>Co-</strong></span> 
     </span>
    </p>
   </div>
   <div class='ocr_carea' id='block_1_51' title="bbox 511 3393 2082 3472">
    <p class='ocr_par' dir='ltr' id='par_1_51' title="bbox 511 3393 2082 3472">
     <span class='ocr_line' id='line_1_51' title="bbox 511 3393 2082 3472; baseline 0.006 -23"><span class='ocrx_word' id='word_1_348' title='bbox 511 3393 706 3450; x_wconf 83' lang='lat' dir='ltr'><strong>lumbae</strong></span> <span class='ocrx_word' id='word_1_349' title='bbox 729 3395 969 3467; x_wconf 86' lang='lat' dir='ltr'><strong>virginis,</strong></span> <span class='ocrx_word' id='word_1_350' title='bbox 987 3412 1107 3466; x_wconf 82' lang='lat' dir='ltr'><strong>quae</strong></span> <span class='ocrx_word' id='word_1_351' title='bbox 1133 3398 1232 3453; x_wconf 91' lang='lat' dir='ltr'><strong>sub</strong></span> <span class='ocrx_word' id='word_1_352' title='bbox 1252 3396 1541 3454; x_wconf 87' lang='lat' dir='ltr'><strong>Aureliano</strong></span> <span class='ocrx_word' id='word_1_353' title='bbox 1570 3399 1894 3470; x_wconf 90' lang='lat' dir='ltr'><strong>imperatore</strong></span> <span class='ocrx_word' id='word_1_354' title='bbox 1920 3417 2082 3472; x_wconf 89' lang='lat' dir='ltr'><strong>passa</strong></span> 
     </span>
    </p>
   </div>
   <div class='ocr_carea' id='block_1_52' title="bbox 509 3488 2081 3557">
    <p class='ocr_par' dir='ltr' id='par_1_52' title="bbox 509 3488 2081 3557">
     <span class='ocr_line' id='line_1_52' title="bbox 509 3488 2081 3557; baseline 0.004 -15"><span class='ocrx_word' id='word_1_355' title='bbox 509 3495 593 3544; x_wconf 87' lang='lat' dir='ltr'><strong>est</strong></span> <span class='ocrx_word' id='word_1_356' title='bbox 617 3496 673 3543; x_wconf 91' lang='lat' dir='ltr'><strong>et</strong></span> <span class='ocrx_word' id='word_1_357' title='bbox 708 3488 896 3555; x_wconf 89' lang='lat' dir='ltr'><strong>altera,</strong></span> <span class='ocrx_word' id='word_1_358' title='bbox 928 3491 1220 3557; x_wconf 86' lang='lat' dir='ltr'><strong>transtulit,</strong></span> <span class='ocrx_word' id='word_1_359' title='bbox 1256 3499 1311 3547; x_wconf 90' lang='lat' dir='ltr'><strong>et</strong></span> <span class='ocrx_word' id='word_1_360' title='bbox 1339 3491 1393 3546; x_wconf 92' lang='lat' dir='ltr'><strong>in</strong></span> <span class='ocrx_word' id='word_1_361' title='bbox 1435 3491 1613 3547; x_wconf 90' lang='lat' dir='ltr'><strong>locum</strong></span> <span class='ocrx_word' id='word_1_362' title='bbox 1644 3494 1965 3556; x_wconf 89' lang='lat' dir='ltr'><strong>recondidit,</strong></span> <span class='ocrx_word' id='word_1_363' title='bbox 1988 3494 2081 3550; x_wconf 93' lang='lat' dir='ltr'><strong>ubi</strong></span> 
     </span>
    </p>
   </div>
   <div class='ocr_carea' id='block_1_53' title="bbox 509 3579 2082 3648">
    <p class='ocr_par' dir='ltr' id='par_1_53' title="bbox 509 3579 2082 3648">
     <span class='ocr_line' id='line_1_53' title="bbox 509 3579 2082 3648; baseline 0.006 -15"><span class='ocrx_word' id='word_1_364' title='bbox 509 3593 680 3648; x_wconf 89' lang='lat' dir='ltr'><strong>usque</strong></span> <span class='ocrx_word' id='word_1_365' title='bbox 712 3579 765 3633; x_wconf 93' lang='lat' dir='ltr'><strong>in</strong></span> <span class='ocrx_word' id='word_1_366' title='bbox 792 3580 1110 3636; x_wconf 89' lang='lat' dir='ltr'><strong>hodiernum</strong></span> <span class='ocrx_word' id='word_1_367' title='bbox 1141 3581 1282 3637; x_wconf 91' lang='lat' dir='ltr'><strong>diem</strong></span> <span class='ocrx_word' id='word_1_368' title='bbox 1311 3584 1391 3638; x_wconf 91' lang='lat' dir='ltr'><strong>eis</strong></span> <span class='ocrx_word' id='word_1_369' title='bbox 1412 3583 1588 3639; x_wconf 88' lang='lat' dir='ltr'><strong>debita</strong></span> <span class='ocrx_word' id='word_1_370' title='bbox 1614 3584 1903 3641; x_wconf 80' lang='lat' dir='ltr'><strong>exhibetur</strong></span> <span class='ocrx_word' id='word_1_371' title='bbox 1929 3600 2082 3643; x_wconf 89' lang='lat' dir='ltr'><strong>reve-</strong></span> 
     </span>
    </p>
   </div>
   <div class='ocr_carea' id='block_1_54' title="bbox 509 3668 2080 3746">
    <p class='ocr_par' dir='ltr' id='par_1_54' title="bbox 509 3668 2080 3746">
     <span class='ocr_line' id='line_1_54' title="bbox 509 3668 2080 3746; baseline 0.005 -22"><span class='ocrx_word' id='word_1_372' title='bbox 509 3668 702 3724; x_wconf 84' lang='lat' dir='ltr'><strong>rentia.</strong></span> <span class='ocrx_word' id='word_1_373' title='bbox 750 3668 992 3725; x_wconf 75' lang='lat' dir='ltr'><strong>Fabrica:</strong></span> <span class='ocrx_word' id='word_1_374' title='bbox 1018 3685 1232 3741; x_wconf 90' lang='lat' dir='ltr'><strong>quoque</strong></span> <span class='ocrx_word' id='word_1_375' title='bbox 1259 3687 1420 3742; x_wconf 88' lang='lat' dir='ltr'><strong>quam</strong></span> <span class='ocrx_word' id='word_1_376' title='bbox 1455 3673 1644 3729; x_wconf 88' lang='lat' dir='ltr'><strong>beatus</strong></span> <span class='ocrx_word' id='word_1_377' title='bbox 1666 3673 1915 3731; x_wconf 86' lang='lat' dir='ltr'><strong>Aldricus</strong></span> <span class='ocrx_word' id='word_1_378' title='bbox 1938 3692 2080 3746; x_wconf 62' lang='lat' dir='ltr'><strong>prm-</strong></span> 
     </span>
    </p>
   </div>
   <div class='ocr_carea' id='block_1_55' title="bbox 509 3759 2082 3831">
    <p class='ocr_par' dir='ltr' id='par_1_55' title="bbox 509 3759 2082 3831">
     <span class='ocr_line' id='line_1_55' title="bbox 509 3759 2082 3831; baseline 0.006 -17"><span class='ocrx_word' id='word_1_379' title='bbox 509 3759 761 3814; x_wconf 89' lang='lat' dir='ltr'><strong>decessor</strong></span> <span class='ocrx_word' id='word_1_380' title='bbox 785 3774 914 3814; x_wconf 88' lang='lat' dir='ltr'><strong>suus</strong></span> <span class='ocrx_word' id='word_1_381' title='bbox 948 3761 1086 3830; x_wconf 87' lang='lat' dir='ltr'><strong>apud</strong></span> <span class='ocrx_word' id='word_1_382' title='bbox 1116 3761 1354 3818; x_wconf 79' lang='lat' dir='ltr'><strong>Valerias</strong></span> <span class='ocrx_word' id='word_1_383' title='bbox 1374 3763 1744 3831; x_wconf 86' lang='lat' dir='ltr'><strong>inchoaverat,</strong></span> <span class='ocrx_word' id='word_1_384' title='bbox 1773 3781 1933 3821; x_wconf 89' lang='lat' dir='ltr'><strong>manu</strong></span> <span class='ocrx_word' id='word_1_385' title='bbox 1956 3782 2082 3823; x_wconf 84' lang='lat' dir='ltr'><strong>con-</strong></span> 
     </span>
    </p>
   </div>
   <div class='ocr_carea' id='block_1_56' title="bbox 509 3851 1376 3925">
    <p class='ocr_par' dir='ltr' id='par_1_56' title="bbox 509 3851 1376 3925">
     <span class='ocr_line' id='line_1_56' title="bbox 509 3851 1376 3925; baseline 0.002 -19"><span class='ocrx_word' id='word_1_386' title='bbox 509 3851 887 3906; x_wconf 87' lang='lat' dir='ltr'><strong>summationis</strong></span> <span class='ocrx_word' id='word_1_387' title='bbox 916 3851 1075 3909; x_wconf 91' lang='lat' dir='ltr'><strong>ﬁnem</strong></span> <span class='ocrx_word' id='word_1_388' title='bbox 1101 3855 1376 3925; x_wconf 87' lang='lat' dir='ltr'><strong>apposuit.</strong></span> 
     </span>
    </p>
   </div>
   <div class='ocr_carea' id='block_1_57' title="bbox 580 3939 2079 4014">
    <p class='ocr_par' dir='ltr' id='par_1_57' title="bbox 580 3939 2079 4014">
     <span class='ocr_line' id='line_1_57' title="bbox 580 3939 2079 4014; baseline 0.007 -21"><span class='ocrx_word' id='word_1_389' title='bbox 580 3940 671 3994; x_wconf 77' lang='lat' dir='ltr'><strong>2t.</strong></span> <span class='ocrx_word' id='word_1_390' title='bbox 708 3939 947 3996; x_wconf 87' lang='lat' dir='ltr'><strong>Fuerunt</strong></span> <span class='ocrx_word' id='word_1_391' title='bbox 1007 3951 1187 3999; x_wconf 91' lang='lat' dir='ltr'><strong>autem</strong></span> <span class='ocrx_word' id='word_1_392' title='bbox 1243 3945 1299 3999; x_wconf 90' lang='lat' dir='ltr'><strong>in</strong></span> <span class='ocrx_word' id='word_1_393' title='bbox 1349 3946 1609 4014; x_wconf 66' lang='lat' dir='ltr'><strong>praedicto</strong></span> <span class='ocrx_word' id='word_1_394' title='bbox 1673 3947 1918 4002; x_wconf 87' lang='lat' dir='ltr'><strong>coenobio</strong></span> <span class='ocrx_word' id='word_1_395' title='bbox 1968 3956 2079 4003; x_wconf 90' lang='lat' dir='ltr'><strong>tres</strong></span> 
     </span>
    </p>
   </div>
   <div class='ocr_carea' id='block_1_58' title="bbox 504 4026 2076 4104">
    <p class='ocr_par' dir='ltr' id='par_1_58' title="bbox 504 4026 2076 4104">
     <span class='ocr_line' id='line_1_58' title="bbox 504 4026 2076 4104; baseline 0.004 -21"><span class='ocrx_word' id='word_1_396' title='bbox 504 4026 753 4098; x_wconf 86' lang='lat' dir='ltr'><strong>juvenes,</strong></span> <span class='ocrx_word' id='word_1_397' title='bbox 777 4028 1052 4087; x_wconf 85' lang='lat' dir='ltr'><strong>Gauberto</strong></span> <span class='ocrx_word' id='word_1_398' title='bbox 1080 4031 1144 4096; x_wconf 77' lang='grc' dir='ltr'>ἀ,</span> <span class='ocrx_word' id='word_1_399' title='bbox 1185 4033 1279 4101; x_wconf 91' lang='lat' dir='ltr'><strong>qui</strong></span> <span class='ocrx_word' id='word_1_400' title='bbox 1327 4032 1444 4101; x_wconf 87' lang='lat' dir='ltr'><strong>ejus</strong></span> <span class='ocrx_word' id='word_1_401' title='bbox 1487 4049 1676 4087; x_wconf 90' lang='lat' dir='ltr'><strong>curam</strong></span> <span class='ocrx_word' id='word_1_402' title='bbox 1732 4043 2076 4104; x_wconf 87' lang='lat' dir='ltr'><strong>susceperat,</strong></span> 
     </span>
    </p>
   </div>
   <div class='ocr_carea' id='block_1_59' title="bbox 502 4119 2078 4196">
    <p class='ocr_par' dir='ltr' id='par_1_59' title="bbox 502 4119 2078 4196">
     <span class='ocr_line' id='line_1_59' title="bbox 502 4119 2078 4196; baseline 0.004 -22"><span class='ocrx_word' id='word_1_403' title='bbox 502 4119 614 4192; x_wconf 86' lang='lat' dir='ltr'><strong>jugi</strong></span> <span class='ocrx_word' id='word_1_404' title='bbox 640 4121 896 4177; x_wconf 84' lang='lat' dir='ltr'><strong>famulatu</strong></span> <span class='ocrx_word' id='word_1_405' title='bbox 924 4124 1266 4190; x_wconf 89' lang='lat' dir='ltr'><strong>assistentes,</strong></span> <span class='ocrx_word' id='word_1_406' title='bbox 1319 4126 1409 4194; x_wconf 87' lang='lat' dir='ltr'><strong>qui</strong></span> <span class='ocrx_word' id='word_1_407' title='bbox 1448 4126 1689 4196; x_wconf 87' lang='lat' dir='ltr'><strong>obsequii</strong></span> <span class='ocrx_word' id='word_1_408' title='bbox 1742 4125 2078 4181; x_wconf 76' lang='lat' dir='ltr'><strong>sedulitatem</strong></span> 
     </span>
    </p>
   </div>
   <div class='ocr_carea' id='block_1_60' title="bbox 506 4212 2075 4287">
    <p class='ocr_par' dir='ltr' id='par_1_60' title="bbox 506 4212 2075 4287">
     <span class='ocr_line' id='line_1_60' title="bbox 506 4212 2075 4287; baseline 0.001 -19"><span class='ocrx_word' id='word_1_409' title='bbox 506 4229 605 4284; x_wconf 89' lang='lat' dir='ltr'><strong>per</strong></span> <span class='ocrx_word' id='word_1_410' title='bbox 628 4213 753 4268; x_wconf 70' lang='lat' dir='ltr'><strong>vitae</strong></span> <span class='ocrx_word' id='word_1_411' title='bbox 774 4212 1050 4269; x_wconf 89' lang='lat' dir='ltr'><strong>lasciviam</strong></span> <span class='ocrx_word' id='word_1_412' title='bbox 1077 4213 1439 4280; x_wconf 87' lang='lat' dir='ltr'><strong>detrahentes,</strong></span> <span class='ocrx_word' id='word_1_413' title='bbox 1469 4215 1717 4272; x_wconf 90' lang='lat' dir='ltr'><strong>devotius</strong></span> <span class='ocrx_word' id='word_1_414' title='bbox 1746 4216 1883 4286; x_wconf 63' lang='lat' dir='ltr'><strong>gula}</strong></span> <span class='ocrx_word' id='word_1_415' title='bbox 1912 4232 2075 4287; x_wconf 90' lang='lat' dir='ltr'><strong>quam</strong></span> 
     </span>
    </p>
   </div>
   <div class='ocr_carea' id='block_1_61' title="bbox 510 4305 2075 4374">
    <p class='ocr_par' dir='ltr' id='par_1_61' title="bbox 510 4305 2075 4374">
     <span class='ocr_line' id='line_1_61' title="bbox 510 4305 2075 4374; baseline 0.003 -16"><span class='ocrx_word' id='word_1_416' title='bbox 510 4305 736 4361; x_wconf 90' lang='lat' dir='ltr'><strong>Domino</strong></span> <span class='ocrx_word' id='word_1_417' title='bbox 769 4305 1121 4373; x_wconf 80' lang='lat' dir='ltr'><strong>famulantes,</strong></span> <span class='ocrx_word' id='word_1_418' title='bbox 1170 4308 1450 4363; x_wconf 87' lang='lat' dir='ltr'><strong>monachis</strong></span> <span class='ocrx_word' id='word_1_419' title='bbox 1498 4309 1915 4374; x_wconf 89' lang='lat' dir='ltr'><strong>dormientibus,</strong></span> <span class='ocrx_word' id='word_1_420' title='bbox 1968 4309 2075 4363; x_wconf 89' lang='lat' dir='ltr'><strong>cibi</strong></span> 
     </span>
    </p>
   </div>
   <div class='ocr_carea' id='block_1_62' title="bbox 506 4396 2076 4469">
    <p class='ocr_par' dir='ltr' id='par_1_62' title="bbox 506 4396 2076 4469">
     <span class='ocr_line' id='line_1_62' title="bbox 506 4396 2076 4469; baseline 0.004 -21"><span class='ocrx_word' id='word_1_421' title='bbox 506 4405 772 4464; x_wconf 87' lang='lat' dir='ltr'><strong>potusque</strong></span> <span class='ocrx_word' id='word_1_422' title='bbox 818 4396 1035 4465; x_wconf 90' lang='lat' dir='ltr'><strong>crapula</strong></span> <span class='ocrx_word' id='word_1_423' title='bbox 1072 4413 1130 4452; x_wconf 90' lang='lat' dir='ltr'><strong>se</strong></span> <span class='ocrx_word' id='word_1_424' title='bbox 1183 4398 1602 4469; x_wconf 85' lang='lat' dir='ltr'><strong>ingurgitabant,</strong></span> <span class='ocrx_word' id='word_1_425' title='bbox 1632 4407 1686 4454; x_wconf 91' lang='lat' dir='ltr'><strong>et</strong></span> <span class='ocrx_word' id='word_1_426' title='bbox 1732 4399 1785 4453; x_wconf 91' lang='lat' dir='ltr'><strong>in</strong></span> <span class='ocrx_word' id='word_1_427' title='bbox 1831 4399 2076 4454; x_wconf 91' lang='lat' dir='ltr'><strong>ridiculis</strong></span> 
     </span>
    </p>
   </div>
   <div class='ocr_carea' id='block_1_63' title="bbox 507 4483 2076 4558">
    <p class='ocr_par' dir='ltr' id='par_1_63' title="bbox 507 4483 2076 4558">
     <span class='ocr_line' id='line_1_63' title="bbox 507 4483 2076 4558; baseline 0.006 -21"><span class='ocrx_word' id='word_1_428' title='bbox 507 4493 564 4537; x_wconf 89' lang='lat' dir='ltr'><strong>ct</strong></span> <span class='ocrx_word' id='word_1_429' title='bbox 591 4483 920 4538; x_wconf 88' lang='lat' dir='ltr'><strong>carminibus</strong></span> <span class='ocrx_word' id='word_1_430' title='bbox 956 4486 1203 4541; x_wconf 90' lang='lat' dir='ltr'><strong>obscenis</strong></span> <span class='ocrx_word' id='word_1_431' title='bbox 1241 4489 1626 4558; x_wconf 55' lang='lat' dir='ltr'><strong>intempestiva;</strong></span> <span class='ocrx_word' id='word_1_432' title='bbox 1683 4490 1858 4544; x_wconf 92' lang='lat' dir='ltr'><strong>noctis</strong></span> <span class='ocrx_word' id='word_1_433' title='bbox 1912 4491 2076 4546; x_wconf 86' lang='lat' dir='ltr'><strong>horas</strong></span> 
     </span>
    </p>
   </div>
   <div class='ocr_carea' id='block_1_64' title="bbox 507 4570 2077 4651">
    <p class='ocr_par' dir='ltr' id='par_1_64' title="bbox 507 4570 2077 4651">
     <span class='ocr_line' id='line_1_64' title="bbox 507 4570 2077 4651; baseline 0.007 -27"><span class='ocrx_word' id='word_1_434' title='bbox 507 4570 890 4640; x_wconf 85' lang='lat' dir='ltr'><strong>producebant.</strong></span> <span class='ocrx_word' id='word_1_435' title='bbox 935 4572 1147 4630; x_wconf 85' lang='lat' dir='ltr'><strong>Accidit</strong></span> <span class='ocrx_word' id='word_1_436' title='bbox 1186 4584 1363 4631; x_wconf 88' lang='lat' dir='ltr'><strong>autem</strong></span> <span class='ocrx_word' id='word_1_437' title='bbox 1396 4586 1457 4632; x_wconf 89' lang='lat' dir='ltr'><strong>ut</strong></span> <span class='ocrx_word' id='word_1_438' title='bbox 1484 4594 1673 4635; x_wconf 91' lang='lat' dir='ltr'><strong>somno</strong></span> <span class='ocrx_word' id='word_1_439' title='bbox 1715 4580 1928 4651; x_wconf 83' lang='lat' dir='ltr'><strong>gravati</strong></span> <span class='ocrx_word' id='word_1_440' title='bbox 1960 4590 2077 4635; x_wconf 90' lang='lat' dir='ltr'><strong>tan-</strong></span> 
     </span>
    </p>
   </div>
   <div class='ocr_carea' id='block_1_65' title="bbox 579 4717 2077 4799">
    <p class='ocr_par' dir='ltr' id='par_1_65' title="bbox 579 4717 2077 4799">
     <span class='ocr_line' id='line_1_65' title="bbox 579 4717 2077 4799; baseline 0.011 -28"><span class='ocrx_word' id='word_1_441' title='bbox 579 4729 603 4799; x_wconf 50' lang='grc' dir='ltr'><strong>ἦ·</strong></span> <span class='ocrx_word' id='word_1_442' title='bbox 636 4717 919 4799; x_wconf 56' lang='lat' dir='ltr'><strong>‘lm‘o&#39;anno</strong></span> <span class='ocrx_word' id='word_1_443' title='bbox 942 4724 1500 4799; x_wconf 63' lang='lat' dir='ltr'><strong>sexagesimoquinto,</strong></span> <span class='ocrx_word' id='word_1_444' title='bbox 1528 4730 1791 4799; x_wconf 88' lang='lat' dir='ltr'><strong>siquidem</strong></span> <span class='ocrx_word' id='word_1_445' title='bbox 1821 4731 2077 4792; x_wconf 79' lang='lat' dir='ltr'><strong>Aldricus</strong></span> 
     </span>
    </p>
   </div>
   <div class='ocr_carea' id='block_1_66' title="bbox 506 4789 2074 4869">
    <p class='ocr_par' dir='ltr' id='par_1_66' title="bbox 506 4789 2074 4869">
     <span class='ocr_line' id='line_1_66' title="bbox 506 4789 2074 4869; baseline 0.013 -31"><span class='ocrx_word' id='word_1_446' title='bbox 506 4795 665 4869; x_wconf 55' lang='lat' dir='ltr'><strong>natus</strong></span> <span class='ocrx_word' id='word_1_447' title='bbox 690 4789 778 4869; x_wconf 84' lang='lat' dir='ltr'><strong>hic</strong></span> <span class='ocrx_word' id='word_1_448' title='bbox 796 4789 993 4845; x_wconf 88' lang='lat' dir='ltr'><strong>dicitur</strong></span> <span class='ocrx_word' id='word_1_449' title='bbox 1013 4789 1152 4869; x_wconf 71' lang='lat' dir='ltr'><strong>anno</strong></span> <span class='ocrx_word' id='word_1_450' title='bbox 1186 4789 1324 4860; x_wconf 64' lang='lat'><strong>775$</strong></span> <span class='ocrx_word' id='word_1_451' title='bbox 1353 4789 1677 4869; x_wconf 45' lang='lat' dir='ltr'><strong>nam&#39;ipsum</strong></span> <span class='ocrx_word' id='word_1_452' title='bbox 1706 4801 1905 4857; x_wconf 90' lang='lat' dir='ltr'><strong>obiisse</strong></span> <span class='ocrx_word' id='word_1_453' title='bbox 1931 4789 2074 4861; x_wconf 84' lang='lat' dir='ltr'><strong>anno</strong></span> 
     </span>
    </p>
   </div>
   <div class='ocr_carea' id='block_1_67' title="bbox 506 4856 1470 4935">
    <p class='ocr_par' dir='ltr' id='par_1_67' title="bbox 506 4856 1470 4935">
     <span class='ocr_line' id='line_1_67' title="bbox 506 4856 1470 4935; baseline 0.011 -25"><span class='ocrx_word' id='word_1_454' title='bbox 506 4856 610 4935; x_wconf 66' lang='lat'><strong>849</strong></span> <span class='ocrx_word' id='word_1_455' title='bbox 635 4866 781 4935; x_wconf 79' lang='lat' dir='ltr'><strong>patet</strong></span> <span class='ocrx_word' id='word_1_456' title='bbox 809 4874 877 4935; x_wconf 84' lang='lat' dir='ltr'><strong>c_x_</strong></span> <span class='ocrx_word' id='word_1_457' title='bbox 904 4864 1185 4935; x_wconf 14' lang='lat' dir='ltr'><strong>notatione,</strong></span> <span class='ocrx_word' id='word_1_458' title='bbox 1204 4856 1470 4935; x_wconf 80' lang='lat' dir='ltr'><strong>sequenti.</strong></span> 
     </span>
    </p>
   </div>
   <div class='ocr_carea' id='block_1_68' title="bbox 576 4926 2071 5011">
    <p class='ocr_par' dir='ltr' id='par_1_68' title="bbox 576 4926 2071 5011">
     <span class='ocr_line' id='line_1_68' title="bbox 576 4926 2071 5011; baseline 0.013 -33"><span class='ocrx_word' id='word_1_459' title='bbox 576 4926 709 5011; x_wconf 29' lang='lat' dir='ltr'><strong>{Et</strong></span> <span class='ocrx_word' id='word_1_460' title='bbox 752 4930 1133 5011; x_wconf 37' lang='lat' dir='ltr'><strong>quidem‘a&#39;nno</strong></span> <span class='ocrx_word' id='word_1_461' title='bbox 1158 4926 1502 5011; x_wconf 43' lang='lat' dir='ltr'><strong>miri-still“),</strong></span> <span class='ocrx_word' id='word_1_462' title='bbox 1533 4946 1591 4992; x_wconf 89' lang='lat' dir='ltr'><strong>ut</strong></span> <span class='ocrx_word' id='word_1_463' title='bbox 1617 4947 1828 4994; x_wconf 86' lang='lat' dir='ltr'><strong>constat</strong></span> <span class='ocrx_word' id='word_1_464' title='bbox 1867 4949 1976 4996; x_wconf 93' lang='lat' dir='ltr'><strong>tum</strong></span> <span class='ocrx_word' id='word_1_465' title='bbox 2005 4960 2071 4999; x_wconf 90' lang='lat' dir='ltr'><strong>ex</strong></span> 
     </span>
    </p>
   </div>
   <div class='ocr_carea' id='block_1_69' title="bbox 504 4996 2066 5082">
    <p class='ocr_par' dir='ltr' id='par_1_69' title="bbox 504 4996 2066 5082">
     <span class='ocr_line' id='line_1_69' title="bbox 504 4996 2066 5082; baseline 0.015 -37"><span class='ocrx_word' id='word_1_466' title='bbox 504 4996 730 5082; x_wconf 69' lang='lat' dir='ltr'><strong>epistola</strong></span> <span class='ocrx_word' id='word_1_467' title='bbox 751 4996 887 5067; x_wconf 85' lang='lat' dir='ltr'><strong>Lupi</strong></span> <span class='ocrx_word' id='word_1_468' title='bbox 927 5001 1309 5082; x_wconf 44' lang='lat' dir='ltr'><strong>ad&#39;lmrnonem</strong></span> <span class='ocrx_word' id='word_1_469' title='bbox 1345 4996 2066 5082; x_wconf 12' lang='lat' dir='ltr'><strong>_Noviomagerrsemiepisco:</strong></span> 
     </span>
    </p>
   </div>
   <div class='ocr_carea' id='block_1_70' title="bbox 502 5070 2062 5140">
    <p class='ocr_par' dir='ltr' id='par_1_70' title="bbox 502 5070 2062 5140">
     <span class='ocr_line' id='line_1_70' title="bbox 502 5070 2062 5140; baseline 0.014 -24"><span class='ocrx_word' id='word_1_470' title='bbox 502 5078 628 5140; x_wconf 70' lang='lat' dir='ltr'><strong>pain</strong></span> <span class='ocrx_word' id='word_1_471' title='bbox 654 5104 669 5128; x_wconf 91' lang='lat'><strong>,</strong></span> <span class='ocrx_word' id='word_1_472' title='bbox 717 5074 852 5140; x_wconf 54' lang='lat' dir='ltr'><strong>tuin</strong></span> <span class='ocrx_word' id='word_1_473' title='bbox 882 5085 955 5140; x_wconf 11' lang='lat' dir='ltr'><strong>ex,</strong></span> <span class='ocrx_word' id='word_1_474' title='bbox 988 5070 1167 5127; x_wconf 89' lang='lat' dir='ltr'><strong>libello</strong></span> <span class='ocrx_word' id='word_1_475' title='bbox 1212 5070 1647 5140; x_wconf 67' lang='lat' dir='ltr'><strong>proclamationis</strong></span> <span class='ocrx_word' id='word_1_476' title='bbox 1693 5080 1870 5134; x_wconf 89' lang='lat' dir='ltr'><strong>Caroli</strong></span> <span class='ocrx_word' id='word_1_477' title='bbox 1894 5070 2062 5138; x_wconf 63' lang='lat' dir='ltr'><strong>&#39;Calvi</strong></span> 
     </span>
    </p>
   </div>
   <div class='ocr_carea' id='block_1_71' title="bbox 501 5134 2067 5223">
    <p class='ocr_par' dir='ltr' id='par_1_71' title="bbox 501 5134 2067 5223">
     <span class='ocr_line' id='line_1_71' title="bbox 501 5134 2067 5223; baseline 0.014 -38"><span class='ocrx_word' id='word_1_478' title='bbox 501 5134 759 5223; x_wconf 42' lang='lat' dir='ltr'><strong>a‘rlv&#39;lersus</strong></span> <span class='ocrx_word' id='word_1_479' title='bbox 786 5136 1141 5223; x_wconf 41' lang='lat' dir='ltr'><strong>\Xeni‘lonem.</strong></span> <span class='ocrx_word' id='word_1_480' title='bbox 1176 5134 1355 5223; x_wconf 56' lang='lat' dir='ltr'><strong>l.:upus</strong></span> <span class='ocrx_word' id='word_1_481' title='bbox 1390 5147 1652 5223; x_wconf 73' lang='lat' dir='ltr'><strong>siquidem</strong></span> <span class='ocrx_word' id='word_1_482' title='bbox 1698 5150 1751 5223; x_wconf 83' lang='lat' dir='ltr'><strong>in</strong></span> <span class='ocrx_word' id='word_1_483' title='bbox 1787 5134 2067 5223; x_wconf 35' lang='lat' dir='ltr'><strong>dictavepi;</strong></span> 
     </span>
    </p>
   </div>
   <div class='ocr_carea' id='block_1_72' title="bbox 502 5203 2065 5287">
    <p class='ocr_par' dir='ltr' id='par_1_72' title="bbox 502 5203 2065 5287">
     <span class='ocr_line' id='line_1_72' title="bbox 502 5203 2065 5287; baseline 0.013 -31"><span class='ocrx_word' id='word_1_484' title='bbox 502 5203 639 5257; x_wconf 79' lang='lat' dir='ltr'><strong>stola</strong></span> <span class='ocrx_word' id='word_1_485' title='bbox 688 5205 955 5287; x_wconf 81' lang='lat' dir='ltr'><strong>signiﬁcat</strong></span> <span class='ocrx_word' id='word_1_486' title='bbox 991 5222 1050 5287; x_wconf 81' lang='lat' dir='ltr'><strong>se</strong></span> <span class='ocrx_word' id='word_1_487' title='bbox 1084 5203 1336 5287; x_wconf 69' lang='lat' dir='ltr'><strong>sospitem</strong></span> <span class='ocrx_word' id='word_1_488' title='bbox 1378 5203 1739 5272; x_wconf 56' lang='lat' dir='ltr'><strong>cx&#39;Fuldcnsi</strong></span> <span class='ocrx_word' id='word_1_489' title='bbox 1789 5203 2065 5277; x_wconf 49' lang='lat' dir='ltr'><strong>Acidalia</strong></span> 
     </span>
    </p>
   </div>
   <div class='ocr_carea' id='block_1_73' title="bbox 501 5278 2067 5356">
    <p class='ocr_par' dir='ltr' id='par_1_73' title="bbox 501 5278 2067 5356">
     <span class='ocr_line' id='line_1_73' title="bbox 501 5278 2067 5356; baseline 0.013 -30"><span class='ocrx_word' id='word_1_490' title='bbox 501 5288 803 5353; x_wconf 71' lang='lat' dir='ltr'><strong>regressum</strong></span> <span class='ocrx_word' id='word_1_491' title='bbox 828 5278 1093 5356; x_wconf 74' lang='lat' dir='ltr'><strong>invenisse</strong></span> <span class='ocrx_word' id='word_1_492' title='bbox 1136 5278 1315 5356; x_wconf 82' lang='lat' dir='ltr'><strong>omnia</strong></span> <span class='ocrx_word' id='word_1_493' title='bbox 1352 5299 1622 5356; x_wconf 68' lang='lat' dir='ltr'><strong>prospera,</strong></span> <span class='ocrx_word' id='word_1_494' title='bbox 1672 5310 1688 5336; x_wconf 76' lang='grc' dir='ltr'>ι</span> <span class='ocrx_word' id='word_1_495' title='bbox 1730 5302 1926 5356; x_wconf 78' lang='lat' dir='ltr'><strong>praeter</strong></span> <span class='ocrx_word' id='word_1_496' title='bbox 1972 5293 2067 5346; x_wconf 89' lang='lat' dir='ltr'><strong>do-</strong></span> 
     </span>
    </p>
   </div>
   <div class='ocr_carea' id='block_1_74' title="bbox 502 5346 2062 5426">
    <p class='ocr_par' dir='ltr' id='par_1_74' title="bbox 502 5346 2062 5426">
     <span class='ocr_line' id='line_1_74' title="bbox 502 5346 2062 5426; baseline 0.014 -33"><span class='ocrx_word' id='word_1_497' title='bbox 502 5346 632 5426; x_wconf 84' lang='lat' dir='ltr'><strong>mini</strong></span> <span class='ocrx_word' id='word_1_498' title='bbox 661 5359 725 5426; x_wconf 73' lang='lat' dir='ltr'><strong>ac</strong></span> <span class='ocrx_word' id='word_1_499' title='bbox 752 5346 1033 5426; x_wconf 75' lang='lat' dir='ltr'><strong>nutriloris</strong></span> <span class='ocrx_word' id='word_1_500' title='bbox 1058 5351 1196 5426; x_wconf 76' lang='lat' dir='ltr'><strong>mei,</strong></span> <span class='ocrx_word' id='word_1_501' title='bbox 1222 5346 1431 5426; x_wconf 54' lang='lat' dir='ltr'><strong>inquit,</strong></span> <span class='ocrx_word' id='word_1_502' title='bbox 1456 5346 1674 5426; x_wconf 65' lang='lat' dir='ltr'><strong>Aldrici,</strong></span> <span class='ocrx_word' id='word_1_503' title='bbox 1702 5346 1958 5426; x_wconf 75' lang='lat' dir='ltr'><strong>quantum</strong></span> <span class='ocrx_word' id='word_1_504' title='bbox 1994 5362 2062 5415; x_wconf 91' lang='lat' dir='ltr'><strong>ad</strong></span> 
     </span>
    </p>
   </div>
   <div class='ocr_carea' id='block_1_75' title="bbox 500 5415 2066 5485">
    <p class='ocr_par' dir='ltr' id='par_1_75' title="bbox 500 5415 2066 5485">
     <span class='ocr_line' id='line_1_75' title="bbox 500 5415 2066 5485; baseline 0.014 -22"><span class='ocrx_word' id='word_1_505' title='bbox 500 5424 587 5464; x_wconf 88' lang='lat' dir='ltr'><strong>me</strong></span> <span class='ocrx_word' id='word_1_506' title='bbox 627 5415 846 5477; x_wconf 87' lang='lat' dir='ltr'><strong>attinet,</strong></span> <span class='ocrx_word' id='word_1_507' title='bbox 892 5415 1105 5485; x_wconf 90' lang='lat' dir='ltr'><strong>plenum</strong></span> <span class='ocrx_word' id='word_1_508' title='bbox 1158 5415 1434 5474; x_wconf 75' lang='lat' dir='ltr'><strong>infortunii</strong></span> <span class='ocrx_word' id='word_1_509' title='bbox 1478 5415 1764 5478; x_wconf 35' lang='lat' dir='ltr'><strong>obitumfi</strong></span> <span class='ocrx_word' id='word_1_510' title='bbox 1801 5428 2066 5485; x_wconf 81' lang='lat' dir='ltr'><strong>Reversus</strong></span> 
     </span>
    </p>
   </div>
   <div class='ocr_carea' id='block_1_76' title="bbox 499 5485 2066 5568">
    <p class='ocr_par' dir='ltr' id='par_1_76' title="bbox 499 5485 2066 5568">
     <span class='ocr_line' id='line_1_76' title="bbox 499 5485 2066 5568; baseline 0.013 -35"><span class='ocrx_word' id='word_1_511' title='bbox 499 5486 913 5568; x_wconf 43' lang='lat' dir='ltr'><strong>e‘st‘autem&#39;sub</strong></span> <span class='ocrx_word' id='word_1_512' title='bbox 928 5485 1103 5568; x_wconf 39' lang='lat' dir='ltr'><strong>[finem</strong></span> <span class='ocrx_word' id='word_1_513' title='bbox 1148 5490 1271 5542; x_wconf 90' lang='lat' dir='ltr'><strong>anni</strong></span> <span class='ocrx_word' id='word_1_514' title='bbox 1308 5489 1403 5568; x_wconf 57' lang='lat' dir='ltr'><strong>Sil</strong></span> <span class='ocrx_word' id='word_1_515' title='bbox 1439 5507 1500 5545; x_wconf 81' lang='lat' dir='ltr'><strong>cx</strong></span> <span class='ocrx_word' id='word_1_516' title='bbox 1549 5495 1788 5548; x_wconf 84' lang='lat' dir='ltr'><strong>dicendis</strong></span> <span class='ocrx_word' id='word_1_517' title='bbox 1815 5498 1865 5549; x_wconf 91' lang='lat' dir='ltr'><strong>in</strong></span> <span class='ocrx_word' id='word_1_518' title='bbox 1895 5498 2066 5568; x_wconf 85' lang='lat' dir='ltr'><strong>elogio</strong></span> 
     </span>
    </p>
   </div>
   <div class='ocr_carea' id='block_1_77' title="bbox 502 5547 2065 5634">
    <p class='ocr_par' dir='ltr' id='par_1_77' title="bbox 502 5547 2065 5634">
     <span class='ocr_line' id='line_1_77' title="bbox 502 5547 2065 5634; baseline 0.015 -36"><span class='ocrx_word' id='word_1_519' title='bbox 502 5547 705 5634; x_wconf 65' lang='lat' dir='ltr'><strong>llabaiii</strong></span> <span class='ocrx_word' id='word_1_520' title='bbox 737 5552 893 5631; x_wconf 78' lang='lat' dir='ltr'><strong>infra.</strong></span> <span class='ocrx_word' id='word_1_521' title='bbox 925 5554 1162 5634; x_wconf 41' lang='lat' dir='ltr'><strong>Carolus.</strong></span> <span class='ocrx_word' id='word_1_522' title='bbox 1175 5574 1302 5613; x_wconf 88' lang='lat' dir='ltr'><strong>vero</strong></span> <span class='ocrx_word' id='word_1_523' title='bbox 1324 5561 1428 5634; x_wconf 72' lang='lat' dir='ltr'><strong>ait,</strong></span> <span class='ocrx_word' id='word_1_524' title='bbox 1448 5576 1519 5634; x_wconf 82' lang='lat' dir='ltr'><strong>eo</strong></span> <span class='ocrx_word' id='word_1_525' title='bbox 1549 5547 1786 5631; x_wconf 84' lang='lat' dir='ltr'><strong>tempore</strong></span> <span class='ocrx_word' id='word_1_526' title='bbox 1811 5547 1921 5633; x_wconf 80' lang='lat' dir='ltr'><strong>quo</strong></span> <span class='ocrx_word' id='word_1_527' title='bbox 1935 5547 2065 5634; x_wconf 51' lang='lat' dir='ltr'><strong>{illi</strong></span> 
     </span>
    </p>
   </div>
   <div class='ocr_carea' id='block_1_78' title="bbox 501 5623 2066 5702">
    <p class='ocr_par' dir='ltr' id='par_1_78' title="bbox 501 5623 2066 5702">
     <span class='ocr_line' id='line_1_78' title="bbox 501 5623 2066 5702; baseline 0.012 -35"><span class='ocrx_word' id='word_1_528' title='bbox 501 5623 608 5702; x_wconf 77' lang='lat' dir='ltr'><strong>tem</strong></span> <span class='ocrx_word' id='word_1_529' title='bbox 643 5623 787 5687; x_wconf 80' lang='lat' dir='ltr'><strong>regni</strong></span> <span class='ocrx_word' id='word_1_530' title='bbox 834 5636 953 5675; x_wconf 86' lang='lat' dir='ltr'><strong>cum</strong></span> <span class='ocrx_word' id='word_1_531' title='bbox 993 5625 1248 5681; x_wconf 78' lang='lat' dir='ltr'><strong>fratribus</strong></span> <span class='ocrx_word' id='word_1_532' title='bbox 1288 5629 1506 5702; x_wconf 74' lang='lat' dir='ltr'><strong>divisit,</strong></span> <span class='ocrx_word' id='word_1_533' title='bbox 1543 5649 1559 5680; x_wconf 78' lang='grc' dir='ltr'>ι</span> <span class='ocrx_word' id='word_1_534' title='bbox 1607 5623 2066 5702; x_wconf 56' lang='grc' dir='ltr'><strong>ιιιὶξῑισορόιίιήδεε-</strong></span> 
     </span>
    </p>
   </div>
   <div class='ocr_carea' id='block_1_79' title="bbox 501 5698 2065 5767">
    <p class='ocr_par' dir='ltr' id='par_1_79' title="bbox 501 5698 2065 5767">
     <span class='ocr_line' id='line_1_79' title="bbox 501 5698 2065 5767; baseline 0.015 -30"><span class='ocrx_word' id='word_1_535' title='bbox 501 5700 702 5767; x_wconf 73' lang='lat' dir='ltr'><strong>nonum</strong></span> <span class='ocrx_word' id='word_1_536' title='bbox 724 5704 942 5767; x_wconf 87' lang='lat' dir='ltr'><strong>vacasse</strong></span> <span class='ocrx_word' id='word_1_537' title='bbox 966 5706 1199 5767; x_wconf 69' lang='lat' dir='ltr'><strong>pastore.</strong></span> <span class='ocrx_word' id='word_1_538' title='bbox 1229 5716 1245 5748; x_wconf 73' lang='grc' dir='ltr'><strong><em>ι</em></strong></span> <span class='ocrx_word' id='word_1_539' title='bbox 1272 5698 1430 5767; x_wconf 75' lang='grc' dir='ltr'><strong>Αίψιί</strong></span> <span class='ocrx_word' id='word_1_540' title='bbox 1463 5701 1576 5755; x_wconf 63' lang='lat' dir='ltr'><strong>haec</strong></span> <span class='ocrx_word' id='word_1_541' title='bbox 1598 5698 1792 5756; x_wconf 81' lang='lat' dir='ltr'><strong>divisio</strong></span> <span class='ocrx_word' id='word_1_542' title='bbox 1818 5703 1959 5758; x_wconf 88' lang='lat' dir='ltr'><strong>facta</strong></span> <span class='ocrx_word' id='word_1_543' title='bbox 1979 5718 2065 5761; x_wconf 90' lang='lat' dir='ltr'><strong>est</strong></span> 
     </span>
    </p>
   </div>
   <div class='ocr_carea' id='block_1_80' title="bbox 501 5761 2058 5835">
    <p class='ocr_par' dir='ltr' id='par_1_80' title="bbox 501 5761 2058 5835">
     <span class='ocr_line' id='line_1_80' title="bbox 501 5761 2058 5835; baseline 0.013 -27"><span class='ocrx_word' id='word_1_544' title='bbox 501 5761 681 5808; x_wconf 80' lang='lat' dir='ltr'><strong>stalim</strong></span> <span class='ocrx_word' id='word_1_545' title='bbox 727 5766 845 5824; x_wconf 90' lang='lat' dir='ltr'><strong>post</strong></span> <span class='ocrx_word' id='word_1_546' title='bbox 871 5775 1100 5829; x_wconf 84' lang='lat' dir='ltr'><strong>pugnam</strong></span> <span class='ocrx_word' id='word_1_547' title='bbox 1128 5761 1559 5835; x_wconf 56' lang='lat' dir='ltr'><strong>Fontane&#39;ticam,</strong></span> <span class='ocrx_word' id='word_1_548' title='bbox 1616 5773 1956 5828; x_wconf 78' lang='lat' dir='ltr'><strong>commissam</strong></span> <span class='ocrx_word' id='word_1_549' title='bbox 1987 5792 2058 5830; x_wconf 87' lang='lat' dir='ltr'><strong>vn</strong></span> 
     </span>
    </p>
   </div>
   <div class='ocr_carea' id='block_1_81' title="bbox 2101 4544 2154 4604">
    <p class='ocr_par' dir='ltr' id='par_1_81' title="bbox 2101 4544 2154 4604">
     <span class='ocr_line' id='line_1_81' title="bbox 2101 4544 2154 4604; baseline 0 0"><span class='ocrx_word' id='word_1_550' title='bbox 2101 4544 2154 4604; x_wconf 91' lang='lat' dir='ltr'><strong>D</strong></span> 
     </span>
    </p>
   </div>
   <div class='ocr_carea' id='block_1_82' title="bbox 2196 1934 3773 2005">
    <p class='ocr_par' dir='ltr' id='par_1_82' title="bbox 2196 1934 3773 2005">
     <span class='ocr_line' id='line_1_82' title="bbox 2196 1934 3773 2005; baseline 0.004 -15"><span class='ocrx_word' id='word_1_551' title='bbox 2196 1935 2284 1990; x_wconf 93' lang='lat' dir='ltr'><strong>dio</strong></span> <span class='ocrx_word' id='word_1_552' title='bbox 2310 1934 2551 1990; x_wconf 73' lang='lat' dir='ltr'><strong>ecclesia:</strong></span> <span class='ocrx_word' id='word_1_553' title='bbox 2582 1935 2841 1989; x_wconf 88' lang='lat' dir='ltr'><strong>virtutum</strong></span> <span class='ocrx_word' id='word_1_554' title='bbox 2880 1935 3092 1990; x_wconf 88' lang='lat' dir='ltr'><strong>indiciis</strong></span> <span class='ocrx_word' id='word_1_555' title='bbox 3121 1935 3579 2005; x_wconf 86' lang='lat' dir='ltr'><strong>clarescentibus,</strong></span> <span class='ocrx_word' id='word_1_556' title='bbox 3624 1951 3686 1996; x_wconf 90' lang='lat' dir='ltr'><strong>et</strong></span> <span class='ocrx_word' id='word_1_557' title='bbox 3728 1942 3773 1996; x_wconf 88' lang='lat' dir='ltr'><strong>in</strong></span> 
     </span>
    </p>
   </div>
   <div class='ocr_carea' id='block_1_83' title="bbox 2194 2028 3494 2089">
    <p class='ocr_par' dir='ltr' id='par_1_83' title="bbox 2194 2028 3494 2089">
     <span class='ocr_line' id='line_1_83' title="bbox 2194 2028 3494 2089; baseline 0.003 -4"><span class='ocrx_word' id='word_1_558' title='bbox 2194 2028 2496 2085; x_wconf 88' lang='lat' dir='ltr'><strong>sublimiori</strong></span> <span class='ocrx_word' id='word_1_559' title='bbox 2516 2030 2714 2085; x_wconf 89' lang='lat' dir='ltr'><strong>exedra</strong></span> <span class='ocrx_word' id='word_1_560' title='bbox 2747 2029 3125 2086; x_wconf 86' lang='lat' dir='ltr'><strong>venerabiliter</strong></span> <span class='ocrx_word' id='word_1_561' title='bbox 3155 2030 3494 2089; x_wconf 82' lang='lat' dir='ltr'><strong>collocatum.</strong></span> 
     </span>
    </p>
   </div>
   <div class='ocr_carea' id='block_1_84' title="bbox 2263 2123 3767 2194">
    <p class='ocr_par' dir='ltr' id='par_1_84' title="bbox 2263 2123 3767 2194">
     <span class='ocr_line' id='line_1_84' title="bbox 2263 2123 3767 2194; baseline 0.006 -18"><span class='ocrx_word' id='word_1_562' title='bbox 2263 2123 2355 2177; x_wconf 73' lang='grc'><strong>25.</strong></span> <span class='ocrx_word' id='word_1_563' title='bbox 2381 2123 2512 2177; x_wconf 89' lang='lat' dir='ltr'><strong>Erat</strong></span> <span class='ocrx_word' id='word_1_564' title='bbox 2533 2138 2598 2178; x_wconf 91' lang='lat' dir='ltr'><strong>eo</strong></span> <span class='ocrx_word' id='word_1_565' title='bbox 2628 2132 2871 2193; x_wconf 91' lang='lat' dir='ltr'><strong>tempore</strong></span> <span class='ocrx_word' id='word_1_566' title='bbox 2894 2124 2982 2178; x_wconf 90' lang='lat' dir='ltr'><strong>vir</strong></span> <span class='ocrx_word' id='word_1_567' title='bbox 3024 2125 3242 2194; x_wconf 90' lang='lat' dir='ltr'><strong>quidam</strong></span> <span class='ocrx_word' id='word_1_568' title='bbox 3271 2127 3595 2192; x_wconf 84' lang='lat' dir='ltr'><strong>consularis,</strong></span> <span class='ocrx_word' id='word_1_569' title='bbox 3625 2129 3767 2185; x_wconf 75' lang='lat' dir='ltr'><strong>Mau-</strong></span> 
     </span>
    </p>
   </div>
   <div class='ocr_carea' id='block_1_85' title="bbox 2194 2212 3773 2291">
    <p class='ocr_par' dir='ltr' id='par_1_85' title="bbox 2194 2212 3773 2291">
     <span class='ocr_line' id='line_1_85' title="bbox 2194 2212 3773 2291; baseline 0.006 -25"><span class='ocrx_word' id='word_1_570' title='bbox 2194 2212 2362 2267; x_wconf 92' lang='lat' dir='ltr'><strong>ricius</strong></span> <span class='ocrx_word' id='word_1_571' title='bbox 2391 2212 2605 2267; x_wconf 91' lang='lat' dir='ltr'><strong>nomine</strong></span> <span class='ocrx_word' id='word_1_572' title='bbox 2633 2252 2648 2278; x_wconf 88' lang='lat'><strong>,</strong></span> <span class='ocrx_word' id='word_1_573' title='bbox 2703 2213 2898 2268; x_wconf 91' lang='lat' dir='ltr'><strong>nobilis</strong></span> <span class='ocrx_word' id='word_1_574' title='bbox 2927 2215 3142 2283; x_wconf 91' lang='lat' dir='ltr'><strong>quidem</strong></span> <span class='ocrx_word' id='word_1_575' title='bbox 3194 2230 3389 2285; x_wconf 88' lang='lat' dir='ltr'><strong>genere</strong></span> <span class='ocrx_word' id='word_1_576' title='bbox 3413 2258 3428 2281; x_wconf 87' lang='lat'><strong>,</strong></span> <span class='ocrx_word' id='word_1_577' title='bbox 3478 2219 3571 2273; x_wconf 87' lang='lat' dir='ltr'><strong>sed</strong></span> <span class='ocrx_word' id='word_1_578' title='bbox 3605 2235 3773 2291; x_wconf 82' lang='lat' dir='ltr'><strong>genus</strong></span> 
     </span>
    </p>
   </div>
   <div class='ocr_carea' id='block_1_86' title="bbox 2191 2303 3767 2379">
    <p class='ocr_par' dir='ltr' id='par_1_86' title="bbox 2191 2303 3767 2379">
     <span class='ocr_line' id='line_1_86' title="bbox 2191 2303 3767 2379; baseline 0.005 -22"><span class='ocrx_word' id='word_1_579' title='bbox 2191 2318 2353 2373; x_wconf 92' lang='lat' dir='ltr'><strong>opere</strong></span> <span class='ocrx_word' id='word_1_580' title='bbox 2387 2303 2778 2359; x_wconf 87' lang='lat' dir='ltr'><strong>denohilitans:</strong></span> <span class='ocrx_word' id='word_1_581' title='bbox 2819 2304 2972 2374; x_wconf 88' lang='lat' dir='ltr'><strong>cujus</strong></span> <span class='ocrx_word' id='word_1_582' title='bbox 3006 2304 3263 2360; x_wconf 88' lang='lat' dir='ltr'><strong>instinctu</strong></span> <span class='ocrx_word' id='word_1_583' title='bbox 3291 2306 3543 2362; x_wconf 86' lang='lat' dir='ltr'><strong>satellites</strong></span> <span class='ocrx_word' id='word_1_584' title='bbox 3568 2312 3767 2379; x_wconf 76' lang='lat' dir='ltr'><strong>praedi-</strong></span> 
     </span>
    </p>
   </div>
   <div class='ocr_carea' id='block_1_87' title="bbox 2193 2392 3769 2469">
    <p class='ocr_par' dir='ltr' id='par_1_87' title="bbox 2193 2392 3769 2469">
     <span class='ocr_line' id='line_1_87' title="bbox 2193 2392 3769 2469; baseline 0.004 -21"><span class='ocrx_word' id='word_1_585' title='bbox 2193 2392 2295 2448; x_wconf 83' lang='lat' dir='ltr'><strong>ctis</strong></span> <span class='ocrx_word' id='word_1_586' title='bbox 2321 2392 2602 2447; x_wconf 85' lang='lat' dir='ltr'><strong>monachis</strong></span> <span class='ocrx_word' id='word_1_587' title='bbox 2626 2392 2879 2448; x_wconf 89' lang='lat' dir='ltr'><strong>indebitis</strong></span> <span class='ocrx_word' id='word_1_588' title='bbox 2895 2394 3266 2463; x_wconf 78' lang='lat' dir='ltr'><strong>exactionibus</strong></span> <span class='ocrx_word' id='word_1_589' title='bbox 3295 2407 3564 2467; x_wconf 68' lang='lat' dir='ltr'><strong>eruperunt</strong></span> <span class='ocrx_word' id='word_1_590' title='bbox 3584 2401 3769 2469; x_wconf 80' lang='lat' dir='ltr'><strong>gravi-</strong></span> 
     </span>
    </p>
   </div>
   <div class='ocr_carea' id='block_1_88' title="bbox 2190 2483 3765 2557">
    <p class='ocr_par' dir='ltr' id='par_1_88' title="bbox 2190 2483 3765 2557">
     <span class='ocr_line' id='line_1_88' title="bbox 2190 2483 3765 2557; baseline 0.006 -20"><span class='ocrx_word' id='word_1_591' title='bbox 2190 2491 2276 2537; x_wconf 89' lang='lat' dir='ltr'><strong>ter</strong></span> <span class='ocrx_word' id='word_1_592' title='bbox 2303 2483 2567 2552; x_wconf 88' lang='lat' dir='ltr'><strong>injuriari,</strong></span> <span class='ocrx_word' id='word_1_593' title='bbox 2596 2491 2648 2537; x_wconf 85' lang='lat' dir='ltr'><strong>et</strong></span> <span class='ocrx_word' id='word_1_594' title='bbox 2692 2499 2782 2538; x_wconf 93' lang='lat' dir='ltr'><strong>res</strong></span> <span class='ocrx_word' id='word_1_595' title='bbox 2832 2500 2956 2539; x_wconf 89' lang='lat' dir='ltr'><strong>suas</strong></span> <span class='ocrx_word' id='word_1_596' title='bbox 2991 2501 3320 2557; x_wconf 89' lang='lat' dir='ltr'><strong>suorumque</strong></span> <span class='ocrx_word' id='word_1_597' title='bbox 3373 2489 3633 2545; x_wconf 82' lang='lat' dir='ltr'><strong>violenter</strong></span> <span class='ocrx_word' id='word_1_598' title='bbox 3678 2493 3765 2547; x_wconf 84' lang='lat' dir='ltr'><strong>de-</strong></span> 
     </span>
    </p>
   </div>
   <div class='ocr_carea' id='block_1_89' title="bbox 2190 2574 3767 2644">
    <p class='ocr_par' dir='ltr' id='par_1_89' title="bbox 2190 2574 3767 2644">
     <span class='ocr_line' id='line_1_89' title="bbox 2190 2574 3767 2644; baseline 0.006 -17"><span class='ocrx_word' id='word_1_599' title='bbox 2190 2574 2451 2644; x_wconf 76' lang='lat' dir='ltr'><strong>praedari-;</strong></span> <span class='ocrx_word' id='word_1_600' title='bbox 2487 2574 2628 2644; x_wconf 84' lang='lat' dir='ltr'><strong>quod</strong></span> <span class='ocrx_word' id='word_1_601' title='bbox 2667 2575 2826 2630; x_wconf 88' lang='lat' dir='ltr'><strong>toties</strong></span> <span class='ocrx_word' id='word_1_602' title='bbox 2857 2575 3002 2629; x_wconf 91' lang='lat' dir='ltr'><strong>nullo</strong></span> <span class='ocrx_word' id='word_1_603' title='bbox 3022 2577 3308 2634; x_wconf 88' lang='lat' dir='ltr'><strong>resistente</strong></span> <span class='ocrx_word' id='word_1_604' title='bbox 3337 2577 3516 2635; x_wconf 86' lang='lat' dir='ltr'><strong>facere</strong></span> <span class='ocrx_word' id='word_1_605' title='bbox 3544 2596 3767 2638; x_wconf 89' lang='lat' dir='ltr'><strong>consue-</strong></span> 
     </span>
    </p>
   </div>
   <div class='ocr_carea' id='block_1_90' title="bbox 2189 2663 3765 2733">
    <p class='ocr_par' dir='ltr' id='par_1_90' title="bbox 2189 2663 3765 2733">
     <span class='ocr_line' id='line_1_90' title="bbox 2189 2663 3765 2733; baseline 0.007 -18"><span class='ocrx_word' id='word_1_606' title='bbox 2189 2670 2399 2728; x_wconf 88' lang='lat' dir='ltr'><strong>verant,</strong></span> <span class='ocrx_word' id='word_1_607' title='bbox 2432 2663 2652 2733; x_wconf 91' lang='lat' dir='ltr'><strong>utquod</strong></span> <span class='ocrx_word' id='word_1_608' title='bbox 2681 2672 2799 2719; x_wconf 91' lang='lat' dir='ltr'><strong>crat</strong></span> <span class='ocrx_word' id='word_1_609' title='bbox 2844 2665 3109 2729; x_wconf 88' lang='lat' dir='ltr'><strong>illicitum,</strong></span> <span class='ocrx_word' id='word_1_610' title='bbox 3139 2669 3471 2723; x_wconf 87' lang='lat' dir='ltr'><strong>consuetudo</strong></span> <span class='ocrx_word' id='word_1_611' title='bbox 3496 2671 3765 2726; x_wconf 81' lang='lat' dir='ltr'><strong>videretur</strong></span> 
     </span>
    </p>
   </div>
   <div class='ocr_carea' id='block_1_91' title="bbox 2190 2753 3767 2828">
    <p class='ocr_par' dir='ltr' id='par_1_91' title="bbox 2190 2753 3767 2828">
     <span class='ocr_line' id='line_1_91' title="bbox 2190 2753 3767 2828; baseline 0.007 -21"><span class='ocrx_word' id='word_1_612' title='bbox 2190 2753 2393 2809; x_wconf 90' lang='lat' dir='ltr'><strong>licitum</strong></span> <span class='ocrx_word' id='word_1_613' title='bbox 2421 2754 2629 2821; x_wconf 85' lang='lat' dir='ltr'><strong>facere,</strong></span> <span class='ocrx_word' id='word_1_614' title='bbox 2660 2762 2715 2811; x_wconf 90' lang='lat' dir='ltr'><strong>et</strong></span> <span class='ocrx_word' id='word_1_615' title='bbox 2743 2772 2873 2812; x_wconf 90' lang='lat' dir='ltr'><strong>usus</strong></span> <span class='ocrx_word' id='word_1_616' title='bbox 2927 2757 3267 2828; x_wconf 89' lang='lat' dir='ltr'><strong>delinquendi</strong></span> <span class='ocrx_word' id='word_1_617' title='bbox 3296 2759 3558 2816; x_wconf 89' lang='lat' dir='ltr'><strong>delictum</strong></span> <span class='ocrx_word' id='word_1_618' title='bbox 3598 2764 3767 2818; x_wconf 83' lang='lat' dir='ltr'><strong>mino-</strong></span> 
     </span>
    </p>
   </div>
   <div class='ocr_carea' id='block_1_92' title="bbox 2190 2846 3754 2924">
    <p class='ocr_par' dir='ltr' id='par_1_92' title="bbox 2190 2846 3754 2924">
     <span class='ocr_line' id='line_1_92' title="bbox 2190 2846 3754 2924; baseline 0.006 -23"><span class='ocrx_word' id='word_1_619' title='bbox 2190 2861 2332 2901; x_wconf 89' lang='lat' dir='ltr'><strong>rare.</strong></span> <span class='ocrx_word' id='word_1_620' title='bbox 2389 2846 2573 2917; x_wconf 83' lang='lat' dir='ltr'><strong>Itaque</strong></span> <span class='ocrx_word' id='word_1_621' title='bbox 2623 2849 2875 2903; x_wconf 87' lang='lat' dir='ltr'><strong>monachi</strong></span> <span class='ocrx_word' id='word_1_622' title='bbox 2920 2858 3083 2905; x_wconf 70' lang='lat' dir='ltr'><strong>tanta:</strong></span> <span class='ocrx_word' id='word_1_623' title='bbox 3131 2851 3457 2908; x_wconf 88' lang='lat' dir='ltr'><strong>calamitatis</strong></span> <span class='ocrx_word' id='word_1_624' title='bbox 3502 2870 3754 2924; x_wconf 84' lang='lat' dir='ltr'><strong>pressura</strong></span> 
     </span>
    </p>
   </div>
   <div class='ocr_carea' id='block_1_93' title="bbox 2190 2938 3766 3019">
    <p class='ocr_par' dir='ltr' id='par_1_93' title="bbox 2190 2938 3766 3019">
     <span class='ocr_line' id='line_1_93' title="bbox 2190 2938 3766 3019; baseline 0.008 -28"><span class='ocrx_word' id='word_1_625' title='bbox 2190 2938 2469 3005; x_wconf 88' lang='lat' dir='ltr'><strong>coarctati,</strong></span> <span class='ocrx_word' id='word_1_626' title='bbox 2507 2954 2608 2994; x_wconf 87' lang='lat' dir='ltr'><strong>nec</strong></span> <span class='ocrx_word' id='word_1_627' title='bbox 2632 2940 2699 2995; x_wconf 89' lang='lat' dir='ltr'><strong>ab</strong></span> <span class='ocrx_word' id='word_1_628' title='bbox 2729 2940 2907 3010; x_wconf 91' lang='lat' dir='ltr'><strong>aliquo</strong></span> <span class='ocrx_word' id='word_1_629' title='bbox 2935 2952 3218 3012; x_wconf 90' lang='lat' dir='ltr'><strong>sperantes</strong></span> <span class='ocrx_word' id='word_1_630' title='bbox 3254 2943 3592 3002; x_wconf 87' lang='lat' dir='ltr'><strong>defensionis</strong></span> <span class='ocrx_word' id='word_1_631' title='bbox 3636 2964 3766 3019; x_wconf 71' lang='lat' dir='ltr'><strong>pra:-</strong></span> 
     </span>
    </p>
   </div>
   <div class='ocr_carea' id='block_1_94' title="bbox 2189 3027 3765 3098">
    <p class='ocr_par' dir='ltr' id='par_1_94' title="bbox 2189 3027 3765 3098">
     <span class='ocr_line' id='line_1_94' title="bbox 2189 3027 3765 3098; baseline 0.007 -17"><span class='ocrx_word' id='word_1_632' title='bbox 2189 3027 2414 3094; x_wconf 88' lang='lat' dir='ltr'><strong>sidium;</strong></span> <span class='ocrx_word' id='word_1_633' title='bbox 2446 3029 2845 3086; x_wconf 91' lang='lat' dir='ltr'><strong>communicato</strong></span> <span class='ocrx_word' id='word_1_634' title='bbox 2872 3031 3130 3098; x_wconf 88' lang='lat' dir='ltr'><strong>consilio,</strong></span> <span class='ocrx_word' id='word_1_635' title='bbox 3172 3035 3575 3090; x_wconf 88' lang='lat' dir='ltr'><strong>constituerunt</strong></span> <span class='ocrx_word' id='word_1_636' title='bbox 3598 3037 3765 3092; x_wconf 84' lang='lat' dir='ltr'><strong>locum</strong></span> 
     </span>
    </p>
   </div>
   <div class='ocr_carea' id='block_1_95' title="bbox 2190 3117 3766 3191">
    <p class='ocr_par' dir='ltr' id='par_1_95' title="bbox 2190 3117 3766 3191">
     <span class='ocr_line' id='line_1_95' title="bbox 2190 3117 3766 3191; baseline 0.01 -21"><span class='ocrx_word' id='word_1_637' title='bbox 2190 3117 2615 3185; x_wconf 85' lang='lat' dir='ltr'><strong>tranquilliorem</strong></span> <span class='ocrx_word' id='word_1_638' title='bbox 2636 3127 2839 3189; x_wconf 89' lang='lat' dir='ltr'><strong>petere,</strong></span> <span class='ocrx_word' id='word_1_639' title='bbox 2854 3130 2908 3175; x_wconf 89' lang='lat' dir='ltr'><strong>et</strong></span> <span class='ocrx_word' id='word_1_640' title='bbox 2922 3137 3016 3191; x_wconf 89' lang='lat' dir='ltr'><strong>per</strong></span> <span class='ocrx_word' id='word_1_641' title='bbox 3030 3123 3325 3179; x_wconf 86' lang='lat' dir='ltr'><strong>absentiam</strong></span> <span class='ocrx_word' id='word_1_642' title='bbox 3345 3142 3499 3181; x_wconf 90' lang='lat' dir='ltr'><strong>suam</strong></span> <span class='ocrx_word' id='word_1_643' title='bbox 3524 3128 3766 3185; x_wconf 86' lang='lat' dir='ltr'><strong>hostibus</strong></span> 
     </span>
    </p>
   </div>
   <div class='ocr_carea' id='block_1_96' title="bbox 2110 3189 3768 3285">
    <p class='ocr_par' dir='ltr' id='par_1_96' title="bbox 2110 3189 3768 3285">
     <span class='ocr_line' id='line_1_96' title="bbox 2110 3189 3768 3285; baseline 0.01 -26"><span class='ocrx_word' id='word_1_644' title='bbox 2110 3189 2156 3251; x_wconf 65' lang='grc' dir='ltr'><strong>(ἶ</strong></span> <span class='ocrx_word' id='word_1_645' title='bbox 2184 3208 2523 3273; x_wconf 85' lang='lat' dir='ltr'><strong>occasionem</strong></span> <span class='ocrx_word' id='word_1_646' title='bbox 2554 3209 2840 3280; x_wconf 86' lang='lat' dir='ltr'><strong>malignam</strong></span> <span class='ocrx_word' id='word_1_647' title='bbox 2867 3214 2916 3265; x_wconf 90' lang='lat' dir='ltr'><strong>ei</strong></span> <span class='ocrx_word' id='word_1_648' title='bbox 2941 3213 3232 3284; x_wconf 65' lang='lat' dir='ltr'><strong>pran&#39;ipere</strong></span> <span class='ocrx_word' id='word_1_649' title='bbox 3275 3233 3287 3269; x_wconf 90' lang='lat'>:</span> <span class='ocrx_word' id='word_1_650' title='bbox 3328 3218 3418 3285; x_wconf 90' lang='lat' dir='ltr'><strong>qui</strong></span> <span class='ocrx_word' id='word_1_651' title='bbox 3452 3219 3616 3274; x_wconf 86' lang='lat' dir='ltr'><strong>rebus</strong></span> <span class='ocrx_word' id='word_1_652' title='bbox 3657 3222 3768 3276; x_wconf 86' lang='lat' dir='ltr'><strong>suis</strong></span> 
     </span>
    </p>
   </div>
   <div class='ocr_carea' id='block_1_97' title="bbox 2182 3297 3767 3377">
    <p class='ocr_par' dir='ltr' id='par_1_97' title="bbox 2182 3297 3767 3377">
     <span class='ocr_line' id='line_1_97' title="bbox 2182 3297 3767 3377; baseline 0.011 -27"><span class='ocrx_word' id='word_1_653' title='bbox 2182 3297 2422 3368; x_wconf 90' lang='lat' dir='ltr'><strong>plaustro</strong></span> <span class='ocrx_word' id='word_1_654' title='bbox 2450 3299 2737 3368; x_wconf 86' lang='lat' dir='ltr'><strong>impositis,</strong></span> <span class='ocrx_word' id='word_1_655' title='bbox 2769 3311 3087 3373; x_wconf 87' lang='lat' dir='ltr'><strong>sumptoque</strong></span> <span class='ocrx_word' id='word_1_656' title='bbox 3132 3321 3362 3377; x_wconf 92' lang='lat' dir='ltr'><strong>corpore</strong></span> <span class='ocrx_word' id='word_1_657' title='bbox 3385 3309 3533 3364; x_wconf 88' lang='lat' dir='ltr'><strong>beati</strong></span> <span class='ocrx_word' id='word_1_658' title='bbox 3562 3310 3767 3367; x_wconf 81' lang='lat' dir='ltr'><strong>Aldrici</strong></span> 
     </span>
    </p>
   </div>
   <div class='ocr_carea' id='block_1_98' title="bbox 2183 3390 3771 3468">
    <p class='ocr_par' dir='ltr' id='par_1_98' title="bbox 2183 3390 3771 3468">
     <span class='ocr_line' id='line_1_98' title="bbox 2183 3390 3771 3468; baseline 0.008 -23"><span class='ocrx_word' id='word_1_659' title='bbox 2183 3404 2305 3445; x_wconf 88' lang='lat' dir='ltr'><strong>cum</strong></span> <span class='ocrx_word' id='word_1_660' title='bbox 2345 3390 2558 3445; x_wconf 67' lang='lat' dir='ltr'><strong>cteteris</strong></span> <span class='ocrx_word' id='word_1_661' title='bbox 2601 3399 2910 3447; x_wconf 90' lang='lat' dir='ltr'><strong>sanctorum</strong></span> <span class='ocrx_word' id='word_1_662' title='bbox 2957 3396 3296 3468; x_wconf 85' lang='lat' dir='ltr'><strong>pignoribus,</strong></span> <span class='ocrx_word' id='word_1_663' title='bbox 3331 3398 3433 3453; x_wconf 90' lang='lat' dir='ltr'><strong>iter</strong></span> <span class='ocrx_word' id='word_1_664' title='bbox 3459 3414 3560 3455; x_wconf 87' lang='lat' dir='ltr'><strong>sun</strong></span> <span class='ocrx_word' id='word_1_665' title='bbox 3589 3406 3771 3458; x_wconf 81' lang='lat' dir='ltr'><strong>noctis</strong></span> 
     </span>
    </p>
   </div>
   <div class='ocr_carea' id='block_1_99' title="bbox 2183 3472 3771 3556">
    <p class='ocr_par' dir='ltr' id='par_1_99' title="bbox 2183 3472 3771 3556">
     <span class='ocr_line' id='line_1_99' title="bbox 2183 3472 3771 3556; baseline 0.007 -22"><span class='ocrx_word' id='word_1_666' title='bbox 2183 3480 2399 3536; x_wconf 90' lang='lat' dir='ltr'><strong>silentio</strong></span> <span class='ocrx_word' id='word_1_667' title='bbox 2434 3482 2796 3552; x_wconf 88' lang='lat' dir='ltr'><strong>arripuerunt.</strong></span> <span class='ocrx_word' id='word_1_668' title='bbox 2829 3482 2964 3538; x_wconf 90' lang='lat' dir='ltr'><strong>Dum</strong></span> <span class='ocrx_word' id='word_1_669' title='bbox 3009 3472 3190 3540; x_wconf 86' lang='lat' dir='ltr'><strong>autem</strong></span> <span class='ocrx_word' id='word_1_670' title='bbox 3218 3503 3319 3556; x_wconf 89' lang='lat' dir='ltr'><strong>per</strong></span> <span class='ocrx_word' id='word_1_671' title='bbox 3353 3488 3621 3545; x_wconf 84' lang='lat' dir='ltr'><strong>anfractus</strong></span> <span class='ocrx_word' id='word_1_672' title='bbox 3647 3496 3771 3546; x_wconf 81' lang='lat' dir='ltr'><strong>via-</strong></span> 
     </span>
    </p>
   </div>
   <div class='ocr_carea' id='block_1_100' title="bbox 2180 3572 3770 3651">
    <p class='ocr_par' dir='ltr' id='par_1_100' title="bbox 2180 3572 3770 3651">
     <span class='ocr_line' id='line_1_100' title="bbox 2180 3572 3770 3651; baseline 0.009 -26"><span class='ocrx_word' id='word_1_673' title='bbox 2180 3586 2300 3626; x_wconf 89' lang='lat' dir='ltr'><strong>rum</strong></span> <span class='ocrx_word' id='word_1_674' title='bbox 2331 3572 2511 3629; x_wconf 89' lang='lat' dir='ltr'><strong>devios</strong></span> <span class='ocrx_word' id='word_1_675' title='bbox 2531 3573 2835 3651; x_wconf 82' lang='lat' dir='ltr'><strong>plaustrum</strong></span> <span class='ocrx_word' id='word_1_676' title='bbox 2857 3576 3136 3642; x_wconf 89' lang='lat' dir='ltr'><strong>ducerent,</strong></span> <span class='ocrx_word' id='word_1_677' title='bbox 3154 3578 3372 3633; x_wconf 85' lang='lat' dir='ltr'><strong>incaute</strong></span> <span class='ocrx_word' id='word_1_678' title='bbox 3407 3583 3770 3650; x_wconf 82' lang='lat' dir='ltr'><strong>progrediens</strong></span> 
     </span>
    </p>
   </div>
   <div class='ocr_carea' id='block_1_101' title="bbox 2179 3662 3767 3742">
    <p class='ocr_par' dir='ltr' id='par_1_101' title="bbox 2179 3662 3767 3742">
     <span class='ocr_line' id='line_1_101' title="bbox 2179 3662 3767 3742; baseline 0.007 -26"><span class='ocrx_word' id='word_1_679' title='bbox 2179 3662 2444 3717; x_wconf 88' lang='lat' dir='ltr'><strong>bubulcus</strong></span> <span class='ocrx_word' id='word_1_680' title='bbox 2477 3663 2705 3731; x_wconf 71' lang='lat' dir='ltr'><strong>quidam</strong></span> <span class='ocrx_word' id='word_1_681' title='bbox 2731 3664 2783 3718; x_wconf 91' lang='lat' dir='ltr'><strong>in</strong></span> <span class='ocrx_word' id='word_1_682' title='bbox 2826 3673 3024 3719; x_wconf 90' lang='lat' dir='ltr'><strong>terram</strong></span> <span class='ocrx_word' id='word_1_683' title='bbox 3048 3667 3364 3735; x_wconf 85' lang='lat' dir='ltr'><strong>provolutus</strong></span> <span class='ocrx_word' id='word_1_684' title='bbox 3391 3671 3642 3726; x_wconf 85' lang='lat' dir='ltr'><strong>corruit:</strong></span> <span class='ocrx_word' id='word_1_685' title='bbox 3668 3688 3767 3742; x_wconf 86' lang='lat' dir='ltr'><strong>per</strong></span> 
     </span>
    </p>
   </div>
   <div class='ocr_carea' id='block_1_102' title="bbox 2180 3757 3760 3837">
    <p class='ocr_par' dir='ltr' id='par_1_102' title="bbox 2180 3757 3760 3837">
     <span class='ocr_line' id='line_1_102' title="bbox 2180 3757 3760 3837; baseline 0.009 -26"><span class='ocrx_word' id='word_1_686' title='bbox 2180 3757 2334 3827; x_wconf 86' lang='lat' dir='ltr'><strong>cujus</strong></span> <span class='ocrx_word' id='word_1_687' title='bbox 2365 3757 2522 3812; x_wconf 88' lang='lat' dir='ltr'><strong>tibias</strong></span> <span class='ocrx_word' id='word_1_688' title='bbox 2553 3765 2669 3812; x_wconf 85' lang='lat' dir='ltr'><strong>rota</strong></span> <span class='ocrx_word' id='word_1_689' title='bbox 2713 3758 2939 3827; x_wconf 88' lang='lat' dir='ltr'><strong>plaustri</strong></span> <span class='ocrx_word' id='word_1_690' title='bbox 2970 3763 3209 3832; x_wconf 84' lang='lat' dir='ltr'><strong>graviter</strong></span> <span class='ocrx_word' id='word_1_691' title='bbox 3237 3767 3419 3821; x_wconf 86' lang='lat' dir='ltr'><strong>onusti</strong></span> <span class='ocrx_word' id='word_1_692' title='bbox 3469 3770 3760 3837; x_wconf 84' lang='lat' dir='ltr'><strong>transiens,</strong></span> 
     </span>
    </p>
   </div>
   <div class='ocr_carea' id='block_1_103' title="bbox 2179 3847 3733 3925">
    <p class='ocr_par' dir='ltr' id='par_1_103' title="bbox 2179 3847 3733 3925">
     <span class='ocr_line' id='line_1_103' title="bbox 2179 3847 3733 3925; baseline 0.01 -25"><span class='ocrx_word' id='word_1_693' title='bbox 2179 3860 2303 3900; x_wconf 92' lang='lat' dir='ltr'><strong>eum</strong></span> <span class='ocrx_word' id='word_1_694' title='bbox 2329 3847 2655 3904; x_wconf 90' lang='lat' dir='ltr'><strong>seminecem</strong></span> <span class='ocrx_word' id='word_1_695' title='bbox 2684 3850 3004 3905; x_wconf 87' lang='lat' dir='ltr'><strong>credebatur</strong></span> <span class='ocrx_word' id='word_1_696' title='bbox 3056 3853 3359 3923; x_wconf 85' lang='lat' dir='ltr'><strong>reliquisse.</strong></span> <span class='ocrx_word' id='word_1_697' title='bbox 3414 3856 3539 3925; x_wconf 85' lang='lat' dir='ltr'><strong>Quo</strong></span> <span class='ocrx_word' id='word_1_698' title='bbox 3594 3861 3733 3916; x_wconf 81' lang='lat' dir='ltr'><strong>infer</strong></span> 
     </span>
    </p>
   </div>
   <div class='ocr_carea' id='block_1_104' title="bbox 2180 3937 3765 4022">
    <p class='ocr_par' dir='ltr' id='par_1_104' title="bbox 2180 3937 3765 4022">
     <span class='ocr_line' id='line_1_104' title="bbox 2180 3937 3765 4022; baseline 0.01 -31"><span class='ocrx_word' id='word_1_699' title='bbox 2180 3937 2330 3991; x_wconf 89' lang='lat' dir='ltr'><strong>tunio</strong></span> <span class='ocrx_word' id='word_1_700' title='bbox 2357 3953 2544 4014; x_wconf 86' lang='lat' dir='ltr'><strong>omnes</strong></span> <span class='ocrx_word' id='word_1_701' title='bbox 2576 3940 2900 4009; x_wconf 86' lang='lat' dir='ltr'><strong>perturbati,</strong></span> <span class='ocrx_word' id='word_1_702' title='bbox 2931 3941 3219 3999; x_wconf 85' lang='lat' dir='ltr'><strong>clamorem</strong></span> <span class='ocrx_word' id='word_1_703' title='bbox 3253 3947 3452 4002; x_wconf 87' lang='lat' dir='ltr'><strong>tollunt</strong></span> <span class='ocrx_word' id='word_1_704' title='bbox 3501 3950 3765 4022; x_wconf 76' lang='lat' dir='ltr'><strong>lacryma-</strong></span> 
     </span>
    </p>
   </div>
   <div class='ocr_carea' id='block_1_105' title="bbox 2177 4027 3763 4111">
    <p class='ocr_par' dir='ltr' id='par_1_105' title="bbox 2177 4027 3763 4111">
     <span class='ocr_line' id='line_1_105' title="bbox 2177 4027 3763 4111; baseline 0.009 -30"><span class='ocrx_word' id='word_1_705' title='bbox 2177 4027 2361 4093; x_wconf 88' lang='lat' dir='ltr'><strong>bilem,</strong></span> <span class='ocrx_word' id='word_1_706' title='bbox 2396 4036 2600 4084; x_wconf 89' lang='lat' dir='ltr'><strong>ctvoce</strong></span> <span class='ocrx_word' id='word_1_707' title='bbox 2635 4045 2872 4085; x_wconf 87' lang='lat' dir='ltr'><strong>consona</strong></span> <span class='ocrx_word' id='word_1_708' title='bbox 2901 4048 3060 4102; x_wconf 88' lang='lat' dir='ltr'><strong>opem</strong></span> <span class='ocrx_word' id='word_1_709' title='bbox 3099 4036 3270 4089; x_wconf 88' lang='lat' dir='ltr'><strong>sancti</strong></span> <span class='ocrx_word' id='word_1_710' title='bbox 3323 4036 3535 4094; x_wconf 83' lang='lat' dir='ltr'><strong>Aldrici</strong></span> <span class='ocrx_word' id='word_1_711' title='bbox 3568 4042 3763 4111; x_wconf 82' lang='lat' dir='ltr'><strong>depos-</strong></span> 
     </span>
    </p>
   </div>
   <div class='ocr_carea' id='block_1_106' title="bbox 2178 4118 3766 4190">
    <p class='ocr_par' dir='ltr' id='par_1_106' title="bbox 2178 4118 3766 4190">
     <span class='ocr_line' id='line_1_106' title="bbox 2178 4118 3766 4190; baseline 0.009 -17"><span class='ocrx_word' id='word_1_712' title='bbox 2178 4127 2325 4173; x_wconf 85' lang='lat' dir='ltr'><strong>cunt.</strong></span> <span class='ocrx_word' id='word_1_713' title='bbox 2347 4118 2429 4173; x_wconf 86' lang='lat' dir='ltr'><strong>Ad</strong></span> <span class='ocrx_word' id='word_1_714' title='bbox 2462 4135 2689 4190; x_wconf 92' lang='lat' dir='ltr'><strong>quorum</strong></span> <span class='ocrx_word' id='word_1_715' title='bbox 2720 4122 3059 4178; x_wconf 90' lang='lat' dir='ltr'><strong>devotionem</strong></span> <span class='ocrx_word' id='word_1_716' title='bbox 3084 4124 3347 4182; x_wconf 89' lang='lat' dir='ltr'><strong>bubulcus</strong></span> <span class='ocrx_word' id='word_1_717' title='bbox 3376 4131 3623 4186; x_wconf 77' lang='lat' dir='ltr'><strong>surrexit</strong></span> <span class='ocrx_word' id='word_1_718' title='bbox 3641 4133 3766 4187; x_wconf 52' lang='lat' dir='ltr'><strong>illa»</strong></span> 
     </span>
    </p>
   </div>
   <div class='ocr_carea' id='block_1_107' title="bbox 2175 4213 3765 4297">
    <p class='ocr_par' dir='ltr' id='par_1_107' title="bbox 2175 4213 3765 4297">
     <span class='ocr_line' id='line_1_107' title="bbox 2175 4213 3765 4297; baseline 0.009 -30"><span class='ocrx_word' id='word_1_719' title='bbox 2175 4227 2285 4276; x_wconf 90' lang='lat' dir='ltr'><strong>sus,</strong></span> <span class='ocrx_word' id='word_1_720' title='bbox 2314 4218 2567 4281; x_wconf 88' lang='lat' dir='ltr'><strong>tanquam</strong></span> <span class='ocrx_word' id='word_1_721' title='bbox 2605 4213 2739 4268; x_wconf 89' lang='lat' dir='ltr'><strong>nihil</strong></span> <span class='ocrx_word' id='word_1_722' title='bbox 2768 4215 3027 4272; x_wconf 91' lang='lat' dir='ltr'><strong>sensisset</strong></span> <span class='ocrx_word' id='word_1_723' title='bbox 3051 4219 3382 4287; x_wconf 86' lang='lat' dir='ltr'><strong>gravaminis</strong></span> <span class='ocrx_word' id='word_1_724' title='bbox 3413 4240 3427 4276; x_wconf 89' lang='lat'>:</span> <span class='ocrx_word' id='word_1_725' title='bbox 3461 4232 3519 4278; x_wconf 90' lang='lat' dir='ltr'><strong>et</strong></span> <span class='ocrx_word' id='word_1_726' title='bbox 3545 4226 3651 4279; x_wconf 87' lang='lat' dir='ltr'><strong>iter</strong></span> <span class='ocrx_word' id='word_1_727' title='bbox 3674 4244 3765 4297; x_wconf 82' lang='lat' dir='ltr'><strong>ag-</strong></span> 
     </span>
    </p>
   </div>
   <div class='ocr_carea' id='block_1_108' title="bbox 2175 4303 3767 4387">
    <p class='ocr_par' dir='ltr' id='par_1_108' title="bbox 2175 4303 3767 4387">
     <span class='ocr_line' id='line_1_108' title="bbox 2175 4303 3767 4387; baseline 0.009 -30"><span class='ocrx_word' id='word_1_728' title='bbox 2175 4303 2427 4373; x_wconf 86' lang='lat' dir='ltr'><strong>grediens</strong></span> <span class='ocrx_word' id='word_1_729' title='bbox 2450 4304 2594 4359; x_wconf 92' lang='lat' dir='ltr'><strong>soliti</strong></span> <span class='ocrx_word' id='word_1_730' title='bbox 2623 4305 2804 4374; x_wconf 89' lang='lat' dir='ltr'><strong>operis</strong></span> <span class='ocrx_word' id='word_1_731' title='bbox 2826 4306 3059 4362; x_wconf 84' lang='lat' dir='ltr'><strong>ollicium</strong></span> <span class='ocrx_word' id='word_1_732' title='bbox 3100 4319 3424 4377; x_wconf 86' lang='lat' dir='ltr'><strong>prosecutus</strong></span> <span class='ocrx_word' id='word_1_733' title='bbox 3465 4325 3573 4369; x_wconf 88' lang='lat' dir='ltr'><strong>est.</strong></span> <span class='ocrx_word' id='word_1_734' title='bbox 3600 4316 3767 4387; x_wconf 74' lang='lat' dir='ltr'><strong>Igitur</strong></span> 
     </span>
    </p>
   </div>
   <div class='ocr_carea' id='block_1_109' title="bbox 2174 4394 3767 4477">
    <p class='ocr_par' dir='ltr' id='par_1_109' title="bbox 2174 4394 3767 4477">
     <span class='ocr_line' id='line_1_109' title="bbox 2174 4394 3767 4477; baseline 0.009 -29"><span class='ocrx_word' id='word_1_735' title='bbox 2174 4394 2320 4450; x_wconf 91' lang='lat' dir='ltr'><strong>luctu</strong></span> <span class='ocrx_word' id='word_1_736' title='bbox 2357 4403 2668 4449; x_wconf 91' lang='lat' dir='ltr'><strong>cunctorum</strong></span> <span class='ocrx_word' id='word_1_737' title='bbox 2700 4396 2751 4449; x_wconf 92' lang='lat' dir='ltr'><strong>in</strong></span> <span class='ocrx_word' id='word_1_738' title='bbox 2800 4398 3051 4467; x_wconf 85' lang='lat' dir='ltr'><strong>gaudium</strong></span> <span class='ocrx_word' id='word_1_739' title='bbox 3093 4415 3374 4467; x_wconf 86' lang='lat' dir='ltr'><strong>converso,</strong></span> <span class='ocrx_word' id='word_1_740' title='bbox 3406 4405 3525 4461; x_wconf 83' lang='lat' dir='ltr'><strong>Deo</strong></span> <span class='ocrx_word' id='word_1_741' title='bbox 3561 4411 3767 4477; x_wconf 75' lang='lat' dir='ltr'><strong>gratias</strong></span> 
     </span>
    </p>
   </div>
   <div class='ocr_carea' id='block_1_110' title="bbox 2179 4479 3766 4555">
    <p class='ocr_par' dir='ltr' id='par_1_110' title="bbox 2179 4479 3766 4555">
     <span class='ocr_line' id='line_1_110' title="bbox 2179 4479 3766 4555; baseline 0.011 -18"><span class='ocrx_word' id='word_1_742' title='bbox 2179 4485 2503 4546; x_wconf 87' lang='lat' dir='ltr'><strong>reddentes,</strong></span> <span class='ocrx_word' id='word_1_743' title='bbox 2552 4486 2618 4540; x_wconf 90' lang='lat' dir='ltr'><strong>ad</strong></span> <span class='ocrx_word' id='word_1_744' title='bbox 2667 4489 3055 4543; x_wconf 85' lang='lat' dir='ltr'><strong>monasterium</strong></span> <span class='ocrx_word' id='word_1_745' title='bbox 3113 4501 3135 4529; x_wconf 77' lang='grc' dir='ltr'>ε</span> <span class='ocrx_word' id='word_1_746' title='bbox 3181 4479 3490 4550; x_wconf 73' lang='lat' dir='ltr'><strong>Villarense</strong></span> <span class='ocrx_word' id='word_1_747' title='bbox 3532 4497 3766 4555; x_wconf 76' lang='lat' dir='ltr'><strong>feliciter</strong></span> 
     </span>
    </p>
   </div>
   <div class='ocr_carea' id='block_1_111' title="bbox 2182 4578 3767 4661">
    <p class='ocr_par' dir='ltr' id='par_1_111' title="bbox 2182 4578 3767 4661">
     <span class='ocr_line' id='line_1_111' title="bbox 2182 4578 3767 4661; baseline 0.008 -28"><span class='ocrx_word' id='word_1_748' title='bbox 2182 4587 2558 4648; x_wconf 89' lang='lat' dir='ltr'><strong>pervenerunt.</strong></span> <span class='ocrx_word' id='word_1_749' title='bbox 2592 4578 2707 4645; x_wconf 86' lang='lat' dir='ltr'><strong>Quo</strong></span> <span class='ocrx_word' id='word_1_750' title='bbox 2752 4581 2933 4636; x_wconf 88' lang='lat' dir='ltr'><strong>audito</strong></span> <span class='ocrx_word' id='word_1_751' title='bbox 2981 4583 3049 4637; x_wconf 90' lang='lat' dir='ltr'><strong>ad</strong></span> <span class='ocrx_word' id='word_1_752' title='bbox 3092 4584 3260 4638; x_wconf 87' lang='lat' dir='ltr'><strong>sancti</strong></span> <span class='ocrx_word' id='word_1_753' title='bbox 3290 4588 3628 4645; x_wconf 88' lang='lat' dir='ltr'><strong>confessoris</strong></span> <span class='ocrx_word' id='word_1_754' title='bbox 3668 4607 3767 4661; x_wconf 80' lang='lat' dir='ltr'><strong>pa-</strong></span> 
     </span>
    </p>
   </div>
   <div class='ocr_carea' id='block_1_112' title="bbox 2180 4734 3765 4807">
    <p class='ocr_par' dir='ltr' id='par_1_112' title="bbox 2180 4734 3765 4807">
     <span class='ocr_line' id='line_1_112' title="bbox 2180 4734 3765 4807; baseline 0.006 -17"><span class='ocrx_word' id='word_1_755' title='bbox 2180 4736 2446 4807; x_wconf 77' lang='lat' dir='ltr'><strong>Kalendas</strong></span> <span class='ocrx_word' id='word_1_756' title='bbox 2479 4734 2605 4790; x_wconf 86' lang='lat' dir='ltr'><strong>Julii</strong></span> <span class='ocrx_word' id='word_1_757' title='bbox 2651 4735 2747 4791; x_wconf 73' lang='lat' dir='ltr'><strong>8M</strong></span> <span class='ocrx_word' id='word_1_758' title='bbox 2777 4778 2792 4800; x_wconf 86' lang='lat'><strong>,</strong></span> <span class='ocrx_word' id='word_1_759' title='bbox 2850 4753 2915 4792; x_wconf 91' lang='lat' dir='ltr'><strong>ac</strong></span> <span class='ocrx_word' id='word_1_760' title='bbox 2965 4739 3190 4807; x_wconf 87' lang='lat' dir='ltr'><strong>proinde</strong></span> <span class='ocrx_word' id='word_1_761' title='bbox 3235 4740 3496 4798; x_wconf 83' lang='lat' dir='ltr'><strong>Aldricus</strong></span> <span class='ocrx_word' id='word_1_762' title='bbox 3541 4740 3765 4801; x_wconf 68' lang='lat' dir='ltr'><strong>Octobri</strong></span> 
     </span>
    </p>
   </div>
   <div class='ocr_carea' id='block_1_113' title="bbox 2179 4805 3202 4876">
    <p class='ocr_par' dir='ltr' id='par_1_113' title="bbox 2179 4805 3202 4876">
     <span class='ocr_line' id='line_1_113' title="bbox 2179 4805 3202 4876; baseline 0.002 -14"><span class='ocrx_word' id='word_1_763' title='bbox 2179 4805 2527 4876; x_wconf 82' lang='lat' dir='ltr'><strong>antecedente</strong></span> <span class='ocrx_word' id='word_1_764' title='bbox 2549 4807 2615 4859; x_wconf 87' lang='lat' dir='ltr'><strong>ad</strong></span> <span class='ocrx_word' id='word_1_765' title='bbox 2645 4822 2870 4876; x_wconf 78' lang='lat' dir='ltr'><strong>Superos</strong></span> <span class='ocrx_word' id='word_1_766' title='bbox 2896 4805 3202 4864; x_wconf 77' lang='lat' dir='ltr'><strong>transierat.</strong></span> 
     </span>
    </p>
   </div>
   <div class='ocr_carea' id='block_1_114' title="bbox 2252 4875 3767 4952">
    <p class='ocr_par' dir='ltr' id='par_1_114' title="bbox 2252 4875 3767 4952">
     <span class='ocr_line' id='line_1_114' title="bbox 2252 4875 3767 4952; baseline 0.005 -22"><span class='ocrx_word' id='word_1_767' title='bbox 2252 4890 2287 4952; x_wconf 75' lang='lat'><strong>°_</strong></span> <span class='ocrx_word' id='word_1_768' title='bbox 2310 4876 2423 4952; x_wconf 60' lang='lat' dir='ltr'><strong>1mg</strong></span> <span class='ocrx_word' id='word_1_769' title='bbox 2452 4875 2684 4952; x_wconf 74' lang='lat' dir='ltr'><strong>W_en_ilo,</strong></span> <span class='ocrx_word' id='word_1_770' title='bbox 2704 4875 2810 4952; x_wconf 68' lang='lat' dir='ltr'><strong>non</strong></span> <span class='ocrx_word' id='word_1_771' title='bbox 2840 4878 3004 4952; x_wconf 82' lang='lat' dir='ltr'><strong>abbas</strong></span> <span class='ocrx_word' id='word_1_772' title='bbox 3020 4879 3400 4952; x_wconf 74' lang='lat' dir='ltr'><strong>Ferrarjensis,</strong></span> <span class='ocrx_word' id='word_1_773' title='bbox 3421 4884 3520 4937; x_wconf 88' lang='lat' dir='ltr'><strong>sed</strong></span> <span class='ocrx_word' id='word_1_774' title='bbox 3540 4885 3767 4952; x_wconf 71' lang='lat' dir='ltr'><strong>capella:</strong></span> 
     </span>
    </p>
   </div>
   <div class='ocr_carea' id='block_1_115' title="bbox 2178 4945 3760 5035">
    <p class='ocr_par' dir='ltr' id='par_1_115' title="bbox 2178 4945 3760 5035">
     <span class='ocr_line' id='line_1_115' title="bbox 2178 4945 3760 5035; baseline 0.005 -35"><span class='ocrx_word' id='word_1_775' title='bbox 2178 4947 2340 5028; x_wconf 61' lang='lat' dir='ltr'><strong>regiae</strong></span> <span class='ocrx_word' id='word_1_776' title='bbox 2370 4945 2544 5035; x_wconf 62' lang='lat' dir='ltr'><strong>Caroli</strong></span> <span class='ocrx_word' id='word_1_777' title='bbox 2571 4946 2716 5035; x_wconf 55' lang='lat' dir='ltr'><strong>Calvi</strong></span> <span class='ocrx_word' id='word_1_778' title='bbox 2732 4948 3073 5035; x_wconf 50' lang='lat' dir='ltr'><strong>Leapellanus,</strong></span> <span class='ocrx_word' id='word_1_779' title='bbox 3103 4956 3161 5002; x_wconf 87' lang='lat' dir='ltr'><strong>ut</strong></span> <span class='ocrx_word' id='word_1_780' title='bbox 3193 4949 3417 5035; x_wconf 58' lang='lat' dir='ltr'><strong>Carolus</strong></span> <span class='ocrx_word' id='word_1_781' title='bbox 3444 4952 3564 5035; x_wconf 80' lang='lat' dir='ltr'><strong>ipse</strong></span> <span class='ocrx_word' id='word_1_782' title='bbox 3590 4945 3760 5035; x_wconf 65' lang='lat' dir='ltr'><strong>testa-</strong></span> 
     </span>
    </p>
   </div>
   <div class='ocr_carea' id='block_1_116' title="bbox 2174 5015 3765 5093">
    <p class='ocr_par' dir='ltr' id='par_1_116' title="bbox 2174 5015 3765 5093">
     <span class='ocr_line' id='line_1_116' title="bbox 2174 5015 3765 5093; baseline 0.004 -22"><span class='ocrx_word' id='word_1_783' title='bbox 2174 5015 2263 5071; x_wconf 82' lang='lat' dir='ltr'><strong>tur</strong></span> <span class='ocrx_word' id='word_1_784' title='bbox 2284 5017 2336 5070; x_wconf 92' lang='lat' dir='ltr'><strong>in</strong></span> <span class='ocrx_word' id='word_1_785' title='bbox 2361 5016 2561 5089; x_wconf 85' lang='lat' dir='ltr'><strong>synodo</strong></span> <span class='ocrx_word' id='word_1_786' title='bbox 2574 5016 2713 5093; x_wconf 78' lang='lat' dir='ltr'><strong>apud</strong></span> <span class='ocrx_word' id='word_1_787' title='bbox 2732 5015 2799 5069; x_wconf 88' lang='lat' dir='ltr'><strong>Sa</strong></span> <span class='ocrx_word' id='word_1_788' title='bbox 2806 5015 2940 5093; x_wconf 79' lang='lat' dir='ltr'><strong>pona</strong></span> <span class='ocrx_word' id='word_1_789' title='bbox 2945 5018 3023 5093; x_wconf 74' lang='lat' dir='ltr'><strong>ria</strong></span> <span class='ocrx_word' id='word_1_790' title='bbox 3031 5034 3218 5093; x_wconf 74' lang='lat' dir='ltr'><strong>sanna</strong></span> <span class='ocrx_word' id='word_1_791' title='bbox 3232 5020 3335 5075; x_wconf 82' lang='lat'><strong>859</strong></span> <span class='ocrx_word' id='word_1_792' title='bbox 3344 5037 3451 5093; x_wconf 85' lang='lat' dir='ltr'><strong>qua</strong></span> <span class='ocrx_word' id='word_1_793' title='bbox 3464 5015 3525 5077; x_wconf 77' lang='lat' dir='ltr'><strong>in</strong></span> <span class='ocrx_word' id='word_1_794' title='bbox 3542 5026 3765 5093; x_wconf 71' lang='lat' dir='ltr'><strong>synodo</strong></span> 
     </span>
    </p>
   </div>
   <div class='ocr_carea' id='block_1_117' title="bbox 2167 5087 3761 5156">
    <p class='ocr_par' dir='ltr' id='par_1_117' title="bbox 2167 5087 3761 5156">
     <span class='ocr_line' id='line_1_117' title="bbox 2167 5087 3761 5156; baseline 0.003 -15"><span class='ocrx_word' id='word_1_795' title='bbox 2167 5096 2492 5156; x_wconf 86' lang='lat' dir='ltr'><strong>conquestus</strong></span> <span class='ocrx_word' id='word_1_796' title='bbox 2515 5094 2595 5140; x_wconf 86' lang='lat' dir='ltr'><strong>est</strong></span> <span class='ocrx_word' id='word_1_797' title='bbox 2635 5087 2893 5141; x_wconf 86' lang='lat' dir='ltr'><strong>adversus</strong></span> <span class='ocrx_word' id='word_1_798' title='bbox 2918 5088 3272 5153; x_wconf 84' lang='lat' dir='ltr'><strong>chilonem,</strong></span> <span class='ocrx_word' id='word_1_799' title='bbox 3302 5087 3391 5144; x_wconf 77' lang='lat' dir='ltr'><strong>cui</strong></span> <span class='ocrx_word' id='word_1_800' title='bbox 3426 5110 3447 5142; x_wconf 70' lang='grc' dir='ltr'><strong>ε</strong></span> <span class='ocrx_word' id='word_1_801' title='bbox 3479 5087 3761 5146; x_wconf 58' lang='grc' dir='ltr'><strong>Ψεήἰιοηί</strong></span> 
     </span>
    </p>
   </div>
   <div class='ocr_carea' id='block_1_118' title="bbox 2166 5156 3763 5227">
    <p class='ocr_par' dir='ltr' id='par_1_118' title="bbox 2166 5156 3763 5227">
     <span class='ocr_line' id='line_1_118' title="bbox 2166 5156 3763 5227; baseline 0.004 -18"><span class='ocrx_word' id='word_1_802' title='bbox 2166 5165 2295 5227; x_wconf 83' lang='lat' dir='ltr'><strong>tunc</strong></span> <span class='ocrx_word' id='word_1_803' title='bbox 2320 5157 2541 5227; x_wconf 13' lang='lat' dir='ltr'><strong>iclerico,</strong></span> <span class='ocrx_word' id='word_1_804' title='bbox 2586 5156 2779 5227; x_wconf 84' lang='lat' dir='ltr'><strong>inquit,</strong></span> <span class='ocrx_word' id='word_1_805' title='bbox 2814 5172 2932 5227; x_wconf 85' lang='lat' dir='ltr'><strong>meo</strong></span> <span class='ocrx_word' id='word_1_806' title='bbox 2968 5157 3019 5211; x_wconf 93' lang='lat' dir='ltr'><strong>in</strong></span> <span class='ocrx_word' id='word_1_807' title='bbox 3070 5159 3269 5227; x_wconf 86' lang='lat' dir='ltr'><strong>capella</strong></span> <span class='ocrx_word' id='word_1_808' title='bbox 3303 5174 3423 5214; x_wconf 81' lang='lat' dir='ltr'><strong>mea</strong></span> <span class='ocrx_word' id='word_1_809' title='bbox 3470 5163 3608 5217; x_wconf 91' lang='lat' dir='ltr'><strong>mihi</strong></span> <span class='ocrx_word' id='word_1_810' title='bbox 3643 5177 3763 5215; x_wconf 83' lang='lat' dir='ltr'><strong>ser-</strong></span> 
     </span>
    </p>
   </div>
   <div class='ocr_carea' id='block_1_119' title="bbox 2166 5225 3755 5298">
    <p class='ocr_par' dir='ltr' id='par_1_119' title="bbox 2166 5225 3755 5298">
     <span class='ocr_line' id='line_1_119' title="bbox 2166 5225 3755 5298; baseline 0.004 -20"><span class='ocrx_word' id='word_1_811' title='bbox 2166 5225 2369 5298; x_wconf 71' lang='lat' dir='ltr'><strong>vienti,</strong></span> <span class='ocrx_word' id='word_1_812' title='bbox 2423 5244 2441 5276; x_wconf 72' lang='grc' dir='ltr'><strong><em>ι</em></strong></span> <span class='ocrx_word' id='word_1_813' title='bbox 2498 5225 2830 5298; x_wconf 65' lang='lat' dir='ltr'><strong>metropoljrn</strong></span> <span class='ocrx_word' id='word_1_814' title='bbox 2869 5225 3158 5298; x_wconf 73' lang='lat' dir='ltr'><strong>Senonum</strong></span> <span class='ocrx_word' id='word_1_815' title='bbox 3214 5228 3282 5281; x_wconf 88' lang='lat' dir='ltr'><strong>ad</strong></span> <span class='ocrx_word' id='word_1_816' title='bbox 3327 5231 3755 5298; x_wconf 80' lang='lat' dir='ltr'><strong>gubernandum</strong></span> 
     </span>
    </p>
   </div>
   <div class='ocr_carea' id='block_1_120' title="bbox 2167 5294 3762 5367">
    <p class='ocr_par' dir='ltr' id='par_1_120' title="bbox 2167 5294 3762 5367">
     <span class='ocr_line' id='line_1_120' title="bbox 2167 5294 3762 5367; baseline 0.004 -21"><span class='ocrx_word' id='word_1_817' title='bbox 2167 5295 2527 5367; x_wconf 75' lang='lat' dir='ltr'><strong>cpinmiserat.</strong></span> <span class='ocrx_word' id='word_1_818' title='bbox 2549 5295 2710 5367; x_wconf 75' lang='lat' dir='ltr'><strong>Certe</strong></span> <span class='ocrx_word' id='word_1_819' title='bbox 2722 5294 2935 5349; x_wconf 86' lang='lat' dir='ltr'><strong>Wenilo</strong></span> <span class='ocrx_word' id='word_1_820' title='bbox 2956 5297 3301 5367; x_wconf 74' lang='lat' dir='ltr'><strong>eadem,‘qua:</strong></span> <span class='ocrx_word' id='word_1_821' title='bbox 3324 5294 3412 5354; x_wconf 77' lang='lat' dir='ltr'><strong>hic</strong></span> <span class='ocrx_word' id='word_1_822' title='bbox 3436 5302 3762 5355; x_wconf 80' lang='lat' dir='ltr'><strong>tribuuntur</strong></span> 
     </span>
    </p>
   </div>
   <div class='ocr_carea' id='block_1_121' title="bbox 2166 5362 3765 5435">
    <p class='ocr_par' dir='ltr' id='par_1_121' title="bbox 2166 5362 3765 5435">
     <span class='ocr_line' id='line_1_121' title="bbox 2166 5362 3765 5435; baseline 0.006 -19"><span class='ocrx_word' id='word_1_823' title='bbox 2166 5362 2459 5435; x_wconf 84' lang='lat' dir='ltr'><strong>lleneaulo,</strong></span> <span class='ocrx_word' id='word_1_824' title='bbox 2480 5364 2805 5435; x_wconf 63' lang='lat' dir='ltr'><strong>praestitisse</strong></span> <span class='ocrx_word' id='word_1_825' title='bbox 2834 5375 3166 5420; x_wconf 89' lang='lat' dir='ltr'><strong>memoratur</strong></span> <span class='ocrx_word' id='word_1_826' title='bbox 3191 5362 3330 5435; x_wconf 77' lang='lat' dir='ltr'><strong>apud</strong></span> <span class='ocrx_word' id='word_1_827' title='bbox 3356 5368 3602 5424; x_wconf 81' lang='lat' dir='ltr'><strong>Clarium</strong></span> <span class='ocrx_word' id='word_1_828' title='bbox 3635 5384 3765 5424; x_wconf 82' lang='lat' dir='ltr'><strong>mo-</strong></span> 
     </span>
    </p>
   </div>
   <div class='ocr_carea' id='block_1_122' title="bbox 2170 5432 3767 5509">
    <p class='ocr_par' dir='ltr' id='par_1_122' title="bbox 2170 5432 3767 5509">
     <span class='ocr_line' id='line_1_122' title="bbox 2170 5432 3767 5509; baseline 0.005 -24"><span class='ocrx_word' id='word_1_829' title='bbox 2170 5433 2448 5509; x_wconf 72' lang='lat' dir='ltr'><strong>pachum._</strong></span> <span class='ocrx_word' id='word_1_830' title='bbox 2479 5432 2743 5509; x_wconf 46' lang='lat' dir='ltr'><strong>[terrariis</strong></span> <span class='ocrx_word' id='word_1_831' title='bbox 2797 5444 3187 5509; x_wconf 61' lang='lat' dir='ltr'><strong>tum__pr.eerat</strong></span> <span class='ocrx_word' id='word_1_832' title='bbox 3227 5432 3392 5500; x_wconf 47' lang='lat' dir='ltr'><strong>&#39;O:lo,</strong></span> <span class='ocrx_word' id='word_1_833' title='bbox 3449 5454 3767 5509; x_wconf 56' lang='lat' dir='ltr'><strong>praecessor</strong></span> 
     </span>
    </p>
   </div>
   <div class='ocr_carea' id='block_1_123' title="bbox 2171 5501 3763 5625">
    <p class='ocr_par' dir='ltr' id='par_1_123' title="bbox 2171 5501 3763 5625">
     <span class='ocr_line' id='line_1_123' title="bbox 2171 5501 3763 5625; baseline 0.006 -73"><span class='ocrx_word' id='word_1_834' title='bbox 2171 5501 2487 5625; x_wconf 46' lang='lat' dir='ltr'><strong>grphmgg</strong></span> <span class='ocrx_word' id='word_1_835' title='bbox 2502 5501 2838 5558; x_wconf 86' lang='lat' dir='ltr'><strong>Weniloncm</strong></span> <span class='ocrx_word' id='word_1_836' title='bbox 2887 5501 3090 5561; x_wconf 78' lang='lat' dir='ltr'><strong>Aldrici</strong></span> <span class='ocrx_word' id='word_1_837' title='bbox 3134 5501 3465 5563; x_wconf 53' lang='lat' dir='ltr'><strong>decesserant</strong></span> <span class='ocrx_word' id='word_1_838' title='bbox 3496 5518 3655 5565; x_wconf 81' lang='lat' dir='ltr'><strong>vocat</strong></span> <span class='ocrx_word' id='word_1_839' title='bbox 3700 5512 3763 5563; x_wconf 84' lang='lat' dir='ltr'><strong>in</strong></span> 
     </span>
     <span class='ocr_line' id='line_1_124' title="bbox 2239 5587 2506 5625; baseline -0.007 -1"><span class='ocrx_word' id='word_1_840' title='bbox 2239 5587 2282 5625; x_wconf 89' lang='lat' dir='ltr'><strong>IS</strong></span> <span class='ocrx_word' id='word_1_841' title='bbox 2309 5588 2340 5625; x_wconf 88' lang='lat' dir='ltr'><strong>o</strong></span> <span class='ocrx_word' id='word_1_842' title='bbox 2362 5588 2392 5624; x_wconf 89' lang='lat' dir='ltr'><strong>a</strong></span> <span class='ocrx_word' id='word_1_843' title='bbox 2494 5611 2506 5622; x_wconf 92' lang='lat'><strong>.</strong></span> 
     </span>
    </p>
   </div>
   <div class='ocr_carea' id='block_1_124' title="bbox 2168 5573 2506 5639">
    <p class='ocr_par' dir='ltr' id='par_1_124' title="bbox 2168 5573 2506 5639">
     <span class='ocr_line' id='line_1_125' title="bbox 2168 5573 2506 5639; baseline -0.009 -14"><span class='ocrx_word' id='word_1_844' title='bbox 2168 5573 2392 5639; x_wconf 88' lang='lat' dir='ltr'><strong>epistola</strong></span> <span class='ocrx_word' id='word_1_845' title='bbox 2417 5573 2506 5625; x_wconf 74' lang='lat'><strong>29.</strong></span> 
     </span>
    </p>
   </div>
   <div class='ocr_carea' id='block_1_125' title="bbox 2237 5640 3763 5712">
    <p class='ocr_par' dir='ltr' id='par_1_125' title="bbox 2237 5640 3763 5712">
     <span class='ocr_line' id='line_1_126' title="bbox 2237 5640 3763 5712; baseline 0.005 -19"><span class='ocrx_word' id='word_1_846' title='bbox 2237 5641 2383 5712; x_wconf 43' lang='lat' dir='ltr'><strong>{An</strong></span> <span class='ocrx_word' id='word_1_847' title='bbox 2409 5641 2473 5712; x_wconf 91' lang='lat' dir='ltr'><strong>i_s,</strong></span> <span class='ocrx_word' id='word_1_848' title='bbox 2498 5640 2564 5694; x_wconf 70' lang='lat' dir='ltr'><strong>de</strong></span> <span class='ocrx_word' id='word_1_849' title='bbox 2584 5657 2689 5710; x_wconf 92' lang='lat' dir='ltr'><strong>quo</strong></span> <span class='ocrx_word' id='word_1_850' title='bbox 2722 5644 2924 5697; x_wconf 84' lang='lat' dir='ltr'><strong>mentio</strong></span> <span class='ocrx_word' id='word_1_851' title='bbox 2953 5647 3091 5712; x_wconf 84' lang='lat' dir='ltr'><strong>apud</strong></span> <span class='ocrx_word' id='word_1_852' title='bbox 3113 5644 3401 5701; x_wconf 79' lang='lat' dir='ltr'><strong>Rodull‘am</strong></span> <span class='ocrx_word' id='word_1_853' title='bbox 3427 5647 3763 5701; x_wconf 82' lang='lat' dir='ltr'><strong>Tortarium</strong></span> 
     </span>
    </p>
   </div>
   <div class='ocr_carea' id='block_1_126' title="bbox 2167 5709 3572 5787">
    <p class='ocr_par' dir='ltr' id='par_1_126' title="bbox 2167 5709 3572 5787">
     <span class='ocr_line' id='line_1_127' title="bbox 2167 5709 3572 5787; baseline 0.005 -24"><span class='ocrx_word' id='word_1_854' title='bbox 2167 5709 2220 5764; x_wconf 86' lang='lat' dir='ltr'><strong>in</strong></span> <span class='ocrx_word' id='word_1_855' title='bbox 2250 5709 2385 5787; x_wconf 77' lang='lat' dir='ltr'><strong>libro</strong></span> <span class='ocrx_word' id='word_1_856' title='bbox 2411 5710 2475 5763; x_wconf 91' lang='lat' dir='ltr'><strong>de</strong></span> <span class='ocrx_word' id='word_1_857' title='bbox 2509 5709 2786 5787; x_wconf 72' lang='lat' dir='ltr'><strong>miraculis</strong></span> <span class='ocrx_word' id='word_1_858' title='bbox 2809 5709 3301 5787; x_wconf 28' lang='lat' dir='ltr'><strong>sancti‘llenctlicti,</strong></span> <span class='ocrx_word' id='word_1_859' title='bbox 3330 5733 3453 5787; x_wconf 81' lang='lat' dir='ltr'><strong>cap.</strong></span> <span class='ocrx_word' id='word_1_860' title='bbox 3482 5717 3572 5779; x_wconf 69' lang='grc'><strong>14.</strong></span> 
     </span>
    </p>
   </div>
   <div class='ocr_carea' id='block_1_127' title="bbox 2241 5779 3773 5855">
    <p class='ocr_par' dir='ltr' id='par_1_127' title="bbox 2241 5779 3773 5855">
     <span class='ocr_line' id='line_1_128' title="bbox 2241 5779 3773 5855; baseline 0.008 -22"><span class='ocrx_word' id='word_1_861' title='bbox 2241 5790 2265 5817; x_wconf 78' lang='grc' dir='ltr'><strong><em>ο</em></strong></span> <span class='ocrx_word' id='word_1_862' title='bbox 2304 5779 2453 5834; x_wconf 81' lang='lat' dir='ltr'><strong>Nunc</strong></span> <span class='ocrx_word' id='word_1_863' title='bbox 2488 5781 2643 5852; x_wconf 88' lang='lat' dir='ltr'><strong>vulgo</strong></span> <span class='ocrx_word' id='word_1_864' title='bbox 2686 5780 3100 5848; x_wconf 79' lang='lat' dir='ltr'><strong>l’ille-monslicr,</strong></span> <span class='ocrx_word' id='word_1_865' title='bbox 3153 5785 3293 5841; x_wconf 82' lang='lat' dir='ltr'><strong>haud</strong></span> <span class='ocrx_word' id='word_1_866' title='bbox 3326 5779 3485 5855; x_wconf 72' lang='lat' dir='ltr'><strong>longe</strong></span> <span class='ocrx_word' id='word_1_867' title='bbox 3512 5788 3584 5842; x_wconf 89' lang='lat' dir='ltr'><strong>ab</strong></span> <span class='ocrx_word' id='word_1_868' title='bbox 3612 5787 3773 5844; x_wconf 70' lang='lat' dir='ltr'><strong>urbe</strong></span> 
     </span>
    </p>
   </div>
  </div>
