4000 6454
236 336 333 395 809
346 364 349 369 ⁴

1652 344 2034 423 ΕΡΙΞΤΟΜΕ.

3364 388 3478 450 810

231 456 445 514 trocinia
475 456 708 529 plurima
724 459 890 521 «turba
908 459 1148 525 virorum
1170 478 1264 526 aut
1284 472 1573 531 mulierum
1600 475 1793 537 devote
1816 484 1871 545 Α
1893 494 2174 556 peccatum
2219 489 2595 551 inobedientire
2640 495 3025 559 ecclesiasticis
3056 518 3178 563 sese
3220 512 3477 582 opposuit

231 547 470 582 nmiﬂnvir
545 550 688 582 ςηοη..
731 571 861 582 mm-
923 560 1097 582 -..J:.-
1140 563 1264 582 ---9η
1288 580 1298 582 Α
1348 564 1389 582 ι,
1455 566 1466 578 ο
1508 567 1542 582 ο-
1774 572 1789 582 .
1898 578 1910 582 -
2009 579 2019 582 -
2114 580 2121 582 ξ

230 547 505 615 confluxit,
543 550 688 608 inter
728 571 865 625 quos
921 560 1104 616 audito
1137 563 1399 622 miraculo
1450 566 1550 622 ivit
1603 572 1793 629 consul

230 637 524 708 Mauricius,
556 645 751 701 minaci
803 649 1168 722 increpatione
1196 657 1251 712 in
1287 669 1553 717 nocturna
1584 664 1790 723 visione

226 732 319 787 sibi
345 731 482 787 facta
508 751 541 790 a
579 736 739 794 beato
782 741 998 800 Aldrico
1044 748 1197 805 valde
1240 754 1565 821 perterritus
1596 767 1662 812 ιε
1696 761 1788 829 qui

222 834 339 880 ante
363 822 616 896 reliquias
645 847 769 887 cum
818 834 1071 903 lacrvmis
1100 851 1153 896 et
1201 845 1399 913 gemitu
1433 850 1789 916 prmcedentis

221 914 386 970 delicti
419 918 709 986 postulavit
738 924 1142 999 indulgentiam,
1168 933 1222 987 iu
1268 914 1545 1005 posterum
1598 957 1788 997 mona-

219 1006 374 1060 sterio
389 1010 530 1077 quod
555 1009 868 1080 violaverat.
884 1027 935 1073 et
957 1025 1240 1093 sp0pondit
1262 1028 1494 1084 debitam
1522 1032 1782 1091 exhibere

219 1098 585 1153 reverentiam.
612 1100 748 1158 V0to
770 1106 934 1177 igitur
956 1112 1023 1166 ab
1048 1117 1299 1170 omnibus
1331 1104 1635 1178 collaudato
1666 1141 1783 1180 mu-

214 1188 413 1246 nimine
435 1194 707 1263 roborato,
734 1216 854 1255 cum
882 1203 1121 1275 reliquiis
1167 1209 1313 1266 beati
1340 1214 1670 1274 confessoris
1711 1220 1781 1276 ad

210 1281 375 1339 locum
405 1286 618 1343 solitum
642 1292 888 1350 hilariter
910 1301 1115 1355 reversi
1138 1314 1282 1357 sunt.

273 1417 359 1471 24.
399 1418 531 1475 Erat
575 1434 757 1480 autem
808 1435 1180 1499 consuetudo,
1224 1436 1366 1506 quod
1412 1438 1781 1500 Ferrariensis

206 1511 429 1566 coenobii
475 1519 838 1589 congregatio,
876 1521 1026 1577 ﬁnita
1069 1511 1364 1584 festivitate
1407 1528 1776 1604 Pentecostes,

205 1613 319 1655 cum
361 1602 587 1661 solemni
616 1624 811 1681 pompa
839 1612 1067 1685 singulis
1097 1618 1252 1674 anuis
1290 1619 1541 1678 Castrum
1571 1602 1777 1683 Planta;

199 1691 281 1747 nis
305 1693 332 1732 δ
358 1704 591 1764 peteret,
628 1701 885 1772 obsequia
924 1706 1226 1767 devotionis
1253 1714 1553 1783 redditura,
1583 1728 1639 1774 et
1664 1720 1775 1775 suf-

194 1781 363 1855 fragia
390 1799 699 1846 sanctorum
724 1797 978 1865 petitura.
1007 1799 1175 1871 Igitur
1200 1818 1321 1860 cum
1343 1808 1409 1862 ad
1438 1781 1611 1865 locum
1635 1828 1773 1882 prte-

193 1873 394 1932 dictum
425 1888 665 1952 tempore
692 1886 873 1943 debito
900 1891 971 1959 pii
1004 1894 1213 1950 cineres
1240 1897 1352 1953 Deo
1380 1899 1559 1956 dilecti
1590 1873 1767 1960 Patris

186 1965 390 2024 Aldrici
420 1972 591 2043 digna
608 1981 953 2038 veneratione
977 1984 1410 2057 deportarentur,
1437 2008 1564 2050 ecce
1592 1995 1786 2066 puella-

188 2062 600 2134 grandiuscula,
632 2084 792 2139 quam
843 2075 895 2129 in
945 2077 1118 2133 lucem
1164 2080 1282 2136 sine
1324 2082 1445 2141 luce
1488 2094 1765 2147 maternus

186 2153 445 2212 effuderat
467 2170 682 2229 uterus,
718 2182 816 2236 per
842 2172 1054 2226 turbam
1082 2174 1341 2241 eluctata,
1377 2195 1614 2249 pannum
1645 2184 1765 2239 reli-

187 2247 322 2317 quiis
348 2256 746 2324 superpositum
778 2261 831 2315 in
855 2267 1151 2333 gestatoria
1175 2284 1337 2325 manu
1368 2272 1563 2342 injecta
1596 2277 1763 2332 corri-

183 2337 313 2405 puit,
341 2348 397 2394 et
420 2341 471 2395 ei
501 2340 728 2401 firmiter
746 2349 1029 2409 adhaerens
1048 2370 1146 2425 per
1168 2368 1378 2415 tantum
1404 2337 1504 2417 viae
1528 2367 1762 2433 spatium

184 2429 303 2486 inde
347 2433 530 2490 divelli
566 2436 681 2493 non
716 2445 923 2512 potuit;
968 2449 1064 2503 sed
1101 2466 1313 2522 semper
1337 2470 1492 2525 opem
1534 2429 1605 2527 pii
1631 2474 1762 2515 con-

181 2519 396 2579 fessoris
420 2526 616 2583 intimo
645 2531 945 2592 devotionis
974 2536 1168 2595 affectu
1195 2519 1425 2599 feliciter
1446 2519 1757 2615 postulavit.

182 2610 246 2667 Ut
280 2615 496 2671 tandem
546 2617 613 2672 ad
664 2631 901 2679 castrum
926 2629 1241 2696 praedictum
1283 2610 1663 2717 pervenerunt,
1701 2639 1756 2694 in

178 2699 290 2758 loco
318 2706 555 2774 quodam
599 2718 725 2765 ante
773 2723 986 2782 portam
1018 2717 1161 2775 facta
1193 2699 1344 2778 mora
1370 2708 1580 2782 modica
1600 2769 1614 2795 ,
1649 2729 1758 2785 dis-
1784 2728 1789 2733 ’

175 2793 348 2863 posuit
373 2806 641 2855 aeternum
676 2801 772 2857 Dci
802 2807 1085 2863 consilium
1111 2826 1209 2882 per
1229 2814 1445 2872 virtutis
1468 2793 1632 2889 opera
1655 2821 1756 2876 mi-

176 2884 380 2944 rificare
420 2900 672 2948 sanctum
700 2910 875 2952 suum.
913 2899 990 2956 lbi
1027 2918 1262 2976 namque
1294 2884 1756 2985 patenti-populo-

176 2989 288 3039 rum
325 2984 639 3050 spectaculo
676 2991 1084 3059 erumpentibus
1129 3010 1197 3052 ex
1240 3001 1410 3057 oculis
1439 3002 1553 3071 jam
1594 2984 1751 3065 dictae
1782 3008 1785 3031 ⁵

173 3069 355 3135 puella:
382 3074 551 3144 guttis
580 3081 907 3149 sanguineis,
934 3100 1032 3154 per
1058 3091 1249 3147 merita
1272 3069 1455 3152 sancti
1475 3097 1751 3157 confesso-

173 3158 242 3212 ris
262 3159 353 3217 lux
380 3180 521 3221 nova
546 3170 781 3226 nativam
824 3177 1121 3236 caecitatem
1148 3182 1454 3244 illustravit.
1500 3190 1649 3248 Illico
1679 3195 1747 3250 ab
1775 3206 1820 3272 ρ

172 3256 419 3312 omnibus
446 3265 809 3335 concurritur,
851 3275 1005 3328 miris
1026 3273 1247 3332 laudum
1272 3284 1560 3351 praeconiis
1588 3287 1747 3342 attol-

168 3342 293 3401 Iitur
320 3348 419 3406 Dei
445 3366 637 3410 servus
658 3396 674 3424 ,
705 3358 796 3427 qui
829 3375 884 3415 m
911 3362 1023 3420 suis
1064 3342 1509 3445 sanctis-semper
1532 3385 1616 3432 est
1647 3378 1749 3435 mi-

170 3438 374 3499 rabilis.

230 3578 323 3634 25.
364 3580 676 3643 Advenerat
720 3587 861 3647 forte
900 3593 1144 3652 revoluto
1182 3599 1310 3655 anni
1359 3601 1564 3661 circulo
1601 3604 1749 3664 beati

157 3666 367 3725 Aldrici
403 3672 521 3731 dies
566 3678 823 3737 solemnis
853 3700 868 3736 :
907 3699 1067 3754 quem
1095 3703 1221 3744 cum
1254 3693 1484 3763 populus
1527 3698 1748 3755 univer-

157 3774 253 3814 sus
282 3761 469 3818 debita
509 3768 825 3828 celebritate
857 3787 1227 3848 veneraretur,
1267 3761 1463 3841 mulier
1499 3789 1746 3859 quaedam

157 3854 469 3927 scelerosa,
510 3866 663 3933 quasi
702 3866 755 3921 in
803 3879 1168 3943 contemptum
1219 3854 1605 3952 solemnitatis,
1647 3900 1748 3957 per

158 3986 491 4080 Monte-‘Argi
516 4038 531 4061 ,
563 4013 669 4080 quo
711 4001 763 4055 in
803 4003 923 4061 vico
961 4014 1046 4063 est
1088 4010 1360 4080 prioratus
1409 4015 1743 4079 Floriacensi

158 4070 490 4140 monasterio
525 4070 815 4140 subjectus.

225 4130 755 4231 f‘H'ucggotanElum.
786 4146 935 4202 venit
966 4149 1020 4205 id
1045 4154 1188 4221 quod
1230 4156 1419 4231 scribit
1456 4159 1637 4231 Lupus
1685 4165 1738 4218 in

158 4202 381 4269 epistola
408 4206 480 4262 55
508 4208 575 4289 ad
601 4209 851 4289 Carolum
893 4202 1188 4289 regeri???
1232 4225 1388 4281 Serio
1416 4202 1742 4289 continuant

160 4282 310 4370 senes
359 4278 533 4370 nostri
586 4278 983 4370 experimento"
1010 4307 1069 4346 se
1112 4278 1697 4370 proprio'comperisse
1720 4345 1735 4369 ,

158 4338 311 4410 iii...
332 4346 437 4400 siii
460 4338 698 4434 iiiis-ii
734 4338 954 4414 animi;
998 4338 1740 4444 igii'isii'giizj'mzai:

159 4422 363 4444 nllnnlln
394 4430 720 4444 mAnAA‘A-_-
765 4442 786 4444 μ
813 4442 825 4444 -
846 4443 851 4444 ,
870 4437 881 4444 .

159 4422 363 4507 gunque
394 4423 727 4503 monasterio
764 4437 949 4507 nostro
975 4431 1206 4507 ‘insigne
1252 4422 1737 4507 aliquod'iutuIErit

707 4477 716 4478 κ
764 4477 945 4484 ,--.----
998 4477 1100 4487 -..υς
1140 4477 1206 4489 ..ν
1252 4477 1322 4490 uu
1365 4477 1467 4496 uvu
1493 4477 1733 4500 llltulCllI

157 4477 426 4555 damnum,
460 4489 566 4545 nisi
598 4492 706 4551 cito
728 4498 1035 4569 resipuerit,
1061 4477 1629 4577 magnum‘incurrerit
1653 4518 1733 4571 in-

1895 578 2185 648 institutis;
2216 583 2356 653 quod
2385 585 2512 641 dum
2541 586 2714 654 fleret,
2745 592 2896 648 venit
2916 591 2982 648 ad
3008 611 3128 653 eam
3155 578 3330 659 hostis
3354 619 3471 661 ma-

1888 669 2066 741 lignus
2096 672 2150 727 in
2180 675 2359 744 specie
2379 679 2530 735 canis
2556 680 2723 752 nigri,
2754 690 2810 737 et
2838 699 3059 742 manum
3085 689 3255 760 ipsius
3281 694 3470 768 deglu-

1889 762 1993 816 tire
2029 763 2378 833 moliebatur,
2412 785 2571 839 quem
2601 772 2853 830 obnixius
2882 791 3071 834 arcere
3095 783 3334 853 gestiens
3361 801 3467 844 non

1885 862 2084 929 potuit,
2128 864 2221 918 sed
2265 863 2392 920 laesa
2421 883 2605 921 morsu
2631 867 2844 926 funesto
2889 872 3213 932 labefactata
3240 883 3470 949 corruit,

1886 968 2214 1027 manumque
2254 957 2488 1014 labentis
2540 959 2692 1018 fusus
2740 966 2991 1034 proprius
3031 968 3361 1040 perforavit.
3413 984 3470 1030 ut

1882 1046 2037 1114 quasi
2065 1061 2255 1103 manca
2281 1049 2347 1105 de
2373 1050 2577 1108 scelere
2605 1068 2796 1109 manus
2819 1055 2957 1112 illius
2977 1059 3138 1116 solito
3167 1060 3344 1120 ollicio
3371 1064 3468 1120 ἀο-

1884 1137 2218 1196 stituerctur.

1951 1231 2037 1285 26.
2077 1233 2341 1306 Tempore
2365 1240 2691 1307 procedente
2720 1244 2946 1316 contigit
2973 1245 3244 1303 hominem
3268 1265 3464 1321 quem-

1788 1356 1791 1361 ι
1883 1322 2024 1389 dam,
2059 1325 2410 1383 Tambollum
2444 1332 2681 1399 nomine,
2730 1335 3039 1406 aliquanzliu
3078 1344 3313 1412 propriis
3348 1344 3464 1415 pol-

1879 1410 1992 1467 lere
2014 1411 2215 1470 divitiis
2250 1436 2262 1472 :
2294 1420 2387 1473 sed
2417 1420 2468 1473 in
2501 1424 2710 1478 senium
2742 1442 2941 1496 urgens
2969 1431 3037 1483 ad
3067 1441 3273 1487 tantam
3302 1436 3465 1491 deve-

1880 1505 1960 1559 nit
1994 1507 2250 1578 inopiam,
2278 1521 2335 1566 ut
2359 1513 2498 1568 nihil
2525 1517 2592 1570 ad
2624 1518 2789 1574 vitam
2822 1532 3153 1592 suppeteret,
3184 1528 3287 1583 nisi
3316 1533 3461 1600 quod

1877 1611 2033 1662 uxor,
2090 1601 2305 1657 nomine
2339 1600 2636 1675 Supplicia,
2682 1608 2865 1666 labore
2900 1612 3175 1670 manuum
3232 1614 3454 1676 sitarum

1876 1689 2213 1757 acquirebat.
2244 1692 2345 1760 Qui
2380 1712 2523 1767 szepe
2565 1700 2810 1757 recolens
2847 1702 3160 1763 felicitatem
3208 1714 3459 1780 praeteri-

1875 1785 2006 1846 tam,
2034 1798 2397 1843 aerumnarum
2425 1792 2697 1847 cumulum
2729 1797 2949 1867 gravius
2978 1801 3301 1869 sustinebat,
3336 1821 3460 1861 cum

1799 1852 1845 1914 Β
1873 1872 2301 1933 infelicissimum
2330 1897 2500 1953 genus
2538 1884 2816 1943 infortunii
2852 1890 2923 1945 sit
2956 1890 3127 1947 fuisse
3157 1894 3371 1953 felicem
3402 1910 3455 1954 ε.

1867 1965 2079 2022 Accidit
2111 1980 2291 2026 autem
2329 1974 2397 2028 ad
2429 1977 2508 2030 sui
2548 1976 2750 2035 doloris
2791 1994 3135 2053 augmentum
3158 2027 3171 2051 ,
3213 2001 3271 2044 ut
3317 2006 3461 2047 uxor

1866 2070 1965 2112 sua
1993 2059 2151 2115 solita
2182 2065 2427 2132 corporis
2449 2067 2757 2125 valetudine
2793 2073 3050 2130 destituta
3094 2079 3145 2133 in
3179 2080 3454 2140 diutinum

1864 2144 2177 2218 languorem
2215 2152 2494 2219 incideret,
2542 2172 2643 2213 nec
2664 2160 2823 2216 solito
2845 2162 3107 2223 beneﬁcio
3132 2170 3235 2224 viri
3262 2172 3457 2230 debili-

1864 2244 2030 2295 tatem
2074 2252 2288 2312 poterat
2325 2247 2572 2305 refovere
2594 2292 2608 2316 ,
2651 2252 2829 2309 eidem
2861 2272 3084 2315 consors
3112 2260 3255 2318 facta
3283 2267 3452 2324 mise-

1861 2330 1977 2386 riae.
2029 2332 2211 2390 Rebus
2247 2338 2411 2407 igitur
2464 2342 2707 2399 adversis
2748 2349 2987 2416 graviter
3026 2350 3239 2421 alllicti,
3292 2374 3453 2428 opem

1862 2420 2100 2478 divinam
2145 2426 2423 2484 humiliter
2465 2432 2845 2502 deposcebant,
2892 2449 2952 2495 ut
2994 2444 3086 2512 qui
3135 2446 3227 2500 dat
3266 2420 3452 2506 escam

1860 2513 2009 2567 omni
2040 2517 2214 2583 carni,
2250 2534 2355 2574 non
2388 2522 2592 2578 sineret
2634 2541 2727 2582 eos
2766 2531 3064 2590 miserabili
3104 2541 3332 2607 penuria
3359 2542 3455 2598 de-

1858 2605 2059 2673 perire.
2087 2605 2221 2663 Cum
2249 2619 2429 2667 autem
2474 2625 2594 2685 post
2636 2620 2859 2677 nimiam
2895 2623 3074 2682 luctus
3105 2605 3454 2704 defatigatio-

1858 2709 1981 2749 nem
2014 2700 2354 2771 contingeret
2379 2704 2553 2761 virum
2582 2711 2913 2782 obdormire,
2942 2718 2992 2773 ei
3039 2723 3335 2781 revelatum
3364 2737 3452 2783 est

1858 2787 1912 2842 in
1941 2793 2165 2857 somnis,
2210 2797 2354 2864 quod
2400 2799 2444 2854 si
2493 2816 2632 2857 uxor
2681 2804 2799 2873 ejus
2833 2810 3133 2869 subsidium
3168 2810 3451 2876 beatiAl-

1857 2880 1991 2936 drici
2018 2884 2297 2942 humiliter
2328 2900 2553 2960 peteret,
2583 2896 2632 2950 ei
2665 2896 2869 2957 doloris
2902 2906 3226 2965 medicinam
3265 2912 3453 2971 edica-

1856 2970 1997 3027 citer
2016 2974 2286 3034 innueret.
2318 2981 2601 3043 Excitatus
2622 3004 2749 3047 vero
2772 3009 2800 3047 a
2834 3010 3043 3065 somno,
3073 3003 3261 3071 pandit
3287 3010 3451 3063 uxori

1855 3077 2050 3124 cuncta
2082 3086 2201 3141 quae
2232 3074 2479 3142 viderat,
2515 3084 2804 3141 consulens
2831 3098 2885 3143 et
2929 3093 3223 3154 exhortans
3244 3140 3259 3165 ,
3309 3117 3450 3171 qua-

1854 3165 2011 3214 tenus
2045 3163 2339 3234 cogitatum
2373 3167 2587 3239 jactans
2634 3174 2689 3229 in
2732 3177 2958 3237 Domino
2988 3194 3043 3238 et
3073 3186 3127 3241 in
3173 3163 3288 3258 ejus
3325 3163 3442 3249 con-

1850 3248 2076 3319 fessore,
2111 3256 2435 3316 ltducialiter
2459 3274 2604 3337 agat.
2642 3267 2735 3324 Illa
2766 3287 2898 3330 vero
2930 3248 3284 3353 consurgens,
3319 3297 3449 3357 post

1848 3347 2119 3403 modicum
2187 3356 2447 3423 temporis
2494 3358 2838 3421 intervallum
2900 3370 2968 3425 ad
3024 3373 3170 3430 beati
3229 3376 3441 3436 Aldrici

1848 3432 2012 3492 limen
2042 3453 2162 3494 cum
2199 3442 2517 3505 humilitatis
2545 3450 2829 3511 devotione
2855 3463 3128 3529 pervenit;
3159 3473 3214 3520 et
3243 3467 3439 3536 spiritu

1849 3531 2211 3589 contribulato
2232 3545 2358 3593 ante
2385 3541 2715 3612 sepulcrum,
2734 3547 2787 3602 in
2806 3564 2913 3619 quo
2933 3553 3008 3622 pii
3030 3555 3244 3613 cineres
3259 3531 3442 3628 quies-

1849 3622 2075 3690 cebant,
2113 3626 2352 3684 divinam
2391 3633 2687 3703 implorans
2712 3638 3089 3713 clementiam,
3123 3664 3153 3701 a
3178 3648 3443 3721 languore

1846 3711 2062 3781 penitus
2110 3715 2335 3775 liberata
2383 3723 2667 3791 pristinam
2717 3732 2923 3801 recepit
2975 3711 3440 3814 sanitatem:ipso

1848 3804 2134 3874 adiuvante
2162 3813 2256 3883 qui
2290 3815 2424 3873 vivit
2458 3826 2513 3874 et
2538 3830 2728 3892 regnat
2759 3824 2815 3881 in
2844 3829 3043 3885 sarcula
3086 3834 3435 3892 saeculorum.

1844 3896 2041 3955 Amen.

1846 4035 2211 4138 commodum,
2237 4046 2330 4096 aut
2382 4044 2634 4105 sanitatis
2660 4058 2717 4106 et
2744 4051 2870 4110 vitae
2894 4058 3181 4129 pertulerit
3208 4065 3434 4138 dispen-

1776 4132 1779 4137 -
1844 4101 2013 4158 dium.
2048 4126 2065 4158 ι

1916 4174 1942 4214 b
1968 4176 2135 4276 Ylulgo
2164 4178 2664 4276 {Humana-London,
2699 4196 2976 4276 oppidum,
3010 4203 3151 4272 quod
3178 4221 3207 4258 a
3237 4206 3425 4266 Ferra-

2584 4242 2593 4244 -
2613 4242 2664 4256 7.,
2704 4242 2725 4245 ς-
2808 4242 2954 4253 -.ι-ιιι
3010 4242 3026 4255 ι
3051 4242 3151 4257 υνιι
3178 4242 3207 4258 α
3238 4242 3265 4260 ι⁷
3282 4242 3328 4263 (ἶ,
3380 4242 3385 4243 ⁷
3407 4245 3425 4255 ⁸

1843 4242 1940 4352 {iis
1969 4242 2122 4302 abest
2149 4250 2283 4307 duas
2311 4254 2491 4313 leucas
2512 4300 2526 4325 ,
2557 4242 2822 4352 situmrin
2868 4242 3226 4331 edilo‘monte
3265 4242 3431 4352 priiple

1877 4330 2046 4352 .nnnna
2088 4334 2301 4352 ηηιηΛ-μι
2322 4341 2334 4352 α
2391 4342 2490 4352 ι---ιι
2594 4347 2612 4352 —
2691 4348 2706 4352 Α
2732 4349 2741 4352 λ
2761 4350 2770 4352 λ
2837 4338 2869 4352 ¹⁶
2915 4348 2922 4352 Α
3209 4348 3219 4352 “

2475 4311 2484 4313 ἡ
2869 4311 3011 4325 Vw...
3217 4311 3223 4312 κ
3352 4311 3362 4332 1

1841 4311 2617 4408 Lttpamoantnem;‘qtto’de
2664 4333 2782 4408 loco
2817 4338 3023 4395 dictum
3071 4353 3156 4399 est
3176 4311 3428 4408 “inl’b'iig

1842 4386 2014 4439 sancti
2046 4386 2287 4447 Severini
2317 4386 2551 4465 abbatis,
2585 4386 2782 4460 smculo

1914 4466 1936 4494 ο
1978 4455 2059 4511 Ex
2080 4459 2267 4518 Boetio
2290 4465 2343 4521 in
2369 4467 2508 4527 libro
2538 4472 2604 4526 de
2630 4422 3006 4532 Consoratione

1914 4466 1936 4494 c
1978 4455 2059 4511 Ex
2080 4459 2267 4518 Boetio
2290 4465 2343 4521 iii
2369 4467 2508 4527 libro
2538 4455 2604 4526 de
2630 4455 3012 4540 consolatione
3044 4487 3424 4562 philosophiae.

959 4825 1077 4943 s.
1170 4757 1744 4961 ALDRICI
1810 4850 2589 5032 EPISTOL/E.

638 5123 972 5193 EPISTOLA
1007 5133 1238 5202 PRIMA.

780 5320 1092 5383 praedilecto
1137 5327 1426 5392 Frotbario
1463 5339 1715 5416 episcopo

142 5381 381 5447 Aldricus
403 5381 795 5468 sempiternam
825 5409 1071 5470 salutem.

205 5479 527 5544 Orationum
554 5504 855 5553 vestrarum
885 5504 1240 5573 opitulatione
1283 5515 1465 5579 fulciri
1488 5539 1715 5586 necesse

142 5567 313 5641 habui,
347 5580 492 5636 sicut
537 5584 649 5654 ipse
672 5589 823 5646 vobis
862 5567 981 5651 ea-m
1015 5614 1271 5673 expetens
1300 5626 1441 5683 sape
1486 5567 1712 5680 tesvtait:

139 5672 270 5718 sum.
440 5676 717 5781 nunc-illa
764 5667 1149 5764 usquequaque
1190 5667 1436 5776 indigeo,“

138 5764 227 5812 vos
266 5762 480 5821 aestimo
509 5767 754 5841 audisse,
794 5776 1013 5850 indigno
1055 5762 1187 5847 inihi
1217 5762 1537 5870 episcopalis
1579 5762 1642 5863 cu

530 5863 803 5949 Ρηιοι..
850 5870 976 5942 CV.
1248 5863 1283 5879 ”’

1747 5169 1803 5231 1)
1829 5169 2066 5240 iniuncta
2116 5184 2231 5243 est,
2281 5194 2402 5249 quae
2445 5199 2533 5241 me
2561 5185 2703 5245 sicut
2738 5191 3053 5268 indignum,
3091 5203 3167 5259 ita
3197 5220 3414 5281 quoque

1825 5263 2152 5332 imparatum
2184 5270 2409 5330 invenit.
2438 5276 2569 5334 Nam
2598 5298 2722 5338 cum
2749 5263 2879 5343 oliui
2909 5263 3231 5353 monasticae
3248 5263 3414 5359 disci-

1821 5354 1984 5422 plinte
2010 5372 2230 5429 operam
2261 5365 2425 5431 dans,
2455 5369 2683 5428 fratrum
2714 5392 2899 5435 curam
2932 5383 3064 5452 ipsis
3090 5383 3408 5460 cogentibus

1822 5451 2177 5519 susceperim,
2204 5458 2347 5525 quod
2379 5458 2522 5518 ferre
2553 5468 2865 5535 compellor,
2898 5451 3203 5536 nullatenus
3230 5486 3410 5553 potuit

1820 5551 1942 5594 esse
1969 5554 2296 5613 suspectum.
2330 5549 2502 5617 Quam
2528 5556 2599 5609 ob
2635 5572 2749 5613 rem
2779 5574 3005 5635 excepta
3038 5566 3131 5623 Dei
3161 5549 3405 5631 clemen-

1819 5628 1894 5684 tia
1926 5634 2098 5687 totum
2128 5652 2216 5693 me
2240 5640 2308 5695 ad
2339 5658 2561 5711 precum
2584 5658 2889 5710 vestrarum
2920 5657 3143 5718 confero
3170 5664 3404 5737 reliquo-

1654 5726 1713 5771 ut
1814 5738 2043 5797 rumque
2078 5730 2373 5788 amicorum
2415 5735 2682 5796 familiare
2712 5747 3056 5819 praesidium,
3097 5757 3401 5817 obsecrans

1650 5825 1708 5870 ra
1758 5896 1761 5897 ν
1811 5825 1871 5873 ut
1900 5818 2095 5878 virium
2123 5838 2368 5896 mearum
2396 5828 2754 5907 fragilitatem
2790 5855 2976 5898 earnm
3021 5846 3256 5922 jugitate
3296 5852 3398 5913 ads

2874 5937 2953 6004 26
