4000 6464
483 393 587 456 811

1521 381 1578 440 s.
1608 373 1883 438 nomen
1917 362 2345 438 samum
2381 373 2703 437 ARCHIEP.

3642 365 3769 437 sti

480 512 674 585 iuvare
697 497 1012 579 dignemini.
1050 496 1120 558 Bt
1157 493 1286 573 quid
1310 499 1613 573 prudentia:
1645 503 1780 577 meae
1808 494 2064 585 ﬁduciam
2089 489 2143 558 Α
2166 493 2235 550 ab
2263 497 2506 550 amorem
2536 481 2632 550 Dei
2662 493 2718 550 el
2757 491 3055 550 remedium
3093 488 3289 550 animae
3321 486 3427 551 viri
3458 485 3546 555 s‘ui
3586 485 3764 568 Megi-

485 583 554 659 ad
577 607 789 657 tantum
816 606 954 668 Opus
979 594 1170 650 idonee
1197 590 1603 662 exsequendum
1631 586 1834 644 nullam
1862 583 2060 653 habeo,

485 707 671 765 qureso
708 697 770 745 ut
794 695 977 744 vestra
1017 689 1176 741 sacra
1204 683 1436 739 intentio
1457 682 1599 752 apud
1621 681 1790 735 Deum
1816 679 2070 734 obtinere

486 786 714 846 laboret,
745 789 1010 851 quatenus
1029 785 1085 832 et
1111 789 1198 830 me
1223 775 1398 846 ipsum
1424 774 1636 830 sincere
1660 771 1980 834 custodiam,
2009 777 2066 826 et

487 874 901 930 commissorum
943 867 1074 924 mihi
1102 877 1288 923 curam
1323 880 1390 921 eo
1417 867 1710 920 miserante
1735 860 2064 917 venerabilis

489 976 572 1023 ter
596 964 778 1021 saltim
809 975 1117 1017 exerceam.
1145 957 1538 1028 Benignitatem
1559 961 1796 1010 vestram
1827 953 1967 1008 bene
1994 957 2069 1005 ex-

485 1059 592 1113 hoc
615 1063 863 1126 agentem
891 1051 1174 1107 Dominum
1204 1056 1461 1118 perpetua
1489 1044 1861 1101 incolumitate
1894 1043 2067 1098 beatis

489 1150 654 1206 ﬁcere
677 1155 823 1218 opto,
847 1141 1284 1200 reverentissime
1306 1138 1523 1210 przesul.

1063 1271 1394 1333 EPISTOLA
1435 1271 1526 1364 ll.’

887 1407 956 1448 AD
991 1403 1279 1446 εοοιεειλκ
1315 1399 1676 1443 ΒΕΝΟΝΕΙΙΒΕΙ.

559 1507 805 1569 Dominis
830 1500 1190 1561 sanctissimis
1215 1507 1272 1554 et
1310 1493 1780 1553 reverendissimis
1805 1493 2069 1549 fratribus

491 1615 546 1662 et
578 1599 932 1673 coepiscopis,
976 1592 1398 1666 religiosissimis
1426 1598 1641 1662 quoque
1665 1596 1723 1645 et
1747 1586 2072 1643 venerabilis

490 1703 593 1756 bus
619 1695 905 1752 abbatibus
929 1693 984 1747 in
1013 1691 1219 1746 ditione
1239 1685 1441 1742 domini
1461 1682 1808 1753 imperatoris
1829 1678 2074 1735 Letharii

491 1787 826 1847 serenissimi
854 1783 1083 1854 Augusti
1111 1822 1125 1846 ,
1153 1777 1464 1836 constitutis
1487 1816 1504 1844 ,
1532 1775 1788 1830 Aldricus
1813 1772 2070 1828 minimus

489 1894 770 1938 servorum
789 1849 993 1933 Christi
1018 1873 1273 1937 famulus,
1297 1876 1499 1926 sancta
1523 1866 1806 1923 Senonicm
1826 1863 2071 1921 ecclesia
2096 1849 2146 1911 Β

489 1971 945 2040 archiepiscopus.

563 2063 776 2134 Optime
810 2055 1134 2114 venerabilis
1159 2062 1219 2110 et
1242 2052 1354 2109 Deo
1377 2048 1575 2108 devota
1597 2047 1862 2104 sanctitas
1888 2051 2071 2099 Vestra

489 2158 643 2215 novit
692 2162 892 2227 quanta
933 2152 1011 2208 sit
1052 2163 1186 2206 cura
1229 2155 1286 2202 et
1319 2143 1683 2204 sollicitudine
1718 2139 2072 2197 commissum

493 2253 650 2310 nobis
706 2246 977 2320 pastorale
1027 2243 1269 2312 regimen
1313 2238 1570 2295 tuendum
1622 2243 1785 2305 atque
1838 2240 2073 2287 tractam

493 2347 642 2402 dum.
676 2340 810 2397 Cum
836 2339 1006 2394 simus
1031 2334 1199 2408 igitur
1229 2332 1284 2386 in
1323 2327 1541 2399 specula
1577 2323 1834 2381 Ecclesia
1869 2321 2076 2378 musti.»

492 2436 617 2500 tuti,
647 2441 704 2491 et
722 2432 863 2488 viam
882 2427 1112 2490 ceteris,
1141 2437 1239 2494 per
1261 2436 1425 2492 quam
1455 2417 1666 2489 ingredi
1695 2414 1766 2470 ad
1786 2413 1953 2469 vitam
1980 2412 2074 2468 dea-

492 2531 676 2592 beant,
707 2526 1000 2582 debeamus
1019 2516 1339 2581 ostendere;
1368 2518 1629 2582 quantm
1653 2521 1812 2579 posse
1837 2513 1892 2562 et
1918 2503 2076 2560 intota

490 2619 663 2690 ligere
702 2613 881 2672 divina
920 2606 1208 2666 clementia
1234 2601 1481 2666 dederit,
1510 2597 1861 2690 satagendum
1897 2602 1983 2650 est
2009 2608 2074 2650 ea

495 2687 614 2782 quae
643 2707 798 2764 nobis
821 2701 1110 2759 commissa
1131 2705 1278 2761 sunt,
1305 2692 1601 2750 secundum
1618 2689 1714 2745 Dei
1743 2687 2074 2744 voluntatem

491 2799 719 2876 provide
745 2795 1146 2868 prudenterque
1167 2794 1403 2844 tractare
1429 2802 1444 2840 :
1470 2791 1534 2840 ut
1561 2791 1667 2837 nun
1698 2781 1874 2876 solum
1901 2793 2074 2876 quan-

492 2871 587 2953 diu
617 2891 937 2953 advivimus,
972 2887 1028 2941 in
1049 2879 1305 2955 praealti
1341 2887 1603 2948 tempore,
1634 2872 1837 2929 nostris
1860 2871 2076 2926 valeant

493 2985 755 3060 prodesse
797 2976 1074 3047 subjectis,
1121 2987 1312 3029 verum
1354 2969 1537 3060 etiam;
1567 2974 1624 3060 et
1660 2966 1726 3060 in
1755 2971 2076 3060 perpetuum

496 3053 606 3132 illis
628 3079 914 3145 prospecta
955 3065 1262 3137 proﬁciant,
1304 3061 1398 3131 qui
1435 3060 1492 3115 in
1523 3058 1658 3116 locis
1696 3055 1879 3112 divino
1905 3053 2076 3110 cultui

495 3163 818 3236 mancipatis
839 3201 854 3229 ,
906 3166 1215 3227 nostraeque
1251 3152 1486 3210 solertiae
1523 3149 1591 3206 ad
1641 3145 1934 3218 regendum
1974 3157 2076 3213 pro

499 3271 745 3331 tempore
771 3251 1112 3317 wmmissis,
1146 3261 1394 3320 supernae
1417 3240 1604 3315 pietati
1629 3236 1883 3296 servituri
1906 3242 2072 3301 sunt;

495 3353 590 3426 qui
616 3329 752 3410 dum
780 3348 850 3405 de
875 3343 1119 3416 corporis
1158 3337 1606 3402 necessitatibus,
1644 3329 1986 3426 victus-“dico
2014 3342 2080 3426 ac

497 3420 841 3506 vestimenti,
890 3434 1106 3495 solliciti
1135 3447 1246 3491 non
1270 3430 1506 3496 fuerint,
1543 3427 1783 3483 animum
1816 3422 1985 3479 libere
2023 3420 2080 3476 in

500 3536 698 3594 divinae
745 3526 1216 3600 contemplationis
1268 3523 1444 3595 specie
1489 3523 1654 3592 iigere
1695 3517 1944 3581 valeant;
1992 3511 2081 3568 cui

499 3641 715 3686 summo
739 3637 804 3679 ac
832 3619 1057 3677 salutari
1085 3619 1232 3674 bono
1254 3615 1597 3678 inharentes,
1631 3625 1697 3666 eo
1722 3621 1937 3678 semper
1963 3616 2081 3662 sus-

503 3719 687 3790 pirant
711 3722 824 3772 tota
849 3713 959 3784 spei
1001 3711 1250 3768 libertate
1290 3705 1559 3777 suspensi,
1582 3718 1689 3774 quo
1715 3717 1775 3758 se
1797 3698 2082 3772 pervenire

501 3809 685 3866 divina
713 3807 848 3863 duce
886 3803 1059 3876 gratia
1090 3810 1310 3857 aeternae
1331 3799 1454 3854 vitm
1487 3796 1768 3868 praemium
1792 3793 1906 3862 jam
1947 3798 2080 3847 con-

505 3901 673 3959 secuti
705 3897 1029 3967 gaudebunt.
1058 3894 1127 3950 Et
1160 3901 1338 3947 tamen
1368 3904 1492 3946 cum
1516 3889 1754 3944 sciamus
1781 3900 1869 3940 res
1893 3883 2082 3942 Eccleo

504 3994 599 4049 size
625 4006 745 4047 esse
774 3988 1072 4043 oblationes
1103 3984 1339 4039 ﬁdelium
1361 4023 1375 4048 ,
1407 3981 1582 4051 pretia
1610 3986 1953 4048 peccatorum
1978 4016 1994 4043 ,
2026 3981 2080 4030 et

509 4081 829 4158 patrimonia
854 4077 1176 4149 pauperum;
1201 4075 1400 4145 easque
1419 4065 1575 4127 nobis
1605 4067 2080 4134 administrandas,

505 4171 909 4247 procurandas,
948 4177 1112 4240 atque
1138 4165 1470 4222 ordinandas
1507 4161 1842 4231 suscepisse;
1888 4159 2083 4214 barum

505 4279 690 4322 rerum
717 4262 1186 4318 adniinistratores
1206 4272 1306 4313 nos
1327 4271 1447 4313 esse
1468 4255 1778 4310 meminisse
1802 4253 2079 4319 debemus;

503 4366 563 4412 et
580 4356 822 4411 redditus
846 4357 1218 4424 expensasque
1249 4359 1436 4406 earum
1465 4348 1545 4404 eis
1567 4347 1753 4403 usibus
1786 4346 2079 4418 applicare,

504 4463 736 4518 quorum
763 4446 936 4519 gratia
963 4443 1158 4500 divinis
1184 4439 1444 4498 altaribus
1469 4437 1713 4509 allegatos
1738 4447 2054 4496 noscuntur.

2100 3203 2148 3268 C

2169 585 2330 650 uarii,
2361 585 2476 641 sive
2508 589 2607 656 pro
2645 585 2840 656 seipsa,
2878 590 3212 656 suorumque
3235 585 3534 641 liberorum
3562 602 3628 644 ac
3663 605 3765 661 pa-

2164 683 2414 742 rentum,
2452 675 2518 732 ad
2566 675 2931 746 supradictam
2973 675 3166 732 cellam
3194 677 3339 731 beati
3380 674 3617 750 Remigii
3659 696 3765 751 per

2165 767 2471 823 donationis
2500 767 2718 822 titulum
2746 767 3042 840 delegavit,
3083 769 3169 825 vel
3200 767 3464 825 tradidit:
3502 786 3568 826 ea
3605 773 3765 828 vide—

2164 860 2291 916 licet
2316 861 2546 927 ratione,
2577 865 2638 914 ut
2665 860 2881 915 divinus
2912 859 2987 916 ibi
3019 869 3271 933 ageretur
3297 861 3511 930 cultus,
3549 868 3605 916 et
3649 862 3763 919 illis

2164 962 2268 1019 pro
2285 963 2516 1020 quorum
2550 949 2726 1006 salute
2758 950 3018 1008 traditum
3045 951 3250 1020 fuerat,
3287 963 3584 1025 augeretur
3612 969 3764 1009 mer-

2164 1055 2278 1096 ces.
2310 1038 2570 1096 Volumus
2597 1041 2762 1095 etiam
2781 1082 2796 1108 ,
2831 1047 2893 1096 ut
2934 1041 3050 1097 loca
3082 1057 3243 1114 super
3277 1059 3396 1117 quae
3421 1043 3764 1101 aedificatum

2170 1130 2267 1186 fuit
2295 1129 2666 1200 supradictum
2692 1133 3101 1198 monasterium,
3143 1133 3196 1189 id
3218 1139 3303 1189 est
3327 1150 3508 1205 agros,
3541 1136 3761 1204 vineas,

2167 1229 2532 1293 prata,areas,
2549 1223 2634 1278 vel
2661 1224 2843 1278 omnia
2866 1231 2986 1294 qua:
3013 1225 3152 1279 infra
3181 1233 3365 1280 muros
3393 1226 3635 1282 civitatis
3663 1227 3765 1282 ha-

2165 1312 2301 1379 buit,
2332 1313 2418 1368 vel
2451 1323 2628 1384 extra,
2656 1316 2860 1386 absque
2899 1316 3127 1388 alicujus
3155 1315 3512 1374 diminutione
3546 1335 3614 1376 ac
3651 1319 3762 1376 im-

2167 1407 2474 1476 pedimento
2508 1407 2745 1464 habeant
2787 1416 3030 1465 rectores
3061 1416 3117 1462 et
3153 1410 3429 1476 monachi,
3467 1409 3540 1466 ad
3566 1425 3762 1467 eorum

2167 1515 2298 1556 usus
2323 1499 2414 1570 qui
2451 1497 2651 1556 ibidem
2679 1500 2789 1556 Deo
2822 1502 2922 1558 sub
2951 1512 3143 1558 norma
3169 1501 3312 1559 beati
3343 1502 3636 1561 Benedicti
3667 1505 3764 1562 dei

2167 1591 2402 1662 guerint.

2239 1683 2411 1755 Hujus
2448 1685 2634 1756 itaque
2662 1687 2742 1742 rei
2772 1701 2936 1743 causa
2967 1687 3110 1742 banc
3136 1688 3334 1744 seriem
3371 1687 3545 1744 1m:
3577 1688 3762 1760 diges-

2170 1786 2281 1837 tam
2337 1777 2682 1834 sanctissime
2725 1780 2892 1835 statui
2921 1787 3106 1836 vestro
3156 1781 3505 1852 relegandam
3531 1812 3552 1846 ,-
3593 1788 3761 1852 atqiis

2169 1868 2368 1926 vestris
2393 1868 2888 1939 subscriptionibus
2908 1870 3271 1929 roborandam
3295 1872 3490 1936 obtuli,
3515 1878 3636 1944 quo
3654 1877 3760 1929 stas

2171 1971 2325 2020 tuere
2348 1977 2446 2032 per
2470 1969 2710 2018 vestram
2737 1962 3148 2024 unanimitate.
3173 1963 3387 2019 decrevi
3419 1997 3438 2031 ς
3468 1967 3535 2020 ut
3581 1965 3762 2022 nalis

2171 2056 2426 2126 deinceps
2447 2054 2845 2126 episcoporum,
2862 2054 3172 2124 quicunque
3190 2070 3290 2126 per
3306 2063 3559 2127 tempora
3578 2057 3758 2116 divina

2169 2154 2464 2218 praestante
2489 2146 2855 2206 successerint
2899 2145 3096 2216 gratia,
3127 2146 3421 2216 quidquam
3445 2147 3514 2204 de
3555 2149 3647 2204 bis
3673 2163 3757 2207 rei

2170 2240 2294 2304 bus,
2325 2255 2462 2311 quas
2491 2240 2747 2310 praesenti
2776 2247 3024 2310 tempore
3050 2246 3359 2296 memorata
3399 2240 3534 2296 cella
3565 2241 3759 2300 milia

2172 2331 2564 2386 monachorum
2597 2329 2900 2386 attributas.
2929 2328 3188 2400 possidet,
3215 2330 3490 2394 minuere,
3515 2331 3600 2385 vel
3628 2333 3754 2388 ah-

2174 2421 2412 2490 trahere,
2435 2421 2519 2477 vel
2537 2421 2659 2478 aliis
2676 2421 2864 2477 usibus
2890 2419 3182 2492 applicare,
3212 2421 3298 2475 vel
3322 2420 3568 2476 beneﬁcii
3585 2422 3752 2492 quid-

2173 2529 2356 2584 quam,
2391 2514 2477 2571 vel
2504 2529 2725 2570 suorum
2747 2513 2834 2569 vel
2852 2521 3238 2568 extraneorum
3261 2512 3394 2568 dare
3419 2521 3754 2582 presumat:

2174 2607 2291 2672 sed,
2319 2615 2381 2662 ut
2407 2607 2712 2662 intimatum
2729 2613 2834 2671 est,
2862 2619 3197 2675 quaecunque
3223 2619 3370 2660 nunc
3391 2606 3662 2674 teinporis
3681 2619 3756 2660 re-

2174 2700 2310 2755 tinet
2353 2715 2451 2771 per
2480 2699 2694 2758 diversa
2744 2699 2863 2754 loca
2914 2706 2969 2754 et
2995 2698 3266 2754 territoria
3291 2731 3310 2762 ,
3350 2698 3548 2753 usibus
3577 2710 3756 2754 mona-

2175 2792 2403 2846 chorum
2434 2792 2706 2861 deputata,
2744 2799 2800 2846 et
2823 2805 2942 2862 quae
2966 2800 3000 2845 a
3027 2790 3338 2846 timentibus
3357 2790 3536 2846 Deum
3587 2791 3756 2848 eidem
3827 2847 3832 2851 .

2172 2881 2516 2954 postmodum
2544 2882 2746 2938 fuerint
2766 2881 2888 2941 loco
2916 2882 3134 2948 collata;
3161 2881 3365 2952 deque
3392 2883 3504 2939 ulla
3531 2885 3760 2940 diminu-

2175 2974 2322 3032 tione
2364 2972 2448 3028 vel
2504 2974 2871 3054 subtraetione
2917 2973 3070 3030 colite
3122 2982 3178 3029 et
3213 2977 3510 3032 monachis
3559 2977 3756 3033 ibidem

2175 3065 2624 3124 conversantibus
2651 3075 2902 3124 maneant
2933 3066 3267 3124 inconvulse.

2248 3158 2375 3215 llaec
2394 3167 2576 3216 autem
2613 3167 2738 3218 sunt
2777 3157 2918 3215 infra
2958 3160 3159 3230 scripta
3193 3159 3310 3216 loca
3355 3161 3755 3218 moechorum

2181 3251 2466 3326 stipendiis
2493 3253 2548 3308 in
2597 3260 2897 3308 memorata
2933 3251 3070 3307 cella
3113 3251 3426 3322 degentiu
3467 3253 3756 3309 nam.

2180 3343 2348 3400 Primi
2355 3352 2438 3400 tus
2456 3341 2762 3409 Valliculas,
2791 3343 2884 3407 ubi
2910 3342 3179 3399 aediﬁcare
3202 3344 3492 3413 praefatum
3512 3345 3761 3402 volumus

2183 3436 2571 3493 monasterium
2601 3452 2617 3501 ;
2655 3434 2894 3491 Staticus
2915 3450 3038 3490 cum
3084 3433 3406 3504 adjacentiis
3427 3437 3558 3500 suis,
3593 3437 3652 3490 id
3671 3443 3762 3493 est

2183 3540 2337 3588 vetus
2358 3529 2636 3587 Ferrarias
2670 3547 2684 3597 ;
2716 3539 2772 3584 et
2805 3528 2966 3585 Petra
2993 3527 3205 3584 Ursana
3232 3544 3359 3584 cum
3389 3528 3677 3584 territoriis
3698 3536 3759 3584 et

2183 3627 2371 3693 silvis;
2398 3624 2732 3698 Chryniacu‘s
2759 3626 2882 3682 cum
2911 3615 3190 3696 adiacente
3219 3625 3320 3680 sibi
3359 3623 3757 3693 Hermentaria,

2183 3726 2304 3773 cum
2327 3715 2684 3772 territoriiset
2698 3715 2846 3770 silvis
2865 3732 2880 3782 ;
2897 3703 3250 3770 Fontanicula
3273 3732 3398 3772 cum
3430 3716 3756 3778 territoriis;

2183 3813 2358 3870 Lausa
2386 3817 2510 3868 cum
2545 3809 2864 3881 adjacentiis
2886 3810 3001 3866 Suis
3030 3851 3045 3876 ,
3073 3811 3176 3866 hoc
3200 3817 3283 3865 est
3311 3810 3435 3864 vico
3475 3809 3653 3864 sancti
3679 3808 3759 3864 Si-

2183 3903 2382 3969 dronii,
2434 3909 2559 3958 cum
2586 3899 2875 3957 territorii's
2896 3909 2951 3956 et
2979 3899 3175 3965 silvis,
3218 3901 3273 3955 et
3307 3899 3472 3954 sininl
3530 3885 3756 3964 latione;

2183 3996 2506 4052 Bracciacus
2530 4008 2654 4052 cum
2692 3994 3019 4059 territoriis;
3049 3991 3428 4049 Columbarius
3455 4005 3590 4047 cum
3617 3990 3762 4060 adia-

2183 4089 2378 4146 centiis
2400 4087 2534 4154 suis,
2571 4088 2672 4142 hoc
2692 4095 2776 4142 est
2803 4086 3169 4151 Esthiniacus;
3203 4082 3498 4150 Silviacus,
3533 4085 3590 4141 et
3613 4083 3766 4140 terri-

2183 4179 2323 4235 toria
2354 4189 2543 4234 eorum
2582 4183 2704 4232 cum
2727 4175 2915 4244 silVis;
2948 4173 3270 4233 Villamesca
3303 4175 3427 4231 cum
3483 4172 3768 4246 adiacente

2183 4261 2285 4328 sibi
2329 4279 2492 4344 ponte
2526 4279 2582 4326 et
2609 4267 2916 4334 territorio;
2949 4265 3298 4324 Misceriaeus
3323 4275 3448 4323 cum
3481 4268 3769 4336 adiacente

2183 4361 2286 4417 sibi
2309 4362 2580 4436 Ternanta
2610 4376 2627 4426 ;
2659 4347 2938 4414 Villanova
2986 4373 3109 4413 cum
3155 4358 3474 4429 adjacentiis
3500 4359 3643 4424 suis,
3673 4357 3770 4414 hoc

2183 4458 2268 4506 est
2291 4450 2621 4506 Cavanari‘as
2648 4489 2662 4515 ,
2691 4453 2747 4504 et
2769 4447 3108 4519 Capotenus;
3145 4435 3415 4504 linerollis
3439 4457 3571 4504 cum
3621 4449 3770 4519 adja-

578 4539 811 4593 Proinde
837 4537 903 4591 ad
935 4535 1239 4590 sanctitatis
1270 4541 1460 4588 vestra:
1484 4533 1782 4602 piissimam
1820 4532 2077 4586 intentio-

2184 4549 2340 4596 cente
2366 4526 2472 4595 sibi
2517 4537 2829 4609 Ca'pr'e'nciis
2882 4541 3002 4594 cum
3058 4535 3346 4594 te'rritoriis
3394 4547 3449 4595 et
3485 4538 3646 4594 silvis
3674 4581 3690 4604 ,
3720 4549 3770 4594 et

507 4648 631 4692 nem
666 4629 962 4700 perducere
997 4625 1191 4690 statui,
1234 4624 1468 4694 qualiter
1495 4623 1661 4680 cellas
1691 4624 2079 4678 monachorum
2106 4623 2117 4624 “
2183 4630 2343 4687 simul
2367 4629 2623 4684 Puteolis,
2660 4629 2719 4684 ιη
2745 4645 2957 4686 summa
2979 4637 3107 4685 sum
3130 4644 3318 4684 mm
3347 4637 3772 4685 Mm.

509 4725 754 4785 ecclesiae
801 4719 1058 4792 episcopii
1105 4717 1358 4791 pariatur:
1390 4732 1522 4772 mere
1565 4716 1866 4782 commissi,
1910 4714 1966 4770 id
2001 4723 2087 4771 est

508 4819 645 4876 cella
683 4814 854 4872 sancti
890 4811 1119 4882 Remigii
1151 4808 1476 4867 confessoris
1501 4807 1701 4864 Christi
1733 4809 1788 4862 in
1822 4806 2086 4863 suburbio

504 4912 745 4970 civitatis
773 4915 1106 4972 constructa,
1133 4919 1252 4977 qua:
1275 4905 1403 4961 olim
1435 4913 1531 4974 per
1558 4887 1852 4960 divisiones
1873 4899 2082 4971 praede-

505 5017 785 5061 cessorum
813 5013 1064 5067 meorum
1081 5005 1320 5067 tempore
1338 4993 1441 5050 fuit
1457 4993 1699 5064 disrupta
1728 5011 1742 5048 :
1776 5000 1831 5048 et
1855 4994 1924 5047 ob
1947 4992 2087 5048 hanc

507 5094 890 5169 negligentiam
920 5089 1192 5154 monachi,
1218 5089 1310 5158 qui
1339 5087 1539 5143 ibidem
1571 5086 1681 5141 Deo
1711 5085 1910 5157 degere
1938 5085 2088 5141 vide-

507 5190 727 5255 bantur,
755 5193 977 5258 propter
1001 5181 1239 5254 inopiam
1271 5189 1326 5234 et
1361 5179 1825 5249 importunitatem
1860 5177 1965 5233 loci
2001 5187 2089 5232 re:

508 5279 691 5352 gulam
717 5275 862 5334 beati
888 5270 1164 5329 Benedicti
1184 5303 1203 5336 ,
1229 5277 1290 5324 ut
1308 5268 1631 5334 debuerant,
1656 5268 1872 5339 penitus
1895 5270 2088 5326 obses;

511 5385 640 5426 vare
667 5383 780 5426 non
805 5372 1075 5439 poterant.
1098 5361 1306 5419 idcirco
1330 5374 1436 5417 una
1463 5365 1590 5416 eum
1609 5360 1836 5418 consilio
1856 5361 2086 5417 fratrum

512 5469 843 5524 nostrorum,
893 5453 1276 5512 canonicorum
1301 5449 1548 5507 videlicet
1578 5456 1638 5504 et
1671 5449 2082 5519 monachorum,

512 5569 616 5609 nec
651 5568 756 5607 non
785 5559 840 5606 et
867 5548 1104 5605 ﬁdelium
1131 5546 1411 5610 laieorum,
1455 5542 1631 5599 visum
1660 5553 1743 5598 est
1780 5542 1935 5598 nobis
1967 5555 2090 5614 pro-

512 5654 633 5719 pter
676 5642 1138 5713 importunitatem
1183 5637 1310 5704 loei,
1357 5648 1414 5694 et
1449 5639 1837 5693 monachorum
1887 5637 2088 5695 ibidem

516 5737 628 5793 Deo
647 5733 974 5804 degentium,
991 5731 1271 5802 praefatam
1297 5729 1487 5785 cellam
1518 5731 1587 5785 ad
1611 5727 1899 5786 Valliculas
1921 5738 2090 5787 trans-

515 5835 748 5898 mittare,
795 5831 848 5884 et
875 5839 906 5882 a
946 5823 1292 5885 fundamento
1317 5820 1607 5898 iediﬁcare,
1637 5837 1800 5899 quam
1826 5822 2130 5905 Rothlaus.

2185 4726 2358 4797 ginta,
2381 4731 2435 4779 et
2463 4723 2695 4792 hospitia
2733 4723 2917 4778 decem
2945 4730 3002 4776 et
3039 4736 3252 4776 novem.
3278 4719 3563 4792 Quidquid
3589 4723 3774 4793 itaque

2185 4815 2242 4869 in
2274 4812 2600 4886 supradictis
2621 4812 2758 4869 locis
2781 4811 2865 4867 vel
2897 4812 3043 4868 circa
3077 4811 3322 4866 eamdem
3347 4809 3609 4865 cellulam
3641 4829 3776 4882 pra?-

2188 4907 2328 4962 sehti
2358 4907 2602 4974 tempdre
2622 4904 2874 4958 Μαοὴί
2917 4903 2972 4957 in
3013 4902 3200 4958 eadem
3245 4899 3441 4956 divinae
3470 4903 3673 4972 gratia:
3701 4901 3776 4955 {a-

2188 4998 2456 5054 mulantes
2481 4997 2759 5068 possidere
2782 5002 3081 5050 noscuntur
3109 5035 3124 5060 ,
3154 5000 3238 5048 vel
3262 4994 3308 5048 si
3347 5009 3453 5064 qua
3485 5002 3623 5048 sunt
3649 4994 3771 5057 alia,

2189 5103 2309 5162 qua:
2338 5079 2477 5143 forte
2512 5101 2688 5142 meam
2717 5083 2967 5156 fugerunt
3007 5085 3358 5150 memoriam,
3387 5093 3444 5139 et
3487 5093 3682 5140 tamen
3709 5101 3770 5141 ea

2190 5180 2304 5236 suis
2338 5178 2621 5248 stipendiis
2666 5173 2940 5246 assignate
2970 5173 3201 5250 retinent
3232 5215 3248 5240 ,
3271 5189 3396 5231 cum
3448 5177 3768 5238 territoriis,

2189 5271 2382 5336 vineis,
2409 5269 2610 5342 pratis,
2642 5266 2815 5334 silvis,
2865 5268 3020 5338 aquis
3052 5282 3386 5339 aquarumve
3416 5266 3770 5332 decursibus,

2189 5370 2245 5418 et
2276 5361 2488 5417 cm't‘eris‘
2511 5357 2826 5429 adjacentiis
2856 5399 2870 5424 ,
2895 5358 3025 5429 ipsis
3055 5361 3262 5412 tantum
3301 5363 3367 5414 ex
3419 5357 3641 5430 integro
3662 5399 3679 5421 ,
3718 5367 3772 5411 ut

2192 5452 2527 5523 praemissum
2579 5461 2660 5507 est
2688 5492 2702 5518 ,
2756 5455 3052 5522 eorumque
3104 5443 3290 5504 usibus
3337 5443 3461 5516 jur‘e
3506 5457 3773 5518 perpetuo

2193 5546 2396 5614 absque
2441 5543 2548 5598 ulla
2609 5541 2966 5597 diminutione
3018 5541 3118 5597 sub
3167 5549 3431 5613 prmtexto
3480 5539 3770 5596 memorati

2192 5637 2449 5710 episcopii
2479 5636 2647 5692 nostri
2669 5635 2790 5706 jure
2821 5627 3002 5692 debito
3030 5636 3242 5691 cedant.

2264 5731 2333 5784 At
2361 5744 2490 5785 vero
2519 5729 2798 5797 episcopus
2840 5729 2932 5799 qui
2970 5743 3067 5798 pro
3103 5735 3344 5797 tempore
3389 5735 3611 5782 auctore
3670 5727 3778 5786 Der

2193 5822 2487 5904 praefuerit,
2518 5819 2766 5883 abbatem
2792 5821 2856 5884 de
2885 5820 3077 5887 eodem
3088 5820 3446 5895 monasterio.
3469 5834 3606 5894 cum,
3635 5824 3776 5902 vide
