4000 6452
161 417 255 482 813

1577 405 1959 466 EPISTOLE.

3302 403 3409 468 διδ

159 540 275 594 licet
294 546 451 604 quem
485 522 665 588 omnis
697 527 1047 618 congregatio
1090 519 1197 586 sibi
1226 519 1588 583 ordinandum
1620 541 1720 598 po-
1749 519 1800 590 Ᾱ
1829 534 1911 580 ter
1939 521 2222 599 relegenda
2249 516 2553 582 ﬁrmamus.
2578 513 2646 582 Et
2682 535 2744 582 ut
2766 536 2882 582 rata
2903 516 3158 602 deinceps
3184 545 3410 588 manere

157 627 396 702 poscerit,
436 634 491 680 et
518 626 806 682 sinceritas
831 640 1044 682 morum
1069 665 1084 689 ,
1115 632 1170 679 et
1197 623 1465 678 bonorum
1501 629 1723 678 actuum
1822 618 2038 687 possint
2061 633 2181 690 quo
2205 618 2411 690 scripta
2433 630 2578 687 sunt,
2605 621 2860 677 manibus
2881 630 3077 679 vestrae
3097 625 3410 684 sanctitatis

155 720 386 793 probitas
417 717 882 773 commendaverit
903 758 918 783 ,
949 719 994 772 si
1021 717 1163 770 inter
1204 729 1300 770 eos
1333 713 1456 769 talis
1493 711 1722 767 inveniri
1825 710 2132 766 roboranda
2152 711 2582 782 expostulamus.

156 811 419 884 quiverit,
469 810 550 865 eis
595 810 958 865 ordinandum
1003 815 1279 880 procuret.
1313 805 1470 874 Quod
1499 806 1550 864 si
1600 805 1725 860 talis

156 905 288 959 inter
311 917 404 958 eos
429 901 652 957 minime
682 901 914 960 inveniri
939 900 1174 970 potuerit
1198 935 1215 966 ,
1247 897 1315 952 de
1350 897 1538 954 eadem
1566 902 1726 968 paro-

156 998 268 1051 chia
300 993 382 1050 vel
427 993 647 1050 dimcesi
675 991 962 1058 Scaeam,
1001 989 1471 1048 canentietitibus
1521 988 1727 1043 sanctis

155 1087 476 1160 coepiscopis
529 1085 768 1154 ejusdem
804 1083 1087 1150 dioecesis,
1115 1092 1171 1139 et
1206 1081 1610 1153 circumpositis
1635 1095 1728 1135 ve-

156 1178 472 1235 nerabilibus
496 1178 801 1244 abbatibus,
831 1177 912 1233 eis
941 1174 1349 1248 praeﬁciendum
1389 1182 1556 1245 atque
1580 1170 1730 1230 ordia

154 1271 380 1326 nandum
403 1270 700 1340 provideat.
729 1270 786 1325 ln
813 1270 1171 1341 aggregandis
1197 1284 1414 1339 quoque
1441 1267 1728 1324 monachis

156 1364 289 1418 hunc
313 1362 531 1418 modum
565 1361 735 1418 abbas
775 1362 865 1434 qui
894 1360 1194 1432 praafuerit,
1227 1369 1412 1416 teneat
1442 1399 1457 1426 ,
1483 1369 1543 1416 ut
1567 1359 1731 1414 trice-

153 1456 357 1510 uarium
388 1465 674 1510 numerum
711 1455 1035 1524 quantitatis
1070 1469 1283 1509 summa
1322 1469 1431 1509 non
1479 1453 1727 1519 excedat,

154 1548 316 1603 donec
367 1564 546 1603 rerum
601 1549 756 1620 cepia
803 1547 978 1617 major
1037 1557 1368 1603 succrescat.
1429 1546 1730 1617 Episcopus

151 1652 359 1707 quoque
404 1639 458 1692 in
505 1638 788 1709 exigendis
820 1637 1136 1694 muneribus
1183 1637 1438 1692 abbatem
1484 1633 1730 1705 ejusdem

151 1730 248 1787 loci
305 1746 414 1786 non
459 1737 689 1802 gravet:
728 1729 823 1788 sed
866 1728 1102 1786 suﬂiciat
1140 1731 1192 1785 ei
1243 1729 1311 1784 ad
1365 1741 1544 1783 annua
1590 1727 1732 1784 dona

150 1836 318 1893 equus
345 1837 506 1888 unus,
550 1831 607 1877 et
628 1831 842 1878 scutum
876 1835 1001 1878 cum
1036 1821 1244 1878 lancea.
1283 1819 1438 1888 Quod
1472 1821 1518 1876 si
1556 1821 1612 1874 in
1633 1831 1728 1875 ex-

1894 805 1956 864 in
1975 803 2179 862 Christi
2206 806 2424 862 nomine
2453 805 2704 862 Aldristrs
2733 806 2984 866 comesis:
3020 808 3304 868 Senonicas
3333 811 3412 868 in-

1819 885 2021 968 dignus
2046 889 2490 972 archiepiscopus
2515 893 2624 956 hoc
2650 900 2991 978 privilegium
3019 901 3140 960 ﬁeri
3167 902 3414 974 decrevi,

1827 995 1883 1044 et
1909 990 2229 1060 subscripsi.

1897 1084 1956 1140 In
1981 1084 2188 1140 Christi
2213 1085 2431 1140 nomine
2457 1083 2831 1140 Landramnus
2858 1085 3141 1144 Turonicae
3170 1086 3432 1147 ecclesia-

1829 1177 2272 1248 archiepiscopus
2300 1177 2611 1249 recognovi,
2635 1183 2693 1232 et
2727 1178 3046 1248 subscripsi.

1897 1271 1958 1326 In
1979 1271 2183 1327 Christi
2223 1271 2444 1326 nomine
2470 1271 2897 1327 Bartholomasus
2929 1272 3298 1329 Narbonensis
3325 1287 3420 1330 ec-

1829 1363 2010 1420 clesiae
2038 1363 2478 1434 archiepiscopus
2507 1362 2630 1430 feci,
2653 1372 2709 1418 et
2736 1364 3053 1434 subscripsi.

1901 1455 2065 1511 Jonas
2109 1454 2518 1512 Aurelianensis
2543 1455 2792 1510 ecclesiae
2841 1456 3091 1528 indignus
3121 1455 3414 1528 episcopus

1831 1548 1959 1602 huic
1995 1546 2141 1602 facto
2169 1546 2494 1616 astipulator
2521 1547 2845 1616 subscripsi.

1901 1637 2014 1710 Ego
2027 1637 2198 1692 Baina
2206 1638 2334 1692 rdus
2349 1637 2797 1708 Rolhomagensis
2809 1637 3092 1707 episcopus
3104 1637 3422 1708 subscripsi.

1903 1730 2200 1787 Rotualdus
2221 1728 2632 1786 Suessionensis
2655 1729 2942 1801 episcopus
2971 1729 3101 1784 huic
3119 1719 3264 1785 facto
3285 1727 3386 1785 sub
3409 1762 3419 1771 -

1836 1823 2053 1895 scripsi.

147 1914 477 1986 peditionem
508 1913 778 1986 publicam
829 1915 911 1971 ire
939 1916 1123 1988 jussus
1158 1913 1343 1981 fuerit,
1377 1913 1648 1968 addantur
1681 1911 1733 1968 ei
1760 1898 1809 1958 Β
1905 1913 2160 1971 Aldricus
2187 1911 2608 1970 Cenomannicce
2638 1916 2794 1971 ubis
2821 1916 3133 1986 episcopus.

150 2007 218 2062 de
239 2007 434 2063 eodem
473 2007 592 2063 loco
619 2023 777 2063 carra
811 2009 920 2064 duo
945 2048 961 2074 ,
995 2023 1163 2062 unum
1186 2006 1321 2071 vini,
1344 2004 1574 2060 alterum
1605 2003 1735 2060 fari-

147 2115 248 2166 nae,
294 2113 556 2155 verveces
592 2099 820 2156 decem:
857 2112 1021 2170 supra
1056 2114 1177 2171 quae
1213 2099 1267 2154 in
1303 2098 1582 2170 exigendis
1615 2113 1731 2153 mu-

149 2193 393 2260 aeribus,
419 2193 736 2265 cupiditatis
763 2235 780 2262 ,
804 2194 1156 2265 avaritiaeque
1179 2208 1342 2250 causa
1379 2206 1610 2266 gravare
1638 2207 1734 2250 eos

149 2276 452 2341 nullatenus
476 2294 796 2356 praisumat,
813 2301 884 2342 ne
903 2294 958 2343 et
982 2288 1234 2344 monachi
1261 2287 1504 2359 ejusdem
1521 2287 1733 2346 cellula

148 2376 518 2445 hujuscemodi
556 2379 773 2449 negotio
798 2393 830 2433 a
860 2392 960 2434 suo
985 2377 1267 2448 proposito
1297 2378 1608 2435 exorbitare
1635 2419 1649 2441 ,
1679 2385 1734 2433 et

148 2470 426 2542 episcopus
468 2483 637 2526 causa
667 2485 856 2526 eorum
892 2471 1214 2542 perditionis
1239 2469 1488 2527 addictus
1533 2470 1734 2542 sempi-

149 2567 324 2615 ternas
349 2568 580 2630 cogatur
606 2559 758 2616 luere
786 2573 998 2630 poenas.

209 2654 452 2728 Corpora
471 2657 642 2712 etiam
668 2665 1001 2720 sanctorum,
1037 2670 1159 2727 quae
1185 2656 1241 2711 in
1265 2661 1449 2712 nostra
1471 2655 1735 2728 parochia

141 2744 246 2816 jam
291 2749 439 2805 dicta
485 2757 806 2820 exspectant
833 2749 916 2805 sui
961 2749 1180 2804 beatam
1209 2748 1668 2817 immutationem,
1700 2763 1733 2806 a

144 2838 320 2907 pravis
357 2848 415 2895 et
439 2838 733 2896 desidiosis
753 2839 1070 2896 custodibus
1096 2841 1432 2912 permaxime
1457 2841 1736 2914 negligun-

148 2936 246 2993 tur,
271 2929 347 2985 ita
373 2938 434 2986 ut
452 2927 636 2986 ofﬁcio
670 2929 956 2987 luminaria
1001 2947 1068 2988 ac
1094 2932 1279 2988 debita
1305 2940 1533 2988 careant
1553 2943 1736 2988 custo-

147 3020 250 3077 dia.
276 3019 494 3079 Idcirco
520 3022 589 3078 ob
616 3035 857 3078 amorem
908 3023 1024 3092 Dei,
1067 3023 1152 3078 cui
1198 3024 1448 3080 viventes
1488 3025 1543 3081 in
1569 3041 1736 3082 carne

149 3111 470 3180 servierunt,
504 3119 560 3168 et
583 3112 1006 3168 emolumentum
1034 3115 1230 3172 animae
1258 3123 1482 3183 nostra,
1506 3132 1605 3188 per
1634 3132 1732 3176 vo-

147 3196 410 3258 luntatem
439 3210 502 3258 et
524 3201 797 3258 licentiam
815 3203 1018 3259 domini
1040 3218 1105 3261 ac
1121 3206 1354 3276 piissimi
1379 3205 1636 3263 Ludovici
1664 3223 1733 3265 ac

147 3287 322 3346 Caroli
347 3306 560 3363 regum,
607 3294 732 3364 quia
758 3308 1061 3366 congruum
1106 3295 1174 3350 ad
1195 3297 1298 3352 hoc
1319 3297 1496 3352 locum
1523 3298 1732 3354 inveni-

145 3397 288 3451 mus,
313 3385 407 3440 illo
433 3386 765 3456 deportanda
794 3388 1061 3443 volumus.
1107 3385 1215 3444 Sed
1241 3390 1368 3460 quia
1403 3406 1561 3447 sacra
1599 3407 1732 3448 auc-

146 3476 345 3536 toritas
381 3485 567 3546 vetat,
593 3493 663 3534 ne
705 3479 761 3534 in
810 3479 1008 3536 tatibus
1065 3490 1124 3536 et
1179 3482 1446 3539 similibus
1493 3483 1740 3540 ecclesiis

142 3564 345 3624 Christi
389 3581 494 3638 per
527 3568 758 3638 alicujus
779 3570 1050 3626 incuriam
1078 3573 1394 3628 scandalum
1448 3574 1736 3642 inferatur,

138 3657 442 3713 multorum
470 3659 848 3729 episcoporum
872 3662 1114 3731 exposcit
1135 3678 1494 3730 consensum;
1524 3667 1593 3721 ad
1617 3681 1738 3720 ves-

138 3756 237 3805 trae
267 3750 627 3821 patemitatis
667 3753 918 3809 notitiam
947 3757 1064 3810 hazc
1093 3757 1276 3811 omnia
1323 3757 1556 3829 perferri
1585 3762 1734 3817 volu-

135 3856 259 3896 mus
279 3859 295 3896 :
314 3849 592 3912 quatenus
625 3853 804 3899 vestra
827 3846 1321 3917 deincepsceusura
1349 3862 1401 3905 et
1424 3850 1572 3907 locus
1600 3854 1734 3924 ipse,

141 3947 300 4002 quem
330 3931 557 3988 favente
594 3935 706 3990 Deo
741 3936 1098 3993 ordinandum
1157 3941 1462 3999 stabilimus
1487 3977 1505 4012 ο
1537 3952 1594 3998 et
1623 3957 1736 4002 mea

139 4023 370 4078 moratis
413 4033 732 4080 sanctorum
761 4026 1077 4097 pignoribus
1115 4045 1146 4084 a
1177 4030 1268 4084 Dei
1312 4033 1486 4087 servis
1530 4033 1730 4090 ibidem

141 4111 247 4168 Deo
275 4112 675 4171 famulantibus
703 4117 864 4188 digne
882 4128 938 4174 et
967 4118 1309 4176 laudabiliter
1339 4125 1640 4192 serviatur;
1679 4135 1735 4182 et

141 4220 234 4274 pro
260 4207 476 4264 domini
530 4208 702 4264 austri
754 4223 818 4264 ac
865 4211 1034 4268 totius
1083 4220 1288 4270 sanctae
1337 4212 1429 4270 Dei
1475 4215 1732 4274 Ecclesia:

144 4306 280 4351 statu
326 4291 611 4354 indefese
635 4307 760 4354 vota
784 4299 968 4356 debita
991 4302 1387 4371 persolvantur.
1417 4304 1570 4371 Quod
1595 4293 1750 4378 opus}

144 4387 248 4443 Dco
266 4389 537 4455 dicatum,
557 4399 618 4444 ut
643 4405 740 4460 per
756 4400 996 4462 tempora
1011 4393 1268 4458 labentia,
1299 4397 1552 4453 omnibus
1576 4415 1733 4456 sanc-

145 4479 363 4536 tissimis
392 4482 649 4552 patribus
675 4493 730 4538 et
751 4481 1016 4540 fratribus
1053 4486 1106 4540 in
1131 4486 1224 4542 Dei
1253 4489 1473 4545 nomine
1504 4505 1734 4546 consen-

143 4569 428 4635 tientibus,
479 4573 778 4629 firmiorem
828 4575 1072 4631 obtineat
1110 4579 1454 4640 reatitudinis
1500 4590 1728 4652 statum,

141 4668 189 4713 et
210 4663 480 4721 intactum
507 4675 851 4736 permaneat,
879 4683 1042 4723 manu
1067 4676 1264 4725 nostrae
1289 4672 1576 4741 parvitatis
1602 4676 1728 4731 sub-

209 4805 235 4874 ξ
265 4793 323 4874 in
362 4795 453 4852 his
485 4796 708 4874 litteris,
742 4813 862 4869 quas
887 4799 1121 4874 solidam
1140 4801 1344 4857 Aldrici
1370 4803 1627 4874 pietatem
1658 4826 1721 4868 ac

143 4861 457 4936 religionem
522 4861 778 4937 spirant;
825 4870 1217 4926 emendandum
1274 4861 1723 4937 est'vocabuurm

516 4938 609 4992 eui
624 4947 862 5014 premat
909 4940 1239 5014 Adrevaldus
1260 4984 1273 5002 ,
1309 4958 1371 4998 ac
1401 4960 1500 5014 pro
1529 4945 1727 5004 Noviu-

143 5007 280 5059 ceusi
297 5007 600 5077 legendum
624 5007 1015 5064 Flaviniacensi
1035 5029 1048 5063 :
1071 5025 1192 5064 nam
1208 5007 1569 5070 Atlrevauum
1595 5028 1723 5076 tunc

144 5079 556 5168 :e‘mp'g‘rishuic
582 5082 914 5168 monasterio
935 5080 1222 5168 praefuisse
1243 5084 1402 5168 docet
1429 5085 1582 5168 [lngo
1607 5091 1722 5168 _ab-

140 5143 231 5202 bas
248 5143 704 5208 'Flaviniacensis
727 5151 782 5208 in
809 5143 1099 5212 Chronico.
1131 5151 1405 5213 Deidonus
1432 5143 1718 5221 Gui'uetnio

1906 2007 2214 2064 Careviltus
2234 2006 2544 2078 Bajocensis
2569 2008 2855 2078 episcopus
2873 2009 3188 2080 subscripsi.

1905 2097 1963 2154 In
2008 2099 2104 2154 Dei
2157 2099 2376 2154 nomine
2423 2095 2686 2153 Radulfus
2728 2098 3079 2155 Lexoviensis
3130 2099 3426 2172 episcopus

1835 2189 2163 2262 aStipulator
2184 2189 2312 2247 huic
2341 2188 2486 2246 facto
2515 2188 2834 2262 subscripsi.

1905 2281 2246 2338 Acamradus
2298 2280 2636 2337 Parisiorum
2673 2279 2930 2352 indignus
2976 2281 3264 2352 episcopus
3289 2281 3424 2338 sub-

1835 2373 2050 2444 scripsi.

1909 2467 2218 2538 Stephanus
2241 2463 2665 2522 Bituricensium
2689 2464 2944 2538 indignus
2979 2465 3268 2538 episcopus
3296 2464 3426 2524 sub-

1837 2561 2053 2631 scripsi.

1907 2655 2134 2712 Altadus
2161 2654 2496 2712 Gencvensis
2524 2642 2811 2726 episcopus
2848 2651 3170 2725 subscripsi.

1908 2749 2263 2805 Adalhelmus
2291 2745 2704 2804 Catalaunensis
2753 2746 3043 2816 episcopus
3095 2739 3422 2815 subscripsi.

1909 2841 2214 2913 Ragnerius
2241 2839 2622 2895 Ambianeusis
2645 2838 2934 2909 cpiscopus
2953 2835 3272 2905 subscripsi.

1908 2936 2091 2992 Helias
2113 2933 2542 2991 Tricassinensis
2569 2933 2856 3004 episcopus
2887 2928 3205 3000 subscripsi.

1907 3033 2215 3096 Hucbertus
2251 3028 2610 3086 Meldensium
2630 3027 2918 3099 episcopus
2940 3023 3262 3094 subscripsi.

1909 3125 2173 3181 Alduinus
2200 3119 2617 3178 Virdunensium
2643 3117 2931 3188 episcopus
2957 3113 3277 3184 subscripsi.

1911 3215 2156 3273 Delrieus
2177 3211 2492 3272 Basiliensis
2512 3211 2798 3282 episcopus
2819 3208 3136 3280 subscripsi.

1914 3308 2029 3381 Ego
2054 3307 2382 3366 Fulcouinus
2403 3299 2822 3362 Warmatiensis
2835 3304 3123 3374 episcopus
3145 3302 3426 3378 indignus.

1906 3399 1965 3455 In
1994 3399 2091 3455 Dei
2117 3399 2338 3455 nomine
2367 3394 2672 3474 Teugrinus
2697 3393 2950 3450 Albensis
2987 3395 3291 3467 episcopus.

1908 3494 2038 3551 Atto
2069 3489 2449 3548 Namnetensis
2469 3487 2710 3545 civitatis
2722 3487 3026 3558 episcopus.

1909 3581 2206 3641 Gerfredus
2228 3582 2582 3638 Nivernensis
2601 3580 2904 3652 episcopus.

1913 3675 2129 3732 Facoua
2167 3675 2469 3745 episcopus.

1909 3763 2052 3825 Boso
2089 3769 2257 3825 abbas
2289 3785 2357 3824 ex
2395 3763 2728 3824 monasterio
2775 3770 2951 3826 sancti
2977 3770 3254 3829 Benedicti
3291 3769 3424 3832 sub-

1838 3861 2054 3931 scripsi.

1911 3955 2250 4013 Adrsvaldus
2281 3955 2450 4010 abbas
2478 3969 2546 4008 ex
2584 3955 2918 4012 monasterio
2941 3954 3294 4014 Noviacensi.

1905 4050 2180 4106 Deidonus
2215 4063 2284 4102 ex
2308 4046 2598 4102 Rhemensi
2635 4049 2886 4105 cmnobio
2914 4051 3082 4107 abbas

1908 4143 2251 4201 Christianus
2277 4140 2447 4195 abbas
2472 4141 2788 4195 monasterii
2815 4143 2987 4196 sancti
3023 4141 3301 4210 Germani.

1905 4238 1963 4294 ιιι
1996 4235 2093 4290 Dei
2119 4234 2335 4291 nomine
2371 4247 2470 4307 ego
2490 4233 2796 4296 Dcrnoiuus
2833 4229 3184 4294 Carnuteusis
3208 4235 3423 4309 cpisco-

1836 4346 1937 4402 pus
1964 4328 2278 4397 subscripsi.

1908 4419 2335 4493 llagnemundus
2359 4421 2528 4476 abbas
2545 4421 2610 4475 de
2624 4422 2955 4478 monasterio
2979 4423 3154 4479 sancti
3177 4422 3418 4484 Carileﬁ.

1905 4515 2232 4585 lngelnonus
2260 4512 2536 4584 Sagiensis
2565 4514 2865 4586 Episcopus
2892 4517 3209 4590 subscripsi.

1757 4617 1810 4678 υ
1908 4605 2055 4664 Fova
2083 4603 2458 4663 Cavilonensis
2483 4605 2773 4678 episcOpus
2793 4607 3094 4680 subscripsi
3125 4619 3173 4664 ι.

1834 4809 2065 4866 Marloto
2079 4809 2294 4864 videtur
2314 4808 2670 4880 fuisseAabbas
2690 4808 2994 4878 Remigiani
3022 4809 3256 4880 cerriobii
3273 4812 3418 4880 apud

1836 4881 2106 4945 Bbemos;
2137 4891 2195 4934 at
2231 4887 2446 4936 c0nstat
2471 4878 2828 4945 Reomenscm
2878 4893 2972 4932 seu
3020 4878 3418 4938 Reomaenéem

1829 4951 2021 5015 fuisse,
2058 4943 2108 5006 id
2151 4960 2234 5006 est
2276 4948 2506 5004 caenobii
2537 4943 2722 5001 Sancti
2747 4945 2976 5019 :Ioannis
3021 4950 3073 5002 in
3109 4963 3245 5019 pago
3270 4945 3414 5004 Tor-

1828 5021 2122 5076 nodorensi
2143 5063 2157 5083 ,
2187 5035 2293 5075 non
2319 5019 2703 5072 Rhemensem.
2734 5016 3075 5074 Christianus
3099 5016 3218 5073 erat
3240 5021 3415 5075 abbas

1825 5091 2141 5160 monasterii
2169 5089 2342 5146 sancti
2366 5087 2620 5160 Germani
2649 5090 2792 5159 apud
2815 5089 3271 5156 Antissiodorum,
3308 5104 3414 5160 po-

1823 5170 1944 5220 διεδ
1967 5157 2209 5233 ejusdem
2236 5160 2389 5218 urbis
2421 5157 2732 5232 episcopui.
