4000 6486
233 487 442 548 8Π·’

916 471 1214 530 BEGULA
1233 463 1736 528 CANONEORUM
1775 462 1865 523 ΑΒ
1889 456 2261 537 ξΛΜΑΙιΑΒΙΟ
2304 456 2682 516 COLLECTA.

3347 436 3455 515 ets

232 594 478 666 siquidem
495 585 705 658 imperii
733 583 814 640 sui
851 584 1028 648 tertio,
1069 579 1391 652 Aquisgrani
1435 577 1631 633 nalatio
1688 589 1814 646 ger

1918 595 1978 650 lio
2008 594 2061 649 in
2086 593 2272 650 eodem
2312 609 2474 665 opere
2515 592 2752 648 breviter
2800 597 3055 662 congesta
3095 589 3354 662 perfacile
3392 592 3460 648 ab

231 688 454 748 neralem
485 691 836 748 sanctumque
865 685 1214 736 ευηνοοθδεθι
1255 680 1576 729 conventum
1600 677 1654 723 et
1679 683 1784 722 (Σω-

230 785 406 856 pisset,
429 775 720 832 secundum
734 773 1162 828 ardentissimam
1176 785 1303 841 erga
1325 768 1562 823 divinum
1587 764 1790 818 cultum

230 873 326 931 sibi
354 871 565 926 ctelitus
601 867 916 934 inspiratam
950 863 1300 923 voluntatem,
1350 857 1517 912 multa
1549 870 1789 924 congrua

230 973 280 1020 et
304 959 599 1016 necessaria
637 957 702 1012 de
731 953 1102 1011 emendatione
1122 959 1320 1007 sancta:
1343 948 1617 1011 Ecclesiae,
1650 947 1791 1000 illius

225 1053 466 1110 videlicet
493 1064 696 1113 amore,
729 1047 821 1116 qui
853 1060 971 1100 eam
1003 1059 1102 1100 suo
1132 1051 1318 1098 sancto
1356 1048 1410 1096 et
1439 1040 1676 1110 pretioso
1706 1053 1794 1092 re-

229 1146 386 1202 demit
409 1143 688 1212 sanguine,
717 1141 874 1210 eique
922 1152 980 1192 se
1010 1135 1319 1192 adfuturum
1349 1148 1519 1202 usque
1556 1132 1622 1188 ad
1665 1146 1794 1186 con-

224 1236 632 1294 summationem
661 1231 928 1302 pollicitus
972 1237 1056 1284 est
1093 1228 1295 1293 seculi,
1342 1225 1569 1281 solerter
1604 1239 1669 1278 ac
1694 1239 1792 1278 cu-

224 1328 362 1383 riose
385 1334 716 1397 pertractare
744 1339 757 1376 :
783 1337 850 1378 eo
878 1334 1048 1391 usque
1081 1321 1223 1375 inter
1247 1326 1443 1374 caetera
1473 1321 1795 1387 perventum

222 1429 322 1485 est,
359 1425 418 1472 ut
459 1413 708 1471 eumdem
758 1421 1003 1469 sanctum
1049 1419 1105 1466 et
1138 1407 1522 1469 venerabilem.
1556 1407 1666 1460 Deo
1701 1420 1799 1459 an-

219 1517 438 1572 nuente,
464 1513 811 1577 aggregatum
841 1514 1166 1559 conventum
1179 1500 1509 1564 consuleret,
1532 1500 1641 1554 imo
1667 1512 1798 1552 con-

220 1601 442 1657 sulendo
473 1601 806 1663 admoneret,
860 1609 1022 1666 super
1060 1593 1381 1663 quibusdam
1435 1589 1796 1645 Ecclesiarum

217 1693 544 1767 praepositis,
592 1691 682 1761 qui
723 1689 921 1760 partim
955 1686 1279 1759 ignorantia,
1322 1683 1520 1754 partim
1565 1681 1795 1746 desidia,

215 1785 561 1842 subditorum
583 1797 766 1838 curam
780 1781 1260 1852 parvipendebant,
1276 1787 1330 1832 et
1344 1776 1704 1848 hospitalitate
1714 1774 1800 1843 ju-

215 1883 301 1930 sto
325 1874 645 1946 diligebant,
671 1872 801 1942 quid
827 1871 970 1927 facto
999 1887 1135 1942 Opus
1155 1878 1319 1928 esset.
1351 1868 1610 1938 Adjunxit
1628 1867 1789 1921 etiam

1892 685 1977 740 his
2013 685 2236 754 reperiri
2263 693 2446 754 posset
2478 703 2491 738 :
2527 699 2624 754 per
2653 698 2812 753 quam
2837 723 2851 748 ,
2904 691 2962 736 ut
2990 683 3328 752 praemissum
3357 691 3460 747 est,

1893 786 1950 832 et
2001 777 2206 847 prmlati
2267 785 2417 831 recto
2456 776 2674 830 tramite
2742 773 2995 828 incedere
3033 812 3048 837 ,
3109 779 3166 827 et
3233 771 3465 831 subditis

1892 883 2142 924 normam
2178 869 2392 923 vivendi
2434 869 2637 937 absque
2668 866 2988 937 ignorantia:
3014 865 3296 920 obstaculo
3323 864 3468 920 salu-

1891 961 2063 1016 briter
2093 970 2314 1017 nossent
2337 961 2598 1032 praebere.
2633 959 2885 1030 Vigilanti
2912 972 3044 1028 ergo
3096 955 3276 1011 studio
3319 970 3470 1010 eam-

1894 1053 2016 1108 dem
2072 1052 2427 1107 iustitutionis
2456 1049 2684 1107 formam
2724 1050 2980 1120 colligere
3013 1049 3337 1104 studuerunt
3367 1064 3379 1100 :
3413 1045 3470 1100 in

1895 1157 2000 1214 qua
2026 1142 2342 1214 plenissime
2370 1142 2676 1197 continetur
2701 1139 2934 1211 qualiter
2956 1147 3011 1194 et
3028 1138 3238 1210 praelati
3262 1138 3470 1202 vivere,

1895 1246 1951 1293 et
1981 1236 2251 1305 subjectos
2276 1251 2465 1308 regere
2488 1278 2502 1303 ,
2545 1236 2732 1308 eisque
2775 1233 3174 1291 ecclesiasticos
3224 1239 3473 1301 sumptus

1895 1329 2300 1395 administrare,
2330 1337 2385 1384 et
2433 1328 2488 1382 in
2533 1328 2628 1383 Dei
2663 1327 2886 1383 servitio
2914 1324 3308 1395 constringere,
3334 1313 3474 1376 bene

1896 1430 2185 1491 operantes
2210 1435 2425 1492 quoque
2454 1420 2523 1474 ad
2550 1419 2773 1475 meliora
2821 1431 3118 1490 pro-vocare
3142 1455 3158 1482 ,
3193 1423 3475 1486 protervos

1899 1528 2144 1584 quosque
2213 1521 2268 1568 et
2319 1513 2652 1584 neg‘igentes
2710 1511 2941 1569 debeant
2991 1509 3285 1580 corripere.
3341 1505 3476 1560 Cum

1901 1608 2067 1678 igitur
2099 1603 2258 1676 hujus
2290 1606 2644 1662 institutionis
2699 1604 2929 1661 formam
2967 1618 3150 1660 coram
3179 1606 3478 1655 memorato

1901 1699 2137 1772 glorioso
2160 1699 2401 1770 principe
2428 1698 2690 1768 prolatam
2729 1713 2886 1754 sacer
2913 1703 3210 1752 conventus
3229 1694 3477 1749 laudibus

1902 1789 2186 1844 extulisset
2212 1830 2226 1854 ,
2258 1799 2313 1844 ct
2342 1788 2707 1844 ecclesiastica
2728 1787 3048 1843 auctoritate
3080 1784 3338 1848 fulcitam,
3365 1784 3480 1852 Ian:

1905 1881 2079 1952 deque
2106 1879 2342 1951 dignam,
2378 1896 2441 1936 ac
2465 1889 2667 1936 sanctae
2710 1858 2963 1934 Ecclesiae
3005 1876 3289 1932 utillimam
3315 1882 3480 1945 atque

213 1969 494 2022 monendo
525 2005 540 2030 ,
591 1975 652 2020 ut
693 1965 818 2034 quia
864 1964 1253 2018 cauouicorum
1298 1962 1410 2017 vita
1455 1959 1688 2029 sparsim
1741 1958 1797 2012 in

1918 1972 2201 2043 proficuum
2231 1986 2471 2026 consona
2502 1985 2634 2026 voce
2659 1971 2978 2040 pmdicaret
3001 2009 3016 2033 ,
3052 1966 3294 2036 nihilque
3329 1965 3382 2019 in
3415 1979 3480 2018 ea

212 2058 394 2113 sacris
421 2053 719 2111 canonibus
746 2064 801 2109 ct
841 2056 894 2109 in
920 2062 1227 2108 sanctorum
1251 2051 1470 2105 Patrum
1497 2051 1656 2106 dictis
1682 2057 1801 2104 erat

215 2148 411 2212 indita,
436 2160 658 2217 propter
687 2147 959 2216 simplices
981 2160 1223 2215 quosque
1239 2146 1523 2212 minusque
1546 2158 1798 2212 capaces,

213 2240 458 2310 aliquam
488 2253 557 2293 ex
592 2238 796 2293 eisdem
839 2237 1015 2292 saetis
1052 2237 1375 2302 canonibus,
1407 2243 1463 2291 et
1489 2245 1800 2291 sanctorum

215 2333 444 2388 Patrum
474 2331 665 2395 dictis,
701 2329 1059 2385 institutionis
1105 2330 1337 2384 formam
1385 2328 1504 2399 pari
1551 2338 1677 2384 voto
1708 2343 1804 2398 pa-

214 2425 374 2496 rique
420 2437 691 2478 consensu
749 2430 1106 2490 excerperent
1135 2461 1148 2483 ,
1197 2435 1293 2490 per
1342 2434 1505 2490 quam
1558 2427 1806 2490 patenter

217 2517 572 2589 przelatorum
603 2522 659 2569 et
698 2513 1039 2568 subditorum
1069 2513 1180 2565 vita
1216 2518 1635 2573 monstraretur,
1671 2523 1806 2578 qua-

215 2619 373 2664 tenus
419 2620 615 2663 omnes
663 2604 754 2674 qui
801 2603 1067 2658 canonica
1103 2611 1394 2658 censentur
1427 2600 1762 2671 professione
1787 2641 1804 2667 ,

216 2714 314 2769 per
344 2699 490 2752 viam
519 2694 783 2767 propositi
813 2694 896 2749 sui
928 2691 1191 2748 inotl’enso
1218 2708 1406 2763 gressu
1433 2691 1510 2764 [in
1538 2689 1806 2763 ingressu]

217 2793 568 2855 incederent,
607 2799 662 2844 et
692 2789 746 2843 in
776 2787 978 2843 Christi
1017 2785 1210 2841 militia
1247 2785 1496 2840 devotius
1527 2785 1809 2839 unanimes

220 2891 388 2952 atque
438 2879 747 2936 concordes
791 2878 1110 2933 existerent.
1153 2876 1259 2932 Sed
1290 2885 1347 2930 ut
1384 2876 1437 2930 id
1465 2883 1599 2930 nutu
1628 2875 1810 2931 divino

217 2975 404 3039 ﬁeret,
436 2971 733 3027 Dominum
769 2970 824 3024 in
849 2983 1137 3024 commune
1166 2967 1443 3023 humiliter
1475 2969 1811 3024 exorandum

215 3062 579 3135 praemonuit,
628 3067 688 3115 ut
737 3073 1017 3116 servorum
1049 3073 1270 3113 suorum
1295 3056 1661 3112 exorabilibus
1695 3055 1815 3125 pul-

217 3165 374 3212 satus
403 3155 684 3227 precibus,
725 3153 842 3225 ejus
891 3151 1317 3206 admonitionem
1341 3151 1633 3206 secundum
1660 3163 1814 3204 suam

217 3246 570 3302 voluntatem
603 3244 719 3300 fieri
745 3284 759 3310 ,
797 3258 1003 3313 suaque
1061 3243 1236 3314 gratia
1272 3257 1393 3296 eam
1421 3240 1729 3313 praecedere
1763 3249 1820 3294 et

1904 2063 2344 2134 reprehensionis
2373 2063 2442 2117 ab
2490 2063 2557 2118 iis
2605 2064 2696 2131 qui
2746 2076 2936 2117 sanum
2989 2060 3206 2131 sapiunt
3255 2055 3483 2128 reperiri

1902 2168 2065 2226 posse
2115 2153 2467 2224 profiteretur
2489 2193 2504 2217 ,
2547 2153 2614 2207 ab
2641 2153 2830 2208 eodem
2859 2150 3306 2207 victoriosissimo
3333 2149 3485 2218 prin-

1903 2246 2046 2317 cipe,
2085 2254 2137 2300 et
2165 2245 2234 2300 ab
2262 2244 2510 2300 omnibus
2544 2245 2634 2315 qui
2662 2245 2910 2309 aderant,
2940 2244 3050 2298 Deo
3077 2242 3279 2312 gratias
3305 2241 3485 2296 accla-

1905 2350 2112 2394 matum
2153 2346 2255 2393 est.
2305 2337 2417 2392 Nec
2459 2338 2729 2394 immerito
2765 2356 2776 2390 :
2816 2338 3012 2407 quippe
3045 2336 3135 2405 qui
3161 2344 3218 2389 et
3269 2333 3484 2388 occulta

1909 2445 2005 2486 sua
2030 2430 2453 2499 dispensatione,
2505 2437 2562 2484 et
2603 2429 2909 2499 gratissima
2939 2426 3314 2496 inspiratione,
3349 2438 3485 2493 pra:-

1908 2519 2080 2576 fatum
2124 2521 2449 2590 principem,
2478 2527 2539 2574 ut
2582 2520 2636 2574 id
2672 2519 2788 2573 ﬁeri
2826 2527 3092 2580 moneret,
3131 2513 3411 2584 compulit,
3435 2521 3491 2566 et

1909 2621 1973 2668 ut
2020 2613 2087 2668 ad
2133 2612 2383 2668 effectum
2420 2602 2810 2682 perduceretur
2839 2649 2854 2675 ,
2909 2607 3219 2663 miserando
3262 2605 3487 2676 adjuvit.

1913 2705 2147 2762 Proinde
2177 2699 2418 2760 omnium
2459 2704 2727 2760 sententia
2761 2710 3022 2758 statutum
3052 2706 3157 2764 est,
3206 2696 3274 2751 ab
3318 2695 3493 2749 omni-

1913 2798 2016 2854 bus
2040 2837 2054 2863 ,
2085 2798 2175 2868 qui
2207 2797 2260 2851 in
2282 2795 2544 2851 canonica
2572 2792 2912 2865 professione
2960 2792 3188 2845 Domino
3217 2786 3492 2850 militant,

1917 2891 2056 2946 hanc
2096 2889 2455 2944 institutionis
2495 2887 2750 2952 formam,
2783 2893 2863 2940 tot
2886 2881 3378 2940 ecclesiasticarum
3415 2877 3497 2932 vi-

1918 2997 2101 3037 rorum
2135 2981 2376 3050 vigilanti
2417 2981 2595 3036 studio
2623 2985 2940 3049 congestam
2975 2974 3260 3046 dignisque
3292 2984 3497 3041 praeco-

1919 3071 2025 3126 niis
2077 3071 2347 3127 laudatam
2375 3111 2390 3136 ,
2421 3069 2577 3138 juxta
2619 3068 2819 3144 virium
2873 3063 3286 3138 possibilitatem
3323 3060 3499 3116 modis

1919 3163 2171 3219 omnibus
2191 3163 2581 3218 observandam
2607 3179 2619 3215 :
2649 3171 2917 3233 quatenus
2946 3159 3107 3223 hanc,
3129 3157 3244 3212 sive
3268 3153 3500 3210 aliarum

1925 3261 2238 3309 sanctarum
2266 3252 2669 3322 Scripturarum
2715 3251 3067 3315 documenta,
3118 3245 3302 3303 sedula
3332 3244 3502 3300 medi-
3569 3320 3576 3326 ι

218 3337 494 3410 subsequi
549 3338 882 3409 dignaretur.
927 3335 1009 3390 Ad
1058 3351 1221 3406 quam
1263 3336 1430 3390 etiam
1487 3334 1814 3390 admonitio-

1927 3345 2128 3399 tatione
2177 3318 2517 3414 perlegeittes
2554 3348 2609 3396 et
2641 3339 2848 3411 praelati
2872 3348 2930 3394 et
2958 3337 3182 3403 subditi,
3219 3335 3502 3391 vocatione

216 3445 352 3484 nem
418 3443 580 3484 sacer
631 3437 934 3482 conventus
998 3427 1191 3480 intimo
1268 3427 1465 3494 gaudio
1533 3425 1769 3494 repletus
1801 3467 1816 3491 ,

217 3523 497 3594 expansis
526 3523 582 3577 in
607 3521 803 3577 caelum
835 3519 1085 3574 manibus
1103 3520 1336 3574 creatori
1354 3520 1596 3574 omnium
1619 3520 1824 3589 gratias

216 3629 431 3686 agens,
472 3612 769 3667 benedixit.
808 3609 1016 3680 Quippe
1055 3610 1147 3679 qui
1212 3609 1374 3666 talem
1407 3651 1421 3676 ,
1466 3618 1575 3664 tam
1622 3611 1773 3680 pium
1805 3652 1821 3677 ,

214 3717 469 3775 tamque
499 3705 786 3774 benignum
817 3701 1073 3756 Ecclesia:
1099 3716 1212 3756 suae
1251 3709 1452 3756 sanctae
1501 3702 1823 3772 principem,

138 3851 144 3858 .
215 3796 572 3865 cunctisque
618 3794 736 3865 ejus
790 3795 1204 3850 necessitatibus
1256 3796 1712 3865 sapientissimum
1761 3784 1828 3851 ac

217 3890 658 3948 devotissimum
685 3889 982 3958 praetulerit
1005 3880 1427 3958 procuratorem.
1460 3888 1826 3958 Suscipientes

219 4000 368 4054 ergo
433 3982 791 4036 libentissime
838 3981 1189 4050 hilariterque
1242 3982 1358 4052 ejus
1416 3981 1828 4036 saluberrimam

219 4059 430 4129 multis
474 4071 583 4126 Deo
640 4071 931 4126 miserante
984 4071 1320 4141 profuturam
1360 4072 1825 4140 admonitionem,

217 4164 358 4220 licet
389 4161 645 4232 plerique
673 4161 967 4216 auxiliante
997 4161 1214 4218 Christo
1252 4165 1443 4218 devote
1491 4180 1554 4220 ac
1585 4165 1832 4234 religiose

219 4273 354 4313 cum
393 4255 508 4308 sibi
543 4254 800 4324 subjectis
832 4255 1145 4307 canonicam
1171 4265 1388 4309 servent
1414 4256 1830 4321 institutionem,

220 4356 279 4404 et
322 4347 381 4402 in
420 4345 704 4416 plerisque
735 4344 869 4398 locis
897 4344 1035 4398 idem
1066 4345 1196 4399 ordo
1221 4345 1534 4413 plenissime
1564 4356 1832 4412 servetur,

220 4440 492 4495 omnium
522 4444 703 4491 tamen
727 4437 778 4491 id
797 4437 993 4492 animis
1011 4438 1169 4502 sedit,
1196 4447 1253 4490 ut
1275 4439 1568 4493 secundum
1595 4437 1835 4507 ejusdem

216 4531 514 4604 principis
565 4529 983 4584 admonitionem
1006 4571 1020 4594 ,
1070 4546 1178 4584 una
1209 4530 1391 4586 divino
1421 4529 1544 4585 freti
1580 4531 1783 4586 auxilio
1818 4572 1832 4598 ,

219 4626 488 4695 ejusdem
525 4621 754 4693 piissimi
784 4622 1041 4692 principis
1069 4637 1172 4677 non
1228 4623 1440 4677 modico
1468 4622 1637 4690 adjuti
1677 4624 1833 4694 juva-

220 4718 405 4782 mine,
442 4716 572 4787 ejus
600 4709 859 4770 videlicet
879 4714 1255 4770 liberalissima
1304 4715 1591 4785 largitione
1620 4717 1833 4786 copiam

220 4808 514 4863 librorum
547 4821 659 4876 pne
689 4805 937 4860 manibus
964 4805 1240 4870 habentes,
1273 4823 1339 4860 ex
1361 4808 1622 4862 canonica
1650 4817 1835 4863 aucto-

223 4903 402 4957 ritate
431 4942 450 4968 ,
482 4908 544 4956 et
573 4911 881 4954 sanctorum
900 4897 1126 4972 Patrum
1160 4898 1340 4965 dictis,
1372 4900 1539 4954 veluti
1565 4916 1631 4954 ex
1659 4901 1836 4955 diver-

223 5002 306 5053 sis
337 4995 536 5068 pratis
565 4991 825 5062 quosdam
856 4991 1105 5046 ﬂosculos
1152 5000 1460 5062 carpentes,
1514 4993 1654 5046 hanc
1684 4993 1837 5046 insti-

225 5087 482 5143 tutionis
547 5083 776 5138 formam
829 5091 1183 5152 excerperent
1210 5123 1225 5146 ,
1267 5091 1320 5136 et
1350 5083 1624 5137 canonicis
1651 5081 1837 5137 obser-

1925 3450 2026 3504 qua
2055 3434 2231 3489 vocati
2262 3442 2407 3498 sunt,
2438 3447 2539 3502 ope
2569 3430 2751 3487 divina
2804 3427 3211 3492 adminiculati,
3253 3424 3506 3496 infatiga-

1929 3523 2113 3578 bilitcr
2156 3522 2466 3586 ambulent,
2499 3529 2553 3575 et
2584 3537 2682 3590 pro
2713 3530 2821 3574 tam
2845 3519 3087 3590 piissimo
3113 3516 3380 3588 principe,
3409 3515 3504 3586 qui

1927 3617 1998 3671 ob
2029 3617 2236 3671 lucrum
2263 3617 2566 3669 animarum
2597 3616 2699 3669 hoc
2719 3629 2932 3670 sacrum
2959 3618 3014 3667 et
3045 3609 3353 3666 venerabile
3378 3624 3508 3665 con-

1929 3707 2110 3762 cilium
2140 3708 2203 3760 a.l
2230 3707 2368 3760 hanc
2411 3704 2638 3760 formam
2665 3702 3059 3776 congerendam
3087 3710 3141 3757 et
3165 3701 3508 3756 statuendam

1930 3800 2228 3855 salutiferis
2257 3797 2713 3853 admonitionibus
2747 3795 3042 3860 excitavit,
3096 3793 3370 3849 modernis
3426 3791 3510 3846 l'u-

1933 3893 2176 3960 turisque
2243 3891 2573 3961 temporibus
2641 3889 2735 3943 Dei
2798 3889 3113 3943 immensam
3165 3885 3510 3941 clementiam

1923 3983 2125 4055 jugiter
2175 3992 2418 4038 exorent.
2464 3981 2596 4035 Nam
2643 3982 2697 4035 in
2744 3982 2912 4035 altero
2956 3979 3133 4035 libello
3179 3979 3321 4035 idem
3358 3993 3512 4034 sacer

1931 4086 2253 4141 conventus,
2284 4077 2470 4130 eodem
2503 4075 2908 4146 religiosissimo
2944 4075 3185 4145 Augusto
3213 4082 3466 4128 monente
3495 4113 3512 4139 ,

1935 4170 2224 4238 quamdam
2264 4167 2618 4220 institutionis
2649 4164 2933 4220 formulam
2969 4181 3034 4219 ex
3060 4172 3371 4219 sanctorum
3416 4162 3516 4217 Pa-

1938 4270 2081 4314 trum
2114 4260 2273 4312 dictis
2303 4257 2541 4313 studiose
2576 4257 2866 4326 excerpsit,
2905 4264 2959 4310 et
3001 4256 3055 4309 in
3090 4269 3256 4308 unum
3281 4254 3516 4308 breviter

1938 4353 2180 4421 satisque
2207 4361 2567 4421 congruenter
2594 4348 2901 4420 congessit,
2926 4355 2979 4402 ct
3014 4346 3516 4402 sanctimonialibus

1940 4442 2198 4498 canonice
2240 4441 2553 4510 degentibus
2606 4439 2888 4494 tenendam
2930 4435 3259 4509 percensuit.
3295 4436 3356 4490 lu
3408 4450 3516 4507 qua

1940 4533 2249 4590 continetur
2277 4530 2462 4600 quales
2517 4531 2597 4585 eis
2647 4529 2936 4584 abbatissae
2983 4525 3329 4598 praeferenda:
3357 4527 3468 4583 sint
3497 4567 3516 4594 ,

1857 4674 1912 4735 Β
1942 4625 2174 4696 qualiter
2203 4623 2408 4678 eisdem
2433 4620 2933 4678 sanctimonialibus
2959 4619 3100 4675 infra
3129 4619 3364 4675 claustra
3401 4633 3519 4675 mo-

1938 4718 2165 4774 nasterii
2219 4718 2542 4777 vivendum,
2593 4716 2720 4786 quid
2761 4729 2792 4768 a
2843 4713 3078 4785 praelatis
3127 4713 3518 4783 stipendiorum

1939 4811 2198 4874 dandum,
2228 4810 2426 4879 quibus
2453 4806 2794 4862 documentis
2828 4815 2883 4857 et
2903 4805 3166 4858 virtutum
3191 4803 3522 4856 instrumen.

1939 4902 2008 4956 tis
2038 4902 2364 4956 exornandae
2408 4899 2519 4953 sint
2548 4916 2560 4950 :
2591 4907 2858 4965 quatenus
2893 4897 2994 4948 hac
3047 4892 3278 4946 formula
3307 4891 3520 4946 vivendi

1940 4994 2204 5061 inspecta,
2229 5000 2284 5044 et
2311 4991 2421 5044 Deo
2445 4987 2548 5042 sibi
2571 4985 2898 5055 adjutorium
2923 4983 3219 5054 praebente,
3246 4981 3520 5037 humiliter

1942 5093 2188 5152 suscepta
2209 5091 2264 5138 et
2281 5079 2572 5137 efficaciter
2600 5076 2836 5147 impleta,
2859 5090 2982 5131 cum
3008 5076 3270 5131 bonorum
3297 5086 3520 5143 operum

1945 5175 2279 5246 lampadibus
2321 5171 2556 5227 venienti
2607 5183 2808 5240 sponso
2853 5181 3152 5241 apparere,
3199 5173 3360 5234 atque
3404 5160 3523 5230 ejus

1944 5267 2244 5324 thalamum
2273 5265 2481 5338 ingredi
2504 5271 2833 5320 mereantur.

223 5182 489 5236 vandam
535 5174 887 5240 conferrent;
938 5183 996 5230 ut
1043 5189 1271 5245 quorum
1322 5173 1461 5230 forte
1497 5175 1680 5230 labore
1708 5217 1722 5242 ,
1768 5177 1839 5232 ob

229 5273 578 5326 tarditatem
609 5267 806 5338 ingenii
835 5306 850 5329 ,
889 5281 986 5322 seu
1018 5266 1254 5335 inopiam
1301 5265 1584 5333 librorum,
1608 5270 1838 5337 sparsim

225 5369 461 5439 digesta
525 5358 742 5416 ditlicile
781 5358 1164 5429 comprehendi
1214 5367 1436 5428 posset,
1485 5359 1671 5440 sole‘rti
1725 5372 1839 5416 stu-

1945 5515 2173 5577 diversis
2190 5512 2468 5569 doctorum
2483 5507 2765 5566 sententiis
2782 5497 3523 5582 concinnatum,_conciliique

1941 5571 2219 5661 j'udiicio‘et
2251 5585 2575 5661 auctoritate
2597 5577 3025 5661 comprobatum,
3056 5571 3199 5656 quod
3225 5571 3523 5661 internalios

1949 5640 2426 5717 iraditAdemarus
2447 5654 2500 5708 in
2514 5640 2784 5707 Chronico
2798 5640 3208 5718 ﬂigoliSmetisi.
3223 5643 3340 5701 Jac.
3357 5640 3522 5700 Sunt.

226 5521 509 5577 ecclesiae
543 5517 800 5571 diaconus
835 5515 882 5570 is
912 5513 1067 5583 cujus
1107 5520 1320 5570 exstant
1353 5513 1420 5568 ad
1446 5515 1694 5571 eumdem
1737 5516 1839 5572 Lu-

227 5592 517 5647 dovicu’m
560 5587 682 5641 libri
707 5588 770 5642 de
793 5586 989 5640 divinis
1011 5584 1230 5641 Otiiciis.
1263 5586 1346 5640 Ab
1366 5601 1433 5640 eo
1469 5588 1613 5641 enim
1636 5589 1836 5655 ferunt,

229 5662 389 5717 facta
437 5675 477 5715 e
525 5658 725 5729 palatio
758 5657 1019 5712 librorum
1049 5656 1223 5726 copia,
1254 5666 1426 5712 totum
1463 5657 1566 5714 hoc
1604 5673 1738 5730 opus
1773 5675 1840 5715 ex
