4000 6450
523 435 628 492 825

520 646 709 710 salem,
734 645 934 715 quique
956 641 1200 716 [quippe]
1229 641 1466 697 ordinati
1487 655 1583 710 per
1603 640 1750 695 vices
1769 654 1896 694 suas
1914 639 2098 694 omnia

519 737 779 793 interiora
828 735 1014 805 templi
1044 733 1130 790 vel
1170 733 1440 788 exteriora
1472 729 1652 804 [Deest
1679 730 1763 786 vel
1799 727 2096 804 exteriora]

519 824 917 883 custodiebant.
976 823 1043 878 Hi
1096 823 1327 892 denique
1380 819 1690 894 [Iidemque
1739 820 1902 893 inter]
1956 822 2100 876 inter

519 925 772 972 sanctum
810 921 866 969 et
907 914 1157 983 iniquum
1188 913 1600 976 discernentes,
1644 925 1740 965 eos
1783 919 1997 964 tantum
2040 909 2098 965 in

517 1005 751 1062 ecclesia
794 1004 889 1076 qui
935 1011 1066 1059 sunt
1108 1001 1296 1057 ﬁdeles
1340 1000 1628 1071 recipiunt.
1693 999 1905 1054 Intrare
1950 998 2097 1055 enim

516 1097 779 1167 templum
822 1095 929 1151 nisi
967 1109 1065 1166 per
1099 1093 1202 1150 hos
1241 1107 1349 1148 non
1383 1106 1688 1163 possumus.
1713 1089 1922 1146 Habent
1950 1090 2095 1146 enim

514 1200 842 1265 potestatem
885 1198 998 1246 tam
1040 1190 1213 1246 bonos
1257 1185 1556 1258 recipiendi
1600 1198 1764 1256 quam
1816 1182 2095 1254 rejiciendi

514 1284 791 1357 indignos.

729 1372 732 1375 ’
1128 1370 1358 1430 CAPUT
1394 1369 1481 1426 Ill.

585 1466 772 1541 (1.54.,
803 1451 932 1520 ibid.
961 1483 1007 1519 c.
1039 1463 1153 1536 ii.)
1188 1465 1481 1520 Lectorum
1513 1460 1670 1534 [Item
1697 1459 1890 1516 lsidori
1921 1458 1990 1515 de
2019 1457 2095 1515 le-

513 1560 783 1625 ctoribus,
815 1554 1126 1629 Lectorum]
1150 1557 1286 1612 ordo
1320 1555 1552 1613 formam
1585 1561 1640 1610 et
1671 1553 1887 1608 initium
1907 1567 1938 1606 a
1967 1568 2095 1622 pro—

509 1652 710 1723 phetis.
755 1650 896 1705 Sunt
924 1649 1089 1720 igitur
1114 1648 1367 1713 lectores,
1399 1646 1492 1716 qui
1520 1646 1749 1700 verbum
1777 1642 1875 1698 Dei
1901 1642 2095 1714 praedi-

510 1755 668 1810 cant,
709 1744 906 1821 quibus
931 1742 1166 1799 dicitur:
1197 1739 1407 1805 Clama,
1444 1755 1509 1794 ne
1547 1754 1712 1793 cesses
1735 1750 1754 1789 :
1786 1737 1939 1808 quasi
1967 1735 2094 1790 tuba

509 1834 687 1889 exaltu
711 1849 885 1888 vocem
913 1840 1060 1885 tuam
1085 1829 1220 1902 (Isa.
1241 1828 1419 1900 Lvm).
1446 1828 1542 1884 Isti
1569 1827 1767 1898 quippe
1793 1825 1922 1880 dum
1949 1825 2095 1880 ordi-

509 1935 734 1990 nantur,
764 1924 1001 1996 primum
1038 1923 1104 1978 de
1138 1937 1330 1977 eorum
1357 1919 1774 1977 conversatione
1803 1918 2089 1988 episcopus
2119 1906 2166 1965 B

509 2019 734 2074 verbum
751 2005 887 2072 facit
913 2017 980 2071 ad
999 2015 1275 2086 populum.
1308 2015 1514 2071 Deinde
1538 2029 1723 2070 coram
1742 2013 1900 2083 plebe
1921 2012 2088 2067 tradit

506 2114 590 2170 eis
616 2113 857 2168 codicem
886 2112 1100 2182 apicum
1127 2111 1434 2166 divinorum
1452 2150 1468 2176 ,
1513 2109 1582 2164 ad
1608 2108 1834 2164 verbum
1864 2107 1957 2162 Dei
1994 2119 2089 2161 an-

507 2203 889 2259 nuntiandum.
941 2201 1043 2269 Qui
1085 2210 1265 2257 autem
1309 2201 1378 2256 ad
1422 2197 1732 2269 huiusmodi
1772 2197 2090 2269 provehitur

507 2298 768 2369 gradum,
815 2295 919 2351 iste
949 2295 1054 2351 erit
1078 2294 1325 2350 doctrina
1369 2301 1426 2348 et
1467 2291 1623 2347 libris
1652 2292 1924 2356 imbutus,
1966 2303 2088 2344 sen-

506 2406 776 2466 suumque
814 2406 880 2445 ac
917 2389 1207 2444 verborum
1250 2385 1479 2442 scientia
1516 2391 1879 2455 perornatus:
1924 2381 2000 2436 ita
2026 2388 2088 2434 ut

506 2483 950 2540 distinctionibus
983 2480 1380 2536 sententiarum
1423 2476 1690 2547 intelligat
1731 2475 1825 2530 ubi
1866 2473 2087 2528 finiatur

498 2575 789 2646 iunctura,
840 2574 934 2630 ubi
978 2574 1157 2628 adhuc
1185 2570 1420 2641 pendeat
1447 2569 1648 2634 oratio,
1695 2568 1789 2623 ubi
1818 2567 2083 2624 sententia

504 2674 751 2720 extrema
777 2663 1078 2719 claudatur.
1109 2659 1311 2732 Sicque
1331 2660 1614 2732 expeditus
1634 2659 1745 2714 vim
1772 2658 2072 2729 pronuntia-

503 2759 673 2815 tionis
713 2757 954 2822 tenebit,
1000 2764 1060 2810 ut
1106 2756 1175 2810 ad
1211 2753 1554 2809 intellectum
1589 2753 1833 2809 omnium
1872 2759 2083 2808 mentes

503 2867 835 2922 sensumque
861 2857 1214 2922 promoveat,
1262 2848 1518 2903 discendo
1549 2845 1954 2919 [discernendo]
1985 2858 2082 2916 ge-

502 2961 637 3000 nera
665 2942 1165 3012 pronuntiationum
1192 2982 1207 3007 ,
1257 2948 1421 3011 atque
1451 2940 1803 3009 exprimendo
1831 2938 2084 3009 proprios

503 3036 898 3092 sententiarum
933 3034 1160 3088 allectus
1185 3051 1198 3087 :
1236 3033 1394 3088 modo
1423 3032 1717 3087 indicantis
1745 3046 1894 3096 voce,
1920 3030 2080 3086 modo

501 3123 759 3193 dolentis,
789 3131 949 3185 modo
977 3128 1330 3200 increpantis,
1373 3127 1534 3181 modo
1561 3125 1918 3188 exbortautis,
1966 3122 2080 3178 sive

502 3225 591 3279 his
608 3223 828 3284 similia,
845 3223 1138 3278 secundum
1161 3235 1332 3292 genus
1346 3219 1579 3290 proprize
1599 3215 2074 3288 pronuntiationis,

500 3314 557 3368 in
586 3329 693 3382 quo
720 3313 890 3384 magis
930 3312 1018 3367 illa
1060 3312 1312 3383 ambigua
1351 3309 1744 3365 sententiarum
1771 3306 2077 3362 adhibenda

499 3410 740 3480 cognitio
777 3403 879 3464 est.
931 3408 1095 3462 Multa
1131 3407 1276 3462 enim
1314 3406 1369 3460 in
1408 3402 1707 3473 Scripturis
1744 3410 1911 3465 sunt,
1959 3416 2081 3470 quae

498 3506 606 3560 nisi
636 3504 859 3574 pr0prio
888 3503 1047 3557 modo
1073 3500 1514 3572 pronuntientur.
1547 3497 1601 3550 in
1633 3494 1962 3551 contrariam
1993 3508 2081 3548 re-

499 3599 689 3653 cidunt
715 3595 1060 3659 sententiam,
1095 3593 1255 3648 sicuti
1283 3601 1369 3648 est
1393 3610 1408 3646 :
1445 3588 1576 3656 Quis
1603 3587 1870 3643 accusabit
1900 3586 2083 3640 adver-

497 3705 588 3742 sus
639 3686 824 3741 electos
871 3685 1019 3740 Dei?
1071 3685 1211 3738 Deus
1253 3683 1345 3753 qui
1382 3681 1640 3752 justiﬁcat
1687 3677 1872 3750 (Rom.
1913 3676 2080 3749 vm)?

501 3779 766 3848 Quodque
799 3778 846 3833 si
878 3775 1251 3832 coulirmative
1292 3788 1398 3827 non
1445 3779 1662 3829 servato
1705 3783 1904 3842 genere
1947 3783 2076 3838 pro-

498 3873 858 3926 nuntiationis
885 3885 995 3924 sua:
1022 3869 1256 3930 dicatur,
1294 3881 1491 3936 magna
1520 3863 1850 3936 perversitas
1877 3861 2076 3917 oritur.

500 3961 592 4016 Sic
622 3975 753 4029 ergo
789 3957 1249 4028 pronuntiandum
1291 3963 1412 4019 est,
1464 3970 1530 4012 ac
1573 3954 1817 4009 diceret:
1864 3953 2079 4008 Deusne

497 4051 590 4121 qui
616 4049 915 4121 justiﬂcat?
947 4047 1288 4106 subauditur.
1317 4044 1456 4100 Non.
1489 4043 1724 4100 Necesse
1750 4049 1837 4098 est
1862 4057 1992 4113 ergo
2022 4041 2077 4096 in
2142 4067 2144 4069 >

496 4143 663 4197 tantis
690 4143 853 4196 rebus
888 4139 1128 4194 scientiae
1159 4135 1456 4209 ingenium,
1487 4149 1592 4203 quo
1621 4132 1840 4202 proprie
1867 4129 2075 4203 singula
2139 4160 2146 4165 -

495 4235 990 4300 convenienterque
1011 4228 1454 4300 pronuntientur.
1490 4224 1786 4295 Pr0pterea
1810 4231 1865 4278 et
1885 4237 2080 4278 accen-

493 4332 648 4377 tuum
674 4323 787 4376 vim
811 4329 1028 4392 oportet
1056 4320 1313 4374 lectorem
1346 4317 1507 4382 scire,
1553 4323 1614 4368 ut
1642 4313 1858 4369 noverit
1885 4313 1939 4368 in
1967 4326 2075 4383 qua

495 4414 700 4485 syllaba
736 4428 841 4467 vox
882 4411 1238 4482 protendatur
1275 4405 1697 4478 pronuntiantis.
1751 4403 2078 4474 Plerumque

492 4503 640 4556 enim
672 4502 907 4571 imperiti
948 4501 1182 4555 lectores
1215 4499 1270 4552 in
1299 4496 1589 4552 verborum
1633 4493 1950 4549 accentibus
1983 4507 2073 4548 er-

491 4600 641 4656 rant,
662 4599 719 4647 et
741 4591 916 4647 solent
940 4591 1169 4646 irridere
1191 4605 1290 4644 nos
1312 4587 1598 4659 imperitia:
1623 4588 1679 4642 hi
1705 4587 1795 4656 qui
1817 4585 2075 4640 videntur

491 4681 696 4738 habere
726 4680 891 4753 [hanc
918 4678 1140 4752 habere]
1171 4679 1414 4734 notitiam
1433 4719 1448 4743 ,
1481 4677 1863 4740 detrahentes,
1906 4683 1963 4730 et
1985 4671 2075 4743 ju-

491 4779 678 4826 rantes
705 4769 921 4841 penitus
949 4783 1049 4824 nos
1079 4768 1291 4824 nescire
1315 4769 1456 4839 quod
1487 4767 1739 4822 dicimus.
1770 4765 1942 4819 Porro
1969 4780 2073 4819 vox

488 4863 712 4918 lectoris
735 4861 962 4932 simplex
989 4861 1094 4916 erit
1119 4868 1174 4915 et
1197 4859 1366 4924 clara,
1392 4859 1458 4914 ad
1485 4873 1647 4913 omne
1671 4855 2075 4927 pronuntiatio-
2133 4908 2135 4910 .

491 4959 576 5013 nis
599 4971 771 5027 genus
792 4955 1218 5019 accommodata,
1238 4953 1401 5022 plena
1427 4966 1590 5007 succo
1613 4950 1777 5015 virili,
1800 4958 2072 5020 agrestem

488 5059 544 5104 et
573 5048 940 5114 subrusticum
965 5045 1225 5118 effugiens
1251 5062 1442 5101 sonum
1461 5085 1477 5111 ,
1525 5059 1631 5099 non
1663 5042 1918 5108 humilis,
1968 5056 2071 5099 nec

409 5175 423 5190 -
491 5143 632 5197 adeo
661 5140 928 5204 sublimis,
961 5155 1069 5195 non
1095 5139 1290 5204 fracta,
1323 5153 1430 5192 non
1459 5147 1674 5203 tenera,
1711 5137 1956 5207 nihilque
1985 5137 2067 5191 fe-

489 5232 731 5287 mineum
761 5245 962 5287 sonans
989 5271 1004 5296 ,
1053 5244 1230 5300 neque
1275 5244 1398 5284 cum
1441 5236 1592 5284 motu
1636 5228 1884 5300 corporis
1909 5269 1924 5294 ,
1972 5227 2068 5284 sed

489 5332 700 5378 tantum
725 5339 847 5378 cum
876 5321 1378 5393 gravitatisspecie.
1402 5318 1583 5390 (lsid.,
1609 5319 1736 5373 ibid.
1761 5335 1807 5374 c.
1832 5317 2069 5391 l5.)Au-

490 5413 643 5468 ribus
691 5414 834 5468 enim
885 5421 942 5467 et
987 5412 1135 5467 cordi
1187 5410 1476 5467 consulere
1521 5411 1678 5465 debet
1721 5410 1910 5476 lector,
1957 5425 2066 5466 non

488 5502 703 5557 oculis:
756 5519 826 5558 ne
875 5493 1184 5572 potius-ex
1220 5503 1400 5571 seipso
1445 5507 1847 5571 exspectatores
1891 5501 2064 5573 magis

490 5608 656 5664 quam
677 5594 954 5650 auditores
969 5592 1154 5649 faciat.
1177 5595 1348 5650 Vetus
1367 5594 1673 5664 opinioest,
1698 5593 1930 5648 lectores
1945 5608 2065 5665 pro-

487 5681 777 5738 nuntiandi
800 5699 963 5738 eausa
983 5685 1310 5754 praecipuam
1330 5700 1518 5740 curam
1538 5684 1688 5742 vocis
1711 5683 1986 5750 habuisse,
2006 5691 2067 5739 ut

491 5772 739 5830 exaudiri
769 5775 824 5829 in
851 5775 1084 5829 tumultu
1109 5776 1301 5844 possit.
1342 5775 1497 5833 Unde
1524 5784 1580 5831 et
1603 5775 1804 5833 dudum
1832 5775 2063 5834 lectores

481 5879 766 5938 praecones
791 5865 878 5925 vel
902 5865 1328 5938 proclamatores
1350 5867 1711 5925 vocabantur.

1525 429 1928 488 AMALARIUS
1963 428 2375 488 PRESBYTER
2413 426 2771 493 METENSIS.

519 569 670 611 tores
700 551 888 627 templi
916 551 1280 616 vocabantur,
1309 550 1406 621 qui
1439 557 1714 622 praeerant
1741 549 1916 620 portis
1941 546 2097 604 Jeru-
2121 551 2176 612 Α

3683 440 3799 518 εει

2803 544 3033 605 CAPUT
3069 547 3162 604 IV.

2198 748 2202 752 δ
2270 661 2330 717 In
2349 661 2542 719 ordine
2563 661 2720 736 [Item
2748 663 2942 719 lsidori
2970 664 3035 719 de
3061 663 3371 721 exorcistis.
3403 665 3463 721 in
3486 667 3715 743 ordine]
3742 680 3797 729 et

2198 757 2504 813 ministerio
2533 757 2788 812 Ecclesiae
2818 757 2973 812 decet
3000 772 3122 812 esse
3149 760 3453 815 exorcistas
3482 765 3794 821 secundum

2197 847 2376 906 ofﬁcia
2419 864 2539 919 qum
2583 849 2636 904 in
2683 849 2883 919 templo
2917 848 3222 906 Salomonis
3270 860 3428 907 erant
3472 855 3788 922 clisnosita;

2197 957 2425 1013 quaeque
2451 942 2725 1013 posterius
2753 952 2880 997 sunt
2906 943 2974 998 ab
3000 942 3171 998 Esdra
3198 945 3500 1014 dispertita.
3536 949 3601 1001 Et
3637 952 3792 1005 inve-

2197 1036 2377 1090 nimus
2405 1050 2498 1090 eos
2527 1049 2663 1104 quos
2691 1035 2898 1090 scilicet
2927 1033 3108 1106 [Deest
3134 1036 3366 1110 scilicet]
3395 1039 3598 1095 Esdras
3631 1052 3791 1097 acto-

2195 1143 2287 1185 res
2315 1136 2582 1184 memorat
2611 1127 2829 1206 templi,
2870 1143 3018 1184 nunc
3049 1126 3167 1200 [eos
3207 1129 3374 1204 nunc]
3408 1147 3529 1188 esse
3559 1137 3790 1190 exorci-

2195 1228 2309 1277 stas
2329 1221 2383 1276 in
2402 1220 2630 1276 ecclesia
2649 1219 2768 1275 Dei.
2804 1218 3048 1275 Fuerunt
3071 1221 3216 1275 enim
3243 1223 3345 1277 sub
3365 1222 3538 1277 Esdra
3562 1235 3788 1282 actores

2193 1311 2413 1381 templi,
2443 1325 2726 1366 servomm
2758 1309 3066 1365 Salomonis
3092 1310 3220 1376 ﬁlii,
3251 1313 3342 1382 qui
3374 1322 3560 1370 actum
3592 1317 3786 1385 templi

2194 1405 2363 1462 totius
2390 1406 2490 1461 sub
2517 1419 2648 1460 cura
2680 1419 2777 1459 sua
2806 1402 3073 1460 haberent
3095 1445 3110 1469 ,
3157 1419 3223 1460 ac
3254 1402 3390 1476 [aut]
3424 1408 3598 1462 sacris
3625 1407 3785 1461 obla-

2195 1497 2433 1553 tionibus
2461 1497 2815 1553 deservirent.
2869 1495 3086 1551 Etcum
3115 1493 3342 1552 fuissent
3380 1512 3446 1553 ex
3488 1500 3694 1554 ordine
3735 1509 3784 1555 et

2194 1589 2495 1645 ministerio
2526 1587 2710 1659 templi
2737 1628 2754 1654 ,
2801 1587 2958 1659 longe
2986 1586 3203 1642 fuerunt
3233 1587 3414 1644 officio
3447 1588 3540 1660 [ab
3569 1589 3779 1665 ofﬁcio]

2194 1682 2382 1737 altaris
2408 1681 2503 1736 Dei
2530 1698 2544 1735 :
2584 1681 2711 1751 quia
2743 1695 2842 1735 nec
2869 1678 3194 1749 psalmistis,
3233 1693 3334 1734 nec
3361 1679 3636 1743 ostiariis,
3683 1698 3779 1738 nec

2195 1785 2476 1830 sacrorum
2505 1769 2676 1826 servis
2702 1768 2969 1840 attingere
2993 1767 3190 1824 licebat
3216 1767 3281 1821 ad
3311 1783 3540 1824 munera
3568 1769 3774 1838 altaris,

2194 1862 2301 1917 nisi
2352 1860 2726 1916 tantummodo
2771 1859 2968 1915 levitis.
3022 1858 3162 1926 Quid
3205 1874 3336 1930 ergo
3384 1861 3513 1914 est?
3541 1855 3775 1917 Nullam

2193 1955 2354 2009 aliam
2384 1968 2571 2009 curam
2598 1953 2871 2008 habebant
2896 1960 3110 2007 actores
3140 1950 3346 2021 templi,
3375 1951 3480 2007 nisi
3509 1953 3579 2008 ad
3606 1963 3774 2006 sarta-

2192 2051 2335 2100 tccta
2364 2041 2610 2098 facienda
2636 2081 2652 2110 ,
2699 2049 2759 2096 ut
2789 2040 2925 2114 [aut]
2953 2056 3286 2111 quaecunque
3315 2041 3549 2096 fuissent
3579 2053 3769 2098 vexata

2189 2133 2248 2190 in
2273 2131 2501 2189 aedilicio
2531 2131 2928 2206 [aedificatione]
2968 2131 3191 2203 templi,
3239 2140 3334 2187 aut
3377 2132 3630 2203 delapsa,
3676 2148 3772 2202 per

2188 2223 2408 2281 eosdem
2436 2233 2652 2280 actores
2685 2223 2752 2279 de
2785 2223 3058 2279 thesauris
3089 2222 3388 2279 Dominicis
3417 2223 3773 2278 reﬁcerentur

2189 2323 2353 2387 atque
2377 2315 2776 2370 excolerentur.
2823 2313 2968 2386 Ergo
2991 2322 3208 2394 actores
3239 2312 3451 2383 templi,
3479 2314 3763 2368 exorcistte

2187 2419 2317 2467 sunt
2343 2410 2398 2466 in
2425 2409 2624 2480 popqu
2647 2409 2764 2464 Dei.
2800 2407 3079 2476 Quomodo
3103 2407 3249 2462 enim
3273 2414 3428 2462 actor
3447 2407 3678 2477 prudens
3705 2415 3764 2462 et

2184 2503 2362 2558 bonus
2397 2501 2501 2557 scit
2527 2501 2650 2570 quis
2685 2498 2757 2554 sit
2787 2498 2989 2554 domini
3025 2498 3105 2552 sui
3138 2511 3337 2552 census
3357 2505 3412 2552 et
3434 2497 3613 2551 omnis
3639 2497 3766 2552 sub-

2122 2644 2140 2664 ,
2187 2595 2402 2651 stantiae
2427 2595 2643 2657 modus,
2665 2600 2723 2648 et
2749 2591 2945 2663 redigit
2967 2590 3108 2661 apud
3135 2604 3193 2644 se
3221 2589 3386 2644 totius
3414 2590 3768 2659 possessionis

2186 2686 2554 2742 instrumenta
2579 2681 2915 2755 originaria:
2956 2683 3038 2737 sic
3069 2692 3125 2738 et
3157 2685 3433 2739 exorcista
3473 2683 3673 2754 redigit
3711 2683 3763 2736 in

2183 2791 2339 2832 suam
2377 2773 2710 2845 diligentiam
2750 2773 2916 2828 totius
2962 2773 3112 2843 regni
3157 2771 3372 2828 Domini
3411 2780 3664 2836 secreta,
3707 2781 3765 2825 ut

2158 2853 2162 2856 ’
2183 2867 2459 2922 memoria:
2479 2865 2698 2920 mandet
2715 2863 2784 2920 de
2804 2863 3194 2935 scripturarum
3217 2861 3605 2927 sacramentis,
3629 2861 3763 2915 unde

2182 2969 2439 3018 exerceat
2467 2958 2594 3033 [Ms.
2622 2958 2776 3025 add.,
2803 2956 3034 3031 scilicet]
3065 2957 3284 3022 donum,
3315 2957 3463 3027 quod
3498 2955 3577 3010 illi
3613 2964 3692 3011 est
3727 2970 3759 3008 ι

2184 3054 2389 3125 Spiritu
2422 3061 2613 3108 sancto
2639 3067 2989 3117 concessum,
3021 3051 3318 3106 secundum
3347 3048 3596 3120 Apostoli
3627 3064 3758 3120 prae-

2181 3147 2419 3203 conium.
2470 3145 2786 3201 Exoreistas
2811 3145 2957 3200 enim
2985 3153 3250 3199 memorat
3272 3142 3604 3213 Apostolus,
3642 3157 3760 3198 cum

2183 3239 2349 3294 dicit:
2387 3236 2644 3308 Nunquid
2671 3253 2848 3291 omnes
2873 3236 3178 3291 donationes
3209 3233 3396 3289 habent
3425 3234 3760 3289 sanationm

2183 3329 2231 3402 (Ι
2263 3327 2385 3384 Cor.
2412 3327 2555 3402 xu)?
2597 3327 2663 3382 lli
2702 3328 2844 3383 enim
2875 3343 2996 3383 cum
3026 3327 3366 3389 ordinantur,
3395 3327 3540 3382 sicut
3559 3328 3647 3398 ait
3674 3340 3761 3381 ca-

2182 3439 2290 3478 non
2319 3419 2499 3495 (Cone.
2530 3418 2780 3491 Carthag.
2809 3436 2882 3484 Iv,
2910 3419 3048 3474 Dist.
3074 3418 3166 3474 23.
3198 3416 3643 3486 Exercistanun),
3668 3431 3762 3472 ac-

2150 3509 2154 3512 ’
2181 3518 2388 3589 cipiunt
2408 3519 2472 3572 de
2493 3533 2654 3572 manu
2675 3517 2911 3588 episcopi
2937 3515 3194 3581 libellum,
3219 3516 3274 3572 in
3295 3531 3405 3586 quo
3422 3515 3603 3585 scripti
3626 3523 3763 3569 sunt

2181 3611 2490 3672 exorcismi,
2521 3610 2847 3680 accipientes
2872 3618 3195 3680 potestatem
3224 3608 3534 3679 imponendi
3562 3622 3761 3662 manus

2181 3716 2345 3774 super
2371 3715 2784 3773 energumenos,
2815 3700 2931 3756 sive
2961 3700 3401 3766 catechumenos,
3446 3697 3564 3755 sive
3589 3696 3761 3769 bapti-

2179 3801 2332 3852 zatos
2360 3792 2537 3867 [Deest
2567 3793 2682 3849 sive
2708 3791 3056 3863 baptizatos].

2251 4016 2409 4090 (Isid.
2439 4015 2668 4088 Etymol.
2701 4016 2740 4070 ι.
2767 4030 2868 4081 vn,
2898 4032 2946 4070 c.
2977 4015 3088 4085 12.)
3111 4011 3362 4086 Acolythi
3383 4010 3544 4086 [Item
3572 4011 3759 4068 [sideri

2177 4109 2244 4164 de
2276 4108 2555 4180 acolythis.
2582 4105 2854 4178 Acolythi]
2881 4103 3086 4170 Graece,
3113 4104 3307 4161 Latine
3326 4103 3652 4160 ceroferarii
3685 4103 3760 4156 di-

2177 4211 2374 4257 cuntur
2402 4217 2434 4255 a
2472 4198 2817 4271 deportandis
2845 4197 3020 4254 cereis
3042 4238 3058 4263 ,
3105 4195 3321 4267 quando
3354 4195 3650 4266 legendum
3686 4204 3763 4249 est

2177 4293 2550 4364 Evangelium,
2576 4301 2670 4348 aut
2695 4289 3019 4348 sacrificium
3045 4289 3400 4345 offerendum.
3433 4289 3594 4343 Tunc
3621 4290 3759 4343 enim

2177 4387 2547 4444 accenduntur
2577 4383 2867 4439 luminaria
2893 4383 2961 4438 ab
2987 4381 3067 4438 eis
3087 4422 3103 4448 ,
3146 4389 3202 4437 et
3239 4379 3626 4451 deportantur,
3658 4395 3760 4433 non

2175 4481 2243 4535 ad
2274 4477 2539 4550 fugandas
2569 4476 2855 4543 tenebras,
2897 4474 3028 4530 dum
3059 4472 3140 4529 sol
3169 4488 3232 4528 eo
3262 4480 3513 4544 tempore
3544 4472 3758 4534 rutilct,

2175 4567 2270 4625 sed
2300 4569 2366 4623 ad
2393 4568 2608 4640 signum
2637 4567 2836 4622 laatitiae
2859 4564 3340 4623 demonstrandum
3366 4581 3380 4618 :
3415 4573 3480 4618 ut
3509 4565 3613 4619 sub
3641 4573 3761 4634 typo

2099 4643 2152 4706 Ῑ)
2176 4658 2395 4714 luminis
2443 4657 2767 4727 corporalis,
2815 4655 2905 4711 illa
2944 4655 3036 4712 lux
3075 4655 3417 4720 ostendatur,
3457 4653 3529 4710 de
3564 4669 3673 4725 qua
3710 4654 3762 4709 in

2138 4801 2141 4804 .
2171 4748 2468 4820 Evangelio
2495 4747 2694 4819 legitur
2731 4763 2747 4802 :
2777 4745 2907 4801 Erat
2934 4745 3029 4800 lux
3065 4762 3188 4800 vera
3216 4759 3331 4816 qua:
3359 4742 3635 4798 illuminat
3663 4762 3767 4798 om-

2171 4854 2288 4894 nem
2311 4838 2576 4893 hominem
2601 4838 2886 4893 venientem
2914 4836 2972 4892 in
2999 4835 3140 4890 hunc
3167 4832 3423 4890 mundum
3447 4831 3640 4906 (Joan.
3666 4836 3724 4907 ι).

2240 5046 2342 5120 (De
2365 5047 2497 5118 ofﬁc.
2527 5048 2565 5099 ι.
2589 5061 2653 5109 ιι,
2681 5060 2728 5098 c.
2753 5041 2867 5113 10.)
2919 5039 3250 5099 Subdiaconi
3291 5035 3447 5112 [Item
3471 5036 3672 5094 Isidori
3698 5038 3766 5093 de

2173 5137 2540 5196 subdiaconis.
2565 5132 2941 5206 Subdiaconi],
2965 5133 3060 5203 qui
3085 5129 3227 5203 apud
3250 5127 3474 5187 Gnaeos
3503 5128 3768 5200 hypodia-

2172 5233 2293 5289 coni
2319 5237 2605 5294 vocantur,
2628 5229 2686 5282 in
2710 5225 2881 5283 Esdra
2909 5225 3281 5290 inveniuntur,
3307 5221 3765 5293 appellanturque

2169 5322 2246 5380 ibi
2271 5320 2557 5385 Nathinzei,
2588 5317 2642 5373 id
2665 5327 2773 5383 est,
2795 5316 2851 5373 in
2875 5313 3183 5372 humilitate
3203 5313 3434 5368 Domino
3455 5312 3764 5367 servientes

2171 5413 2224 5484 (Ι
2251 5411 2412 5466 Esdr.
2445 5427 2482 5466 ll
2509 5420 2557 5465 et
2583 5409 2725 5480 vui).
2763 5406 2842 5462 Ex
2870 5419 3062 5464 eorum
3089 5404 3280 5460 ordine
3307 5401 3412 5458 fuit
3439 5403 3534 5458 ille
3558 5401 3765 5457 Natha-

2130 5539 2134 5541 ›
2169 5504 2290 5560 nael
2315 5544 2333 5570 ,
2379 5503 2472 5573 qui
2521 5503 2576 5556 in
2621 5498 2896 5568 evangelio
2944 5496 3171 5554 Joannis
3215 5495 3394 5551 divina
3445 5494 3762 5565 proditione

2169 5593 2529 5652 commonitus
2554 5631 2568 5657 ,
2619 5589 2956 5644 Salvatorem
2986 5587 3186 5642 meruit
3214 5583 3486 5640 confiteri.
3544 5581 3762 5653 Quique

2168 5687 2334 5743 etiam
2364 5685 2431 5740 ad
2463 5683 2700 5755 primum
2724 5679 3026 5736 divinitatis
3049 5678 3308 5734 indicium
3335 5675 3509 5731 ﬁdelis
3534 5676 3760 5738 enituit,

2167 5782 2504 5848 protestante
2543 5768 2876 5845 [praestante]
2921 5768 3149 5824 Domino
3195 5783 3261 5822 ac
3306 5766 3564 5821 dicente:
3617 5763 3765 5819 Em

2169 5884 2285 5925 vero
2306 5865 2574 5932 Israelita,
2596 5867 2655 5922 in
2675 5880 2777 5939 quo
2804 5861 2958 5919 dolus
2984 5879 3090 5919 non
3113 5870 3189 5918 est
3209 5859 3392 5934 (Joan.
3409 5857 3472 5930 ι).
3507 5855 3762 5925 Denique
