4000 6496
234 453 334 512 8⁶ξ5

802 446 1084 509 necum
1121 447 1616 510 cauomconnn
1634 434 1741 508 "Aa
1773 437 2126 512 AMALARIO
2147 441 2650 514 costi-1cm.“—
2682 422 2813 514 Lm.
2851 444 2900 515 I.

3475 389 3479 396 ι

235 565 317 623 isti
342 536 716 619 oblationes'in
740 564 938 633 templo
963 563 1170 618 Domini
1192 565 1491 635 suscipiunt
1511 580 1540 618 a
1562 565 1791 635 papulis.
1821 573 1876 634 Α
1898 566 2003 636 Ipsi
2032 581 2245 638 quoque
2271 570 2658 641 evangelizant.
2693 571 2823 626 Sine
2849 571 2979 654 ipsis
3001 575 3264 632 sacerdos
3276 591 3478 636 nomen

233 655 318 712 Isu
365 655 621 710 onediunt
664 653 861 709 ofﬁciis
911 655 1238 710 levitarum.
1272 655 1363 710 Isti
1409 671 1624 726 quoque
1663 673 1795 712 vasa
1895 657 2086 720 habet,
2124 658 2360 715 ofﬁcium
2391 677 2498 716 non
2529 662 2712 717 habet.
2751 661 2886 718 Nam
2915 653 3056 719 Sicut
3087 666 3139 720 in
3169 670 3474 727 sacerdotio

231 749 466 819 corporis
507 755 563 802 et
604 746 882 816 sanguinis
906 745 1110 802 Christi
1140 747 1456 803 diaconibus
1494 749 1562 801 ad
1599 748 1792 804 altaria

229 844 432 901 Domini
481 841 712 898 offerunt
758 840 939 914 (Cone.
967 841 1320 912 Carthag.1v,
1367 842 1502 896 Dist.
1531 843 1599 906 2,
1649 841 1807 898 Sub-'

225 934 468 1004 diaconi).
531 933 606 989 De
655 935 850 1003 quibus
879 935 1099 1004 quidem
1149 935 1346 1004 placuit
1395 928 1680 1003 patribus,
1734 943 1793 988 nt

224 1029 343 1099 quia
387 1043 544 1084 sacra
585 1028 841 1100 mysteria
885 1026 1071 1098 [Forte
1103 1028 1296 1092 verius,
1329 1026 1650 1082 ministeria.
1686 1025 1786 1098 11.]

221 1130 590 1188 contrectant,
640 1124 774 1178 casti
812 1131 867 1178 et
895 1123 1232 1180 continentes
1261 1122 1370 1176 sint
1397 1123 1462 1177 ab
1491 1122 1784 1186 uxoribus,

218 1216 352 1271 etab
372 1217 520 1272 omni
541 1215 745 1271 carnali
772 1215 1111 1270 immunditia
1136 1215 1314 1279 liberi,
1330 1213 1482 1282 juxta
1507 1214 1649 1284 quod
1679 1213 1786 1268 illis

215 1307 470 1376 propheta
499 1307 714 1362 dicente
735 1304 990 1374 iubetur:
1018 1304 1353 1359 Mundamini
1375 1303 1636 1374 quLfertis
1660 1319 1783 1357 vasa

211 1397 418 1452 Domini
446 1397 583 1468 (Isa.
609 1399 728 1469 LII).
784 1397 851 1452 Hi
893 1398 1056 1468 igitur
1094 1411 1216 1451 cum
1256 1396 1599 1458 ordinantur,
1643 1394 1785 1448 sicut

211 1489 513 1544 sacerdotes
569 1497 623 1544 et
683 1487 899 1552 levita’,
967 1503 1160 1542 manus
1196 1486 1620 1562 rimpositionem
1673 1501 1782 1539 non

209 1579 503 1648 suscipiunt
525 1599 538 1634 :
569 1579 663 1634 sed
689 1590 940 1648 patenam
965 1586 1173 1631 tantum
1200 1586 1256 1632 et
1277 1577 1500 1632 calicem
1528 1576 1593 1631 de
1619 1569 1780 1632 manu

207 1670 440 1742 epise0pi
460 1711 476 1734 ,
513 1679 569 1724 et
603 1670 988 1726 archidiacono
1021 1669 1283 1739 scyphum
1311 1683 1464 1739 aqua:
1489 1683 1610 1725 cum
1639 1685 1778 1741 aqua

204 1763 384 1819 manili
410 1772 468 1819 et
491 1763 888 1834 manutergium
916 1763 1208 1832 accipiunt.

789 1853 1015 1910 CAPUT
1065 1853 1174 1909 VII.

1893 753 2247 817 consecratio,
2271 753 2344 825 ita
2359 762 2419 819 et
2442 755 2493 808 in
2522 754 2773 809 ministro
2792 755 3124 826 dispensatio
3145 763 3483 817 sacramenti

1891 849 1991 897 est.
2032 842 2124 897 Ille
2150 858 2330 907 orare,
2363 844 2452 899 hic
2478 845 2707 915 psallere
2738 848 2977 901 mandat.
3020 848 3112 903 Ille
3141 850 3318 906 oblata
3345 867 3481 908 san-

1891 931 2114 997 ctiﬁcat,
2138 935 2226 989 hic
2252 935 2586 990 sanctiﬁcata
2615 937 2910 1005 dispensat.
2941 938 3078 1007 Ipsis
3100 945 3265 994 etiam
3289 957 3482 998 sacer-

1889 1026 2103 1082 dotibus
2131 1037 2352 1098 propter
2376 1029 2857 1098 praesumptionem
2895 1046 3010 1089 non.
3031 1032 3157 1086 licet
3182 1034 3247 1087 de
3277 1048 3480 1089 mensas

1887 1120 2101 1175 Domini
2147 1121 2335 1176 tollere
2375 1122 2634 1186 calicem,
2688 1123 2794 1178 nisi
2838 1123 2921 1178 eis
2965 1125 3190 1180 traditus
3229 1125 3392 1182 fuerit
3432 1143 3472 1181 at

1887 1211 2132 1267 diacono.
2184 1211 2386 1267 Levita:
2422 1212 2660 1267 inferunt
2691 1213 2998 1270 oblationes
3032 1215 3085 1268 in
3113 1215 3337 1280 altaria;
3389 1217 3474 1271 le-

1882 1303 2006 1358 vita:
2047 1318 2288 1358 mensam
2323 1303 2534 1358 Domini
2575 1314 2940 1374 componunt;
2993 1305 3170 1360 levita!
3213 1307 3472 1378 operiunt.

1884 1409 2064 1450 arcam
2095 1396 2421 1451 testamenti.
2467 1395 2583 1452 Non
2612 1398 2756 1452 enim
2783 1413 2972 1453 omnes
2998 1399 3184 1454 vident
3212 1399 3320 1453 alta
3347 1416 3464 1470 my-

1882 1486 2168 1540 steriorum
2211 1501 2331 1556 quae
2369 1487 2687 1558 Operiuntur
2714 1503 2745 1541 a
2779 1488 2984 1552 Ievitis,
3024 1503 3092 1543 ne
3121 1490 3343 1543 videant
3370 1491 3463 1558 qui

1880 1577 2064 1633 videre
2091 1593 2199 1633 non
2227 1578 2458 1645 debent,
2497 1587 2553 1634 et
2580 1587 2793 1633 sumant
2821 1581 2913 1649 qui
2942 1593 3162 1635 servare
3192 1595 3304 1633 non
3329 1594 3460 1648 pos—

1879 1678 2025 1724 sunt.
2061 1669 2162 1737 Qui
2193 1679 2480 1740 propterea
2511 1670 2671 1724 altari
2699 1670 2836 1726 albis
2867 1671 3040 1726 induti
3069 1672 3370 1736 assistunt,
3401 1679 3470 1725 ut:

1878 1761 2158 1816 ctelestem
2185 1759 2354 1816 vitam
2380 1763 2652 1827 habeant,
2698 1762 3022 1830 candidique
3053 1763 3120 1817 ad
3155 1763 3358 1818 hostias
3405 1771 3471 1815 ett

1879 1851 2203 1907 immaculati
2233 1853 2520 1918 accedant,
2560 1854 2744 1908 mundi
2776 1853 2982 1909 scilicet
3009 1869 3266 1924 corpore,
3297 1863 3351 1908 et
3378 1855 3472 1908 in»

268 1943 458 2014 (Isid.,
485 1946 615 2000 ibid.
647 1963 693 2000 c.
724 1944 801 2016 8.)
853 1947 1215 2001 Diaconorum
1265 1945 1429 2018 [Item
1471 1946 1663 2003 Isidori
1706 1949 1772 2004 de
1798 1921 1848 1982 Β
1875 1945 2118 2013 corrupti
2145 1946 2369 2013 pudore.
2405 1943 2566 1999 Tales
2591 1946 2734 1998 enim
2763 1945 2919 2000 decet
2943 1921 3227 1998 Dominum
3254 1945 3467 1999 habere:

198 2035 458 2090 diaconis.
497 2037 880 2108 Diaconorum]
940 2039 1074 2093 ordo
1119 2055 1149 2092 a
1199 2040 1338 2094 tribu
1387 2039 1514 2094 Levi
1564 2042 1772 2112 accepit

198 2127 494 2184 exordium.
532 2128 793 2198 Praecepit
819 2131 962 2183 enim
987 2130 1244 2185 Dominus
1269 2131 1425 2196 Mosi,
1451 2140 1509 2184 ut
1536 2140 1660 2200 post
1683 2148 1772 2187 or.

198 2219 524 2275 dinationem
546 2220 725 2274 Aaron
751 2219 1048 2274 sacerdotis
1077 2227 1133 2274 et
1157 2219 1389 2274 ﬁliorum
1421 2220 1555 2289 ejus,
1580 2237 1771 2277 rursus

196 2310 319 2367 Levi
351 2312 524 2366 tribus
554 2312 609 2365 in
639 2310 815 2364 Divini
846 2311 1021 2366 cultus
1048 2311 1355 2367 ministerio
1384 2299 1772 2368 ordinarentur

198 2412 246 2459 et
265 2412 714 2458 consecrarentur
735 2403 962 2459 Domino
982 2419 1083 2473 pro
1102 2404 1350 2460 omnibus
1371 2401 1767 2475 primogenitis,

196 2505 245 2553 et
269 2497 537 2552 servirent
562 2512 662 2567 pro
690 2496 856 2552 Israel
883 2511 1066 2551 coram
1090 2496 1292 2562 Aaron,
1318 2506 1374 2552 et
1403 2497 1524 2552 ﬁliis
1550 2499 1686 2568 ejus,
1713 2499 1768 2553 in

196 2589 537 2646 tabernaculo
565 2590 686 2656 Dei,
716 2590 1046 2644 excubantes
1073 2588 1124 2642 in
1158 2588 1356 2658 templo
1384 2589 1470 2643 die
1498 2604 1563 2644 ac
1585 2598 1777 2646 nocte;

193 2680 392 2752 Ipsique
422 2688 705 2753 gestarent
734 2695 916 2735 arcam
957 2688 1012 2735 et
1053 2679 1456 2735 tabernaculum
1496 2690 1551 2735 et
1583 2683 1766 2738 omnia

193 2790 311 2830 vasa
339 2774 476 2843 ejus,
507 2783 564 2828 et
593 2774 648 2829 in
678 2775 908 2829 e'rcuitu
943 2773 1276 2828 tabernaculi
1309 2781 1484 2828 castra
1517 2774 1616 2843 ipsi
1643 2791 1767 2829 rur-

192 2881 276 2922 sus
302 2865 480 2938 [Deest
510 2863 727 2938 rursus]
752 2865 1175 2929 constituerent,
1209 2871 1263 2918 et
1304 2863 1357 2918 in
1398 2866 1764 2933 promovendo

193 2959 534 3015 tabernacqu
563 2958 664 3027 ipsi
695 2958 1059 3028 deponerent,
1100 2972 1288 3012 rursus
1329 2956 1429 3023 ipsi
1468 2972 1762 3026 compone-

193 3057 317 3104 rent.
355 3049 399 3104 Α
426 3049 620 3120 viginti
649 3049 892 3118 quinque
919 3047 1096 3114 annis,
1127 3054 1182 3102 et
1207 3061 1392 3116 supra,
1426 3046 1481 3100 in
1513 3047 1762 3101 taberna-

190 3141 302 3195 culo
345 3134 554 3197 servire
591 3140 721 3210 ipsis
765 3140 1081 3195 mandatum
1123 3149 1224 3194 est.
1279 3137 1450 3204 Quam
1499 3139 1759 3211 Regulam

190 3231 351 3286 sancti
380 3230 572 3286 Patres
609 3241 667 3286 et
701 3230 755 3285 in
785 3229 934 3285 Novo
963 3229 1310 3286 Testamento
1338 3230 1753 3285 constituerunt.

187 3318 238 3374 In
267 3315 553 3388 Evangelio
581 3328 759 3374 autem
788 3320 1082 3389 primordia
1109 3334 1293 3375 eorum
1313 3359 1327 3384 ,
1364 3328 1417 3374 et
1447 3321 1500 3373 in
1525 3321 1749 3376 Actibus

185 3411 556 3482 Apostolorum
606 3412 1036 3485 [discipulorum]
1084 3413 1159 3466 ita
1205 3412 1493 3482 leguntur:
1546 3411 1757 3472 Conro-s

129 3510 135 3517 '
187 3515 360 3561 cantes
393 3514 568 3560 autem
600 3503 872 3558 duodecim
912 3503 1132 3573 apostoli
1170 3502 1556 3556 multitudinem
1591 3503 1752 3556 disci-

180 3598 446 3666 pulorum,
468 3583 711 3651 dixerunt
736 3610 754 3647 :
791 3594 916 3648 Non
940 3605 1015 3648 est
1041 3612 1245 3665 a'quum
1271 3594 1409 3666 [Non
1437 3595 1634 3667 placet]
1659 3613 1752 3650 nos

180 3687 471 3757 relinquere
517 3687 725 3741 rerbum
761 3685 878 3749 Dei,
925 3695 973 3739 et
1011 3686 1314 3740 ministrare
1348 3687 1559 3739 mensis.
1611 3684 1752 3751 Quid

179 3795 301 3847 ergo
347 3787 457 3841 est,
500 3778 738 3848 fratres?
782 3776 1122 3830 Considerate
1165 3793 1228 3831 ea:
1266 3776 1408 3831 vobis
1448 3778 1587 3831 viros
1634 3778 1752 3832 boni

181 3868 461 3920 testimonii
491 3878 704 3936 septem,
731 3866 910 3937 plenos
940 3866 1124 3935 spiritu
1159 3868 1450 3936 sapientiae,
1475 3883 1604 3937 quos
1629 3884 1752 3922 con-

182 3959 458 4011 stituamus
489 3959 542 4012 in
573 3959 708 4011 hanc
739 3975 866 4012 rem.
901 3955 1014 4011 Nos
1042 3974 1162 4011 vero
1191 3959 1420 4012 orationi
1445 3967 1492 4012 et
1520 3961 1752 4014 ministe-

184 4051 254 4102 rio
277 4050 529 4102 sermonis
550 4049 800 4103 instantes
822 4049 1037 4102 erimus.
1066 4047 1134 4101 Et
1158 4047 1355 4118 placuit
1380 4065 1548 4104 sermo
1573 4066 1749 4104 coram

183 4141 314 4192 omni
360 4138 714 4193 multitudine.
775 4138 842 4191 Et
889 4138 1152 4207 elegerunt
1198 4140 1375 4193 statim
1426 4139 1748 4208 Stephanum

182 4229 340 4282 virum
381 4229 591 4299 plenum
642 4229 744 4297 ﬁde
796 4239 843 4282 et
887 4229 1088 4299 Spiritu
1128 4238 1308 4303 sancto
1333 4271 1348 4294 ,
1409 4229 1746 4299 Philippum,

190 4321 521 4386 Prochorum,
544 4332 593 4376 et
619 4321 960 4386 Nicanorem,
980 4331 1028 4375 et
1054 4319 1747 4393 Timonem['l‘imotheum],

185 4425 225 4467 et
269 4413 604 4480 Parmenam,
645 4423 691 4469 et
728 4413 1011 4469 Nicolaum
1053 4413 1308 4466 advenam
1345 4412 1745 4466 Antiochenam.

184 4503 249 4558 Hi
285 4515 536 4560 steterunt
581 4516 702 4559 ante
741 4504 1020 4574 apostolos.
1066 4503 1136 4557 Et
1183 4521 1300 4557 cum
1338 4511 1593 4568 orassent,
1643 4504 1744 4556 im-

182 4609 450 4664 posuerunt
491 4596 599 4651 illis
641 4613 846 4650 manus.
894 4593 1217 4665 Verbumque
1256 4593 1352 4648 Dei
1395 4595 1670 4658 crescebat,
1696 4602 1746 4648 et

183 4685 622 4756 multiplicabatur
644 4678 891 4739 numerus
915 4685 1234 4738 credentium
1256 4683 1394 4756 (Act.
1413 4684 1510 4754 vt).
1533 4683 1746 4739 Exhinc

179 4773 276 4842 jam
306 4778 664 4833 decreverunt
690 4775 947 4846 apostoli,
977 4773 1453 4843 apostolorumque
1482 4773 1590 4846 [vel
1618 4789 1744 4844 apo-

183 4865 449 4940 stolarum]
484 4879 861 4928 successores,
904 4879 997 4934 per
1029 4877 1219 4917 omnes
1246 4863 1504 4917 ecclesias
1533 4871 1744 4932 septem

183 4957 424 5016 diaconos
461 4959 793 5015 ordinandos
833 4971 952 5012 esse
993 4955 1174 5027 [Deest
1205 4955 1536 5010 ordinandos
1564 4955 1738 5026 esse],

182 5049 263 5115 qui
289 5051 588 5106 sublimiori
616 5050 783 5121 gradu
811 5047 1021 5104 caeteris
1044 5047 1288 5116 proxime
1309 5044 1540 5117 [praelati
1565 5047 1745 5116 proxi-

183 5140 280 5212 me]
308 5143 453 5198 circa
488 5157 638 5197 aram
665 5139 896 5206 Christi,
937 5138 1092 5208 quasi
1133 5138 1398 5192 columnae
1437 5137 1626 5192 altaris
1655 5152 1742 5192 as-

183 5231 461 5300 sisterent,
518 5243 574 5289 et
627 5249 730 5288 non
775 5234 892 5287 sine
935 5231 1116 5301 aliquo
1172 5230 1465 5299 septenarii
1528 5232 1740 5286 numeri

186 5328 445 5393 mysterio.
483 5325 547 5380 Ili
573 5335 698 5380 sunt
721 5324 883 5384 enim,
907 5338 1042 5392 quos
1065 5322 1118 5376 in
1138 5319 1457 5392 Apocalypsi
1486 5319 1735 5390 legimus,

187 5424 374 5482 septem
424 5416 601 5484 angeli
633 5415 793 5470 tubis
836 5422 1090 5468 canentes
1121 5411 1305 5483 (Apoc.
1339 5426 1433 5466 vni
1467 5421 1513 5464 et
1546 5410 1624 5481 χ).
1671 5411 1735 5466 Ili

188 5515 301 5557 sunt
318 5517 519 5576 septem
540 5503 858 5560 candelebra
881 5517 1066 5567 aurea,
1092 5501 1145 5555 hi
1171 5515 1328 5555 voces
1352 5500 1734 5556 tonitruorum.

185 5590 277 5662 Ipsi
305 5599 442 5652 enim
470 5599 614 5652 clara
644 5610 772 5650 voce
803 5595 854 5647 in
889 5594 1102 5648 modum
1143 5592 1408 5663 praeconis
1447 5592 1739 5646 admonent

188 5697 422 5756 cunctos,
467 5690 579 5744 sive
609 5689 662 5743 in
691 5687 916 5750 orando,
949 5686 1062 5740 sive
1090 5685 1144 5739 in
1173 5683 1452 5740 ﬂectendis
1487 5685 1730 5756 genibus,

189 5777 291 5833 sive
316 5780 368 5835 in
395 5783 688 5852 psallendo,
721 5781 835 5837 sive
865 5780 919 5835 in
949 5778 1272 5834 lectionibus
1300 5778 1598 5833 audiendis.
1628 5777 1734 5849 Ipsi

185 5869 340 5926 etiam
362 5914 376 5941 ,
415 5884 472 5932 ut
502 5890 660 5933 aures
684 5875 978 5932 habeamus
1005 5873 1074 5930 ad
1104 5873 1389 5930 Dominum
1414 5913 1430 5940 ,
1475 5873 1730 5934 clamant.

1769 4639 1823 4700 D

1873 2034 2174 2098 ministros,
2206 2035 2300 2103 qui
2330 2034 2478 2089 nullo
2508 2037 2690 2089 carnis
2721 2045 3140 2104 corrumpantur
3171 2037 3444 2105 contagio,

1873 2125 1967 2180 sed
2006 2125 2187 2192 potius
2226 2125 2488 2179 eminenti
2526 2126 2776 2180 castitate
2805 2124 3123 2196 [eminentia
3155 2125 3464 2197 eaStitatis]

1871 2215 2205 2285 splendeant.
2246 2214 2443 2281 Quales
2471 2223 2648 2269 autem
2681 2215 2894 2270 diaconi
2933 2214 3276 2280 ordinentur,
3308 2213 3463 2270 Pau—

1870 2308 1954 2362 lus
1979 2307 2254 2376 apostolus
2279 2308 2590 2376 plenissime
2614 2307 2804 2361 scribit
2827 2307 2895 2361 ad
2917 2307 3281 2361 Timotheum.
3313 2306 3460 2362 Nam:

1870 2416 1992 2456 cum
2018 2400 2372 2470 praemisisset
2401 2387 2467 2454 de
2496 2400 2839 2455 sacerdotum
2867 2399 3154 2461 electione,
3186 2399 3457 2452 continuo

1869 2491 2181 2561 subiunxit:
2215 2491 2438 2546 Diaconi
2468 2491 2706 2545 similiter
2734 2489 3279 2561 irreprehensibilesU
3307 2489 3449 2544 Tim.

1869 2586 1979 2656 tu),
2009 2587 2112 2640 hoc
2137 2592 2244 2649 est,
2273 2585 2392 2639 sine
2417 2583 2627 2638 macula
2657 2584 2798 2637 sicut
2825 2582 3085 2650 episcopi.
3126 2578 3318 2634 Pudici
3344 2580 3450 2635 uti-

1868 2692 2002 2748 que,
2039 2677 2092 2732 id
2116 2682 2232 2741 est,
2272 2691 2302 2728 a
2339 2675 2562 2729 libidine
2595 2674 2956 2729 continentes.
3013 2671 3136 2726 Non
3168 2670 3443 2741 bilingues,

1866 2775 2073 2832 scilicet
2111 2791 2181 2830 ne
2219 2775 2546 2830 conturbent
2584 2787 2773 2842 pacem
2804 2771 3085 2826 habentes.
3126 2768 3250 2823 Non
3281 2769 3449 2823 multo

1863 2869 1984 2922 uino
2013 2867 2176 2921 dediti
2202 2883 2221 2921 :
2259 2866 2386 2935 quia
2415 2866 2505 2920 ubi
2535 2864 2789 2928 ebrietas,
2830 2862 2904 2916 ibi
2939 2862 3104 2916 libido
3135 2861 3453 2916 dominatur

1863 2967 1918 3015 et
1942 2959 2113 3014 furor.
2151 2957 2275 3012 Non
2304 2967 2452 3028 turpe
2481 2957 2687 3012 lucrum
2714 2965 2990 3022 sectantes,
3031 2970 3100 3010 ne
3136 2956 3203 3010 de
3229 2955 3450 3010 caelesti

1863 3051 2170 3106 ministerio
2201 3048 2508 3122 [mysterio]
2553 3050 2702 3104 lucra
2745 3058 2962 3102 terrena
2995 3055 3292 3103 sectentur.
3346 3047 3448 3102 Est:

1862 3142 2060 3212 quippe
2091 3140 2351 3213 [quoque]
2388 3150 2442 3195 et
2482 3140 2658 3210 turpis
2698 3140 2833 3195 lucri
2878 3138 3166 3208 appetitio,
3213 3138 3332 3208 plus
3376 3139 3442 3194 de

1860 3216 2217 3301 praesentibus
2262 3247 2423 3300 quam
2475 3231 2539 3286 de
2590 3231 2782 3284 futuris
2822 3230 3092 3300 cogitare.
3150 3227 3280 3284 Post
3326 3229 3442 3284 lucc

1860 3322 2126 3391 subjecit:
2166 3322 2239 3376 Hi
2268 3333 2442 3376 autem
2475 3322 2758 3392 probentur
2782 3322 3030 3392 primum,
3072 3328 3123 3373 et
3164 3320 3240 3374 sic
3279 3320 3438 3374 mini-

1855 3425 2018 3470 strent
2047 3455 2063 3479 ,
2115 3412 2320 3468 nullum
2373 3413 2882 3478 crimenhabentes.
2943 3412 3009 3466 Ili
3060 3413 3248 3489 utique
3297 3412 3436 3467 sicut

1854 3505 2117 3576 episcopi,
2141 3512 2267 3559 ante
2294 3505 2686 3559 ordinationem
2715 3503 2933 3573 probari
2966 3501 3186 3566 debent,
3215 3503 3262 3557 si
3287 3500 3436 3572 digni

1855 3596 1985 3662 sint,
2016 3604 2073 3650 et
2099 3595 2178 3650 sic
2203 3603 2392 3663 postea
2418 3594 2754 3649 ministrare.

2444 3683 2669 3738 CAPUT
2709 3681 2841 3738 VIII.
3271 3747 3273 3749 λ
3419 3737 3424 3744 ,

1927 3774 2110 3845 (Isid.,
2139 3774 2266 3828 ibid.
2298 3791 2345 3827 ε.
2373 3773 2450 3845 7.)
2477 3773 2920 3844 Preslzyterorum
2952 3771 3116 3844 [Item
3152 3771 3340 3828 Isidori
3366 3774 3439 3829 de

1851 3867 2205 3938 presbyteris.
2236 3866 2683 3936 Presbyterorum
2702 3865 2728 3937 ]
2750 3866 2883 3921 ordo
2903 3865 3186 3939 exordium
3210 3867 3438 3935 sumpsit

1854 3958 1936 4028 (ut
1958 3958 2159 4014 dictum
2192 3957 2295 4028 est)
2323 3972 2356 4011 a
2382 3957 2508 4010 ﬁliis
2536 3955 2738 4011 Aaron.
2785 3956 2885 4024 Qui
2933 3957 3075 4012 enim
3125 3957 3436 4014 sacerdotes

1851 4051 2187 4106 vocabantur
2211 4050 2266 4104 in
2299 4050 2481 4104 Veteri
2509 4049 2893 4115 Tesmmento,
2921 4049 2979 4104 hi
3003 4057 3132 4104 sunt
3171 4050 3262 4120 qui
3293 4065 3435 4105 nunc

1850 4151 2112 4198 vocantur
2132 4141 2458 4211 presbyteri.
2487 4141 2552 4194 Et
2579 4140 2671 4209 qui
2691 4141 3143 4210 nuncupabantur
3162 4142 3434 4211 principes

1851 4233 2213 4295 sacerdotum,
2244 4245 2386 4284 nunc
2423 4230 2662 4299 episcopi
2709 4230 3096 4284 nominantur:
3129 4231 3432 4300 presbyteri

1853 4333 2035 4380 autem
2075 4323 2502 4393 interpretantur
2540 4323 2814 4387 seniores,
2855 4322 2981 4391 quia
3006 4322 3248 4378 seniores
3272 4332 3435 4377 aetate

1851 4413 2025 4471 Graeci
2052 4414 2396 4485 presbyteros
2414 4421 2629 4467 vocant.
2655 4411 2751 4466 His
2773 4411 2941 4475 enim,
2971 4413 3111 4466 sicut
3137 4411 3432 4481 episcopis,

1851 4505 2182 4576 dispensatio
2205 4505 2587 4574 mysteriorum
2616 4505 2711 4560 Dei
2740 4504 3026 4560 commissa
3053 4514 3156 4559 est.
3183 4503 3432 4559 Praesnnt

1851 4599 1995 4653 enim
2021 4595 2524 4660 EcclesiaeChristi,
2561 4604 2616 4650 et
2642 4597 2698 4651 in
2725 4595 3062 4652 confectione
3105 4594 3272 4650 divini
3302 4610 3428 4649 cor-

1846 4689 1994 4759 poris
2012 4697 2069 4744 et
2086 4687 2358 4759 sanguinis
2378 4695 2655 4742 consortes
2675 4702 2799 4743 cum
2819 4687 3086 4758 episcopis
3107 4696 3251 4741 sunt.
3271 4685 3430 4740 Simi-

1842 4783 1968 4838 liter
1998 4792 2054 4838 et
2084 4783 2139 4837 in
2165 4781 2412 4837 doctrina
2440 4782 2759 4850 populorum
2800 4781 3261 4853 [apostolorum],
3292 4791 3345 4835 et
3373 4781 3425 4834 in

1841 4873 2016 4930 olIicio
2040 4871 2394 4943 praedicandi,
2417 4872 2509 4925 sed
2536 4871 2709 4924 solum
2739 4880 2962 4940 propter
2988 4871 3074 4940 [ac
3097 4871 3267 4924 solum
3291 4885 3426 4938 prae-

1843 4964 1948 5036 ter]
1978 4963 2356 5020 auctoritatem
2394 4959 2589 5012 summi
2635 4958 2952 5023 sacerdotii,
2990 4958 3308 5012 clericorum
3336 4972 3428 5011 or-

1843 5053 2048 5108 dinatio
2073 5059 2128 5106 et
2155 5047 2492 5104 consecratio
2519 5054 2790 5101 reservata
2829 5056 2944 5116 est,
2974 5063 3041 5104 ne
3077 5062 3108 5100 a
3133 5045 3314 5100 multis
3346 5046 3426 5100 di-

1845 5141 2070 5210 sciplina
2119 5138 2379 5193 Ecclesia:
2427 5136 2696 5192 vindicata
2751 5139 3095 5194 concordiam
3152 5136 3422 5205 solveret,

1845 5229 2096 5288 scandala
2126 5235 2431 5300 generaret.
2482 5227 2617 5283 Nam
2661 5227 2860 5284 Paulus
2899 5227 3174 5299 apostolus
3203 5226 3420 5282 eosdem

1842 5323 2208 5396 presbyteros,
2236 5330 2297 5376 ut
2321 5337 2446 5377 vere
2473 5322 2803 5386 sacerdotes,
2830 5322 2929 5376 sub
2957 5320 3038 5392 [ut
3064 5327 3274 5374 veteres
3297 5317 3419 5390 sub]

1846 5417 2060 5473 nomine
2079 5415 2452 5486 episcoporum
2475 5416 2548 5469 ita
2573 5420 2864 5475 asseverat,
2880 5411 3106 5480 loquens
3121 5410 3188 5463 ad
3205 5409 3382 5464 Titum
3402 5428 3414 5463 :

1846 5508 2046 5579 Hujus,
2077 5508 2273 5578 inquit,
2296 5508 2370 5561 rei
2398 5508 2568 5576 gratia
2601 5504 2785 5574 reliqui
2816 5514 2865 5557 te
2891 5503 3089 5566 Cretw,
3127 5512 3181 5556 ut
3216 5518 3276 5555 ea
3302 5518 3419 5571 qua:

1843 5600 2028 5655 desunt
2051 5601 2303 5669 corrigas,
2326 5609 2375 5653 et
2399 5599 2686 5651 constituas
2709 5612 2800 5666 per
2819 5597 3051 5649 civitates
3074 5595 3416 5666 presbyteros,

1841 5692 2276 5764 quemadmodum
2299 5707 2392 5761 ego
2419 5689 2510 5742 tibi
2543 5688 2794 5759 disposui.
2827 5686 2884 5742 Si
2913 5688 3030 5758 quis
3060 5687 3170 5742 sine
3198 5687 3416 5742 crimine

1839 5792 1936 5848 est,
1965 5783 2118 5837 unius
2145 5781 2326 5836 uxoris
2356 5780 2454 5844 vir,
2485 5778 2626 5847 ﬁlios
2652 5777 2847 5832 habens
2880 5776 3080 5848 ﬁdeles,
3105 5795 3211 5832 non
3244 5777 3301 5831 in
3325 5793 3417 5832 ac-

1837 5874 2106 5932 cusatione
2143 5871 2406 5939 luxuriat,
2448 5878 2540 5927 aut
2570 5887 2674 5926 non
2708 5867 2964 5925 subditos.
3019 5867 3232 5942 Oportet
3274 5868 3414 5924 enim
