4000 6456
519 428 619 490 89.7

1537 401 1937 470 AHALABIUS
1971 396 2386 470 PRESBYTER
2420 389 2780 464 HETENSIS.

513 551 808 625 ιρίεοοριιπι
844 541 959 599 sine
997 537 1212 595 crimine
1248 550 1358 591 esse
1378 531 1540 607 (Cap.
1569 529 1644 602 ι).
1675 526 1791 594 Qua
1821 518 2085 590 sententia
2113 521 2163 596 Α
2189 512 2333 625 ίὶιὶοξ
2355 508 2594 625 ejusdem
2619 497 3789 625 Aerati-,nt'ltl‘iftniaﬁrd‘otﬁs:

514 617 774 702 oStendit.
793 637 955 693 etiam
976 631 1324 704 presbyteros
1351 627 1452 682 sub
1475 625 1850 695 episcoporum
1871 617 2092 675 nomine

515 734 710 795 taxari.
741 731 896 788 Unde
923 735 981 784 et
1007 727 1074 782 ad
1113 723 1456 779 Timotheum
1502 718 1570 773 de
1614 713 1957 771 ordinatione
1979 711 2092 780 epi—

516 827 667 899 scopi
702 833 756 881 et
784 819 999 878 diaconi
1027 817 1293 879 scribens,
1318 814 1386 867 de
1409 808 1744 880 presbyteris
1763 805 1984 899 omnino
2011 812 2093 899 ta-

513 893 648 981 cuit,
675 914 800 986 quia
829 925 923 966 eos
955 909 1009 962 in
1037 906 1413 976 episcopum
1441 899 1660 955 nomine
1684 893 2094 965 comprehendit

516 1010 581 1084 (I
619 1009 754 1064 Tim.
799 1004 913 1075 ιιι).
964 1003 1244 1058 Secundus
1272 998 1417 1054 enim
1446 996 1622 1066 primo
1662 991 1982 1084 coniunctus
2010 997 2093 1043 est

517 1081 738 1175 gradus,
764 1101 906 1157 sicut
936 1105 990 1152 et
1018 1096 1086 1150 ad
1114 1092 1490 1161 Philippenses
1525 1084 1792 1156 episcopis
1827 1091 1883 1138 et
1912 1081 2092 1175 diaco-

519 1173 680 1251 nibus
710 1192 916 1254 scribit,
957 1203 1080 1244 cum
1105 1201 1211 1241 una
1247 1184 1439 1239 civitas
1472 1179 1655 1250 plures
1680 1176 1961 1246 episcopos
1990 1173 2093 1228 ha-

516 1289 645 1345 bere
669 1303 771 1342 non
797 1285 971 1355 possit
999 1280 1254 1351 (Philipp.
1286 1277 1349 1350 t),
1383 1285 1437 1332 et
1468 1276 1524 1330 in
1561 1273 1788 1328 Actibus
1825 1266 2094 1338 apostolo-

518 1396 638 1435 rum
681 1377 1026 1450 presbyteros
1073 1371 1359 1434 Ecclesiae,
1397 1369 1581 1432 iturus
1627 1363 2093 1432 Hierosolymam,

516 1467 880 1538 congregavit.
919 1466 1115 1535 quibus
1145 1463 1288 1518 inter
1312 1468 1505 1516 caetera
1533 1458 1637 1512 ait:
1691 1454 1867 1508 Videte
1889 1466 2094 1522 gregem

517 1559 573 1613 in
601 1575 702 1628 quo
731 1575 816 1612 vos
849 1557 1079 1626 Spiritus
1115 1562 1327 1629 sanctus
1362 1550 1625 1621 episcopos
1655 1545 1916 1600 ordinauit
1943 1542 2090 1614 (Act.

517 1651 641 1723 xx).
672 1651 826 1706 Unde
855 1649 1018 1705 etiam
1049 1646 1182 1702 tales
1220 1648 1272 1702 in
1315 1643 1559 1699 Ecclesia
1589 1641 1933 1711 presbyteros
1962 1652 2094 1691 con-

517 1745 819 1800 stituendos
846 1757 986 1805 esse,
1020 1741 1158 1796 sicut
1186 1740 1466 1810 episcopos
1483 1776 1497 1801 ,
1527 1743 1582 1788 et
1603 1724 1889 1802 Apostolus
1913 1731 1979 1785 ad
2006 1729 2096 1784 Ti-

520 1847 636 1892 tum
662 1835 922 1906 loquitur,
950 1841 1004 1889 et
1026 1848 1262 1890 canones
1289 1832 1390 1902 ipsi
1419 1835 1708 1885 testantur.
1744 1825 2096 1894 Presbyteros

2192 605 2336 678 quod
2358 603 2540 671 Aaron
2569 615 2732 678 super
2761 600 2998 666 tunicam
3029 595 3329 678 accipiebat
3353 595 3643 666 poderem,
3672 606 3794 654 sto-

2189 697 2296 764 lam
2321 703 2584 763 sanctam,
2618 700 2675 752 et
2703 706 2959 758 cumnam
2987 704 3229 758 auream,
3254 687 3474 754 mitram
3500 697 3558 743 et
3581 704 3792 758 zonam

2191 805 2430 854 auream,
2457 796 2512 844 et
2539 783 2998 858 superbumerale,
3032 790 3088 839 et
3109 790 3303 851 caetera
3329 797 3449 854 qua:
3474 797 3651 854 supra
3674 798 3793 838 me-

2191 891 2400 944 morata
2427 890 2570 937 sunt.
2596 879 2718 934 Filii
2750 885 2934 938 autem
2954 877 3158 946 Aaron,
3179 890 3339 947 Super
3360 876 3584 932 tunicas
3607 875 3793 932 lineas

2192 975 2355 1032 cincti
2388 971 2760 1040 tantummodo
2788 979 2843 1032 et
2868 970 3048 1028 tiarati
3072 969 3324 1034 astabant
3351 969 3640 1034 sacriﬁcio
3668 969 3788 1023 Dei.

2195 1068 2302 1124 Sed
2331 1067 2559 1128 forsitan
2588 1066 2848 1137 quaeritur
2871 1070 2927 1122 et
2955 1064 3078 1136 hoc,
3110 1061 3262 1144 cujus
3289 1060 3519 1132 figuram
3545 1060 3792 1116 faciebat

2193 1159 2447 1231 Moyses?
2487 1159 2543 1214 Si
2574 1158 2718 1216 enim
2743 1156 2837 1212 ﬁlii
2869 1156 3050 1220 Aaron
3078 1156 3518 1227 presbyterorum
3552 1153 3789 1226 figurant

2193 1251 2487 1319 faciebant,
2520 1261 2574 1312 et
2607 1252 2788 1318 Aaron
2834 1249 3030 1312 summi
3074 1249 3406 1316 sacerdotis,
3456 1248 3514 1304 id
3561 1257 3653 1304 est
3681 1249 3790 1320 epi-

2195 1345 2341 1414 scopi
2361 1385 2376 1407 ,
2426 1344 2636 1415 Moyses
2670 1342 2865 1413 cujus?
2903 1340 3275 1398 indubitanter
3303 1339 3536 1406 Christi,
3573 1348 3630 1394 et
3662 1355 3786 1395 vere

2195 1452 2293 1508 per
2315 1438 2496 1494 omnia
2535 1435 2776 1494 Christi:
2810 1435 3064 1505 quoniam
3105 1433 3209 1488 fuit
3245 1432 3549 1492 similitudo
3582 1433 3788 1488 media-

2196 1533 2331 1586 toris
2363 1530 2490 1596 Dei,
2533 1530 2625 1600 qui
2661 1536 2747 1588 est
2789 1529 2932 1584 inter
2965 1527 3133 1584 Deum
3173 1535 3229 1581 et
3267 1526 3588 1594 hominem,
3629 1525 3789 1588 Jesus

2196 1622 2466 1690 Christus,
2491 1622 2583 1692 qui
2607 1628 2692 1680 est
2721 1635 2882 1686 verus
2925 1620 3030 1682 dux
3056 1617 3406 1690 populorum,
3440 1631 3609 1672 verus
3642 1617 3788 1689 prin-

2196 1730 2323 1784 ceps
2353 1715 2717 1778 sacerdotum,
2749 1722 2804 1784 et
2829 1712 3077 1774 dominus
3106 1710 3445 1783 pontiﬁcum,
3475 1709 3571 1770 cui
3593 1720 3681 1772 est
3701 1712 3786 1778 bo-

2196 1822 2298 1863 nor
2328 1815 2381 1860 et
2408 1804 2575 1876 gloria
2606 1805 2661 1858 in
2688 1803 2880 1858 saecula
2911 1801 3252 1866 saeculorum.
3282 1800 3477 1856 Amen.

519 1937 699 1982 autem
729 1889 925 1981 ξηειίιο
955 1934 1010 1980 et
1043 1889 1474 1995 sapientia-dici,
1516 1935 1622 1974 non
1667 1925 1825 1973 aetate
1850 1913 2002 1986 (Cap.
2029 1913 2093 1984 ι).

2271 1896 2546 1954 Hactenus
2593 1895 2660 1950 de
2700 1892 3011 1964 primordiis
3043 1891 3469 1960 sacerdotalibus
3508 1893 3565 1948 in
3604 1891 3782 1950 Veteri

517 2018 655 2074 Nam
676 2026 730 2074 et
755 2017 920 2089 Moysi
941 2018 1271 2087 praecipitur,
1288 2023 1347 2069 ut
1367 2013 1530 2084 eligat
1549 2011 1916 2082 presbyteros.
1941 2006 2098 2062 Unde

517 2111 653 2168 etin
674 2109 985 2167 Proverbiis
1009 2111 1234 2164 dicitur:
1261 2108 1442 2164 Gloria
1469 2121 1649 2160 senum
1672 2104 1887 2156 canities
1914 2100 2094 2169 (Prov.

519 2201 636 2273 ιιι).
668 2201 797 2270 Quae
821 2210 906 2256 est
931 2202 1046 2256 hate
1073 2199 1345 2256 canities?
1381 2195 1538 2251 llaud
1575 2195 1798 2249 dubium
1839 2193 1970 2263 quin
2011 2207 2100 2248 sa-

520 2293 759 2365 pientia,
811 2292 879 2348 de
923 2307 1027 2361 qua
1062 2293 1323 2361 scriptum
1372 2296 1502 2344 est:
1545 2286 1774 2342 Canities
1829 2286 2098 2340 hominum

519 2384 800 2454 prudentia
841 2392 916 2438 est
955 2381 1117 2454 (Sap.
1159 2381 1265 2450 ιγ).
1308 2379 1550 2449 Cumque
1578 2383 1879 2446 nongentos
1905 2382 1960 2430 et
1989 2389 2102 2428 am-

520 2476 663 2549 plius
689 2491 858 2544 annos
886 2475 952 2544 ab
973 2473 1142 2530 Adam
1165 2488 1335 2543 usque
1369 2473 1435 2526 ad
1461 2471 1732 2525 Abraham
1769 2469 1972 2525 vixisse
2003 2468 2102 2526 bo-
2145 2508 2149 2514 .

522 2570 696 2624 mines
722 2567 1029 2640 legerimus,
1061 2565 1238 2620 nullus
1267 2563 1403 2618 alius
1430 2563 1638 2633 primus
1668 2561 1843 2633 [Deest
1870 2557 2100 2630 primus]

526 2661 826 2734 appellatus
869 2667 949 2715 est
981 2659 1284 2730 presbyter,
1321 2657 1374 2711 id
1419 2665 1502 2712 est
1543 2654 1745 2719 senior,
1783 2653 1884 2708 nisi
1924 2652 2102 2706 Abra-

524 2752 672 2816 ham,
713 2750 806 2820 qui
839 2748 1010 2805 multo
1030 2748 1373 2820 paucioribus
1411 2746 1565 2800 annis
1589 2744 1790 2799 vixisse
1827 2741 2104 2798 convinci-

524 2850 634 2914 tur.
680 2840 798 2896 Non
837 2855 964 2910 ergo
1000 2848 1219 2909 propter
1261 2837 1588 2907 decrepitam
1619 2843 1974 2898 senectutem,
2007 2833 2105 2889 sed

524 2939 748 3006 propter
777 2931 1119 3002 sapientiam,
1148 2929 1450 3000 presbyteri
1476 2928 1843 2983 nominantur.
1877 2925 2029 2993 Quod
2056 2924 2106 2980 si

526 3021 604 3080 ita
643 3029 754 3087 est,
797 3022 993 3077 mirum
1023 3036 1120 3076 cur
1147 3019 1466 3090 insipientes
1502 3018 1902 3074 constituantur
1943 3016 2106 3088 [con-

528 3111 874 3186 stituuntur.]

1136 3203 1364 3261 CAPUT
1395 3202 1487 3259 IX.

604 3298 782 3373 (Isid.,
802 3297 931 3352 ibid.
960 3313 1006 3352 c.
1033 3295 1111 3368 5.)
1133 3296 1426 3352 Veniamus
1445 3295 1600 3368 [Item
1621 3293 1812 3350 lsidori
1841 3293 1908 3350 de
1927 3307 2105 3352 sacer-

529 3393 764 3452 dotibus.
795 3388 1110 3462 Veniamus]
1143 3404 1270 3460 ergo
1300 3403 1446 3443 nunc
1475 3387 1542 3441 ad
1587 3385 1984 3442 secretissimos
2019 3401 2108 3440 or—

531 3485 706 3551 dines,
737 3492 793 3539 et
817 3482 1162 3554 singulariter
1189 3482 1618 3536 demonstremus
1650 3477 1790 3548 quod
1823 3487 1904 3534 est
1929 3492 2109 3534 sacer-

532 3574 665 3630 dotii
688 3573 1114 3635 fundamentum,
1138 3571 1222 3625 vel
1249 3585 1355 3640 quo
1381 3578 1603 3624 auctore
1626 3567 1955 3638 pontiﬁcalis
1975 3568 2110 3624 ordo

533 3665 768 3721 adolevit
796 3665 849 3730 in
878 3662 1096 3718 steculo.
1123 3661 1336 3715 initium
1367 3660 1582 3729 quidem
1613 3658 1896 3714 sacerdotii
1929 3657 2109 3714 Aaron

534 3753 655 3819 fuit,
692 3768 1000 3824 quanquam
1032 3760 1086 3806 et
1112 3751 1465 3806 Melehisedec
1490 3751 1641 3820 prior
1665 3749 1919 3804 obtulerit
1943 3749 2112 3805 sacri-

535 3845 737 3907 ficium,
769 3851 824 3898 et
850 3851 972 3913 post
999 3844 1144 3897 hunc
1179 3840 1449 3896 Abraham
1473 3883 1487 3905 ,
1515 3840 1666 3896 Isaac
1699 3850 1752 3895 et
1788 3841 1972 3895 Jacob.
2005 3839 2112 3896 Sed

534 3934 627 3991 isti
656 3945 949 4004 spontanea
974 3935 1266 3998 voluntate,
1289 3949 1396 3988 non
1426 3934 1744 3988 sacerdotali
1772 3933 2112 3998 auctoritate,

538 4025 643 4080 ista
672 4025 934 4080 fecerunt.
975 4023 1241 4080 Caeterum
1264 4024 1442 4079 Aaron
1473 4025 1679 4093 primus
1704 4024 1758 4078 in
1785 4024 1899 4094 lege
1930 4039 2113 4079 sacer-

539 4114 720 4171 dotale
755 4130 951 4170 nomen
996 4114 1234 4184 accepit,
1274 4115 1587 4185 primusque
1615 4113 1748 4169 stola
1789 4113 2114 4186 [pontiﬁcali

538 4205 713 4280 stola]
746 4207 969 4264 indutus
997 4206 1246 4262 victimas
1295 4206 1507 4272 obtulit,
1537 4204 1761 4273 iubente
1794 4205 2020 4262 Domino
2053 4219 2119 4260 ac

537 4300 792 4371 loquente
836 4301 904 4356 ad
951 4299 1189 4372 Moysem
1217 4299 1413 4373 (Exod.
1443 4299 1636 4371 xxxx):
1672 4300 1879 4370 Accipe,
1910 4299 2114 4369 inquit,

540 4390 718 4446 Aaron
749 4399 798 4446 et
826 4392 964 4461 ﬁlios
989 4387 1125 4462 ejus,
1153 4401 1201 4446 et
1239 4387 1526 4463 applicabis
1559 4390 1629 4444 ad
1658 4393 1844 4446 ostium
1871 4390 2119 4445 taberna-

543 4481 648 4534 culi
675 4481 974 4535 testimonii.
999 4477 1229 4550 Cumque
1252 4481 1438 4534 laveris
1457 4486 1656 4550 patrem
1676 4496 1794 4534 cunt
1814 4478 1938 4548 ﬁliis
1958 4495 2119 4549 aqua,

543 4569 729 4634 induet
751 4570 928 4622 Aaron
953 4570 1268 4623 vestimentis
1293 4571 1424 4633 suis,
1451 4569 1506 4622 id
1535 4579 1630 4634 est,
1665 4569 1801 4623 linea
1831 4579 1882 4624 et
1904 4570 2083 4623 tunica
2101 4611 2117 4637 ,

545 4669 596 4714 et
616 4659 1052 4730 superhamerali,
1066 4669 1113 4714 et
1136 4660 1403 4726 rationali,
1419 4661 1556 4731 quod
1580 4663 1900 4732 constringes
1923 4661 2115 4729 balteo,

471 4824 478 4832 Ι
545 4761 594 4807 et
628 4766 788 4822 pones
810 4749 970 4822 [pone
990 4751 1170 4823 super]
1201 4753 1415 4817 tiaram,
1441 4761 1491 4806 et
1515 4752 1686 4807 oleum
1717 4755 1976 4808 unctionis
1998 4755 2123 4824 futt-

547 4841 638 4897 des
664 4857 822 4911 super
845 4849 1001 4912 caput
1025 4842 1170 4912 ejus,
1221 4852 1375 4911 atque
1419 4843 1516 4896 hoc
1561 4843 1671 4898 ritu
1712 4844 2118 4898 consecrabitur.

549 4932 718 4988 Filios
737 4949 939 5004 quoque
957 4934 1098 4988 illius
1127 4933 1432 5004 applicabis,
1451 4944 1498 4990 et
1520 4936 1703 4990 indue:
1726 4937 1918 4991 tunicis
1945 4937 2118 5002 lineis,

549 5029 822 5097 cingesque
850 5023 1042 5091 balteo,
1069 5027 1244 5080 Aaron
1275 5027 1466 5082 scilicet
1492 5039 1539 5082 et
1569 5028 1757 5082 liberos
1781 5029 1894 5097 ejus
1912 5071 1924 5094 ,
1949 5039 1995 5083 et
2025 5031 2124 5083 im-

548 5135 706 5182 ponet
721 5118 796 5173 eis
817 5117 1021 5181 mitras,
1045 5128 1293 5189 eruntque
1313 5120 1610 5174 sacerdotes
1625 5123 1726 5174 mei
1751 5122 1995 5192 religione
2016 5140 2126 5192 per-

551 5218 724 5275 petua.
750 5207 866 5276 Quo
890 5207 1008 5264 loco
1027 5209 1375 5278 contemplari
1400 5217 1630 5279 oportet,
1652 5210 1833 5267 Aaron
1858 5229 2126 5268 summum

553 5298 910 5364 sacerdotem,
943 5299 995 5354 id
1028 5307 1128 5362 est,
1159 5299 1469 5369 episcopum
1497 5299 1760 5367 fursse,et
1786 5301 1958 5375 [nam]
1992 5303 2130 5359 filios

552 5386 689 5454 ejus,
703 5392 1142 5461 presbyterorum
1162 5391 1383 5463 ﬁguram
1403 5401 1871 5462 prmmonstrasse.
1889 5395 2130 5451 Fuerunt

555 5479 700 5532 enim
743 5479 839 5535 ﬂlii
865 5481 1042 5536 Aaron
1078 5491 1132 5537 et
1162 5483 1263 5552 ipsi
1305 5484 1652 5549 sacerdotes,
1694 5485 1890 5554 quibus
1934 5486 2130 5542 merito

559 5576 739 5625 astare
762 5573 1071 5630 debuissent
1093 5574 1289 5643 levitati,
1314 5579 1453 5634 sicut
1481 5593 1692 5633 summo
1712 5578 1997 5635 sacerdoti.
2024 5578 2131 5635 Sed

2130 3247 2177 3312 C

2198 1987 2575 2050 Testamento:
2617 1986 2673 2040 in
2698 1984 2848 2039 Novo
2878 1992 3059 2042 autem
3086 1983 3453 2051 Testamento,
3479 1993 3610 2055 post
3636 1983 3783 2038 Chri-

2199 2087 2366 2145 stum,
2400 2074 2752 2139 sacerdotalis
2791 2073 2925 2132 ordo
2970 2089 3001 2126 a
3045 2072 3206 2130 Petro
3245 2074 3431 2146 coepit.
3483 2071 3593 2142 lpsi
3641 2074 3781 2127 enim

2197 2173 2433 2244 primum
2478 2171 2637 2226 datus
2677 2177 2760 2225 est
2787 2166 3132 2239 pontiﬁcatus
3179 2166 3234 2222 in
3281 2165 3528 2232 Ecclesia
3559 2164 3782 2220 Christi.

2201 2265 2292 2322 Sic
2315 2266 2461 2324 enim
2491 2264 2730 2334 loquitur
2754 2262 2822 2317 ad
2849 2277 2974 2318 eum
3001 2259 3264 2320 Dominus
3291 2277 3304 2314 :
3346 2257 3422 2313 Tu
3459 2276 3542 2325 es,
3575 2258 3779 2327 inquit,

2198 2359 2429 2427 Petrus,
2473 2365 2522 2412 et
2563 2372 2722 2428 super
2761 2356 2898 2414 hanc
2934 2362 3134 2424 petram
3176 2350 3441 2421 mdiﬁcabo
3476 2348 3776 2403 Ecclesium

2200 2467 2394 2516 meam,
2420 2459 2470 2508 et
2491 2457 2655 2522 porta:
2678 2445 2836 2516 inferi
2859 2461 2962 2500 non
2985 2442 3338 2516 prwvalebunt
3359 2442 3605 2503 adversus
3625 2455 3742 2494 eam
3763 2455 3783 2494 :

2199 2553 2248 2608 et
2277 2543 2371 2598 tibi
2411 2541 2547 2595 dabo
2575 2538 2743 2598 claves
2776 2537 2924 2608 regni
2962 2534 3209 2596 caelorum
3241 2532 3470 2605 (Matth.
3501 2533 3650 2603 XVI).
3685 2529 3785 2585 Hic

2200 2654 2332 2709 ergo
2359 2635 2560 2706 ligandi
2587 2634 2939 2706 solvendique
2965 2639 3292 2704 potestatem
3313 2628 3526 2702 primus
3547 2626 3784 2698 accepit,

2200 2731 2517 2800 primusque
2541 2726 2612 2784 ad
2643 2726 2804 2781 ﬁdem
2829 2723 3086 2796 populum
3123 2722 3322 2786 virtute
3366 2734 3484 2776 suae
3526 2719 3786 2792 prtedica-

2203 2823 2367 2880 tionis
2397 2820 2638 2882 adduxit.
2673 2817 2952 2888 Siquidem
2980 2824 3035 2872 et
3061 2814 3243 2880 calari
3271 2812 3507 2885 apostoli
3537 2829 3658 2869 cum
3690 2811 3787 2868 Pe-

2203 2923 2290 2971 tro
2317 2929 2418 2985 par
2445 2912 2779 2978 consortium
2810 2909 2949 2982 [pari
2976 2905 3271 2980 consortio]
3313 2907 3543 2963 honoris
3567 2916 3623 2961 et
3645 2915 3786 2978 pote-

2203 3005 2362 3062 statis
2402 3010 2746 3073 acceperunt.
2779 3000 2880 3072 Qui
2911 3000 3074 3064 etiam
3116 2999 3172 3054 in
3217 3006 3329 3059 toto
3359 3000 3497 3054 orbe
3528 2999 3787 3069 dispersi,

2203 3100 2557 3173 Evangelium
2585 3097 3045 3168 pradicaverunt;
3076 3094 3380 3166 quibusque
3405 3095 3790 3152 decedentibus

2205 3200 2590 3253 successerunt
2612 3191 2868 3261 episcopi,
2895 3190 2989 3261 qui
3020 3198 3146 3244 sunt
3180 3188 3461 3248 constituti
3494 3204 3595 3258 per
3628 3199 3792 3244 totum

2206 3284 2467 3342 mundum
2515 3283 2572 3336 in
2620 3281 2839 3337 sedibus
2879 3281 3263 3352 apostolorum.
3305 3279 3406 3349 Qui
3455 3297 3563 3336 non
3589 3283 3703 3352 jam
3727 3298 3792 3336 ex

2207 3389 2405 3449 genere
2428 3375 2611 3431 carnis
2637 3382 2693 3430 et
2721 3373 2999 3446 sanguinis
3027 3373 3301 3444 eliguntur
3323 3412 3339 3440 ,
3380 3373 3518 3428 sicut
3549 3375 3793 3442 primum

2208 3469 2505 3524 secundum
2546 3466 2794 3524 ordinem
2825 3466 3036 3530 Aaron,
3087 3465 3181 3520 sed
3224 3480 3325 3536 pro
3368 3464 3798 3534 uniuscujusque

2208 3559 2425 3625 merito,
2451 3558 2595 3628 quod
2623 3557 2680 3611 in
2710 3571 2833 3611 eum
2867 3557 3040 3626 gratia
3072 3555 3252 3612 divina
3289 3555 3598 3612 contulerit.
3635 3556 3799 3611 Sicut

2209 3651 2373 3706 etiam
2407 3649 2475 3706 ad
2500 3648 2617 3704 Heli
2648 3648 2904 3702 Dominus
2939 3647 3350 3718 prtenuutiarit,
3393 3648 3586 3703 dicens
3609 3666 3626 3701 :
3670 3647 3794 3702 Παῖς

2211 3741 2335 3796 dicit
2371 3739 2624 3794 Dominus
2647 3737 2788 3794 Deus
2813 3738 3026 3794 Israel:
3065 3739 3210 3805 Dixi,
3248 3739 3439 3794 domus
3481 3751 3578 3794 tua
3622 3752 3669 3795 et
3708 3743 3796 3794 do-

2210 3853 2327 3890 mus
2349 3835 2512 3905 patris
2542 3835 2918 3905 permanebunt
2946 3850 3124 3888 coram
3151 3851 3232 3888 me
3254 3850 3414 3905 usque
3438 3834 3498 3888 in
3526 3846 3794 3890 catenam.

2213 3926 2283 3980 Et
2307 3943 2445 3981 nunc
2470 3926 2580 3980 ha’c
2610 3925 2736 3979 dicit
2769 3925 3069 3979 Dominus:
3110 3923 3484 3996 Nequaquam,
3525 3927 3618 3980 sed
3647 3924 3798 3996 glori-

2213 4017 2430 4086 ﬁcantes
2471 4033 2551 4072 me
2585 4015 2931 4087 glorificabo:
2974 4014 3078 4081 Qui
3124 4031 3205 4070 me
3249 4017 3487 4086 spernit,
3533 4028 3799 4089 spernetsr

2217 4109 2269 4181 (Ι
2298 4108 2422 4180 Reg.
2457 4108 2541 4172 ιι).
2571 4107 2814 4174 Quatuor
2843 4108 2988 4162 enim
3030 4115 3158 4161 sunt
3182 4121 3384 4178 genera
3406 4109 3794 4177 apostolorum.

2219 4197 2396 4254 Unum
2426 4214 2453 4254 a
2483 4197 2594 4254 Deo
2617 4206 2846 4262 tantum,
2872 4207 2933 4254 ut
2955 4197 3184 4269 Moyses.
3222 4197 3474 4267 Alterum
3506 4215 3612 4272 per
3638 4201 3795 4256 homi-

2217 4306 2341 4348 nem
2371 4299 2426 4346 et
2448 4291 2637 4355 Deum,
2667 4298 2725 4346 ut
2753 4288 2934 4346 Josue.
2968 4287 3207 4346 Tertium
3247 4298 3458 4346 tantum
3489 4307 3594 4362 per
3634 4294 3799 4350 homi-

2218 4399 2375 4450 nem,
2427 4384 2565 4440 sicut
2610 4383 2696 4442 his
2743 4383 3078 4453 temporibus
3124 4383 3278 4439 multi
3312 4383 3504 4442 favore
3537 4389 3727 4459 populi
3754 4396 3803 4444 et

2219 4483 2550 4545 potestatum
2596 4475 2652 4529 in
2695 4475 3056 4538 sacerdotium
3097 4475 3486 4546 subrogantur.
3535 4478 3804 4547 Quartum

2224 4575 2405 4622 autem
2433 4581 2603 4637 genus
2631 4581 2696 4622 ex
2723 4582 2781 4622 se
2810 4575 2914 4632 est,
2943 4568 3083 4624 sicut
3118 4568 3724 4640 pseudoprophetarum
3756 4581 3809 4626 et

2221 4655 2812 4727 pseudoapostolorum.
2841 4657 2981 4726 Quid
3011 4666 3095 4720 est
3124 4666 3306 4714 autem
3350 4675 3549 4716 nonien
3593 4672 3810 4734 aposto-

2217 4747 2438 4804 lorum?
2466 4746 2708 4818 Apostoli
2737 4747 2792 4804 in
2821 4747 3012 4804 Latina
3041 4749 3223 4820 lingua
3251 4749 3402 4814 missi
3438 4753 3811 4825 interpretan-

2225 4847 2345 4901 tur,
2387 4839 2515 4908 quia
2560 4839 2704 4908 ipsos
2731 4839 2878 4894 misit
2906 4840 3166 4894 Dominus
3191 4842 3564 4913 evangelizare
3598 4847 3675 4900 ad
3705 4847 3816 4899 illa-

2226 4929 2578 4985 minationem
2616 4929 2856 4990 omnium
2885 4929 3223 5001 populorum.
3273 4933 3574 5004 Episcopus
3607 4947 3816 4998 autem,

2229 5027 2289 5074 ut
2312 5019 2529 5088 quidam
2558 5020 2902 5090 prudentium
2929 5022 3028 5088 ait,
3076 5038 3272 5078 nomen
3318 5035 3402 5093 est
3441 5027 3636 5095 operis
3659 5069 3677 5091 ,
3719 5045 3817 5083 non

2229 5111 2468 5166 honoris.
2496 5112 2740 5166 Graecum
2765 5121 2847 5167 est
2873 5114 3039 5179 enim,
3069 5125 3232 5185 atque
3259 5115 3385 5170 inde
3407 5117 3643 5172 ductum
3671 5135 3822 5175 voca-

2229 5203 2437 5268 bulum,
2476 5206 2618 5273 quod
2640 5204 2727 5260 ille
2759 5207 2850 5274 qui
2880 5206 3174 5276 praeﬁcitur
3198 5207 3717 5284 [supercilicitur],
3748 5229 3826 5266 su—

2230 5297 2579 5366 perintendit,
2615 5313 2802 5352 curam
2828 5298 3036 5354 scilicet
3068 5300 3409 5356 subditorum
3446 5316 3658 5372 gerens
3689 5303 3829 5373 (Ae-

2232 5399 2368 5458 gust.
2391 5390 2454 5443 de
2480 5389 2590 5444 Civ.
2608 5389 2832 5455 Dei,lib.
2866 5406 3040 5456 stx,c.
3068 5392 3178 5464 l9).
3205 5405 3230 5432 α
3259 5393 3374 5450 Ἐπι
3393 5393 3622 5464 quippe,
3645 5412 3831 5467 super,

2236 5482 2428 5543 σκοπὸς
2470 5490 2670 5548 autem,
2709 5484 2928 5538 intentio
2966 5493 3087 5541 est:
3129 5499 3256 5556 ergo
3289 5486 3604 5555 episcopum
3631 5487 3832 5542 Latine

2239 5575 2770 5646 superintendentem
2798 5592 3084 5647 possumus
3107 5579 3312 5634 dicere:
3338 5589 3399 5634 ut
3425 5578 3706 5651 intelligat
3731 5594 3836 5636 non

561 5656 664 5713 hoc
695 5659 795 5714 fuit
836 5663 978 5719 inter
1019 5665 1198 5721 Aaron
1233 5683 1502 5724 summum
1546 5669 1882 5726 sacerdotem
1907 5677 1966 5725 et
1991 5670 2134 5730 inter
2240 5682 2302 5724 se
2327 5681 2449 5725 esse
2489 5669 2824 5740 episcopum,
2853 5671 2948 5741 qui
2987 5685 3097 5727 non
3135 5670 3431 5741 prodesse,
3457 5683 3556 5727 sed
3582 5687 3841 5743 praess:

638 5847 663 5878 ο
694 5836 935 5906 Sequens
960 5840 1212 5910 periodus
1255 5851 1364 5899 tota
1409 5845 1560 5901 deest
1593 5859 1765 5916 usque
1807 5846 1878 5902 ad
1917 5847 2135 5902 intentio
2172 5858 2270 5904 est.
