4000 6452
181 430 281 504 829

724 433 1008 495 REGULA
1044 433 1543 496 CANONICORUM
1579 436 1670 493 AB
1705 436 2064 500 AMALARIO
2103 439 2484 504 COLLECTA.
2523 477 2595 491 -—
2633 447 2764 506 LIB.
2803 447 2847 508 Ῑ.

3321 458 3430 517 850

182 551 434 614 dilexerit.
460 547 616 618 Quod
639 563 885 622 veroper
912 566 1106 607 manus
1129 551 1527 622 impositionem
1551 564 1582 604 a
1610 563 1746 622 pra-
1770 553 1824 614 Α
1846 555 2087 623 prosint,
2137 560 2229 614 sed
2263 574 2396 630 quos
2427 559 2514 616 vel
2556 560 2657 633 ipsi
2689 569 2890 630 amant,
2921 565 3009 622 vel
3043 542 3272 638 quorum
3307 575 3436 626 sunt

181 645 474 706 cessoribus
500 643 596 700 Dei
622 644 990 700 sacerdotibus
1019 645 1254 716 episcopi
1279 645 1618 710 ordinantur,
1644 659 1744 700 an-

181 745 319 812 tiqua
347 745 427 795 est
452 737 736 793 institutio.
781 737 932 793 lsaac
969 744 1150 792 autem
1188 737 1498 808 patriarcha
1527 744 1747 792 sanctus

177 846 372 908 ponens
397 845 618 886 manum
647 845 800 886 suam
841 846 1006 902 super
1033 839 1194 900 caput
1226 827 1425 896 Jacob,
1470 829 1748 886 benedixit

177 929 222 987 ei
246 925 392 999 (Gen.
422 922 618 996 xxvii).
650 921 913 982 Similiter
936 930 991 980 et
1020 921 1188 979 Iacob
1214 922 1340 978 ﬁliis
1375 923 1489 979 suis
1520 922 1744 979 benedi-

178 1019 396 1078 ctionem
423 1017 576 1072 dedit
603 1014 794 1087 (Nunt.
840 1016 1030 1087 xxvii).
1081 1013 1188 1071 Sed
1228 1024 1282 1072 et
1332 1015 1544 1088 Moyses
1584 1030 1747 1086 super

174 1119 328 1183 caput
341 1108 504 1166 Josue
523 1123 744 1164 manum
763 1122 915 1163 suam
940 1108 1239 1179 imponens,
1258 1107 1405 1162 dedit
1426 1107 1477 1162 ei
1497 1107 1746 1178 spiritum

174 1204 380 1261 virtutis
399 1210 456 1258 et
485 1203 711 1259 ducatus
737 1202 790 1256 in
821 1200 1019 1272 populo
1046 1200 1232 1257 lsrael.
1275 1201 1370 1258 Sic
1397 1209 1454 1258 et
1476 1203 1745 1274 superim-

173 1296 337 1370 pletor
367 1295 503 1368 legis
535 1302 590 1350 et
625 1295 1012 1364 prophetarum
1053 1293 1316 1352 Dominus
1358 1303 1547 1350 noster
1590 1293 1746 1352 Jesus

173 1387 411 1444 Christus
432 1401 532 1459 per
559 1401 754 1442 manus
793 1387 1192 1458 impositioncm
1227 1387 1499 1458 apostolos
1523 1387 1748 1444 bene-li-

169 1480 262 1546 xit,
293 1478 431 1540 sicut
463 1479 520 1534 in
549 1478 841 1550 Evangelio
867 1478 1028 1535 Lucae
1062 1480 1325 1550 scriptum
1369 1490 1492 1536 est:
1530 1479 1601 1534 Et
1630 1497 1748 1552 pcr-

167 1572 308 1628 dusit
332 1572 452 1628 illos
481 1582 630 1628 trans
654 1572 971 1630 Bethaniam
992 1591 1011 1629 :
1046 1583 1094 1631 et
1132 1573 1347 1630 elevavit
1379 1591 1570 1630 manus
1599 1591 1744 1642 suas,

164 1673 210 1720 ct
239 1665 497 1721 benedixit
524 1681 632 1722 eos.
663 1663 991 1738 Factumque
1014 1675 1091 1722 est
1113 1683 1232 1721 cum
1253 1667 1596 1723 benedixisset
1617 1666 1746 1734 illis,

164 1757 394 1814 discessit
424 1759 490 1814 ab
513 1761 624 1816 eis:
654 1770 704 1816 et
729 1760 830 1834 ipsi
862 1763 1052 1817 reversi
1079 1771 1199 1816 sunt
1230 1763 1287 1817 in
1308 1762 1606 1818 Jerusalem
1629 1780 1748 1818 cum

1847 649 2122 720 obsequiis
2147 651 2378 719 deliniti,
2409 654 2493 709 vel
2521 669 2621 726 pro
2650 657 2847 728 quibus
2869 659 3138 729 majorum
3165 660 3438 732 quispiam

1848 741 2157 811 rogaverit;
2199 750 2253 799 et
2279 750 2339 798 ut
2366 743 2637 801 deteriora
2663 747 2869 813 dicam,
2909 749 3002 822 qui
3034 758 3094 804 ut
3120 751 3440 807 ordinaren-

1849 845 1959 903 tur,
1992 839 2304 895 muneribus
2339 840 2718 912 impetrarunt.
2763 829 2940 901 Taceo
2968 845 3035 900 de
3062 845 3304 917 reliquis.
3331 844 3440 902 Alii

1848 945 2193 988 successores
2231 933 2371 990 ﬁlios
2397 935 2482 991 vel
2509 945 2763 1005 parentes
2793 935 3028 1007 faciunt,
3071 947 3128 996 et
3171 951 3441 1004 conantur

1845 1023 2080 1093 posteris
2099 1025 2422 1096 prmsulatus
2447 1028 2756 1100 relinquere
2793 1031 3131 1104 dignitatem,
3183 1051 3305 1091 cum
3336 1037 3441 1108 hoc

1846 1132 1948 1175 nec
1974 1117 2186 1191 Moyses
2223 1121 2430 1178 amicus
2458 1122 2554 1178 Dei
2593 1109 2775 1182 facere
2817 1124 3028 1196 potuit',
3059 1128 3153 1182 sed
3181 1125 3345 1185 Josue
3375 1129 3442 1186 de

1846 1209 1953 1266 alla
1979 1211 2122 1266 tribu
2153 1211 2336 1284 elegit,
2369 1221 2430 1269 ut
2457 1215 2724 1275 sciremus
2769 1216 3135 1289 principatum
3165 1220 3218 1274 in
3243 1219 3441 1296 populo

1847 1320 1957 1361 non
1991 1306 2254 1376 sanguine
2298 1305 2694 1363 defendendum
2723 1311 2888 1376 ’essc',
2938 1310 3033 1365 sed
3077 1311 3200 1368 vitae
3233 1312 3442 1369 meritis

1848 1396 2039 1471 (Num.
2068 1397 2262 1469 xxvii).
2288 1398 2567 1454 interdum
2589 1409 2770 1455 autem
2793 1411 2848 1456 et
2867 1400 3023 1472 juxta
3054 1402 3305 1460 meritum
3328 1403 3442 1473 ple-

1845 1487 1997 1544 bium
2045 1489 2319 1562 eliguntur
2362 1505 2610 1566 persona:
2655 1501 2971 1548 rectorum:
3012 1493 3154 1550 unde
3192 1494 3444 1550 noverint

1846 1580 2031 1652 pepuli
2056 1581 2138 1635 sui
2166 1581 2332 1636 fuisse
2360 1583 2560 1650 meriti,
2595 1583 2839 1655 regimen
2861 1585 3106 1660 perversi
3139 1585 3444 1656 suscepisse

1845 1673 2138 1743 pontiﬁcis.
2168 1673 2320 1742 Quod
2343 1682 2524 1730 autem
2554 1675 2621 1742 is,
2648 1677 2741 1748 qui
2761 1685 2883 1748 post
2907 1677 3238 1746 baptismum
3263 1677 3442 1748 aliquo

1847 1765 2068 1821 mortali
2097 1775 2326 1838 peccato
2353 1777 2659 1840 corruptus,
2687 1759 3148 1825 ad'saccrdotium
3178 1784 3284 1824 non
3321 1784 3444 1844 pro-

159 1850 350 1920 goadio
372 1868 563 1923 magno
590 1851 755 1924 (Luc.
799 1851 981 1927 xxiv).
1019 1853 1087 1908 Et
1121 1854 1176 1910 in
1217 1854 1440 1911 Actibus
1477 1855 1747 1925 apostolo—
1773 1917 1821 1936 τι
1848 1858 2102 1928 vehatur,
2131 1858 2220 1914 lex
2250 1859 2365 1928 ipsa
2398 1867 2647 1915 testatur.
2677 1859 2887 1934 Moyses
2913 1861 3057 1916 enim
3083 1862 3137 1916 in
3168 1861 3284 1934 lege
3307 1877 3443 1936 pra:-

158 1957 383 2010 rum,ex
407 1955 677 2022 praecepto
707 1948 879 2003 sancti
917 1917 1172 2019 spiritus,
1204 1947 1372 2004 Paulo
1403 1957 1457 2005 et
1485 1917 1747 2006 Barnabas
1773 1917 1823 1980 Β
1847 1950 1993 2021 cepit
2025 1917 2427 2019 sacerdotibus,
2473 1966 2542 2008 ne
2581 1917 2800 2026 aliquod
2828 1955 3078 2012 vitiatum
3112 1917 3345 2028 [pecus]
3375 1955 3444 2010 ad

159 2040 223 2097 ab
255 2038 437 2111 [Deest
468 2040 562 2114 ab]
599 2042 860 2113 apostolis
902 2058 1094 2099 manus
1125 2043 1380 2114 imposita
1425 2051 1510 2099 est
1545 2045 1601 2100 in
1632 2044 1748 2114 epi-

161 2138 454 2202 scopatum,
488 2139 543 2187 et
569 2134 647 2188 sic
669 2133 820 2189 missi
850 2142 977 2188 sunt
1002 2134 1069 2189 ad
1098 2134 1578 2206 evangelizandum
1602 2135 1740 2207 (Act.

157 2223 294 2296 xm).
322 2223 477 2293 Quod
501 2235 682 2282 autem
711 2242 742 2281 a
773 2228 995 2302 triginta
1027 2227 1186 2284 annis
1211 2230 1465 2286 sacerdos
1492 2229 1740 2299 edicitur,

162 2319 225 2374 ab
256 2327 412 2375 aatate
441 2319 649 2375 scilicet
678 2317 880 2377 Christi
919 2330 1194 2393 sumptum
1225 2330 1330 2388 est,
1363 2337 1431 2378 ex
1458 2338 1564 2394 qua
1602 2323 1744 2378 idem

159 2423 306 2466 orsus
352 2417 436 2466 est
479 2411 799 2482 praedicare.
839 2411 966 2467 Haec
1004 2413 1150 2467 enim
1195 2421 1324 2468 aetas
1359 2411 1606 2483 profectu
1630 2412 1744 2482 jam

159 2515 262 2558 non
307 2501 513 2575 indiget
558 2503 932 2574 parVulorum,
971 2503 1065 2560 sed
1111 2503 1461 2578 perfectionis
1488 2506 1542 2560 vi
1586 2505 1744 2576 plena

159 2602 254 2662 est,
279 2602 331 2651 et
358 2597 603 2659 robusta,
636 2603 692 2651 et
724 2596 791 2650 ad
823 2611 984 2651 omne
1019 2595 1320 2666 disciplinae
1355 2611 1419 2654 ac
1445 2595 1745 2668 magisterii

158 2691 467 2747 exercitium
513 2698 841 2764 praeparata.
890 2690 1046 2759 Quod
1090 2705 1221 2746 vero
1265 2689 1424 2745 unius
1467 2689 1746 2762 virginalis

161 2781 482 2837 matrimonii
522 2782 632 2836 sint
657 2782 749 2852 qui
777 2781 1050 2854 eliguntur
1078 2780 1131 2836 in
1156 2781 1345 2836 ordine
1372 2780 1743 2851 pontiﬁcatus,

159 2882 209 2929 et
236 2875 290 2929 in
322 2873 498 2930 veteri
538 2873 655 2945 lege
702 2875 1015 2930 mandatum
1051 2880 1165 2938 est,
1205 2879 1260 2928 et
1301 2871 1513 2944 plenius
1555 2871 1745 2928 scribit

155 2965 433 3036 Apostolus
463 2966 691 3022 dicens:
736 2963 902 3020 Unius
935 2965 1116 3020 uxoris
1150 2965 1321 3020 virum
1363 2962 1437 3037 (Ι
1469 2962 1602 3018 Tim.
1636 2980 1738 3032 Ill;

159 3055 255 3112 Tit.
282 3057 353 3130 ῃ).
389 3058 744 3114 Sacerdotem
769 3057 964 3127 quaerit
987 3054 1249 3121 Ecclesia,
1269 3063 1363 3110 aut
1392 3056 1458 3111 de
1487 3069 1742 3125 monOga-

156 3149 255 3204 mia
284 3149 617 3216 ordinatum,
659 3157 753 3204 aut
779 3149 845 3204 de
868 3147 1177 3219 virginitate
1215 3155 1483 3204 sanctum.
1521 3160 1546 3188 δ
1574 3147 1739 3218 Diga-

155 3257 270 3300 mus
289 3245 435 3300 enim
453 3244 599 3300 haud
625 3244 795 3300 fertur
811 3259 972 3318 agere
996 3242 1382 3299 sacerdotium.
1404 3241 1575 3296 Porro
1597 3241 1741 3312 quod

154 3338 434 3413 cpiscopus
464 3355 573 3396 non
618 3339 686 3394 ab
715 3353 842 3403 uno,
881 3337 973 3392 sed
1016 3351 1047 3391 a
1075 3336 1289 3392 cunctis
1317 3333 1738 3407 provincialibus

155 3429 423 3502 episcopis
452 3429 768 3494 ordinatur,
802 3428 923 3482 ideo
965 3427 1273 3482 institutum
1304 3433 1408 3490 est,
1444 3439 1510 3480 ne
1538 3423 1739 3495 aliquid

152 3533 338 3590 contra
388 3523 550 3579 ﬁdem
598 3521 856 3578 Ecclesiae
902 3521 1062 3575 unius
1118 3519 1399 3592 tyrannica
1449 3519 1741 3574 auctoritas

149 3613 759 3684 moliretur.Propterea
789 3613 855 3667 ab
875 3612 1128 3667 omnibus
1148 3611 1594 3667 convenientibus
1617 3626 1742 3666 con-

145 3705 416 3770 stituitur,
445 3721 509 3760 ac
538 3721 643 3760 non
676 3705 873 3771 minus,
902 3720 1066 3775 quam
1096 3720 1126 3758 a
1156 3703 1329 3760 tribus
1357 3703 1740 3775 praesentibus,

147 3797 360 3852 caeteris
390 3802 569 3852 tamen
594 3796 1054 3852 consentientibus
1075 3795 1385 3851 testimonio
1409 3795 1734 3851 litterarum.

148 3889 284 3946 Huic
313 3899 519 3955 autem,
545 3892 668 3945 dum
691 3899 1063 3954 consecratur,
1090 3889 1252 3954 datur
1272 3889 1518 3956 baculus,
1543 3899 1601 3944 ut
1623 3888 1740 3960 ejus

150 3979 346 4037 indicio
376 3982 646 4040 subditam
677 3981 888 4054 plebem
919 3981 1002 4036 vel
1038 3989 1210 4054 regat,
1244 3983 1328 4037 vel
1358 3983 1619 4054 corrigat,
1651 3982 1737 4038 vel

152 4070 492 4128 inﬁrmitates
520 4073 859 4130 inﬁrmorum
889 4074 1174 4130 sustineat.
1205 4073 1374 4138 Datur
1399 4086 1454 4129 et
1481 4075 1733 4145 annulus,

152 4175 367 4238 prepter
395 4167 606 4239 signum
636 4167 961 4239 pontiﬁcalis
986 4167 1240 4233 honoris,
1271 4168 1356 4224 vel
1397 4170 1736 4238 signaculum

155 4265 504 4320 secretorum.
536 4257 671 4314 Nam
697 4259 865 4314 multa
892 4265 1037 4325 sunt,
1064 4275 1185 4329 quae
1215 4258 1511 4314 carnalium
1539 4261 1739 4316 minus-

156 4361 253 4417 que
282 4349 695 4427 intelligentium
735 4350 985 4405 sensibus
1021 4348 1359 4423 [mentibus]
1400 4349 1738 4408 occultantes

156 4440 479 4508 sacerdotes,
505 4441 658 4513 quasi
686 4441 786 4496 sub
815 4439 1094 4518 signaculo
1119 4440 1378 4505 condunt,
1402 4456 1470 4496 ne
1499 4442 1739 4514 indignis

157 4530 448 4602 quibusque
469 4539 810 4588 sacramenta
834 4531 928 4586 Dei
951 4531 1283 4604 aperiantur.
1300 4529 1420 4586 Jam
1441 4548 1570 4588 vero
1591 4533 1740 4602 quod

1767 3250 1893 3351 cii

1846 2058 1998 2097 aram
2025 2043 2120 2098 Dei
2147 2042 2376 2098 otl‘crant
2407 2043 2592 2115 (Levit.
2629 2062 2645 2099 ι
2678 2055 2727 2099 et
2759 2043 2856 2118 n);
2883 2046 3026 2117 quod
3051 2045 3228 2116 ipsum
3254 2053 3444 2120 postea

1845 2135 2196 2199 offerentibus
2227 2136 2602 2193 sacerdotibus
2636 2136 2803 2192 Israel
2837 2153 2935 2210 per
2968 2137 3293 2194 Malachiam
3335 2137 3441 2191 im-

1844 2230 2159 2302 properavit
2183 2229 2346 2296 Deus,
2378 2230 2566 2286 dicens
2592 2249 2604 2284 :
2654 2229 2760 2287 Vos
2798 2231 3098 2290 sacerdotes
3125 2231 3215 2303 qui
3239 2229 3438 2300 pollui-

1845 2325 1938 2379 stis
1968 2341 2155 2380 nomen
2184 2339 2374 2390 meum,
2402 2334 2450 2390 et
2480 2323 2723 2378 dixistis:
2755 2322 2821 2377 In
2852 2341 2953 2394 quo
2975 2322 3258 2394 polluimus
3282 2323 3445 2376 eum?

1848 2412 2137 2484 Olfcrentes
2166 2430 2323 2484 super
2351 2413 2521 2466 altare
2545 2430 2717 2469 meum
2748 2431 2934 2484 panem
2963 2412 3243 2484 pollutum,
3285 2421 3332 2465 et
3362 2409 3444 2480 of-

1849 2505 2097 2574 ferebatis
2142 2521 2337 2561 arcum
2368 2513 2415 2558 et
2445 2503 2759 2575 languidum
2789 2503 3048 2577 (Malae/1.
3092 2502 3152 2574 ι).
3205 2501 3358 2556 Unde
3389 2507 3445 2556 et

1846 2598 1902 2654 in
1933 2597 2187 2652 Numeris
2232 2595 2398 2650 vitula
2428 2595 2578 2662 rufa,
2618 2594 2774 2665 cujus
2802 2595 2942 2654 cinis
2968 2593 3204 2662 expiatio
3231 2600 3315 2648 est
3339 2607 3440 2662 po-

1845 2689 1984 2761 puli,
2008 2705 2114 2744 non
2143 2688 2302 2742 aliter
2322 2686 2547 2755 jubctur
2573 2685 2756 2741 offerri
2782 2687 2849 2741 ad
2881 2685 3051 2740 altare
3075 2684 3310 2751 Domini,
3336 2681 3442 2737 nisi

1847 2797 1968 2851 quae
1999 2789 2216 2835 terrena
2245 2793 2409 2850 opera
2434 2793 2541 2833 non
2573 2776 2782 2843 fecerit,
2801 2777 3101 2850 iugumque
3131 2773 3311 2830 delicti
3335 2787 3443 2828 non

1845 2873 2114 2941 traxerit,
2174 2887 2276 2930 nec
2329 2870 2560 2926 vinculis
2609 2877 2957 2940 peccatorum
3013 2866 3179 2926 fuerit
3228 2865 3443 2937 alligata

1845 2967 2037 3041 (Num.
2088 2962 2224 3034 xix).
2258 2962 2365 3019 Sed
2399 2962 2529 3033 quid
2572 2960 2730 3043 plura
2767 2959 3165 3029 subjiciamus?
3203 2955 3262 3012 Si
3295 2956 3442 3011 enim

1844 3059 1912 3123 is,
1944 3058 2034 3127 qui
2061 3057 2112 3110 in
2134 3055 2453 3125 episcopatu
2483 3051 2568 3109 vel
2595 3051 2940 3122 presbyterio
2961 3049 3187 3121 positus,
3213 3047 3443 3104 mortale

1844 3151 2060 3223 aliquod
2087 3159 2372 3224 peccatum
2402 3147 2703 3212 admiserit,
2739 3144 3066 3202 retrahitur:
3099 3152 3304 3215 quanto
3328 3158 3441 3198 ma—

1900 3267 1924 3305 s
1956 3257 2081 3302 ante
2126 3245 2524 3302 ordinationem
2564 3241 2838 3316 repudiari
2886 3249 3143 3312 peccator
3190 3239 3439 3295 inventus

1845 3343 2024 3409 debet,
2042 3349 2102 3398 ut
2117 3357 2223 3396 non
2241 3336 2557 3393 ordinetur?
2578 3335 2645 3408 [si
2666 3343 2921 3406 peccator
2937 3334 3191 3388 inventus
3210 3339 3314 3397 est,
3333 3346 3437 3384 non

1842 3433 2167 3506 ordinetur.]
2195 3432 2535 3502 Quapropter
2564 3429 2689 3499 quia
2723 3427 2806 3483 lex
2837 3434 3154 3500 peccatores
3191 3440 3221 3479 a
3251 3440 3435 3480 sacer-

1842 3535 1990 3590 dotio
2019 3541 2280 3599 removet,
2313 3533 2619 3592 consideret
2649 3546 2707 3586 se
2735 3527 3138 3600 unusquisque:
3171 3533 3228 3580 et
3257 3523 3437 3580 sciens

1842 3629 1969 3700 quia
2015 3635 2266 3699 potenter
2305 3626 2576 3699 [potentes
2606 3617 2879 3697 potenter]
2928 3629 3195 3680 tormenta
3226 3618 3422 3689 patien-

1841 3729 1951 3786 tur,
1975 3721 2219 3776 retrahat
2250 3736 2308 3777 se
2336 3720 2404 3776 ab
2435 3720 2536 3774 hoc
2558 3733 2665 3773 non
2697 3726 2803 3772 tam
2828 3716 3033 3771 honore
3062 3727 3225 3784 quam
3245 3725 3434 3778 onere,

1840 3824 1896 3870 et
1920 3813 2150 3868 aliorum
2182 3813 2272 3882 qui
2306 3811 2451 3883 digni
2489 3819 2649 3876 sunt,
2683 3809 2862 3864 locum
2896 3824 3004 3863 non
3041 3806 3247 3862 ambiat
3272 3819 3436 3860 occu-

1840 3921 1992 3976 pare.
2025 3903 2128 3971 Qui
2170 3904 2314 3959 enim
2361 3904 2414 3958 in
2461 3903 2770 3978 erudiendis
2801 3911 2964 3971 atque
2995 3899 3329 3956 instruendis
3367 3897 3434 3952 de

1839 3999 2040 4062 virtute
2064 3996 2277 4068 populis
2307 3996 2544 4066 praeerit,
2579 4009 2802 4051 necesse
2837 4003 2918 4050 est
2951 4000 3010 4048 ut
3038 3993 3094 4048 in
3123 3991 3308 4065 [Deest
3341 3986 3432 4061 in]

1839 4087 2090 4146 omnibus
2113 4096 2335 4143 sanctus
2372 4089 2470 4153 sit,
2503 4095 2559 4142 et
2586 4088 2640 4143 in
2673 4086 2821 4142 nullo
2862 4084 3305 4156 reprehensibilis
3336 4084 3432 4138 ha-

1838 4184 2053 4241 beatur.
2098 4183 2203 4252 Qui
2239 4184 2384 4238 enim
2418 4183 2583 4239 alium
2626 4184 2693 4238 de
2735 4181 2974 4252 peccatis
3013 4179 3209 4251 arguit,
3257 4179 3372 4249 ipse
3398 4193 3432 4234 a

1838 4283 2063 4346 peccato
2094 4275 2251 4330 debet
2278 4289 2398 4331 esse
2427 4274 2654 4332 alienus.
2705 4272 2841 4346 Nam
2886 4287 2992 4342 qua
3031 4271 3211 4327 fronte
3251 4267 3433 4338 subje-

1841 4375 1958 4426 ctos
2002 4381 2232 4438 arguere
2277 4367 2508 4438 poterit,
2553 4382 2676 4438 cum
2715 4364 2792 4422 illi
2822 4365 3006 4424 statim
3048 4363 3219 4434 possit
3247 4375 3431 4417 corre-

1853 4468 1965 4520 ltus
1993 4461 2284 4530 ingerere?
2320 4460 2460 4516 Ante
2499 4459 2633 4515 doce
2677 4467 2730 4514 te
2773 4473 2892 4532 quae
2937 4465 3083 4514 recta
3124 4463 3284 4522 sunt,
3317 4452 3429 4525 epis

1841 4537 2019 4625 'scope.
2051 4554 2392 4626 Quapropter
2415 4554 2505 4625 qui
2539 4553 2761 4626 negligit
2801 4561 2948 4612 recta
2977 4550 3184 4620 facere,
3217 4548 3428 4605 desinat

159 4621 433 4678 saeculares
460 4622 567 4676 viri
598 4637 939 4721 nequaquam
975 4622 1041 4721 ad
1081 4621 1444 4679 ministerium
1477 4624 1733 4688 Ecclesize
1758 4659 1812 4721 Β
1839 4621 1988 4706 racia
2035 4621 2460 4710 dgce;e.‘p,.iu's
2505 4621 2710 4719 quam“;
2753 4647 3106 4718 semetipsum
3153 4643 3428 4714 corrigere

159 4721 530 4778 assumantur,
580 4713 770 4768 eadem
803 4714 1097 4770 auctoritas
1143 4716 1434 4786 apostolica
1468 4719 1627 4776 docet
1677 4727 1732 4774 et

159 4804 312 4860 dicit:
355 4805 552 4860 Manus
578 4806 680 4858 cito
713 4805 905 4858 nemini
935 4806 1243 4874 imposueris
1281 4805 1342 4880 (1
1375 4805 1508 4861 Tim.
1542 4809 1629 4880 v).
1665 4809 1735 4872 Et

159 4893 343 4953 iterum
367 4917 380 4953 :
425 4897 555 4953 Non
582 4897 893 4967 neaphytum
921 4894 1084 4967 (Ibid.
1120 4894 1224 4965 ιιι),
1249 4914 1316 4950 ne
1348 4898 1399 4951 in
1424 4901 1730 4970 superbiam

160 4986 356 5056 elatus,
399 4997 556 5060 putet
597 5003 654 5044 se
705 5004 810 5043 non
858 4995 968 5041 tam
1014 4987 1372 5042 ministerium
1411 4989 1732 5046 humilitatis

159 5093 308 5150 quam
363 5079 893 5154 administrationem
945 5078 1217 5135 saecularis
1273 5082 1558 5150 potestatis
1606 5082 1731 5137 ade-

159 5180 332 5241 ptum;
373 5183 430 5231 et
471 5175 526 5229 in
571 5173 1076 5227 condemnationem
1115 5173 1399 5243 superbiae,
1435 5175 1576 5230 sicut
1610 5175 1728 5230 dia-

160 5262 322 5333 bolus,
351 5283 447 5338 per
475 5266 795 5336 iactantiam
824 5264 1125 5338 dejiciatur.
1155 5267 1432 5334 Quomodo
1459 5271 1602 5324 enim
1637 5287 1730 5326 va-

159 5351 279 5410 lebit
320 5333 594 5413 saecularis
630 5357 790 5413 homo
828 5333 1115 5411 sacerdotii
1151 5358 1518 5429 magisterium
1549 5364 1722 5417 adim-

161 5444 323 5512 plere,
378 5449 531 5518 cujus
576 5463 677 5503 nec
722 5445 954 5502 cilicium
999 5449 1206 5515 tenuit,
1246 5467 1344 5506 nec
1387 5453 1726 5524 disciplinam

163 5541 443 5606 cognovit?
481 5548 574 5606 aut
606 5540 734 5610 quid
786 5541 978 5595 docere
1027 5542 1257 5610 poterit,
1304 5560 1427 5599 eum
1474 5547 1588 5618 ipse
1620 5565 1730 5604 non

163 5626 441 5686 didicerit?
475 5631 627 5686 Nunc
656 5645 784 5685 vero
819 5647 958 5702 saepe
996 5632 1268 5687 cernimus
1299 5634 1560 5706 plurimos
1587 5643 1734 5698 ordi-

162 5721 425 5780 nationem
465 5727 660 5783 talibus
689 5724 906 5782 facere:
958 5738 1057 5782 nec
1105 5727 1308 5808 eligunt
1337 5734 1430 5805 qui
1477 5735 1733 5804 Ecclesiae

1839 4741 2019 4808 debet,
2048 4741 2137 4809 qui
2165 4740 2302 4796 alios
2323 4739 2390 4795 ad
2412 4739 2552 4796 bene
2576 4737 2861 4793 vivendum
2882 4749 3104 4792 monere
3129 4734 3328 4798 studet,
3353 4731 3429 4786 ita

1838 4841 1899 4888 ut
1929 4835 1982 4888 in
2004 4834 2255 4890 omnibus
2285 4832 2635 4901 semetipsum
2669 4829 2895 4891 formam
2926 4826 3140 4881 vivendi
3169 4825 3423 4894 praebeat,

1840 4934 2170 4994 cunctosque
2201 4925 2268 4980 ad
2296 4925 2499 4980 bonum
2529 4937 2665 4990 opus
2688 4929 2743 4976 et
2769 4918 3016 4976 doctrina
3043 4924 3098 4983 et
3119 4927 3283 4986 Opere
3302 4928 3428 4982 pro-

1837 5023 2013 5068 vocet.
2047 5014 2144 5069 Cui
2191 5012 2356 5068 etiam
2402 5009 2628 5066 scientia
2671 5008 3075 5080 Scripturarum
3119 5002 3426 5061 necessaria

1837 5111 1960 5159 est:
1996 5105 2121 5172 quia
2152 5104 2198 5160 si
2224 5102 2463 5172 episcopi
2498 5110 2704 5169 tantum
2733 5101 2805 5157 sit
2832 5109 3020 5164 sancta
3047 5100 3176 5164 vita,
3203 5095 3304 5151 sibi
3325 5094 3436 5150 soli'

1835 5200 2020 5264 potest
2042 5193 2299 5264 prodesse
2334 5193 2413 5248 sic
2441 5193 2647 5248 vivens.
2679 5192 2851 5258 Porro
2882 5193 2928 5246 si
2957 5201 3012 5246 et
3035 5188 3279 5245 doctrina
3311 5186 3424 5241 fue-

1837 5286 1912 5340 rit
1941 5284 2203 5349 cruditus,
2220 5292 2396 5356 potest
2423 5295 2648 5343 caeteros
2669 5302 2913 5358 quosque
2943 5287 3306 5351 instruere,et
3333 5278 3423 5336 do-

1831 5392 1954 5433 cere
1986 5391 2137 5444 suos,
2166 5387 2222 5434 et
2250 5380 2595 5437 adversarios
2623 5391 2984 5452 repercutere.
3015 5382 3116 5450 Qui
3146 5381 3249 5436 nisi
3279 5378 3424 5436 refu-

1839 5469 1935 5524 tati
1969 5467 2170 5526 fuerint
2200 5479 2362 5540 atque
2392 5472 2644 5538 convicti,
2667 5472 2822 5528 facile
2844 5482 3071 5544 possunt
3094 5475 3420 5545 simplicium

1835 5558 1998 5613 corda
2025 5569 2356 5630 pervertere.
2391 5560 2560 5632 Hujus
2585 5571 2765 5618 autem
2793 5578 2973 5619 sermo
3001 5563 3160 5620 debet
3188 5580 3309 5622 esse
3329 5581 3401 5637 pu

1835 5666 1964 5717 rus,
2012 5653 2239 5724 simplex
2281 5663 2336 5709 et
2363 5662 2606 5724 apertus,
2636 5654 2828 5726 plenus
2872 5657 3136 5730 gravitate
3164 5665 3220 5714 et
3250 5658 3421 5715 hone-

1839 5751 2001 5814 state,
2033 5747 2223 5818 plenus
2253 5748 2521 5821 suavitate
2544 5756 2601 5806 et
2627 5750 2824 5822 gratia,
2859 5759 3096 5816 tractans
3119 5751 3189 5810 de
3217 5758 3420 5824 myste-

227 5832 1872 5970 ᾗεῖἓῗιὶ⁸ιξ⁴¹ἒῖ⁴ἕι⁷ιέ¹νὶεέτῗὲἓὲ¹ἶεέἓξῗῗὲξὲσ’ξὲζτὲηἵῖῗιέῗιὶνέτθᾴί⁰⁸ί⁸
1897 5859 2083 5920 mh“
2143 5859 2504 5930 mm“,
2533 5870 2592 5920 ’ί
2651 5862 2934 5936 W
2981 5863 3143 5922 ιίιυδο
3191 5862 3418 5932 δοίητε

161 5903 422 5977 cpiscopus
450 5920 481 5964 α
510 5903 1022 5981 σοήιρίουῖῆᾶαιὶὺάδ
1048 5903 1298 5982 episcopis
1323 5903 1611 5976 crdinetu'r:
