  <div class='ocr_page' id='page_1' title='image "/cluster/home/n/w/nwhite01/storage/ocr_20150623/105/hvd.32044021109350/419.png"; bbox 0 0 4000 6468; ppageno 0'>
   <div class='ocr_carea' id='block_1_1' title="bbox 549 412 650 470">
    <p class='ocr_par' dir='ltr' id='par_1_1' title="bbox 549 412 650 470">
     <span class='ocr_line' id='line_1_1' title="bbox 549 412 650 470; baseline 0 -1"><span class='ocrx_word' id='word_1_1' title='bbox 549 412 650 470; x_wconf 74' lang='grc'><strong>851</strong></span> 
     </span>
    </p>
   </div>
   <div class='ocr_carea' id='block_1_2' title="bbox 1567 401 2816 468">
    <p class='ocr_par' dir='ltr' id='par_1_2' title="bbox 1567 401 2816 468">
     <span class='ocr_line' id='line_1_2' title="bbox 1567 401 2816 468; baseline -0.006 0"><span class='ocrx_word' id='word_1_2' title='bbox 1567 406 1970 468; x_wconf 72' lang='lat' dir='ltr'><strong>AMALARIUS</strong></span> <span class='ocrx_word' id='word_1_3' title='bbox 2004 403 2415 464; x_wconf 79' lang='lat' dir='ltr'><strong>PRESBYTER</strong></span> <span class='ocrx_word' id='word_1_4' title='bbox 2453 401 2816 464; x_wconf 83' lang='lat' dir='ltr'><strong>METENSIS.</strong></span> 
     </span>
    </p>
   </div>
   <div class='ocr_carea' id='block_1_3' title="bbox 3755 407 3848 464">
    <p class='ocr_par' dir='ltr' id='par_1_3' title="bbox 3755 407 3848 464">
     <span class='ocr_line' id='line_1_3' title="bbox 3755 407 3848 464; baseline 0 -1"><span class='ocrx_word' id='word_1_5' title='bbox 3755 407 3848 464; x_wconf 59' lang='lat'><strong>83</strong></span> 
     </span>
    </p>
   </div>
   <div class='ocr_carea' id='block_1_4' title="bbox 553 522 3849 601">
    <p class='ocr_par' dir='ltr' id='par_1_4' title="bbox 553 522 3849 601">
     <span class='ocr_line' id='line_1_4' title="bbox 553 522 3849 601; baseline -0 -14"><span class='ocrx_word' id='word_1_6' title='bbox 553 535 637 587; x_wconf 85' lang='lat' dir='ltr'><strong>rio</strong></span> <span class='ocrx_word' id='word_1_7' title='bbox 669 529 824 601; x_wconf 87' lang='lat' dir='ltr'><strong>legis,</strong></span> <span class='ocrx_word' id='word_1_8' title='bbox 853 528 920 584; x_wconf 92' lang='lat' dir='ltr'><strong>de</strong></span> <span class='ocrx_word' id='word_1_9' title='bbox 947 527 1196 585; x_wconf 79' lang='lat' dir='ltr'><strong>doctrina</strong></span> <span class='ocrx_word' id='word_1_10' title='bbox 1222 528 1345 584; x_wconf 80' lang='lat' dir='ltr'><strong>fidei</strong></span> <span class='ocrx_word' id='word_1_11' title='bbox 1367 569 1382 594; x_wconf 94' lang='lat'><strong>,</strong></span> <span class='ocrx_word' id='word_1_12' title='bbox 1424 526 1491 583; x_wconf 88' lang='lat' dir='ltr'><strong>de</strong></span> <span class='ocrx_word' id='word_1_13' title='bbox 1523 527 1724 581; x_wconf 80' lang='lat' dir='ltr'><strong>virtute</strong></span> <span class='ocrx_word' id='word_1_14' title='bbox 1761 524 2105 580; x_wconf 68' lang='lat' dir='ltr'><strong>continentur:</strong></span> <span class='ocrx_word' id='word_1_15' title='bbox 2124 565 2138 589; x_wconf 95' lang='lat'><strong>,</strong></span> <span class='ocrx_word' id='word_1_16' title='bbox 2157 526 2216 586; x_wconf 66' lang='grc' dir='ltr'>Α</span> <span class='ocrx_word' id='word_1_17' title='bbox 2243 523 2576 578; x_wconf 89' lang='lat' dir='ltr'><strong>damentum.</strong></span> <span class='ocrx_word' id='word_1_18' title='bbox 2607 523 2763 591; x_wconf 90' lang='lat' dir='ltr'><strong>Quod</strong></span> <span class='ocrx_word' id='word_1_19' title='bbox 2793 529 2976 579; x_wconf 80' lang='lat' dir='ltr'><strong>autem</strong></span> <span class='ocrx_word' id='word_1_20' title='bbox 3005 522 3104 588; x_wconf 90' lang='lat' dir='ltr'><strong>ait,</strong></span> <span class='ocrx_word' id='word_1_21' title='bbox 3131 529 3190 578; x_wconf 88' lang='lat' dir='ltr'><strong>ut</strong></span> <span class='ocrx_word' id='word_1_22' title='bbox 3218 541 3280 580; x_wconf 86' lang='lat' dir='ltr'><strong>ea</strong></span> <span class='ocrx_word' id='word_1_23' title='bbox 3305 540 3424 598; x_wconf 63' lang='lat' dir='ltr'><strong>quia</strong></span> <span class='ocrx_word' id='word_1_24' title='bbox 3449 527 3647 583; x_wconf 85' lang='lat' dir='ltr'><strong>desunt</strong></span> <span class='ocrx_word' id='word_1_25' title='bbox 3685 534 3849 587; x_wconf 84' lang='lat' dir='ltr'><strong>corri-</strong></span> 
     </span>
    </p>
   </div>
   <div class='ocr_carea' id='block_1_5' title="bbox 553 618 2146 692">
    <p class='ocr_par' dir='ltr' id='par_1_5' title="bbox 553 618 2146 692">
     <span class='ocr_line' id='line_1_5' title="bbox 553 618 2146 692; baseline -0.005 -13"><span class='ocrx_word' id='word_1_26' title='bbox 553 625 621 679; x_wconf 90' lang='lat' dir='ltr'><strong>de</strong></span> <span class='ocrx_word' id='word_1_27' title='bbox 647 621 930 692; x_wconf 81' lang='lat' dir='ltr'><strong>disciplina</strong></span> <span class='ocrx_word' id='word_1_28' title='bbox 957 620 1219 689; x_wconf 77' lang='lat' dir='ltr'><strong>justiti-.e:</strong></span> <span class='ocrx_word' id='word_1_29' title='bbox 1255 634 1694 688; x_wconf 88' lang='lat' dir='ltr'><strong>unumquemque</strong></span> <span class='ocrx_word' id='word_1_30' title='bbox 1717 619 1927 673; x_wconf 89' lang='lat' dir='ltr'><strong>diversa</strong></span> <span class='ocrx_word' id='word_1_31' title='bbox 1965 618 2146 671; x_wconf 77' lang='lat' dir='ltr'><strong>admo-</strong></span> 
     </span>
    </p>
   </div>
   <div class='ocr_carea' id='block_1_6' title="bbox 552 708 2142 783">
    <p class='ocr_par' dir='ltr' id='par_1_6' title="bbox 552 708 2142 783">
     <span class='ocr_line' id='line_1_6' title="bbox 552 708 2142 783; baseline -0.006 -11"><span class='ocrx_word' id='word_1_32' title='bbox 552 730 686 772; x_wconf 87' lang='lat' dir='ltr'><strong>nens</strong></span> <span class='ocrx_word' id='word_1_33' title='bbox 710 714 1109 775; x_wconf 78' lang='lat' dir='ltr'><strong>exhortatione,</strong></span> <span class='ocrx_word' id='word_1_34' title='bbox 1130 713 1282 781; x_wconf 90' lang='lat' dir='ltr'><strong>juxta</strong></span> <span class='ocrx_word' id='word_1_35' title='bbox 1317 713 1708 783; x_wconf 87' lang='lat' dir='ltr'><strong>professionem</strong></span> <span class='ocrx_word' id='word_1_36' title='bbox 1744 708 2142 782; x_wconf 89' lang='lat' dir='ltr'><strong>[professionis]</strong></span> 
     </span>
    </p>
   </div>
   <div class='ocr_carea' id='block_1_7' title="bbox 555 802 2140 877">
    <p class='ocr_par' dir='ltr' id='par_1_7' title="bbox 555 802 2140 877">
     <span class='ocr_line' id='line_1_7' title="bbox 555 802 2140 877; baseline -0.004 -15"><span class='ocrx_word' id='word_1_37' title='bbox 555 821 880 877; x_wconf 88' lang='lat' dir='ltr'><strong>morumque</strong></span> <span class='ocrx_word' id='word_1_38' title='bbox 905 805 1251 874; x_wconf 89' lang='lat' dir='ltr'><strong>qualitatem:</strong></span> <span class='ocrx_word' id='word_1_39' title='bbox 1288 803 1534 857; x_wconf 87' lang='lat' dir='ltr'><strong>videlicet</strong></span> <span class='ocrx_word' id='word_1_40' title='bbox 1556 812 1614 857; x_wconf 90' lang='lat' dir='ltr'><strong>ut</strong></span> <span class='ocrx_word' id='word_1_41' title='bbox 1636 812 1952 871; x_wconf 91' lang='lat' dir='ltr'><strong>pernoscat,</strong></span> <span class='ocrx_word' id='word_1_42' title='bbox 1991 802 2140 871; x_wconf 90' lang='lat' dir='ltr'><strong>quid,</strong></span> 
     </span>
    </p>
   </div>
   <div class='ocr_carea' id='block_1_8' title="bbox 553 892 2143 966">
    <p class='ocr_par' dir='ltr' id='par_1_8' title="bbox 553 892 2143 966">
     <span class='ocr_line' id='line_1_8' title="bbox 553 892 2143 966; baseline -0.004 -13"><span class='ocrx_word' id='word_1_43' title='bbox 553 899 664 962; x_wconf 90' lang='lat' dir='ltr'><strong>cui,</strong></span> <span class='ocrx_word' id='word_1_44' title='bbox 689 897 924 966; x_wconf 82' lang='lat' dir='ltr'><strong>quando,</strong></span> <span class='ocrx_word' id='word_1_45' title='bbox 953 895 1035 951; x_wconf 93' lang='lat' dir='ltr'><strong>vel</strong></span> <span class='ocrx_word' id='word_1_46' title='bbox 1065 899 1335 964; x_wconf 89' lang='lat' dir='ltr'><strong>quomodo</strong></span> <span class='ocrx_word' id='word_1_47' title='bbox 1368 892 1627 962; x_wconf 79' lang='lat' dir='ltr'><strong>proferat.</strong></span> <span class='ocrx_word' id='word_1_48' title='bbox 1654 893 1817 961; x_wconf 90' lang='lat' dir='ltr'><strong>Cujus</strong></span> <span class='ocrx_word' id='word_1_49' title='bbox 1845 909 1958 963; x_wconf 77' lang='lat' dir='ltr'><strong>pra:</strong></span> <span class='ocrx_word' id='word_1_50' title='bbox 1983 901 2143 947; x_wconf 68' lang='lat' dir='ltr'><strong>czete-</strong></span> 
     </span>
    </p>
   </div>
   <div class='ocr_carea' id='block_1_9' title="bbox 551 987 2142 1060">
    <p class='ocr_par' dir='ltr' id='par_1_9' title="bbox 551 987 2142 1060">
     <span class='ocr_line' id='line_1_9' title="bbox 551 987 2142 1060; baseline -0.004 -15"><span class='ocrx_word' id='word_1_51' title='bbox 551 991 627 1045; x_wconf 89' lang='lat' dir='ltr'><strong>ris</strong></span> <span class='ocrx_word' id='word_1_52' title='bbox 668 990 900 1060; x_wconf 88' lang='lat' dir='ltr'><strong>speciale</strong></span> <span class='ocrx_word' id='word_1_53' title='bbox 929 987 1160 1043; x_wconf 85' lang='lat' dir='ltr'><strong>oflicium</strong></span> <span class='ocrx_word' id='word_1_54' title='bbox 1203 997 1319 1052; x_wconf 89' lang='lat' dir='ltr'><strong>est,</strong></span> <span class='ocrx_word' id='word_1_55' title='bbox 1361 987 1670 1056; x_wconf 83' lang='lat' dir='ltr'><strong>Scripturas</strong></span> <span class='ocrx_word' id='word_1_56' title='bbox 1701 987 1892 1056; x_wconf 82' lang='lat' dir='ltr'><strong>legere,</strong></span> <span class='ocrx_word' id='word_1_57' title='bbox 1927 1001 2142 1056; x_wconf 90' lang='lat' dir='ltr'><strong>percur-</strong></span> 
     </span>
    </p>
   </div>
   <div class='ocr_carea' id='block_1_10' title="bbox 550 1078 2136 1148">
    <p class='ocr_par' dir='ltr' id='par_1_10' title="bbox 550 1078 2136 1148">
     <span class='ocr_line' id='line_1_10' title="bbox 550 1078 2136 1148; baseline -0.001 -13"><span class='ocrx_word' id='word_1_58' title='bbox 550 1095 676 1136; x_wconf 84' lang='lat' dir='ltr'><strong>rere</strong></span> <span class='ocrx_word' id='word_1_59' title='bbox 721 1095 978 1140; x_wconf 83' lang='lat' dir='ltr'><strong>canones,</strong></span> <span class='ocrx_word' id='word_1_60' title='bbox 1010 1078 1255 1148; x_wconf 88' lang='lat' dir='ltr'><strong>excmpla</strong></span> <span class='ocrx_word' id='word_1_61' title='bbox 1300 1088 1608 1132; x_wconf 90' lang='lat' dir='ltr'><strong>sanctorum</strong></span> <span class='ocrx_word' id='word_1_62' title='bbox 1641 1078 1862 1131; x_wconf 90' lang='lat' dir='ltr'><strong>imitari.</strong></span> <span class='ocrx_word' id='word_1_63' title='bbox 1897 1078 2136 1148; x_wconf 78' lang='lat' dir='ltr'><strong>Vigiliis,</strong></span> 
     </span>
    </p>
   </div>
   <div class='ocr_carea' id='block_1_11' title="bbox 547 1171 2138 1244">
    <p class='ocr_par' dir='ltr' id='par_1_11' title="bbox 547 1171 2138 1244">
     <span class='ocr_line' id='line_1_11' title="bbox 547 1171 2138 1244; baseline 0 -18"><span class='ocrx_word' id='word_1_64' title='bbox 547 1172 791 1244; x_wconf 87' lang='lat' dir='ltr'><strong>jejuniis,</strong></span> <span class='ocrx_word' id='word_1_65' title='bbox 823 1173 1159 1226; x_wconf 83' lang='lat' dir='ltr'><strong>orationibus</strong></span> <span class='ocrx_word' id='word_1_66' title='bbox 1190 1171 1542 1225; x_wconf 89' lang='lat' dir='ltr'><strong>incumbere:</strong></span> <span class='ocrx_word' id='word_1_67' title='bbox 1586 1185 1707 1226; x_wconf 90' lang='lat' dir='ltr'><strong>cum</strong></span> <span class='ocrx_word' id='word_1_68' title='bbox 1749 1171 2006 1224; x_wconf 78' lang='lat' dir='ltr'><strong>fratribus</strong></span> <span class='ocrx_word' id='word_1_69' title='bbox 2045 1172 2138 1226; x_wconf 89' lang='lat' dir='ltr'><strong>ha-</strong></span> 
     </span>
    </p>
   </div>
   <div class='ocr_carea' id='block_1_12' title="bbox 547 1262 2139 1334">
    <p class='ocr_par' dir='ltr' id='par_1_12' title="bbox 547 1262 2139 1334">
     <span class='ocr_line' id='line_1_12' title="bbox 547 1262 2139 1334; baseline -0.003 -14"><span class='ocrx_word' id='word_1_70' title='bbox 547 1267 677 1320; x_wconf 87' lang='lat' dir='ltr'><strong>bere</strong></span> <span class='ocrx_word' id='word_1_71' title='bbox 700 1280 910 1334; x_wconf 89' lang='lat' dir='ltr'><strong>pacem,</strong></span> <span class='ocrx_word' id='word_1_72' title='bbox 945 1278 1044 1317; x_wconf 91' lang='lat' dir='ltr'><strong>nec</strong></span> <span class='ocrx_word' id='word_1_73' title='bbox 1075 1277 1399 1332; x_wconf 89' lang='lat' dir='ltr'><strong>quemquam</strong></span> <span class='ocrx_word' id='word_1_74' title='bbox 1427 1278 1492 1316; x_wconf 88' lang='lat' dir='ltr'><strong>ex</strong></span> <span class='ocrx_word' id='word_1_75' title='bbox 1524 1263 1780 1316; x_wconf 91' lang='lat' dir='ltr'><strong>membris</strong></span> <span class='ocrx_word' id='word_1_76' title='bbox 1807 1263 1919 1317; x_wconf 90' lang='lat' dir='ltr'><strong>suis</strong></span> <span class='ocrx_word' id='word_1_77' title='bbox 1939 1262 2139 1316; x_wconf 89' lang='lat' dir='ltr'><strong>discer-</strong></span> 
     </span>
    </p>
   </div>
   <div class='ocr_carea' id='block_1_13' title="bbox 547 1353 2137 1428">
    <p class='ocr_par' dir='ltr' id='par_1_13' title="bbox 547 1353 2137 1428">
     <span class='ocr_line' id='line_1_13' title="bbox 547 1353 2137 1428; baseline -0.002 -17"><span class='ocrx_word' id='word_1_78' title='bbox 547 1372 694 1428; x_wconf 85' lang='lat' dir='ltr'><strong>pere.</strong></span> <span class='ocrx_word' id='word_1_79' title='bbox 728 1355 941 1410; x_wconf 87' lang='lat' dir='ltr'><strong>Nullum</strong></span> <span class='ocrx_word' id='word_1_80' title='bbox 970 1356 1248 1417; x_wconf 87' lang='lat' dir='ltr'><strong>damnare,</strong></span> <span class='ocrx_word' id='word_1_81' title='bbox 1291 1353 1396 1408; x_wconf 89' lang='lat' dir='ltr'><strong>nisi</strong></span> <span class='ocrx_word' id='word_1_82' title='bbox 1436 1353 1842 1423; x_wconf 88' lang='lat' dir='ltr'><strong>comprobatum</strong></span> <span class='ocrx_word' id='word_1_83' title='bbox 1874 1371 1884 1406; x_wconf 93' lang='lat'>:</span> <span class='ocrx_word' id='word_1_84' title='bbox 1931 1353 2137 1408; x_wconf 91' lang='lat' dir='ltr'><strong>nullum</strong></span> 
     </span>
    </p>
   </div>
   <div class='ocr_carea' id='block_1_14' title="bbox 545 1445 2136 1514">
    <p class='ocr_par' dir='ltr' id='par_1_14' title="bbox 545 1445 2136 1514">
     <span class='ocr_line' id='line_1_14' title="bbox 545 1445 2136 1514; baseline -0.003 -9"><span class='ocrx_word' id='word_1_85' title='bbox 545 1449 1034 1510; x_wconf 83' lang='lat' dir='ltr'><strong>excommunicare,</strong></span> <span class='ocrx_word' id='word_1_86' title='bbox 1069 1448 1172 1502; x_wconf 90' lang='lat' dir='ltr'><strong>nisi</strong></span> <span class='ocrx_word' id='word_1_87' title='bbox 1203 1447 1525 1502; x_wconf 90' lang='lat' dir='ltr'><strong>discussum.</strong></span> <span class='ocrx_word' id='word_1_88' title='bbox 1571 1446 1779 1514; x_wconf 82' lang='lat' dir='ltr'><strong>Quique</strong></span> <span class='ocrx_word' id='word_1_89' title='bbox 1812 1447 1883 1499; x_wconf 90' lang='lat' dir='ltr'><strong>ita</strong></span> <span class='ocrx_word' id='word_1_90' title='bbox 1916 1445 2136 1500; x_wconf 90' lang='lat' dir='ltr'><strong>humili-</strong></span> 
     </span>
    </p>
   </div>
   <div class='ocr_carea' id='block_1_15' title="bbox 545 1538 2136 1611">
    <p class='ocr_par' dir='ltr' id='par_1_15' title="bbox 545 1538 2136 1611">
     <span class='ocr_line' id='line_1_15' title="bbox 545 1538 2136 1611; baseline -0.003 -15"><span class='ocrx_word' id='word_1_91' title='bbox 545 1551 656 1597; x_wconf 87' lang='lat' dir='ltr'><strong>tate</strong></span> <span class='ocrx_word' id='word_1_92' title='bbox 698 1543 906 1611; x_wconf 90' lang='lat' dir='ltr'><strong>pariter</strong></span> <span class='ocrx_word' id='word_1_93' title='bbox 939 1549 993 1594; x_wconf 90' lang='lat' dir='ltr'><strong>ct</strong></span> <span class='ocrx_word' id='word_1_94' title='bbox 1023 1539 1350 1595; x_wconf 88' lang='lat' dir='ltr'><strong>auctoritate</strong></span> <span class='ocrx_word' id='word_1_95' title='bbox 1377 1538 1678 1609; x_wconf 71' lang='lat' dir='ltr'><strong>praestabit,</strong></span> <span class='ocrx_word' id='word_1_96' title='bbox 1710 1547 1770 1592; x_wconf 91' lang='lat' dir='ltr'><strong>ut</strong></span> <span class='ocrx_word' id='word_1_97' title='bbox 1799 1553 1898 1593; x_wconf 89' lang='lat' dir='ltr'><strong>nec</strong></span> <span class='ocrx_word' id='word_1_98' title='bbox 1925 1553 2023 1609; x_wconf 88' lang='lat' dir='ltr'><strong>per</strong></span> <span class='ocrx_word' id='word_1_99' title='bbox 2053 1539 2136 1592; x_wconf 86' lang='lat' dir='ltr'><strong>ni-</strong></span> 
     </span>
    </p>
   </div>
   <div class='ocr_carea' id='block_1_16' title="bbox 541 1631 2135 1697">
    <p class='ocr_par' dir='ltr' id='par_1_16' title="bbox 541 1631 2135 1697">
     <span class='ocr_line' id='line_1_16' title="bbox 541 1631 2135 1697; baseline -0.001 -8"><span class='ocrx_word' id='word_1_100' title='bbox 541 1635 708 1690; x_wconf 87' lang='lat' dir='ltr'><strong>miam</strong></span> <span class='ocrx_word' id='word_1_101' title='bbox 741 1633 1101 1688; x_wconf 66' lang='lat' dir='ltr'><strong>humilitatem</strong></span> <span class='ocrx_word' id='word_1_102' title='bbox 1142 1648 1316 1697; x_wconf 90' lang='lat' dir='ltr'><strong>suam,</strong></span> <span class='ocrx_word' id='word_1_103' title='bbox 1355 1631 1694 1686; x_wconf 87' lang='lat' dir='ltr'><strong>subditorum</strong></span> <span class='ocrx_word' id='word_1_104' title='bbox 1721 1632 1848 1686; x_wconf 86' lang='lat' dir='ltr'><strong>vitia</strong></span> <span class='ocrx_word' id='word_1_105' title='bbox 1887 1633 2135 1687; x_wconf 88' lang='lat' dir='ltr'><strong>convale-</strong></span> 
     </span>
    </p>
   </div>
   <div class='ocr_carea' id='block_1_17' title="bbox 541 1723 2132 1805">
    <p class='ocr_par' dir='ltr' id='par_1_17' title="bbox 541 1723 2132 1805">
     <span class='ocr_line' id='line_1_17' title="bbox 541 1723 2132 1805; baseline -0.002 -24"><span class='ocrx_word' id='word_1_106' title='bbox 541 1741 696 1781; x_wconf 88' lang='lat' dir='ltr'><strong>scere</strong></span> <span class='ocrx_word' id='word_1_107' title='bbox 745 1725 939 1790; x_wconf 84' lang='lat' dir='ltr'><strong>faciat;</strong></span> <span class='ocrx_word' id='word_1_108' title='bbox 982 1740 1091 1779; x_wconf 77' lang='lat' dir='ltr'><strong>stec</strong></span> <span class='ocrx_word' id='word_1_109' title='bbox 1145 1739 1243 1794; x_wconf 89' lang='lat' dir='ltr'><strong>per</strong></span> <span class='ocrx_word' id='word_1_110' title='bbox 1290 1723 1707 1778; x_wconf 82' lang='lat' dir='ltr'><strong>immoderatam</strong></span> <span class='ocrx_word' id='word_1_111' title='bbox 1755 1724 2132 1805; x_wconf 78' lang='lat' dir='ltr'><strong>auctoritatem</strong></span> 
     </span>
    </p>
   </div>
   <div class='ocr_carea' id='block_1_18' title="bbox 539 1815 2131 1888">
    <p class='ocr_par' dir='ltr' id='par_1_18' title="bbox 539 1815 2131 1888">
     <span class='ocr_line' id='line_1_18' title="bbox 539 1815 2131 1888; baseline -0.004 -13"><span class='ocrx_word' id='word_1_112' title='bbox 539 1819 848 1875; x_wconf 77' lang='lat' dir='ltr'><strong>severitatis</strong></span> <span class='ocrx_word' id='word_1_113' title='bbox 896 1825 1218 1888; x_wconf 87' lang='lat' dir='ltr'><strong>potestatem</strong></span> <span class='ocrx_word' id='word_1_114' title='bbox 1261 1825 1550 1871; x_wconf 84' lang='lat' dir='ltr'><strong>exerceat:</strong></span> <span class='ocrx_word' id='word_1_115' title='bbox 1589 1817 1682 1871; x_wconf 93' lang='lat' dir='ltr'><strong>sed</strong></span> <span class='ocrx_word' id='word_1_116' title='bbox 1731 1824 1884 1870; x_wconf 89' lang='lat' dir='ltr'><strong>tanto</strong></span> <span class='ocrx_word' id='word_1_117' title='bbox 1917 1815 2131 1870; x_wconf 87' lang='lat' dir='ltr'><strong>cautius</strong></span> 
     </span>
    </p>
   </div>
   <div class='ocr_carea' id='block_1_19' title="bbox 541 1906 2131 1982">
    <p class='ocr_par' dir='ltr' id='par_1_19' title="bbox 541 1906 2131 1982">
     <span class='ocr_line' id='line_1_19' title="bbox 541 1906 2131 1982; baseline -0.003 -15"><span class='ocrx_word' id='word_1_118' title='bbox 541 1927 668 1982; x_wconf 85' lang='lat' dir='ltr'><strong>erga</strong></span> <span class='ocrx_word' id='word_1_119' title='bbox 700 1911 800 1965; x_wconf 89' lang='lat' dir='ltr'><strong>sibi</strong></span> <span class='ocrx_word' id='word_1_120' title='bbox 833 1910 1153 1965; x_wconf 86' lang='lat' dir='ltr'><strong>commissos</strong></span> <span class='ocrx_word' id='word_1_121' title='bbox 1188 1917 1344 1978; x_wconf 83' lang='lat' dir='ltr'><strong>agat,</strong></span> <span class='ocrx_word' id='word_1_122' title='bbox 1389 1918 1594 1978; x_wconf 89' lang='lat' dir='ltr'><strong>quanto</strong></span> <span class='ocrx_word' id='word_1_123' title='bbox 1641 1908 1826 1962; x_wconf 86' lang='lat' dir='ltr'><strong>durius</strong></span> <span class='ocrx_word' id='word_1_124' title='bbox 1856 1923 1885 1960; x_wconf 90' lang='lat' dir='ltr'><strong>a</strong></span> <span class='ocrx_word' id='word_1_125' title='bbox 1914 1906 2131 1962; x_wconf 87' lang='lat' dir='ltr'><strong>Christo</strong></span> 
     </span>
    </p>
   </div>
   <div class='ocr_carea' id='block_1_20' title="bbox 538 1999 2131 2071">
    <p class='ocr_par' dir='ltr' id='par_1_20' title="bbox 538 1999 2131 2071">
     <span class='ocr_line' id='line_1_20' title="bbox 538 1999 2131 2071; baseline -0.003 -15"><span class='ocrx_word' id='word_1_126' title='bbox 538 2000 768 2071; x_wconf 80' lang='lat' dir='ltr'><strong>iudicari</strong></span> <span class='ocrx_word' id='word_1_127' title='bbox 813 2001 1086 2056; x_wconf 87' lang='lat' dir='ltr'><strong>formidat.</strong></span> <span class='ocrx_word' id='word_1_128' title='bbox 1141 1999 1368 2055; x_wconf 89' lang='lat' dir='ltr'><strong>Tenebit</strong></span> <span class='ocrx_word' id='word_1_129' title='bbox 1414 2015 1627 2070; x_wconf 91' lang='lat' dir='ltr'><strong>quoque</strong></span> <span class='ocrx_word' id='word_1_130' title='bbox 1656 1999 1801 2052; x_wconf 87' lang='lat' dir='ltr'><strong>illam</strong></span> <span class='ocrx_word' id='word_1_131' title='bbox 1833 1999 2131 2068; x_wconf 89' lang='lat' dir='ltr'><strong>superemi-</strong></span> 
     </span>
    </p>
   </div>
   <div class='ocr_carea' id='block_1_21' title="bbox 539 2090 2130 2166">
    <p class='ocr_par' dir='ltr' id='par_1_21' title="bbox 539 2090 2130 2166">
     <span class='ocr_line' id='line_1_21' title="bbox 539 2090 2130 2166; baseline -0.002 -18"><span class='ocrx_word' id='word_1_132' title='bbox 539 2103 758 2148; x_wconf 89' lang='lat' dir='ltr'><strong>nentem</strong></span> <span class='ocrx_word' id='word_1_133' title='bbox 791 2094 946 2166; x_wconf 85' lang='lat' dir='ltr'><strong>donis</strong></span> <span class='ocrx_word' id='word_1_134' title='bbox 972 2094 1224 2147; x_wconf 88' lang='lat' dir='ltr'><strong>omnibus</strong></span> <span class='ocrx_word' id='word_1_135' title='bbox 1262 2093 1582 2148; x_wconf 89' lang='lat' dir='ltr'><strong>charitatem</strong></span> <span class='ocrx_word' id='word_1_136' title='bbox 1604 2132 1618 2155; x_wconf 93' lang='lat'><strong>,</strong></span> <span class='ocrx_word' id='word_1_137' title='bbox 1671 2091 1786 2146; x_wconf 88' lang='lat' dir='ltr'><strong>sine</strong></span> <span class='ocrx_word' id='word_1_138' title='bbox 1825 2106 1926 2159; x_wconf 82' lang='lat' dir='ltr'><strong>qua</strong></span> <span class='ocrx_word' id='word_1_139' title='bbox 1953 2090 2130 2146; x_wconf 89' lang='lat' dir='ltr'><strong>omnis</strong></span> 
     </span>
    </p>
   </div>
   <div class='ocr_carea' id='block_1_22' title="bbox 539 2182 2130 2241">
    <p class='ocr_par' dir='ltr' id='par_1_22' title="bbox 539 2182 2130 2241">
     <span class='ocr_line' id='line_1_22' title="bbox 539 2182 2130 2241; baseline -0.002 0"><span class='ocrx_word' id='word_1_140' title='bbox 539 2187 714 2241; x_wconf 89' lang='lat' dir='ltr'><strong>virtus</strong></span> <span class='ocrx_word' id='word_1_141' title='bbox 743 2184 874 2239; x_wconf 89' lang='lat' dir='ltr'><strong>nihil</strong></span> <span class='ocrx_word' id='word_1_142' title='bbox 921 2191 1023 2238; x_wconf 92' lang='lat' dir='ltr'><strong>est.</strong></span> <span class='ocrx_word' id='word_1_143' title='bbox 1075 2183 1270 2238; x_wconf 85' lang='lat' dir='ltr'><strong>Custos</strong></span> <span class='ocrx_word' id='word_1_144' title='bbox 1309 2183 1452 2237; x_wconf 90' lang='lat' dir='ltr'><strong>enim</strong></span> <span class='ocrx_word' id='word_1_145' title='bbox 1505 2182 1839 2238; x_wconf 49' lang='lat' dir='ltr'><strong>sanctita‘is.</strong></span> <span class='ocrx_word' id='word_1_146' title='bbox 1891 2183 2130 2238; x_wconf 86' lang='lat' dir='ltr'><strong>eharitas</strong></span> 
     </span>
    </p>
   </div>
   <div class='ocr_carea' id='block_1_23' title="bbox 539 2274 2128 2343">
    <p class='ocr_par' dir='ltr' id='par_1_23' title="bbox 539 2274 2128 2343">
     <span class='ocr_line' id='line_1_23' title="bbox 539 2274 2128 2343; baseline -0.004 -9"><span class='ocrx_word' id='word_1_147' title='bbox 539 2287 660 2334; x_wconf 88' lang='lat' dir='ltr'><strong>est:</strong></span> <span class='ocrx_word' id='word_1_148' title='bbox 702 2278 851 2333; x_wconf 91' lang='lat' dir='ltr'><strong>locus</strong></span> <span class='ocrx_word' id='word_1_149' title='bbox 877 2287 1058 2331; x_wconf 88' lang='lat' dir='ltr'><strong>autem</strong></span> <span class='ocrx_word' id='word_1_150' title='bbox 1084 2275 1244 2343; x_wconf 91' lang='lat' dir='ltr'><strong>hujus</strong></span> <span class='ocrx_word' id='word_1_151' title='bbox 1277 2275 1536 2339; x_wconf 91' lang='lat' dir='ltr'><strong>custodis,</strong></span> <span class='ocrx_word' id='word_1_152' title='bbox 1576 2274 1854 2329; x_wconf 79' lang='lat' dir='ltr'><strong>humilitas</strong></span> <span class='ocrx_word' id='word_1_153' title='bbox 1891 2282 1992 2329; x_wconf 89' lang='lat' dir='ltr'><strong>est.</strong></span> <span class='ocrx_word' id='word_1_154' title='bbox 2025 2274 2128 2328; x_wconf 82' lang='lat' dir='ltr'><strong>lla-</strong></span> 
     </span>
    </p>
   </div>
   <div class='ocr_carea' id='block_1_24' title="bbox 537 2366 2130 2425">
    <p class='ocr_par' dir='ltr' id='par_1_24' title="bbox 537 2366 2130 2425">
     <span class='ocr_line' id='line_1_24' title="bbox 537 2366 2130 2425; baseline -0.004 0"><span class='ocrx_word' id='word_1_155' title='bbox 537 2369 687 2425; x_wconf 89' lang='lat' dir='ltr'><strong>bebit</strong></span> <span class='ocrx_word' id='word_1_156' title='bbox 716 2369 880 2423; x_wconf 90' lang='lat' dir='ltr'><strong>etiam</strong></span> <span class='ocrx_word' id='word_1_157' title='bbox 918 2369 1060 2422; x_wconf 91' lang='lat' dir='ltr'><strong>inter</strong></span> <span class='ocrx_word' id='word_1_158' title='bbox 1091 2368 1205 2422; x_wconf 74' lang='lat' dir='ltr'><strong>htec</strong></span> <span class='ocrx_word' id='word_1_159' title='bbox 1252 2367 1433 2421; x_wconf 88' lang='lat' dir='ltr'><strong>omnia</strong></span> <span class='ocrx_word' id='word_1_160' title='bbox 1483 2375 1538 2420; x_wconf 90' lang='lat' dir='ltr'><strong>et</strong></span> <span class='ocrx_word' id='word_1_161' title='bbox 1582 2366 1851 2420; x_wconf 79' lang='lat' dir='ltr'><strong>castitatis</strong></span> <span class='ocrx_word' id='word_1_162' title='bbox 1886 2367 2130 2421; x_wconf 83' lang='lat' dir='ltr'><strong>eminen-</strong></span> 
     </span>
    </p>
   </div>
   <div class='ocr_carea' id='block_1_25' title="bbox 537 2455 2126 2527">
    <p class='ocr_par' dir='ltr' id='par_1_25' title="bbox 537 2455 2126 2527">
     <span class='ocr_line' id='line_1_25' title="bbox 537 2455 2126 2527; baseline -0.003 -12"><span class='ocrx_word' id='word_1_163' title='bbox 537 2461 703 2526; x_wconf 86' lang='lat' dir='ltr'><strong>tiam,</strong></span> <span class='ocrx_word' id='word_1_164' title='bbox 754 2460 826 2514; x_wconf 90' lang='lat' dir='ltr'><strong>ita</strong></span> <span class='ocrx_word' id='word_1_165' title='bbox 878 2467 938 2513; x_wconf 82' lang='grc' dir='ltr'><strong>ιιι</strong></span> <span class='ocrx_word' id='word_1_166' title='bbox 983 2474 1136 2513; x_wconf 89' lang='lat' dir='ltr'><strong>mens</strong></span> <span class='ocrx_word' id='word_1_167' title='bbox 1165 2456 1366 2512; x_wconf 89' lang='lat' dir='ltr'><strong>Christi</strong></span> <span class='ocrx_word' id='word_1_168' title='bbox 1416 2472 1613 2527; x_wconf 88' lang='lat' dir='ltr'><strong>corpus</strong></span> <span class='ocrx_word' id='word_1_169' title='bbox 1661 2455 2006 2520; x_wconf 82' lang='lat' dir='ltr'><strong>confectura,</strong></span> <span class='ocrx_word' id='word_1_170' title='bbox 2059 2458 2126 2512; x_wconf 89' lang='lat' dir='ltr'><strong>ab</strong></span> 
     </span>
    </p>
   </div>
   <div class='ocr_carea' id='block_1_26' title="bbox 535 2549 2129 2621">
    <p class='ocr_par' dir='ltr' id='par_1_26' title="bbox 535 2549 2129 2621">
     <span class='ocr_line' id='line_1_26' title="bbox 535 2549 2129 2621; baseline -0.001 -14"><span class='ocrx_word' id='word_1_171' title='bbox 535 2552 683 2607; x_wconf 91' lang='lat' dir='ltr'><strong>omni</strong></span> <span class='ocrx_word' id='word_1_172' title='bbox 713 2552 1124 2621; x_wconf 91' lang='lat' dir='ltr'><strong>inquinamento</strong></span> <span class='ocrx_word' id='word_1_173' title='bbox 1149 2550 1330 2606; x_wconf 88' lang='lat' dir='ltr'><strong>carnis</strong></span> <span class='ocrx_word' id='word_1_174' title='bbox 1358 2551 1430 2604; x_wconf 89' lang='lat' dir='ltr'><strong>sit</strong></span> <span class='ocrx_word' id='word_1_175' title='bbox 1453 2551 1651 2604; x_wconf 73' lang='lat' dir='ltr'><strong>munda</strong></span> <span class='ocrx_word' id='word_1_176' title='bbox 1678 2561 1733 2604; x_wconf 89' lang='lat' dir='ltr'><strong>et</strong></span> <span class='ocrx_word' id='word_1_177' title='bbox 1758 2549 1945 2604; x_wconf 90' lang='lat' dir='ltr'><strong>libera.</strong></span> <span class='ocrx_word' id='word_1_178' title='bbox 1980 2550 2129 2606; x_wconf 85' lang='lat' dir='ltr'><strong>Inter</strong></span> 
     </span>
    </p>
   </div>
   <div class='ocr_carea' id='block_1_27' title="bbox 534 2645 2126 2715">
    <p class='ocr_par' dir='ltr' id='par_1_27' title="bbox 534 2645 2126 2715">
     <span class='ocr_line' id='line_1_27' title="bbox 534 2645 2126 2715; baseline -0.003 -14"><span class='ocrx_word' id='word_1_179' title='bbox 534 2645 654 2701; x_wconf 67' lang='lat' dir='ltr'><strong>hazc</strong></span> <span class='ocrx_word' id='word_1_180' title='bbox 687 2653 903 2715; x_wconf 84' lang='lat' dir='ltr'><strong>oportet</strong></span> <span class='ocrx_word' id='word_1_181' title='bbox 930 2661 1052 2699; x_wconf 91' lang='lat' dir='ltr'><strong>eum</strong></span> <span class='ocrx_word' id='word_1_182' title='bbox 1082 2645 1310 2700; x_wconf 90' lang='lat' dir='ltr'><strong>sollicita</strong></span> <span class='ocrx_word' id='word_1_183' title='bbox 1339 2645 1742 2714; x_wconf 88' lang='lat' dir='ltr'><strong>dispensatione</strong></span> <span class='ocrx_word' id='word_1_184' title='bbox 1781 2660 1966 2698; x_wconf 87' lang='lat' dir='ltr'><strong>curam</strong></span> <span class='ocrx_word' id='word_1_185' title='bbox 1993 2659 2126 2713; x_wconf 83' lang='lat' dir='ltr'><strong>pau-</strong></span> 
     </span>
    </p>
   </div>
   <div class='ocr_carea' id='block_1_28' title="bbox 533 2738 2126 2810">
    <p class='ocr_par' dir='ltr' id='par_1_28' title="bbox 533 2738 2126 2810">
     <span class='ocr_line' id='line_1_28' title="bbox 533 2738 2126 2810; baseline -0.002 -17"><span class='ocrx_word' id='word_1_186' title='bbox 533 2753 725 2810; x_wconf 86' lang='lat' dir='ltr'><strong>perum</strong></span> <span class='ocrx_word' id='word_1_187' title='bbox 749 2754 958 2810; x_wconf 87' lang='lat' dir='ltr'><strong>gerere,</strong></span> <span class='ocrx_word' id='word_1_188' title='bbox 985 2741 1291 2794; x_wconf 89' lang='lat' dir='ltr'><strong>esurientes</strong></span> <span class='ocrx_word' id='word_1_189' title='bbox 1310 2753 1551 2806; x_wconf 89' lang='lat' dir='ltr'><strong>pascere,</strong></span> <span class='ocrx_word' id='word_1_190' title='bbox 1571 2738 1771 2791; x_wconf 90' lang='lat' dir='ltr'><strong>vestire</strong></span> <span class='ocrx_word' id='word_1_191' title='bbox 1791 2738 1986 2801; x_wconf 88' lang='lat' dir='ltr'><strong>nudos,</strong></span> <span class='ocrx_word' id='word_1_192' title='bbox 2009 2752 2126 2790; x_wconf 91' lang='lat' dir='ltr'><strong>sus-</strong></span> 
     </span>
    </p>
   </div>
   <div class='ocr_carea' id='block_1_29' title="bbox 534 2829 2125 2901">
    <p class='ocr_par' dir='ltr' id='par_1_29' title="bbox 534 2829 2125 2901">
     <span class='ocr_line' id='line_1_29' title="bbox 534 2829 2125 2901; baseline -0.002 -14"><span class='ocrx_word' id='word_1_193' title='bbox 534 2832 747 2900; x_wconf 88' lang='lat' dir='ltr'><strong>scipere</strong></span> <span class='ocrx_word' id='word_1_194' title='bbox 791 2832 1136 2901; x_wconf 89' lang='lat' dir='ltr'><strong>peregrinos,</strong></span> <span class='ocrx_word' id='word_1_195' title='bbox 1190 2831 1436 2898; x_wconf 85' lang='lat' dir='ltr'><strong>captivos</strong></span> <span class='ocrx_word' id='word_1_196' title='bbox 1480 2830 1778 2892; x_wconf 83' lang='lat' dir='ltr'><strong>redimere,</strong></span> <span class='ocrx_word' id='word_1_197' title='bbox 1829 2829 2016 2882; x_wconf 86' lang='lat' dir='ltr'><strong>viduas</strong></span> <span class='ocrx_word' id='word_1_198' title='bbox 2061 2843 2125 2884; x_wconf 87' lang='lat' dir='ltr'><strong>ac</strong></span> 
     </span>
    </p>
   </div>
   <div class='ocr_carea' id='block_1_30' title="bbox 534 2920 2124 2990">
    <p class='ocr_par' dir='ltr' id='par_1_30' title="bbox 534 2920 2124 2990">
     <span class='ocr_line' id='line_1_30' title="bbox 534 2920 2124 2990; baseline 0.001 -18"><span class='ocrx_word' id='word_1_199' title='bbox 534 2920 767 2988; x_wconf 91' lang='lat' dir='ltr'><strong>pupillos</strong></span> <span class='ocrx_word' id='word_1_200' title='bbox 796 2921 955 2984; x_wconf 89' lang='lat' dir='ltr'><strong>tueri,</strong></span> <span class='ocrx_word' id='word_1_201' title='bbox 984 2921 1300 2990; x_wconf 80' lang='lat' dir='ltr'><strong>pervigilem</strong></span> <span class='ocrx_word' id='word_1_202' title='bbox 1326 2921 1380 2974; x_wconf 89' lang='lat' dir='ltr'><strong>in</strong></span> <span class='ocrx_word' id='word_1_203' title='bbox 1409 2923 1620 2975; x_wconf 89' lang='lat' dir='ltr'><strong>cunctis</strong></span> <span class='ocrx_word' id='word_1_204' title='bbox 1645 2920 1902 2974; x_wconf 52' lang='lat' dir='ltr'><strong>exhibere</strong></span> <span class='ocrx_word' id='word_1_205' title='bbox 1934 2935 2124 2974; x_wconf 90' lang='lat' dir='ltr'><strong>curam</strong></span> 
     </span>
    </p>
   </div>
   <div class='ocr_carea' id='block_1_31' title="bbox 531 3011 2122 3081">
    <p class='ocr_par' dir='ltr' id='par_1_31' title="bbox 531 3011 2122 3081">
     <span class='ocr_line' id='line_1_31' title="bbox 531 3011 2122 3081; baseline 0.001 -17"><span class='ocrx_word' id='word_1_206' title='bbox 531 3011 871 3081; x_wconf 80' lang='lat' dir='ltr'><strong>providentia</strong></span> <span class='ocrx_word' id='word_1_207' title='bbox 896 3019 952 3065; x_wconf 91' lang='lat' dir='ltr'><strong>et</strong></span> <span class='ocrx_word' id='word_1_208' title='bbox 979 3011 1362 3066; x_wconf 87' lang='lat' dir='ltr'><strong>distributione</strong></span> <span class='ocrx_word' id='word_1_209' title='bbox 1407 3013 1662 3067; x_wconf 91' lang='lat' dir='ltr'><strong>discreta.</strong></span> <span class='ocrx_word' id='word_1_210' title='bbox 1710 3011 1767 3065; x_wconf 91' lang='lat' dir='ltr'><strong>ln</strong></span> <span class='ocrx_word' id='word_1_211' title='bbox 1814 3027 1917 3080; x_wconf 71' lang='lat' dir='ltr'><strong>quo</strong></span> <span class='ocrx_word' id='word_1_212' title='bbox 1957 3012 2122 3066; x_wconf 89' lang='lat' dir='ltr'><strong>etiam</strong></span> 
     </span>
    </p>
   </div>
   <div class='ocr_carea' id='block_1_32' title="bbox 531 3101 2121 3173">
    <p class='ocr_par' dir='ltr' id='par_1_32' title="bbox 531 3101 2121 3173">
     <span class='ocr_line' id='line_1_32' title="bbox 531 3101 2121 3173; baseline 0.003 -18"><span class='ocrx_word' id='word_1_213' title='bbox 531 3110 587 3155; x_wconf 91' lang='lat' dir='ltr'><strong>et</strong></span> <span class='ocrx_word' id='word_1_214' title='bbox 616 3101 953 3170; x_wconf 83' lang='lat' dir='ltr'><strong>hospitalitas</strong></span> <span class='ocrx_word' id='word_1_215' title='bbox 984 3104 1058 3158; x_wconf 85' lang='lat' dir='ltr'><strong>ita</strong></span> <span class='ocrx_word' id='word_1_216' title='bbox 1089 3104 1194 3158; x_wconf 93' lang='lat' dir='ltr'><strong>erit</strong></span> <span class='ocrx_word' id='word_1_217' title='bbox 1224 3103 1494 3173; x_wconf 62' lang='lat' dir='ltr'><strong>praecipua</strong></span> <span class='ocrx_word' id='word_1_218' title='bbox 1514 3145 1527 3168; x_wconf 95' lang='lat'><strong>,</strong></span> <span class='ocrx_word' id='word_1_219' title='bbox 1558 3113 1618 3158; x_wconf 94' lang='lat' dir='ltr'><strong>ut</strong></span> <span class='ocrx_word' id='word_1_220' title='bbox 1655 3117 1842 3158; x_wconf 59' lang='lat' dir='ltr'><strong>omne;</strong></span> <span class='ocrx_word' id='word_1_221' title='bbox 1869 3120 1991 3158; x_wconf 93' lang='lat' dir='ltr'><strong>cum</strong></span> <span class='ocrx_word' id='word_1_222' title='bbox 2023 3105 2121 3159; x_wconf 90' lang='lat' dir='ltr'><strong>be-</strong></span> 
     </span>
    </p>
   </div>
   <div class='ocr_carea' id='block_1_33' title="bbox 532 3193 2122 3264">
    <p class='ocr_par' dir='ltr' id='par_1_33' title="bbox 532 3193 2122 3264">
     <span class='ocr_line' id='line_1_33' title="bbox 532 3193 2122 3264; baseline 0.002 -18"><span class='ocrx_word' id='word_1_223' title='bbox 532 3193 799 3264; x_wconf 84' lang='lat' dir='ltr'><strong>nignitate</strong></span> <span class='ocrx_word' id='word_1_224' title='bbox 829 3203 885 3249; x_wconf 90' lang='lat' dir='ltr'><strong>et</strong></span> <span class='ocrx_word' id='word_1_225' title='bbox 913 3195 1174 3251; x_wconf 83' lang='lat' dir='ltr'><strong>charitate</strong></span> <span class='ocrx_word' id='word_1_226' title='bbox 1205 3195 1478 3264; x_wconf 89' lang='lat' dir='ltr'><strong>suscipiat.</strong></span> <span class='ocrx_word' id='word_1_227' title='bbox 1511 3194 1565 3250; x_wconf 92' lang='lat' dir='ltr'><strong>Si</strong></span> <span class='ocrx_word' id='word_1_228' title='bbox 1607 3195 1751 3250; x_wconf 92' lang='lat' dir='ltr'><strong>enim</strong></span> <span class='ocrx_word' id='word_1_229' title='bbox 1774 3210 1963 3249; x_wconf 74' lang='lat' dir='ltr'><strong>omnes</strong></span> <span class='ocrx_word' id='word_1_230' title='bbox 1991 3193 2122 3250; x_wconf 82' lang='lat' dir='ltr'><strong>fide-</strong></span> 
     </span>
    </p>
   </div>
   <div class='ocr_carea' id='block_1_34' title="bbox 533 3283 2120 3358">
    <p class='ocr_par' dir='ltr' id='par_1_34' title="bbox 533 3283 2120 3358">
     <span class='ocr_line' id='line_1_34' title="bbox 533 3283 2120 3358; baseline 0.003 -21"><span class='ocrx_word' id='word_1_231' title='bbox 533 3283 612 3339; x_wconf 93' lang='lat' dir='ltr'><strong>les</strong></span> <span class='ocrx_word' id='word_1_232' title='bbox 641 3285 766 3339; x_wconf 91' lang='lat' dir='ltr'><strong>illud</strong></span> <span class='ocrx_word' id='word_1_233' title='bbox 798 3286 1165 3358; x_wconf 87' lang='lat' dir='ltr'><strong>evangelicum</strong></span> <span class='ocrx_word' id='word_1_234' title='bbox 1198 3287 1386 3342; x_wconf 90' lang='lat' dir='ltr'><strong>audire</strong></span> <span class='ocrx_word' id='word_1_235' title='bbox 1414 3288 1742 3351; x_wconf 90' lang='lat' dir='ltr'><strong>desiderant,</strong></span> <span class='ocrx_word' id='word_1_236' title='bbox 1776 3287 1977 3358; x_wconf 76' lang='lat' dir='ltr'><strong>Hospes</strong></span> <span class='ocrx_word' id='word_1_237' title='bbox 2011 3288 2120 3356; x_wconf 80' lang='lat' dir='ltr'><strong>fui,</strong></span> 
     </span>
    </p>
   </div>
   <div class='ocr_carea' id='block_1_35' title="bbox 533 3377 2126 3450">
    <p class='ocr_par' dir='ltr' id='par_1_35' title="bbox 533 3377 2126 3450">
     <span class='ocr_line' id='line_1_35' title="bbox 533 3377 2126 3450; baseline 0.003 -21"><span class='ocrx_word' id='word_1_238' title='bbox 533 3386 582 3429; x_wconf 86' lang='lat' dir='ltr'><strong>et</strong></span> <span class='ocrx_word' id='word_1_239' title='bbox 617 3379 915 3448; x_wconf 86' lang='lat' dir='ltr'><strong>suscepistis</strong></span> <span class='ocrx_word' id='word_1_240' title='bbox 946 3396 1026 3433; x_wconf 87' lang='lat' dir='ltr'><strong>me</strong></span> <span class='ocrx_word' id='word_1_241' title='bbox 1057 3377 1272 3450; x_wconf 82' lang='lat' dir='ltr'><strong>(Matth.</strong></span> <span class='ocrx_word' id='word_1_242' title='bbox 1306 3379 1458 3448; x_wconf 80' lang='lat' dir='ltr'><strong>xxv),</strong></span> <span class='ocrx_word' id='word_1_243' title='bbox 1489 3389 1692 3449; x_wconf 89' lang='lat' dir='ltr'><strong>quanto</strong></span> <span class='ocrx_word' id='word_1_244' title='bbox 1722 3381 1895 3444; x_wconf 42' lang='lat' dir='ltr'><strong>magis</strong></span> <span class='ocrx_word' id='word_1_245' title='bbox 1922 3379 2126 3449; x_wconf 86' lang='lat' dir='ltr'><strong>episco-</strong></span> 
     </span>
    </p>
   </div>
   <div class='ocr_carea' id='block_1_36' title="bbox 532 3466 2126 3538">
    <p class='ocr_par' dir='ltr' id='par_1_36' title="bbox 532 3466 2126 3538">
     <span class='ocr_line' id='line_1_36' title="bbox 532 3466 2126 3538; baseline 0.003 -18"><span class='ocrx_word' id='word_1_246' title='bbox 532 3483 654 3538; x_wconf 89' lang='lat' dir='ltr'><strong>pus,</strong></span> <span class='ocrx_word' id='word_1_247' title='bbox 699 3466 852 3535; x_wconf 81' lang='lat' dir='ltr'><strong>ctijus</strong></span> <span class='ocrx_word' id='word_1_248' title='bbox 893 3467 1251 3523; x_wconf 87' lang='lat' dir='ltr'><strong>diversorium</strong></span> <span class='ocrx_word' id='word_1_249' title='bbox 1276 3479 1596 3525; x_wconf 86' lang='lat' dir='ltr'><strong>cunctorum</strong></span> <span class='ocrx_word' id='word_1_250' title='bbox 1633 3469 1794 3524; x_wconf 89' lang='lat' dir='ltr'><strong>debet</strong></span> <span class='ocrx_word' id='word_1_251' title='bbox 1820 3484 1937 3524; x_wconf 75' lang='lat' dir='ltr'><strong>esse</strong></span> <span class='ocrx_word' id='word_1_252' title='bbox 1980 3483 2126 3524; x_wconf 90' lang='lat' dir='ltr'><strong>rece—</strong></span> 
     </span>
    </p>
   </div>
   <div class='ocr_carea' id='block_1_37' title="bbox 532 3559 2120 3630">
    <p class='ocr_par' dir='ltr' id='par_1_37' title="bbox 532 3559 2120 3630">
     <span class='ocr_line' id='line_1_37' title="bbox 532 3559 2120 3630; baseline 0.001 -17"><span class='ocrx_word' id='word_1_253' title='bbox 532 3559 852 3629; x_wconf 87' lang='lat' dir='ltr'><strong>ptaculum?</strong></span> <span class='ocrx_word' id='word_1_254' title='bbox 885 3559 1081 3616; x_wconf 88' lang='lat' dir='ltr'><strong>Laicus</strong></span> <span class='ocrx_word' id='word_1_255' title='bbox 1103 3561 1248 3622; x_wconf 90' lang='lat' dir='ltr'><strong>enim</strong></span> <span class='ocrx_word' id='word_1_256' title='bbox 1292 3577 1457 3614; x_wconf 91' lang='lat' dir='ltr'><strong>unum</strong></span> <span class='ocrx_word' id='word_1_257' title='bbox 1488 3571 1584 3615; x_wconf 92' lang='lat' dir='ltr'><strong>aut</strong></span> <span class='ocrx_word' id='word_1_258' title='bbox 1619 3561 1754 3615; x_wconf 92' lang='lat' dir='ltr'><strong>duos</strong></span> <span class='ocrx_word' id='word_1_259' title='bbox 1800 3559 2120 3630; x_wconf 90' lang='lat' dir='ltr'><strong>suscipiens,</strong></span> 
     </span>
    </p>
   </div>
   <div class='ocr_carea' id='block_1_38' title="bbox 533 3652 2126 3724">
    <p class='ocr_par' dir='ltr' id='par_1_38' title="bbox 533 3652 2126 3724">
     <span class='ocr_line' id='line_1_38' title="bbox 533 3652 2126 3724; baseline 0.001 -18"><span class='ocrx_word' id='word_1_260' title='bbox 533 3652 778 3720; x_wconf 88' lang='lat' dir='ltr'><strong>implebit</strong></span> <span class='ocrx_word' id='word_1_261' title='bbox 806 3653 1192 3722; x_wconf 84' lang='lat' dir='ltr'><strong>hospitalitatis</strong></span> <span class='ocrx_word' id='word_1_262' title='bbox 1229 3652 1502 3709; x_wconf 79' lang='lat' dir='ltr'><strong>cilicium:</strong></span> <span class='ocrx_word' id='word_1_263' title='bbox 1545 3653 1828 3724; x_wconf 84' lang='lat' dir='ltr'><strong>episcopus</strong></span> <span class='ocrx_word' id='word_1_264' title='bbox 1860 3653 1906 3707; x_wconf 89' lang='lat' dir='ltr'><strong>si</strong></span> <span class='ocrx_word' id='word_1_265' title='bbox 1933 3669 2126 3708; x_wconf 89' lang='lat' dir='ltr'><strong>omnes</strong></span> 
     </span>
    </p>
   </div>
   <div class='ocr_carea' id='block_1_39' title="bbox 531 3747 2124 3817">
    <p class='ocr_par' dir='ltr' id='par_1_39' title="bbox 531 3747 2124 3817">
     <span class='ocr_line' id='line_1_39' title="bbox 531 3747 2124 3817; baseline 0.003 -19"><span class='ocrx_word' id='word_1_266' title='bbox 531 3761 640 3799; x_wconf 88' lang='lat' dir='ltr'><strong>non</strong></span> <span class='ocrx_word' id='word_1_267' title='bbox 669 3747 952 3815; x_wconf 89' lang='lat' dir='ltr'><strong>receperit,</strong></span> <span class='ocrx_word' id='word_1_268' title='bbox 981 3747 1308 3802; x_wconf 87' lang='lat' dir='ltr'><strong>inhumanus</strong></span> <span class='ocrx_word' id='word_1_269' title='bbox 1333 3755 1436 3802; x_wconf 87' lang='lat' dir='ltr'><strong>est.</strong></span> <span class='ocrx_word' id='word_1_270' title='bbox 1468 3747 1526 3801; x_wconf 86' lang='lat' dir='ltr'><strong>In</strong></span> <span class='ocrx_word' id='word_1_271' title='bbox 1558 3747 1790 3817; x_wconf 84' lang='lat' dir='ltr'><strong>negotiis</strong></span> <span class='ocrx_word' id='word_1_272' title='bbox 1815 3755 1994 3802; x_wconf 92' lang='lat' dir='ltr'><strong>autem</strong></span> <span class='ocrx_word' id='word_1_273' title='bbox 2026 3762 2124 3802; x_wconf 64' lang='lat' dir='ltr'><strong>saa-</strong></span> 
     </span>
    </p>
   </div>
   <div class='ocr_carea' id='block_1_40' title="bbox 534 3835 2125 3906">
    <p class='ocr_par' dir='ltr' id='par_1_40' title="bbox 534 3835 2125 3906">
     <span class='ocr_line' id='line_1_40' title="bbox 534 3835 2125 3906; baseline 0.001 -16"><span class='ocrx_word' id='word_1_274' title='bbox 534 3835 808 3890; x_wconf 89' lang='lat' dir='ltr'><strong>cularibus</strong></span> <span class='ocrx_word' id='word_1_275' title='bbox 851 3837 1196 3902; x_wconf 87' lang='lat' dir='ltr'><strong>dirimendis,</strong></span> <span class='ocrx_word' id='word_1_276' title='bbox 1245 3846 1460 3906; x_wconf 91' lang='lat' dir='ltr'><strong>oportet</strong></span> <span class='ocrx_word' id='word_1_277' title='bbox 1490 3853 1612 3892; x_wconf 90' lang='lat' dir='ltr'><strong>eum</strong></span> <span class='ocrx_word' id='word_1_278' title='bbox 1658 3853 1879 3893; x_wconf 88' lang='lat' dir='ltr'><strong>causam</strong></span> <span class='ocrx_word' id='word_1_279' title='bbox 1928 3838 2125 3892; x_wconf 92' lang='lat' dir='ltr'><strong>merito</strong></span> 
     </span>
    </p>
   </div>
   <div class='ocr_carea' id='block_1_41' title="bbox 536 3925 2125 3998">
    <p class='ocr_par' dir='ltr' id='par_1_41' title="bbox 536 3925 2125 3998">
     <span class='ocr_line' id='line_1_41' title="bbox 536 3925 2125 3998; baseline 0.003 -20"><span class='ocrx_word' id='word_1_280' title='bbox 536 3925 870 3989; x_wconf 89' lang='lat' dir='ltr'><strong>discernere,</strong></span> <span class='ocrx_word' id='word_1_281' title='bbox 901 3942 1005 3979; x_wconf 92' lang='lat' dir='ltr'><strong>non</strong></span> <span class='ocrx_word' id='word_1_282' title='bbox 1031 3927 1221 3993; x_wconf 86' lang='lat' dir='ltr'><strong>gratia.</strong></span> <span class='ocrx_word' id='word_1_283' title='bbox 1253 3926 1437 3995; x_wconf 85' lang='lat' dir='ltr'><strong>Neque</strong></span> <span class='ocrx_word' id='word_1_284' title='bbox 1466 3929 1609 3982; x_wconf 89' lang='lat' dir='ltr'><strong>enim</strong></span> <span class='ocrx_word' id='word_1_285' title='bbox 1635 3929 1713 3983; x_wconf 90' lang='lat' dir='ltr'><strong>sic</strong></span> <span class='ocrx_word' id='word_1_286' title='bbox 1741 3929 1898 3982; x_wconf 88' lang='lat' dir='ltr'><strong>debet</strong></span> <span class='ocrx_word' id='word_1_287' title='bbox 1921 3929 2125 3998; x_wconf 85' lang='lat' dir='ltr'><strong>episeo-</strong></span> 
     </span>
    </p>
   </div>
   <div class='ocr_carea' id='block_1_42' title="bbox 534 4015 2125 4088">
    <p class='ocr_par' dir='ltr' id='par_1_42' title="bbox 534 4015 2125 4088">
     <span class='ocr_line' id='line_1_42' title="bbox 534 4015 2125 4088; baseline 0.005 -21"><span class='ocrx_word' id='word_1_288' title='bbox 534 4029 636 4083; x_wconf 91' lang='lat' dir='ltr'><strong>pus</strong></span> <span class='ocrx_word' id='word_1_289' title='bbox 675 4015 950 4084; x_wconf 90' lang='lat' dir='ltr'><strong>suscipere</strong></span> <span class='ocrx_word' id='word_1_290' title='bbox 979 4025 1272 4086; x_wconf 92' lang='lat' dir='ltr'><strong>potentem,</strong></span> <span class='ocrx_word' id='word_1_291' title='bbox 1312 4026 1371 4071; x_wconf 93' lang='lat' dir='ltr'><strong>ut</strong></span> <span class='ocrx_word' id='word_1_292' title='bbox 1405 4019 1690 4074; x_wconf 88' lang='lat' dir='ltr'><strong>contristet</strong></span> <span class='ocrx_word' id='word_1_293' title='bbox 1736 4029 1923 4074; x_wconf 88' lang='lat' dir='ltr'><strong>contra</strong></span> <span class='ocrx_word' id='word_1_294' title='bbox 1964 4019 2125 4088; x_wconf 83' lang='lat' dir='ltr'><strong>justi-</strong></span> 
     </span>
    </p>
   </div>
   <div class='ocr_carea' id='block_1_43' title="bbox 535 4106 2122 4179">
    <p class='ocr_par' dir='ltr' id='par_1_43' title="bbox 535 4106 2122 4179">
     <span class='ocr_line' id='line_1_43' title="bbox 535 4106 2122 4179; baseline 0.004 -21"><span class='ocrx_word' id='word_1_295' title='bbox 535 4106 666 4160; x_wconf 90' lang='lat' dir='ltr'><strong>tiam</strong></span> <span class='ocrx_word' id='word_1_296' title='bbox 695 4121 985 4176; x_wconf 89' lang='lat' dir='ltr'><strong>pauperem</strong></span> <span class='ocrx_word' id='word_1_297' title='bbox 1015 4125 1028 4160; x_wconf 89' lang='lat'><strong>:</strong></span> <span class='ocrx_word' id='word_1_298' title='bbox 1071 4123 1246 4176; x_wconf 91' lang='lat' dir='ltr'><strong>neque</strong></span> <span class='ocrx_word' id='word_1_299' title='bbox 1290 4125 1388 4179; x_wconf 91' lang='lat' dir='ltr'><strong>pro</strong></span> <span class='ocrx_word' id='word_1_300' title='bbox 1415 4123 1674 4178; x_wconf 88' lang='lat' dir='ltr'><strong>paupere,</strong></span> <span class='ocrx_word' id='word_1_301' title='bbox 1708 4108 1922 4164; x_wconf 89' lang='lat' dir='ltr'><strong>auferre</strong></span> <span class='ocrx_word' id='word_1_302' title='bbox 1959 4109 2122 4178; x_wconf 88' lang='lat' dir='ltr'><strong>justi-</strong></span> 
     </span>
    </p>
   </div>
   <div class='ocr_carea' id='block_1_44' title="bbox 535 4195 2122 4269">
    <p class='ocr_par' dir='ltr' id='par_1_44' title="bbox 535 4195 2122 4269">
     <span class='ocr_line' id='line_1_44' title="bbox 535 4195 2122 4269; baseline 0.005 -21"><span class='ocrx_word' id='word_1_303' title='bbox 535 4195 668 4250; x_wconf 86' lang='lat' dir='ltr'><strong>tiam</strong></span> <span class='ocrx_word' id='word_1_304' title='bbox 696 4211 726 4250; x_wconf 91' lang='lat' dir='ltr'><strong>a</strong></span> <span class='ocrx_word' id='word_1_305' title='bbox 758 4206 995 4267; x_wconf 88' lang='lat' dir='ltr'><strong>potente.</strong></span> <span class='ocrx_word' id='word_1_306' title='bbox 1024 4197 1142 4254; x_wconf 89' lang='lat' dir='ltr'><strong>Non</strong></span> <span class='ocrx_word' id='word_1_307' title='bbox 1172 4198 1424 4254; x_wconf 86' lang='lat' dir='ltr'><strong>defendat</strong></span> <span class='ocrx_word' id='word_1_308' title='bbox 1457 4199 1781 4269; x_wconf 88' lang='lat' dir='ltr'><strong>improbum,</strong></span> <span class='ocrx_word' id='word_1_309' title='bbox 1815 4217 1914 4255; x_wconf 92' lang='lat' dir='ltr'><strong>nec</strong></span> <span class='ocrx_word' id='word_1_310' title='bbox 1935 4211 2122 4256; x_wconf 90' lang='lat' dir='ltr'><strong>sancta</strong></span> 
     </span>
    </p>
   </div>
   <div class='ocr_carea' id='block_1_45' title="bbox 534 4287 2124 4364">
    <p class='ocr_par' dir='ltr' id='par_1_45' title="bbox 534 4287 2124 4364">
     <span class='ocr_line' id='line_1_45' title="bbox 534 4287 2124 4364; baseline 0.005 -22"><span class='ocrx_word' id='word_1_311' title='bbox 534 4287 754 4361; x_wconf 89' lang='lat' dir='ltr'><strong>indigno</strong></span> <span class='ocrx_word' id='word_1_312' title='bbox 788 4293 1174 4347; x_wconf 88' lang='lat' dir='ltr'><strong>committenda</strong></span> <span class='ocrx_word' id='word_1_313' title='bbox 1221 4294 1555 4348; x_wconf 89' lang='lat' dir='ltr'><strong>arbitretur:</strong></span> <span class='ocrx_word' id='word_1_314' title='bbox 1599 4308 1772 4362; x_wconf 87' lang='lat' dir='ltr'><strong>neque</strong></span> <span class='ocrx_word' id='word_1_315' title='bbox 1811 4304 2000 4364; x_wconf 79' lang='lat' dir='ltr'><strong>arguat</strong></span> <span class='ocrx_word' id='word_1_316' title='bbox 2031 4304 2124 4350; x_wconf 88' lang='lat' dir='ltr'><strong>attt</strong></span> 
     </span>
    </p>
   </div>
   <div class='ocr_carea' id='block_1_46' title="bbox 534 4382 2121 4456">
    <p class='ocr_par' dir='ltr' id='par_1_46' title="bbox 534 4382 2121 4456">
     <span class='ocr_line' id='line_1_46' title="bbox 534 4382 2121 4456; baseline 0.003 -20"><span class='ocrx_word' id='word_1_317' title='bbox 534 4382 835 4452; x_wconf 90' lang='lat' dir='ltr'><strong>impugnet,</strong></span> <span class='ocrx_word' id='word_1_318' title='bbox 866 4385 1018 4454; x_wconf 91' lang='lat' dir='ltr'><strong>cujus</strong></span> <span class='ocrx_word' id='word_1_319' title='bbox 1047 4385 1253 4439; x_wconf 90' lang='lat' dir='ltr'><strong>crimen</strong></span> <span class='ocrx_word' id='word_1_320' title='bbox 1295 4401 1403 4439; x_wconf 91' lang='lat' dir='ltr'><strong>non</strong></span> <span class='ocrx_word' id='word_1_321' title='bbox 1436 4385 1801 4454; x_wconf 71' lang='lat' dir='ltr'><strong>reprehendit.</strong></span> <span class='ocrx_word' id='word_1_322' title='bbox 1837 4386 1954 4440; x_wconf 87' lang='lat' dir='ltr'><strong>Erit</strong></span> <span class='ocrx_word' id='word_1_323' title='bbox 1987 4402 2121 4456; x_wconf 82' lang='lat' dir='ltr'><strong>quo-</strong></span> 
     </span>
    </p>
   </div>
   <div class='ocr_carea' id='block_1_47' title="bbox 535 4475 2122 4548">
    <p class='ocr_par' dir='ltr' id='par_1_47' title="bbox 535 4475 2122 4548">
     <span class='ocr_line' id='line_1_47' title="bbox 535 4475 2122 4548; baseline 0.003 -20"><span class='ocrx_word' id='word_1_324' title='bbox 535 4489 641 4543; x_wconf 92' lang='lat' dir='ltr'><strong>que</strong></span> <span class='ocrx_word' id='word_1_325' title='bbox 671 4476 746 4528; x_wconf 91' lang='lat' dir='ltr'><strong>illi</strong></span> <span class='ocrx_word' id='word_1_326' title='bbox 774 4475 936 4530; x_wconf 90' lang='lat' dir='ltr'><strong>etiam</strong></span> <span class='ocrx_word' id='word_1_327' title='bbox 963 4476 1117 4545; x_wconf 88' lang='lat' dir='ltr'><strong>juxta</strong></span> <span class='ocrx_word' id='word_1_328' title='bbox 1142 4477 1456 4548; x_wconf 80' lang='lat' dir='ltr'><strong>Apostolum</strong></span> <span class='ocrx_word' id='word_1_329' title='bbox 1496 4476 1871 4540; x_wconf 88' lang='lat' dir='ltr'><strong>mansuetudo,</strong></span> <span class='ocrx_word' id='word_1_330' title='bbox 1913 4478 2122 4546; x_wconf 89' lang='lat' dir='ltr'><strong>patien-</strong></span> 
     </span>
    </p>
   </div>
   <div class='ocr_carea' id='block_1_48' title="bbox 2245 616 3846 690">
    <p class='ocr_par' dir='ltr' id='par_1_48' title="bbox 2245 616 3846 690">
     <span class='ocr_line' id='line_1_48' title="bbox 2245 616 3846 690; baseline 0.005 -19"><span class='ocrx_word' id='word_1_331' title='bbox 2245 634 2338 689; x_wconf 88' lang='lat' dir='ltr'><strong>gas</strong></span> <span class='ocrx_word' id='word_1_332' title='bbox 2370 616 2604 689; x_wconf 85' lang='lat' dir='ltr'><strong>[deerant</strong></span> <span class='ocrx_word' id='word_1_333' title='bbox 2632 617 2936 685; x_wconf 86' lang='lat' dir='ltr'><strong>corrigeres,</strong></span> <span class='ocrx_word' id='word_1_334' title='bbox 2965 625 3020 670; x_wconf 89' lang='lat' dir='ltr'><strong>et</strong></span> <span class='ocrx_word' id='word_1_335' title='bbox 3047 616 3126 670; x_wconf 89' lang='lat' dir='ltr'><strong>sic</strong></span> <span class='ocrx_word' id='word_1_336' title='bbox 3147 616 3391 690; x_wconf 76' lang='lat' dir='ltr'><strong>ubique],</strong></span> <span class='ocrx_word' id='word_1_337' title='bbox 3426 620 3680 675; x_wconf 79' lang='lat' dir='ltr'><strong>ostendit</strong></span> <span class='ocrx_word' id='word_1_338' title='bbox 3725 639 3846 679; x_wconf 85' lang='lat' dir='ltr'><strong>nec-</strong></span> 
     </span>
    </p>
   </div>
   <div class='ocr_carea' id='block_1_49' title="bbox 2244 709 3847 778">
    <p class='ocr_par' dir='ltr' id='par_1_49' title="bbox 2244 709 3847 778">
     <span class='ocr_line' id='line_1_49' title="bbox 2244 709 3847 778; baseline 0.005 -13"><span class='ocrx_word' id='word_1_339' title='bbox 2244 713 2370 766; x_wconf 90' lang='lat' dir='ltr'><strong>dum</strong></span> <span class='ocrx_word' id='word_1_340' title='bbox 2406 725 2500 765; x_wconf 93' lang='lat' dir='ltr'><strong>eos</strong></span> <span class='ocrx_word' id='word_1_341' title='bbox 2530 712 2594 765; x_wconf 90' lang='lat' dir='ltr'><strong>ad</strong></span> <span class='ocrx_word' id='word_1_342' title='bbox 2628 709 2842 778; x_wconf 87' lang='lat' dir='ltr'><strong>plenam</strong></span> <span class='ocrx_word' id='word_1_343' title='bbox 2873 709 3089 765; x_wconf 86' lang='lat' dir='ltr'><strong>venisse</strong></span> <span class='ocrx_word' id='word_1_344' title='bbox 3133 712 3416 767; x_wconf 88' lang='lat' dir='ltr'><strong>scientiam</strong></span> <span class='ocrx_word' id='word_1_345' title='bbox 3443 715 3712 770; x_wconf 83' lang='lat' dir='ltr'><strong>veritatis</strong></span> <span class='ocrx_word' id='word_1_346' title='bbox 3743 736 3756 770; x_wconf 93' lang='lat'>:</span> <span class='ocrx_word' id='word_1_347' title='bbox 3798 730 3847 773; x_wconf 82' lang='lat' dir='ltr'><strong>et</strong></span> 
     </span>
    </p>
   </div>
   <div class='ocr_carea' id='block_1_50' title="bbox 2243 794 3844 872">
    <p class='ocr_par' dir='ltr' id='par_1_50' title="bbox 2243 794 3844 872">
     <span class='ocr_line' id='line_1_50' title="bbox 2243 794 3844 872; baseline 0.006 -15"><span class='ocrx_word' id='word_1_348' title='bbox 2243 804 2369 859; x_wconf 92' lang='lat' dir='ltr'><strong>licet</strong></span> <span class='ocrx_word' id='word_1_349' title='bbox 2409 815 2476 858; x_wconf 81' lang='lat' dir='ltr'><strong>an</strong></span> <span class='ocrx_word' id='word_1_350' title='bbox 2511 794 2756 872; x_wconf 85' lang='lat' dir='ltr'><strong>apostolo</strong></span> <span class='ocrx_word' id='word_1_351' title='bbox 2793 804 3024 858; x_wconf 89' lang='lat' dir='ltr'><strong>correcti</strong></span> <span class='ocrx_word' id='word_1_352' title='bbox 3069 803 3288 871; x_wconf 85' lang='lat' dir='ltr'><strong>fuerint,</strong></span> <span class='ocrx_word' id='word_1_353' title='bbox 3323 813 3506 861; x_wconf 89' lang='lat' dir='ltr'><strong>tamen</strong></span> <span class='ocrx_word' id='word_1_354' title='bbox 3544 808 3740 864; x_wconf 82' lang='lat' dir='ltr'><strong>adhuc</strong></span> <span class='ocrx_word' id='word_1_355' title='bbox 3773 812 3844 866; x_wconf 81' lang='lat' dir='ltr'><strong>ia-</strong></span> 
     </span>
    </p>
   </div>
   <div class='ocr_carea' id='block_1_51' title="bbox 2243 895 3843 972">
    <p class='ocr_par' dir='ltr' id='par_1_51' title="bbox 2243 895 3843 972">
     <span class='ocr_line' id='line_1_51' title="bbox 2243 895 3843 972; baseline 0.002 -20"><span class='ocrx_word' id='word_1_356' title='bbox 2243 899 2427 967; x_wconf 84' lang='lat' dir='ltr'><strong>digcre</strong></span> <span class='ocrx_word' id='word_1_357' title='bbox 2461 907 2820 952; x_wconf 89' lang='lat' dir='ltr'><strong>correcttone.</strong></span> <span class='ocrx_word' id='word_1_358' title='bbox 2851 895 2918 949; x_wconf 82' lang='lat' dir='ltr'><strong>Et</strong></span> <span class='ocrx_word' id='word_1_359' title='bbox 2945 897 3234 951; x_wconf 84' lang='lat' dir='ltr'><strong>constituas</strong></span> <span class='ocrx_word' id='word_1_360' title='bbox 3253 915 3345 968; x_wconf 89' lang='lat' dir='ltr'><strong>per</strong></span> <span class='ocrx_word' id='word_1_361' title='bbox 3373 900 3613 954; x_wconf 84' lang='lat' dir='ltr'><strong>civitates</strong></span> <span class='ocrx_word' id='word_1_362' title='bbox 3640 904 3843 972; x_wconf 52' lang='lat' dir='ltr'><strong>presby-</strong></span> 
     </span>
    </p>
   </div>
   <div class='ocr_carea' id='block_1_52' title="bbox 2242 987 3840 1063">
    <p class='ocr_par' dir='ltr' id='par_1_52' title="bbox 2242 987 3840 1063">
     <span class='ocr_line' id='line_1_52' title="bbox 2242 987 3840 1063; baseline 0.004 -20"><span class='ocrx_word' id='word_1_363' title='bbox 2242 999 2400 1053; x_wconf 87' lang='lat' dir='ltr'><strong>teros,</strong></span> <span class='ocrx_word' id='word_1_364' title='bbox 2443 991 2577 1042; x_wconf 86' lang='lat' dir='ltr'><strong>sicut</strong></span> <span class='ocrx_word' id='word_1_365' title='bbox 2618 999 2666 1042; x_wconf 88' lang='lat' dir='ltr'><strong>et</strong></span> <span class='ocrx_word' id='word_1_366' title='bbox 2706 1005 2798 1058; x_wconf 88' lang='lat' dir='ltr'><strong>ego</strong></span> <span class='ocrx_word' id='word_1_367' title='bbox 2837 987 2931 1042; x_wconf 85' lang='lat' dir='ltr'><strong>tibi</strong></span> <span class='ocrx_word' id='word_1_368' title='bbox 2967 988 3220 1058; x_wconf 83' lang='lat' dir='ltr'><strong>disposui.</strong></span> <span class='ocrx_word' id='word_1_369' title='bbox 3268 989 3570 1061; x_wconf 84' lang='lat' dir='ltr'><strong>Diligenter</strong></span> <span class='ocrx_word' id='word_1_370' title='bbox 3596 993 3840 1063; x_wconf 76' lang='lat' dir='ltr'><strong>Apostoli</strong></span> 
     </span>
    </p>
   </div>
   <div class='ocr_carea' id='block_1_53' title="bbox 2241 1076 3839 1152">
    <p class='ocr_par' dir='ltr' id='par_1_53' title="bbox 2241 1076 3839 1152">
     <span class='ocr_line' id='line_1_53' title="bbox 2241 1076 3839 1152; baseline 0.003 -20"><span class='ocrx_word' id='word_1_371' title='bbox 2241 1079 2584 1132; x_wconf 88' lang='lat' dir='ltr'><strong>at&#39;cndamns</strong></span> <span class='ocrx_word' id='word_1_372' title='bbox 2627 1077 2816 1141; x_wconf 90' lang='lat' dir='ltr'><strong>verba,</strong></span> <span class='ocrx_word' id='word_1_373' title='bbox 2861 1077 3128 1132; x_wconf 90' lang='lat' dir='ltr'><strong>dicentis:</strong></span> <span class='ocrx_word' id='word_1_374' title='bbox 3157 1076 3222 1131; x_wconf 89' lang='lat' dir='ltr'><strong>Ut</strong></span> <span class='ocrx_word' id='word_1_375' title='bbox 3265 1081 3561 1135; x_wconf 84' lang='lat' dir='ltr'><strong>constituas</strong></span> <span class='ocrx_word' id='word_1_376' title='bbox 3593 1099 3698 1152; x_wconf 82' lang='lat' dir='ltr'><strong>per</strong></span> <span class='ocrx_word' id='word_1_377' title='bbox 3725 1087 3839 1137; x_wconf 74' lang='lat' dir='ltr'><strong>ciri.</strong></span> 
     </span>
    </p>
   </div>
   <div class='ocr_carea' id='block_1_54' title="bbox 2239 1169 3839 1245">
    <p class='ocr_par' dir='ltr' id='par_1_54' title="bbox 2239 1169 3839 1245">
     <span class='ocr_line' id='line_1_54' title="bbox 2239 1169 3839 1245; baseline 0.007 -23"><span class='ocrx_word' id='word_1_378' title='bbox 2239 1179 2372 1224; x_wconf 85' lang='lat' dir='ltr'><strong>tates</strong></span> <span class='ocrx_word' id='word_1_379' title='bbox 2395 1170 2744 1239; x_wconf 78' lang='lat' dir='ltr'><strong>presbyteros,</strong></span> <span class='ocrx_word' id='word_1_380' title='bbox 2771 1169 2904 1223; x_wconf 88' lang='lat' dir='ltr'><strong>sicut</strong></span> <span class='ocrx_word' id='word_1_381' title='bbox 2935 1180 2982 1224; x_wconf 89' lang='lat' dir='ltr'><strong>et</strong></span> <span class='ocrx_word' id='word_1_382' title='bbox 3007 1187 3098 1240; x_wconf 88' lang='lat' dir='ltr'><strong>ego</strong></span> <span class='ocrx_word' id='word_1_383' title='bbox 3131 1171 3222 1224; x_wconf 83' lang='lat' dir='ltr'><strong>tibi</strong></span> <span class='ocrx_word' id='word_1_384' title='bbox 3247 1173 3506 1242; x_wconf 85' lang='lat' dir='ltr'><strong>disposui.</strong></span> <span class='ocrx_word' id='word_1_385' title='bbox 3539 1175 3648 1240; x_wconf 83' lang='lat' dir='ltr'><strong>Qui</strong></span> <span class='ocrx_word' id='word_1_386' title='bbox 3678 1178 3839 1245; x_wconf 84' lang='lat' dir='ltr'><strong>qualis</strong></span> 
     </span>
    </p>
   </div>
   <div class='ocr_carea' id='block_1_55' title="bbox 2239 1261 3836 1335">
    <p class='ocr_par' dir='ltr' id='par_1_55' title="bbox 2239 1261 3836 1335">
     <span class='ocr_line' id='line_1_55' title="bbox 2239 1261 3836 1335; baseline 0.008 -20"><span class='ocrx_word' id='word_1_387' title='bbox 2239 1261 2527 1332; x_wconf 83' lang='lat' dir='ltr'><strong>presbyter</strong></span> <span class='ocrx_word' id='word_1_388' title='bbox 2571 1261 2765 1316; x_wconf 89' lang='lat' dir='ltr'><strong>debeat</strong></span> <span class='ocrx_word' id='word_1_389' title='bbox 2793 1261 3058 1327; x_wconf 88' lang='lat' dir='ltr'><strong>ordinari,</strong></span> <span class='ocrx_word' id='word_1_390' title='bbox 3089 1263 3142 1317; x_wconf 93' lang='lat' dir='ltr'><strong>in</strong></span> <span class='ocrx_word' id='word_1_391' title='bbox 3174 1269 3647 1335; x_wconf 86' lang='lat' dir='ltr'><strong>consequentibus</strong></span> <span class='ocrx_word' id='word_1_392' title='bbox 3683 1273 3836 1327; x_wconf 72' lang='lat' dir='ltr'><strong>disse.-</strong></span> 
     </span>
    </p>
   </div>
   <div class='ocr_carea' id='block_1_56' title="bbox 2239 1352 3831 1424">
    <p class='ocr_par' dir='ltr' id='par_1_56' title="bbox 2239 1352 3831 1424">
     <span class='ocr_line' id='line_1_56' title="bbox 2239 1352 3831 1424; baseline 0.008 -18"><span class='ocrx_word' id='word_1_393' title='bbox 2239 1367 2385 1417; x_wconf 88' lang='lat' dir='ltr'><strong>rens,</strong></span> <span class='ocrx_word' id='word_1_394' title='bbox 2426 1353 2529 1407; x_wconf 88' lang='lat' dir='ltr'><strong>hoc</strong></span> <span class='ocrx_word' id='word_1_395' title='bbox 2558 1353 2634 1408; x_wconf 88' lang='lat' dir='ltr'><strong>ait</strong></span> <span class='ocrx_word' id='word_1_396' title='bbox 2658 1375 2673 1407; x_wconf 88' lang='lat'><strong>;</strong></span> <span class='ocrx_word' id='word_1_397' title='bbox 2699 1352 2758 1408; x_wconf 90' lang='lat' dir='ltr'><strong>Si</strong></span> <span class='ocrx_word' id='word_1_398' title='bbox 2792 1355 2908 1424; x_wconf 83' lang='lat' dir='ltr'><strong>quis</strong></span> <span class='ocrx_word' id='word_1_399' title='bbox 2941 1357 3054 1409; x_wconf 87' lang='lat' dir='ltr'><strong>sine</strong></span> <span class='ocrx_word' id='word_1_400' title='bbox 3087 1359 3305 1412; x_wconf 84' lang='lat' dir='ltr'><strong>crimine</strong></span> <span class='ocrx_word' id='word_1_401' title='bbox 3339 1370 3437 1422; x_wconf 86' lang='lat' dir='ltr'><strong>est,</strong></span> <span class='ocrx_word' id='word_1_402' title='bbox 3475 1364 3638 1416; x_wconf 83' lang='lat' dir='ltr'><strong>unius</strong></span> <span class='ocrx_word' id='word_1_403' title='bbox 3668 1369 3831 1420; x_wconf 74' lang='lat' dir='ltr'><strong>uxoris</strong></span> 
     </span>
    </p>
   </div>
   <div class='ocr_carea' id='block_1_57' title="bbox 2236 1445 3831 1527">
    <p class='ocr_par' dir='ltr' id='par_1_57' title="bbox 2236 1445 3831 1527">
     <span class='ocr_line' id='line_1_57' title="bbox 2236 1445 3831 1527; baseline 0.009 -30"><span class='ocrx_word' id='word_1_404' title='bbox 2236 1445 2338 1509; x_wconf 85' lang='lat' dir='ltr'><strong>vir,</strong></span> <span class='ocrx_word' id='word_1_405' title='bbox 2379 1453 2486 1499; x_wconf 85' lang='lat' dir='ltr'><strong>etc.</strong></span> <span class='ocrx_word' id='word_1_406' title='bbox 2555 1445 2758 1516; x_wconf 74' lang='lat' dir='ltr'><strong>Postea</strong></span> <span class='ocrx_word' id='word_1_407' title='bbox 2804 1447 2985 1502; x_wconf 86' lang='lat' dir='ltr'><strong>intulit</strong></span> <span class='ocrx_word' id='word_1_408' title='bbox 3023 1467 3036 1502; x_wconf 89' lang='lat'><strong>:</strong></span> <span class='ocrx_word' id='word_1_409' title='bbox 3082 1448 3294 1519; x_wconf 82' lang='lat' dir='ltr'><strong>Oportet</strong></span> <span class='ocrx_word' id='word_1_410' title='bbox 3342 1455 3481 1506; x_wconf 87' lang='lat' dir='ltr'><strong>enim</strong></span> <span class='ocrx_word' id='word_1_411' title='bbox 3543 1458 3831 1527; x_wconf 72' lang='lat' dir='ltr'><strong>episcopus</strong></span> 
     </span>
    </p>
   </div>
   <div class='ocr_carea' id='block_1_58' title="bbox 2236 1528 3828 1610">
    <p class='ocr_par' dir='ltr' id='par_1_58' title="bbox 2236 1528 3828 1610">
     <span class='ocr_line' id='line_1_58' title="bbox 2236 1528 3828 1610; baseline 0.009 -22"><span class='ocrx_word' id='word_1_412' title='bbox 2236 1535 2348 1589; x_wconf 86' lang='lat' dir='ltr'><strong>sine</strong></span> <span class='ocrx_word' id='word_1_413' title='bbox 2384 1536 2601 1590; x_wconf 86' lang='lat' dir='ltr'><strong>crimine</strong></span> <span class='ocrx_word' id='word_1_414' title='bbox 2633 1528 3049 1610; x_wconf 12' lang='lat' dir='ltr'><strong>esse.vtanquam</strong></span> <span class='ocrx_word' id='word_1_415' title='bbox 3082 1538 3179 1593; x_wconf 90' lang='lat' dir='ltr'><strong>Dei</strong></span> <span class='ocrx_word' id='word_1_416' title='bbox 3221 1541 3669 1610; x_wconf 77' lang='lat' dir='ltr'><strong>dispensatorem.</strong></span> <span class='ocrx_word' id='word_1_417' title='bbox 3704 1547 3828 1602; x_wconf 81' lang='lat' dir='ltr'><strong>Idem</strong></span> 
     </span>
    </p>
   </div>
   <div class='ocr_carea' id='block_1_59' title="bbox 2235 1628 3829 1708">
    <p class='ocr_par' dir='ltr' id='par_1_59' title="bbox 2235 1628 3829 1708">
     <span class='ocr_line' id='line_1_59' title="bbox 2235 1628 3829 1708; baseline 0.009 -29"><span class='ocrx_word' id='word_1_418' title='bbox 2235 1638 2366 1693; x_wconf 80' lang='lat' dir='ltr'><strong>ergo</strong></span> <span class='ocrx_word' id='word_1_419' title='bbox 2391 1634 2474 1680; x_wconf 89' lang='lat' dir='ltr'><strong>est</strong></span> <span class='ocrx_word' id='word_1_420' title='bbox 2497 1628 2805 1699; x_wconf 89' lang='lat' dir='ltr'><strong>presbyter,</strong></span> <span class='ocrx_word' id='word_1_421' title='bbox 2837 1629 2928 1698; x_wconf 92' lang='lat' dir='ltr'><strong>qui</strong></span> <span class='ocrx_word' id='word_1_422' title='bbox 2962 1628 3061 1700; x_wconf 60' lang='lat' dir='ltr'><strong>[et]</strong></span> <span class='ocrx_word' id='word_1_423' title='bbox 3099 1633 3405 1702; x_wconf 86' lang='lat' dir='ltr'><strong>episeopus.</strong></span> <span class='ocrx_word' id='word_1_424' title='bbox 3443 1635 3510 1689; x_wconf 85' lang='lat' dir='ltr'><strong>Et</strong></span> <span class='ocrx_word' id='word_1_425' title='bbox 3550 1647 3829 1708; x_wconf 82' lang='lat' dir='ltr'><strong>antequam</strong></span> 
     </span>
    </p>
   </div>
   <div class='ocr_carea' id='block_1_60' title="bbox 2236 1711 3828 1796">
    <p class='ocr_par' dir='ltr' id='par_1_60' title="bbox 2236 1711 3828 1796">
     <span class='ocr_line' id='line_1_60' title="bbox 2236 1711 3828 1796; baseline 0.013 -31"><span class='ocrx_word' id='word_1_426' title='bbox 2236 1711 2438 1767; x_wconf 90' lang='lat' dir='ltr'><strong>diaboli</strong></span> <span class='ocrx_word' id='word_1_427' title='bbox 2489 1715 2748 1771; x_wconf 90' lang='lat' dir='ltr'><strong>instinctu</strong></span> <span class='ocrx_word' id='word_1_428' title='bbox 2775 1717 2974 1796; x_wconf 86' lang='lat' dir='ltr'><strong>_studia</strong></span> <span class='ocrx_word' id='word_1_429' title='bbox 3017 1729 3072 1774; x_wconf 92' lang='lat' dir='ltr'><strong>et</strong></span> <span class='ocrx_word' id='word_1_430' title='bbox 3117 1722 3412 1776; x_wconf 87' lang='lat' dir='ltr'><strong>schismata</strong></span> <span class='ocrx_word' id='word_1_431' title='bbox 3466 1724 3636 1796; x_wconf 77' lang='lat' dir='ltr'><strong>[deest</strong></span> <span class='ocrx_word' id='word_1_432' title='bbox 3675 1730 3828 1784; x_wconf 85' lang='lat' dir='ltr'><strong>schis-</strong></span> 
     </span>
    </p>
   </div>
   <div class='ocr_carea' id='block_1_61' title="bbox 2238 1805 3823 1892">
    <p class='ocr_par' dir='ltr' id='par_1_61' title="bbox 2238 1805 3823 1892">
     <span class='ocr_line' id='line_1_61' title="bbox 2238 1805 3823 1892; baseline 0.011 -32"><span class='ocrx_word' id='word_1_433' title='bbox 2238 1805 2412 1879; x_wconf 89' lang='lat' dir='ltr'><strong>mata]</strong></span> <span class='ocrx_word' id='word_1_434' title='bbox 2449 1808 2499 1862; x_wconf 91' lang='lat' dir='ltr'><strong>in</strong></span> <span class='ocrx_word' id='word_1_435' title='bbox 2536 1810 2798 1880; x_wconf 87' lang='lat' dir='ltr'><strong>religione</strong></span> <span class='ocrx_word' id='word_1_436' title='bbox 2839 1811 3054 1879; x_wconf 84' lang='lat' dir='ltr'><strong>ﬁerent,</strong></span> <span class='ocrx_word' id='word_1_437' title='bbox 3095 1829 3160 1868; x_wconf 89' lang='lat' dir='ltr'><strong>ac</strong></span> <span class='ocrx_word' id='word_1_438' title='bbox 3194 1815 3472 1872; x_wconf 84' lang='lat' dir='ltr'><strong>diceretur</strong></span> <span class='ocrx_word' id='word_1_439' title='bbox 3515 1820 3572 1874; x_wconf 90' lang='lat' dir='ltr'><strong>in</strong></span> <span class='ocrx_word' id='word_1_440' title='bbox 3607 1823 3823 1892; x_wconf 86' lang='lat' dir='ltr'><strong>populis,</strong></span> 
     </span>
    </p>
   </div>
   <div class='ocr_carea' id='block_1_62' title="bbox 2165 1891 3825 1980">
    <p class='ocr_par' dir='ltr' id='par_1_62' title="bbox 2165 1891 3825 1980">
     <span class='ocr_line' id='line_1_62' title="bbox 2165 1891 3825 1980; baseline 0.011 -29"><span class='ocrx_word' id='word_1_441' title='bbox 2165 1891 2208 1950; x_wconf 85' lang='grc' dir='ltr'>Β</span> <span class='ocrx_word' id='word_1_442' title='bbox 2237 1898 2352 1970; x_wconf 86' lang='lat' dir='ltr'><strong>Ego</strong></span> <span class='ocrx_word' id='word_1_443' title='bbox 2386 1918 2502 1955; x_wconf 91' lang='lat' dir='ltr'><strong>sum</strong></span> <span class='ocrx_word' id='word_1_444' title='bbox 2526 1901 2706 1968; x_wconf 83' lang='lat' dir='ltr'><strong>Pauli,</strong></span> <span class='ocrx_word' id='word_1_445' title='bbox 2749 1921 2841 1974; x_wconf 83' lang='lat' dir='ltr'><strong>ego</strong></span> <span class='ocrx_word' id='word_1_446' title='bbox 2865 1904 3072 1976; x_wconf 81' lang='lat' dir='ltr'><strong>Apollo,</strong></span> <span class='ocrx_word' id='word_1_447' title='bbox 3100 1922 3193 1976; x_wconf 87' lang='lat' dir='ltr'><strong>ego</strong></span> <span class='ocrx_word' id='word_1_448' title='bbox 3233 1908 3408 1962; x_wconf 86' lang='lat' dir='ltr'><strong>autem</strong></span> <span class='ocrx_word' id='word_1_449' title='bbox 3436 1907 3656 1980; x_wconf 66' lang='lat' dir='ltr'><strong>Cepha’,</strong></span> <span class='ocrx_word' id='word_1_450' title='bbox 3682 1891 3825 1969; x_wconf 9' lang='lat' dir='ltr'><strong>[eoat-</strong></span> 
     </span>
    </p>
   </div>
   <div class='ocr_carea' id='block_1_63' title="bbox 2233 1992 3825 2071">
    <p class='ocr_par' dir='ltr' id='par_1_63' title="bbox 2233 1992 3825 2071">
     <span class='ocr_line' id='line_1_63' title="bbox 2233 1992 3825 2071; baseline 0.013 -28"><span class='ocrx_word' id='word_1_451' title='bbox 2233 1992 2381 2045; x_wconf 90' lang='lat' dir='ltr'><strong>muni</strong></span> <span class='ocrx_word' id='word_1_452' title='bbox 2430 1992 2876 2064; x_wconf 82' lang='lat' dir='ltr'><strong>presbyterorum</strong></span> <span class='ocrx_word' id='word_1_453' title='bbox 2917 1995 3148 2052; x_wconf 89' lang='lat' dir='ltr'><strong>consilio</strong></span> <span class='ocrx_word' id='word_1_454' title='bbox 3174 1997 3431 2055; x_wconf 67' lang='lat' dir='ltr'><strong>Ecclesiae</strong></span> <span class='ocrx_word' id='word_1_455' title='bbox 3457 2004 3825 2071; x_wconf 76' lang='lat' dir='ltr'><strong>gubernaban-</strong></span> 
     </span>
    </p>
   </div>
   <div class='ocr_carea' id='block_1_64' title="bbox 2232 2082 3823 2165">
    <p class='ocr_par' dir='ltr' id='par_1_64' title="bbox 2232 2082 3823 2165">
     <span class='ocr_line' id='line_1_64' title="bbox 2232 2082 3823 2165; baseline 0.011 -31"><span class='ocrx_word' id='word_1_456' title='bbox 2232 2089 2358 2136; x_wconf 81' lang='lat' dir='ltr'><strong>tur.‘</strong></span> <span class='ocrx_word' id='word_1_457' title='bbox 2375 2082 2668 2153; x_wconf 89' lang='lat' dir='ltr'><strong>Postquam</strong></span> <span class='ocrx_word' id='word_1_458' title='bbox 2697 2100 2826 2140; x_wconf 89' lang='lat' dir='ltr'><strong>vero</strong></span> <span class='ocrx_word' id='word_1_459' title='bbox 2859 2088 3236 2157; x_wconf 90' lang='lat' dir='ltr'><strong>unusquisque</strong></span> <span class='ocrx_word' id='word_1_460' title='bbox 3270 2105 3368 2146; x_wconf 91' lang='lat' dir='ltr'><strong>eos</strong></span> <span class='ocrx_word' id='word_1_461' title='bbox 3409 2107 3550 2163; x_wconf 90' lang='lat' dir='ltr'><strong>quos</strong></span> <span class='ocrx_word' id='word_1_462' title='bbox 3593 2095 3823 2165; x_wconf 74' lang='lat' dir='ltr'><strong>baptiu-</strong></span> 
     </span>
    </p>
   </div>
   <div class='ocr_carea' id='block_1_65' title="bbox 2230 2176 3825 2246">
    <p class='ocr_par' dir='ltr' id='par_1_65' title="bbox 2230 2176 3825 2246">
     <span class='ocr_line' id='line_1_65' title="bbox 2230 2176 3825 2246; baseline 0.011 -19"><span class='ocrx_word' id='word_1_463' title='bbox 2230 2184 2398 2238; x_wconf 89' lang='lat' dir='ltr'><strong>verat,</strong></span> <span class='ocrx_word' id='word_1_464' title='bbox 2439 2176 2662 2246; x_wconf 90' lang='lat' dir='ltr'><strong>putabat</strong></span> <span class='ocrx_word' id='word_1_465' title='bbox 2699 2193 2848 2243; x_wconf 89' lang='lat' dir='ltr'><strong>suos,</strong></span> <span class='ocrx_word' id='word_1_466' title='bbox 2899 2194 3009 2234; x_wconf 89' lang='lat' dir='ltr'><strong>non</strong></span> <span class='ocrx_word' id='word_1_467' title='bbox 3037 2178 3262 2246; x_wconf 85' lang='lat' dir='ltr'><strong>Christi,</strong></span> <span class='ocrx_word' id='word_1_468' title='bbox 3315 2182 3370 2237; x_wconf 91' lang='lat' dir='ltr'><strong>in</strong></span> <span class='ocrx_word' id='word_1_469' title='bbox 3418 2192 3531 2239; x_wconf 91' lang='lat' dir='ltr'><strong>toto</strong></span> <span class='ocrx_word' id='word_1_470' title='bbox 3576 2187 3714 2242; x_wconf 81' lang='lat' dir='ltr'><strong>orbe</strong></span> <span class='ocrx_word' id='word_1_471' title='bbox 3739 2188 3825 2245; x_wconf 77' lang='lat' dir='ltr'><strong>do-</strong></span> 
     </span>
    </p>
   </div>
   <div class='ocr_carea' id='block_1_66' title="bbox 2230 2271 3826 2351">
    <p class='ocr_par' dir='ltr' id='par_1_66' title="bbox 2230 2271 3826 2351">
     <span class='ocr_line' id='line_1_66' title="bbox 2230 2271 3826 2351; baseline 0.008 -29"><span class='ocrx_word' id='word_1_472' title='bbox 2230 2275 2444 2322; x_wconf 90' lang='lat' dir='ltr'><strong>cretum</strong></span> <span class='ocrx_word' id='word_1_473' title='bbox 2479 2278 2582 2333; x_wconf 92' lang='lat' dir='ltr'><strong>est,</strong></span> <span class='ocrx_word' id='word_1_474' title='bbox 2613 2277 2673 2323; x_wconf 91' lang='lat' dir='ltr'><strong>ut</strong></span> <span class='ocrx_word' id='word_1_475' title='bbox 2698 2285 2838 2325; x_wconf 91' lang='lat' dir='ltr'><strong>unus</strong></span> <span class='ocrx_word' id='word_1_476' title='bbox 2869 2271 2936 2325; x_wconf 89' lang='lat' dir='ltr'><strong>de</strong></span> <span class='ocrx_word' id='word_1_477' title='bbox 2966 2271 3304 2344; x_wconf 86' lang='lat' dir='ltr'><strong>presbyteris</strong></span> <span class='ocrx_word' id='word_1_478' title='bbox 3330 2274 3527 2331; x_wconf 87' lang='lat' dir='ltr'><strong>electus</strong></span> <span class='ocrx_word' id='word_1_479' title='bbox 3559 2293 3826 2351; x_wconf 85' lang='lat' dir='ltr'><strong>superpo-</strong></span> 
     </span>
    </p>
   </div>
   <div class='ocr_carea' id='block_1_67' title="bbox 2229 2362 3822 2442">
    <p class='ocr_par' dir='ltr' id='par_1_67' title="bbox 2229 2362 3822 2442">
     <span class='ocr_line' id='line_1_67' title="bbox 2229 2362 3822 2442; baseline 0.009 -30"><span class='ocrx_word' id='word_1_480' title='bbox 2229 2367 2450 2414; x_wconf 90' lang='lat' dir='ltr'><strong>neretur</strong></span> <span class='ocrx_word' id='word_1_481' title='bbox 2475 2363 2711 2426; x_wconf 61' lang='lat' dir='ltr'><strong>caeteris,</strong></span> <span class='ocrx_word' id='word_1_482' title='bbox 2743 2362 2810 2417; x_wconf 89' lang='lat' dir='ltr'><strong>ad</strong></span> <span class='ocrx_word' id='word_1_483' title='bbox 2839 2378 3000 2432; x_wconf 90' lang='lat' dir='ltr'><strong>quem</strong></span> <span class='ocrx_word' id='word_1_484' title='bbox 3029 2365 3208 2420; x_wconf 86' lang='lat' dir='ltr'><strong>omnis</strong></span> <span class='ocrx_word' id='word_1_485' title='bbox 3243 2382 3378 2423; x_wconf 88' lang='lat' dir='ltr'><strong>cura</strong></span> <span class='ocrx_word' id='word_1_486' title='bbox 3412 2368 3663 2424; x_wconf 53' lang='lat' dir='ltr'><strong>Ecclesia:</strong></span> <span class='ocrx_word' id='word_1_487' title='bbox 3690 2387 3822 2442; x_wconf 86' lang='lat' dir='ltr'><strong>per-</strong></span> 
     </span>
    </p>
   </div>
   <div class='ocr_carea' id='block_1_68' title="bbox 2230 2452 3824 2520">
    <p class='ocr_par' dir='ltr' id='par_1_68' title="bbox 2230 2452 3824 2520">
     <span class='ocr_line' id='line_1_68' title="bbox 2230 2452 3824 2520; baseline 0.009 -14"><span class='ocrx_word' id='word_1_488' title='bbox 2230 2452 2448 2517; x_wconf 86' lang='lat' dir='ltr'><strong>tineret,</strong></span> <span class='ocrx_word' id='word_1_489' title='bbox 2500 2465 2562 2508; x_wconf 91' lang='lat' dir='ltr'><strong>ut</strong></span> <span class='ocrx_word' id='word_1_490' title='bbox 2607 2454 2962 2508; x_wconf 90' lang='lat' dir='ltr'><strong>sehismatum</strong></span> <span class='ocrx_word' id='word_1_491' title='bbox 3019 2457 3226 2512; x_wconf 85' lang='lat' dir='ltr'><strong>semina</strong></span> <span class='ocrx_word' id='word_1_492' title='bbox 3280 2458 3619 2515; x_wconf 87' lang='lat' dir='ltr'><strong>tollerentur.</strong></span> <span class='ocrx_word' id='word_1_493' title='bbox 3664 2462 3824 2520; x_wconf 82' lang='lat' dir='ltr'><strong>Putat</strong></span> 
     </span>
    </p>
   </div>
   <div class='ocr_carea' id='block_1_69' title="bbox 2229 2543 3821 2616">
    <p class='ocr_par' dir='ltr' id='par_1_69' title="bbox 2229 2543 3821 2616">
     <span class='ocr_line' id='line_1_69' title="bbox 2229 2543 3821 2616; baseline 0.008 -18"><span class='ocrx_word' id='word_1_494' title='bbox 2229 2543 2444 2612; x_wconf 85' lang='lat' dir='ltr'><strong>aliquis,</strong></span> <span class='ocrx_word' id='word_1_495' title='bbox 2493 2559 2600 2599; x_wconf 91' lang='lat' dir='ltr'><strong>non</strong></span> <span class='ocrx_word' id='word_1_496' title='bbox 2639 2544 3073 2616; x_wconf 88' lang='lat' dir='ltr'><strong>Scripturarum,</strong></span> <span class='ocrx_word' id='word_1_497' title='bbox 3121 2548 3217 2603; x_wconf 90' lang='lat' dir='ltr'><strong>sed</strong></span> <span class='ocrx_word' id='word_1_498' title='bbox 3252 2560 3501 2604; x_wconf 87' lang='lat' dir='ltr'><strong>nostram</strong></span> <span class='ocrx_word' id='word_1_499' title='bbox 3537 2567 3663 2608; x_wconf 89' lang='lat' dir='ltr'><strong>esse</strong></span> <span class='ocrx_word' id='word_1_500' title='bbox 3707 2570 3821 2609; x_wconf 81' lang='lat' dir='ltr'><strong>sen—</strong></span> 
     </span>
    </p>
   </div>
   <div class='ocr_carea' id='block_1_70' title="bbox 2228 2635 3817 2710">
    <p class='ocr_par' dir='ltr' id='par_1_70' title="bbox 2228 2635 3817 2710">
     <span class='ocr_line' id='line_1_70' title="bbox 2228 2635 3817 2710; baseline 0.011 -24"><span class='ocrx_word' id='word_1_501' title='bbox 2228 2635 2477 2697; x_wconf 87' lang='lat' dir='ltr'><strong>tentiam,</strong></span> <span class='ocrx_word' id='word_1_502' title='bbox 2516 2636 2827 2706; x_wconf 86' lang='lat' dir='ltr'><strong>episcopum</strong></span> <span class='ocrx_word' id='word_1_503' title='bbox 2858 2647 2914 2692; x_wconf 90' lang='lat' dir='ltr'><strong>et</strong></span> <span class='ocrx_word' id='word_1_504' title='bbox 2938 2641 3318 2710; x_wconf 84' lang='lat' dir='ltr'><strong>presbyterum</strong></span> <span class='ocrx_word' id='word_1_505' title='bbox 3369 2659 3542 2699; x_wconf 89' lang='lat' dir='ltr'><strong>unum</strong></span> <span class='ocrx_word' id='word_1_506' title='bbox 3585 2661 3725 2710; x_wconf 86' lang='lat' dir='ltr'><strong>esse,</strong></span> <span class='ocrx_word' id='word_1_507' title='bbox 3767 2659 3817 2704; x_wconf 87' lang='lat' dir='ltr'><strong>et</strong></span> 
     </span>
    </p>
   </div>
   <div class='ocr_carea' id='block_1_71' title="bbox 2228 2723 3820 2811">
    <p class='ocr_par' dir='ltr' id='par_1_71' title="bbox 2228 2723 3820 2811">
     <span class='ocr_line' id='line_1_71' title="bbox 2228 2723 3820 2811; baseline 0.011 -34"><span class='ocrx_word' id='word_1_508' title='bbox 2228 2723 2373 2780; x_wconf 88' lang='lat' dir='ltr'><strong>aliud</strong></span> <span class='ocrx_word' id='word_1_509' title='bbox 2403 2727 2601 2791; x_wconf 70' lang='lat' dir='ltr'><strong>mtatis,</strong></span> <span class='ocrx_word' id='word_1_510' title='bbox 2628 2727 2775 2783; x_wconf 90' lang='lat' dir='ltr'><strong>aliud</strong></span> <span class='ocrx_word' id='word_1_511' title='bbox 2803 2744 2926 2784; x_wconf 90' lang='lat' dir='ltr'><strong>esse</strong></span> <span class='ocrx_word' id='word_1_512' title='bbox 2950 2745 3149 2787; x_wconf 85' lang='lat' dir='ltr'><strong>nomen</strong></span> <span class='ocrx_word' id='word_1_513' title='bbox 3175 2732 3386 2789; x_wconf 77' lang='lat' dir='ltr'><strong>cilicii?</strong></span> <span class='ocrx_word' id='word_1_514' title='bbox 3428 2735 3662 2809; x_wconf 82' lang='lat' dir='ltr'><strong>Relegat</strong></span> <span class='ocrx_word' id='word_1_515' title='bbox 3691 2741 3820 2811; x_wconf 79' lang='lat' dir='ltr'><strong>Apo-</strong></span> 
     </span>
    </p>
   </div>
   <div class='ocr_carea' id='block_1_72' title="bbox 2228 2817 3821 2890">
    <p class='ocr_par' dir='ltr' id='par_1_72' title="bbox 2228 2817 3821 2890">
     <span class='ocr_line' id='line_1_72' title="bbox 2228 2817 3821 2890; baseline 0.01 -18"><span class='ocrx_word' id='word_1_516' title='bbox 2228 2817 2350 2872; x_wconf 89' lang='lat' dir='ltr'><strong>stoli</strong></span> <span class='ocrx_word' id='word_1_517' title='bbox 2375 2819 2440 2872; x_wconf 91' lang='lat' dir='ltr'><strong>ad</strong></span> <span class='ocrx_word' id='word_1_518' title='bbox 2458 2818 2832 2890; x_wconf 88' lang='lat' dir='ltr'><strong>Philippenses</strong></span> <span class='ocrx_word' id='word_1_519' title='bbox 2859 2824 3040 2889; x_wconf 84' lang='lat' dir='ltr'><strong>verba,</strong></span> <span class='ocrx_word' id='word_1_520' title='bbox 3072 2825 3335 2882; x_wconf 89' lang='lat' dir='ltr'><strong>dicentis:</strong></span> <span class='ocrx_word' id='word_1_521' title='bbox 3356 2826 3571 2885; x_wconf 85' lang='lat' dir='ltr'><strong>Paulus</strong></span> <span class='ocrx_word' id='word_1_522' title='bbox 3594 2844 3640 2886; x_wconf 88' lang='lat' dir='ltr'><strong>et</strong></span> <span class='ocrx_word' id='word_1_523' title='bbox 3663 2833 3821 2888; x_wconf 77' lang='lat' dir='ltr'><strong>Timo-</strong></span> 
     </span>
    </p>
   </div>
   <div class='ocr_carea' id='block_1_73' title="bbox 2227 2908 3819 2979">
    <p class='ocr_par' dir='ltr' id='par_1_73' title="bbox 2227 2908 3819 2979">
     <span class='ocr_line' id='line_1_73' title="bbox 2227 2908 3819 2979; baseline 0.013 -20"><span class='ocrx_word' id='word_1_524' title='bbox 2227 2908 2376 2961; x_wconf 84' lang='lat' dir='ltr'><strong>theus</strong></span> <span class='ocrx_word' id='word_1_525' title='bbox 2422 2910 2557 2962; x_wconf 82' lang='lat' dir='ltr'><strong>servi</strong></span> <span class='ocrx_word' id='word_1_526' title='bbox 2601 2909 2797 2964; x_wconf 85' lang='lat' dir='ltr'><strong>Christi</strong></span> <span class='ocrx_word' id='word_1_527' title='bbox 2817 2910 2970 2977; x_wconf 72' lang='lat' dir='ltr'><strong>Iesu,</strong></span> <span class='ocrx_word' id='word_1_528' title='bbox 3014 2917 3252 2972; x_wconf 88' lang='lat' dir='ltr'><strong>omnibus</strong></span> <span class='ocrx_word' id='word_1_529' title='bbox 3297 2923 3504 2975; x_wconf 83' lang='lat' dir='ltr'><strong>sanctis</strong></span> <span class='ocrx_word' id='word_1_530' title='bbox 3543 2925 3600 2976; x_wconf 88' lang='lat' dir='ltr'><strong>in</strong></span> <span class='ocrx_word' id='word_1_531' title='bbox 3630 2922 3819 2979; x_wconf 71' lang='lat' dir='ltr'><strong>Christo</strong></span> 
     </span>
    </p>
   </div>
   <div class='ocr_carea' id='block_1_74' title="bbox 2225 2998 3817 3082">
    <p class='ocr_par' dir='ltr' id='par_1_74' title="bbox 2225 2998 3817 3082">
     <span class='ocr_line' id='line_1_74' title="bbox 2225 2998 3817 3082; baseline 0.013 -30"><span class='ocrx_word' id='word_1_532' title='bbox 2225 2998 2378 3065; x_wconf 76' lang='lat' dir='ltr'><strong>Iesu,</strong></span> <span class='ocrx_word' id='word_1_533' title='bbox 2405 3001 2495 3070; x_wconf 86' lang='lat' dir='ltr'><strong>qui</strong></span> <span class='ocrx_word' id='word_1_534' title='bbox 2515 3012 2636 3056; x_wconf 87' lang='lat' dir='ltr'><strong>sunt</strong></span> <span class='ocrx_word' id='word_1_535' title='bbox 2667 3001 2945 3076; x_wconf 82' lang='lat' dir='ltr'><strong>Philippis,</strong></span> <span class='ocrx_word' id='word_1_536' title='bbox 2973 3025 3091 3062; x_wconf 85' lang='lat' dir='ltr'><strong>cum</strong></span> <span class='ocrx_word' id='word_1_537' title='bbox 3134 3012 3388 3082; x_wconf 86' lang='lat' dir='ltr'><strong>episc0pis</strong></span> <span class='ocrx_word' id='word_1_538' title='bbox 3414 3024 3468 3067; x_wconf 82' lang='lat' dir='ltr'><strong>et</strong></span> <span class='ocrx_word' id='word_1_539' title='bbox 3497 3017 3817 3079; x_wconf 78' lang='lat' dir='ltr'><strong>diaconibtts,</strong></span> 
     </span>
    </p>
   </div>
   <div class='ocr_carea' id='block_1_75' title="bbox 2223 3092 3820 3179">
    <p class='ocr_par' dir='ltr' id='par_1_75' title="bbox 2223 3092 3820 3179">
     <span class='ocr_line' id='line_1_75' title="bbox 2223 3092 3820 3179; baseline 0.012 -36"><span class='ocrx_word' id='word_1_540' title='bbox 2223 3093 2399 3160; x_wconf 87' lang='lat' dir='ltr'><strong>gratia</strong></span> <span class='ocrx_word' id='word_1_541' title='bbox 2429 3092 2569 3147; x_wconf 81' lang='lat' dir='ltr'><strong>vobis</strong></span> <span class='ocrx_word' id='word_1_542' title='bbox 2600 3103 2648 3147; x_wconf 90' lang='lat' dir='ltr'><strong>et</strong></span> <span class='ocrx_word' id='word_1_543' title='bbox 2669 3112 2796 3165; x_wconf 75' lang='lat' dir='ltr'><strong>pax,</strong></span> <span class='ocrx_word' id='word_1_544' title='bbox 2827 3106 2884 3154; x_wconf 88' lang='lat' dir='ltr'><strong>et</strong></span> <span class='ocrx_word' id='word_1_545' title='bbox 2929 3099 3136 3170; x_wconf 80' lang='lat' dir='ltr'><strong>reliqua</strong></span> <span class='ocrx_word' id='word_1_546' title='bbox 3183 3099 3447 3174; x_wconf 78' lang='lat' dir='ltr'><strong>(Philipp.</strong></span> <span class='ocrx_word' id='word_1_547' title='bbox 3486 3105 3549 3176; x_wconf 86' lang='grc' dir='ltr'><strong>ι).</strong></span> <span class='ocrx_word' id='word_1_548' title='bbox 3601 3107 3820 3179; x_wconf 86' lang='lat' dir='ltr'><strong>Philippi</strong></span> 
     </span>
    </p>
   </div>
   <div class='ocr_carea' id='block_1_76' title="bbox 2229 3186 3824 3256">
    <p class='ocr_par' dir='ltr' id='par_1_76' title="bbox 2229 3186 3824 3256">
     <span class='ocr_line' id='line_1_76' title="bbox 2229 3186 3824 3256; baseline 0.011 -18"><span class='ocrx_word' id='word_1_549' title='bbox 2229 3199 2334 3238; x_wconf 88' lang='lat' dir='ltr'><strong>una</strong></span> <span class='ocrx_word' id='word_1_550' title='bbox 2384 3193 2468 3240; x_wconf 92' lang='lat' dir='ltr'><strong>est</strong></span> <span class='ocrx_word' id='word_1_551' title='bbox 2514 3186 2644 3242; x_wconf 91' lang='lat' dir='ltr'><strong>urbs</strong></span> <span class='ocrx_word' id='word_1_552' title='bbox 2670 3186 3013 3246; x_wconf 64' lang='lat' dir='ltr'><strong>Macedonite.</strong></span> <span class='ocrx_word' id='word_1_553' title='bbox 3059 3193 3126 3248; x_wconf 89' lang='lat' dir='ltr'><strong>Et</strong></span> <span class='ocrx_word' id='word_1_554' title='bbox 3167 3205 3314 3250; x_wconf 90' lang='lat' dir='ltr'><strong>certe</strong></span> <span class='ocrx_word' id='word_1_555' title='bbox 3363 3197 3418 3251; x_wconf 90' lang='lat' dir='ltr'><strong>in</strong></span> <span class='ocrx_word' id='word_1_556' title='bbox 3463 3214 3574 3253; x_wconf 89' lang='lat' dir='ltr'><strong>una</strong></span> <span class='ocrx_word' id='word_1_557' title='bbox 3615 3201 3824 3256; x_wconf 78' lang='lat' dir='ltr'><strong>civitate</strong></span> 
     </span>
    </p>
   </div>
   <div class='ocr_carea' id='block_1_77' title="bbox 2226 3275 3821 3362">
    <p class='ocr_par' dir='ltr' id='par_1_77' title="bbox 2226 3275 3821 3362">
     <span class='ocr_line' id='line_1_77' title="bbox 2226 3275 3821 3362; baseline 0.011 -33"><span class='ocrx_word' id='word_1_558' title='bbox 2226 3275 2430 3346; x_wconf 91' lang='lat' dir='ltr'><strong>plures,</strong></span> <span class='ocrx_word' id='word_1_559' title='bbox 2467 3286 2528 3332; x_wconf 91' lang='lat' dir='ltr'><strong>ut</strong></span> <span class='ocrx_word' id='word_1_560' title='bbox 2557 3294 2702 3334; x_wconf 93' lang='lat' dir='ltr'><strong>nunc</strong></span> <span class='ocrx_word' id='word_1_561' title='bbox 2727 3290 2968 3350; x_wconf 88' lang='lat' dir='ltr'><strong>putatur,</strong></span> <span class='ocrx_word' id='word_1_562' title='bbox 2999 3285 3240 3356; x_wconf 82' lang='lat' dir='ltr'><strong>episcopi</strong></span> <span class='ocrx_word' id='word_1_563' title='bbox 3273 3304 3396 3343; x_wconf 88' lang='lat' dir='ltr'><strong>esse</strong></span> <span class='ocrx_word' id='word_1_564' title='bbox 3421 3305 3532 3344; x_wconf 90' lang='lat' dir='ltr'><strong>non</strong></span> <span class='ocrx_word' id='word_1_565' title='bbox 3555 3301 3821 3362; x_wconf 82' lang='lat' dir='ltr'><strong>poterant.</strong></span> 
     </span>
    </p>
   </div>
   <div class='ocr_carea' id='block_1_78' title="bbox 2229 3364 3827 3451">
    <p class='ocr_par' dir='ltr' id='par_1_78' title="bbox 2229 3364 3827 3451">
     <span class='ocr_line' id='line_1_78' title="bbox 2229 3364 3827 3451; baseline 0.011 -31"><span class='ocrx_word' id='word_1_566' title='bbox 2229 3364 2337 3421; x_wconf 90' lang='lat' dir='ltr'><strong>Sed</strong></span> <span class='ocrx_word' id='word_1_567' title='bbox 2385 3369 2510 3438; x_wconf 83' lang='lat' dir='ltr'><strong>quia</strong></span> <span class='ocrx_word' id='word_1_568' title='bbox 2561 3371 2779 3425; x_wconf 89' lang='lat' dir='ltr'><strong>eosdem</strong></span> <span class='ocrx_word' id='word_1_569' title='bbox 2834 3374 3116 3445; x_wconf 84' lang='lat' dir='ltr'><strong>episcopos</strong></span> <span class='ocrx_word' id='word_1_570' title='bbox 3167 3377 3258 3430; x_wconf 90' lang='lat' dir='ltr'><strong>illo</strong></span> <span class='ocrx_word' id='word_1_571' title='bbox 3306 3378 3363 3431; x_wconf 91' lang='lat' dir='ltr'><strong>in</strong></span> <span class='ocrx_word' id='word_1_572' title='bbox 3411 3389 3659 3450; x_wconf 87' lang='lat' dir='ltr'><strong>tempore</strong></span> <span class='ocrx_word' id='word_1_573' title='bbox 3695 3398 3827 3451; x_wconf 89' lang='lat' dir='ltr'><strong>quos</strong></span> 
     </span>
    </p>
   </div>
   <div class='ocr_carea' id='block_1_79' title="bbox 2226 3461 3827 3536">
    <p class='ocr_par' dir='ltr' id='par_1_79' title="bbox 2226 3461 3827 3536">
     <span class='ocr_line' id='line_1_79' title="bbox 2226 3461 3827 3536; baseline 0.011 -24"><span class='ocrx_word' id='word_1_574' title='bbox 2226 3461 2573 3529; x_wconf 77' lang='lat' dir='ltr'><strong>presbyteros</strong></span> <span class='ocrx_word' id='word_1_575' title='bbox 2616 3463 2979 3533; x_wconf 88' lang='lat' dir='ltr'><strong>appellabant,</strong></span> <span class='ocrx_word' id='word_1_576' title='bbox 3029 3477 3317 3536; x_wconf 69' lang='lat' dir='ltr'><strong>propterea</strong></span> <span class='ocrx_word' id='word_1_577' title='bbox 3347 3470 3714 3528; x_wconf 79' lang='lat' dir='ltr'><strong>indifferenter</strong></span> <span class='ocrx_word' id='word_1_578' title='bbox 3761 3475 3827 3529; x_wconf 84' lang='lat' dir='ltr'><strong>de</strong></span> 
     </span>
    </p>
   </div>
   <div class='ocr_carea' id='block_1_80' title="bbox 2229 3552 3825 3630">
    <p class='ocr_par' dir='ltr' id='par_1_80' title="bbox 2229 3552 3825 3630">
     <span class='ocr_line' id='line_1_80' title="bbox 2229 3552 3825 3630; baseline 0.01 -24"><span class='ocrx_word' id='word_1_579' title='bbox 2229 3552 2518 3622; x_wconf 91' lang='lat' dir='ltr'><strong>episcopis,</strong></span> <span class='ocrx_word' id='word_1_580' title='bbox 2551 3557 2703 3624; x_wconf 88' lang='lat' dir='ltr'><strong>quasi</strong></span> <span class='ocrx_word' id='word_1_581' title='bbox 2741 3556 2807 3610; x_wconf 92' lang='lat' dir='ltr'><strong>de</strong></span> <span class='ocrx_word' id='word_1_582' title='bbox 2844 3558 3174 3630; x_wconf 81' lang='lat' dir='ltr'><strong>presbyteris</strong></span> <span class='ocrx_word' id='word_1_583' title='bbox 3217 3571 3301 3616; x_wconf 89' lang='lat' dir='ltr'><strong>est</strong></span> <span class='ocrx_word' id='word_1_584' title='bbox 3348 3563 3581 3618; x_wconf 88' lang='lat' dir='ltr'><strong>locutus.</strong></span> <span class='ocrx_word' id='word_1_585' title='bbox 3633 3565 3825 3622; x_wconf 76' lang='lat' dir='ltr'><strong>Adhuc</strong></span> 
     </span>
    </p>
   </div>
   <div class='ocr_carea' id='block_1_81' title="bbox 2228 3647 3918 3730">
    <p class='ocr_par' dir='ltr' id='par_1_81' title="bbox 2228 3647 3918 3730">
     <span class='ocr_line' id='line_1_81' title="bbox 2228 3647 3918 3730; baseline 0.01 -30"><span class='ocrx_word' id='word_1_586' title='bbox 2228 3647 2389 3701; x_wconf 91' lang='lat' dir='ltr'><strong>alicui</strong></span> <span class='ocrx_word' id='word_1_587' title='bbox 2425 3648 2526 3703; x_wconf 91' lang='lat' dir='ltr'><strong>hoc</strong></span> <span class='ocrx_word' id='word_1_588' title='bbox 2553 3649 2803 3705; x_wconf 90' lang='lat' dir='ltr'><strong>videatur</strong></span> <span class='ocrx_word' id='word_1_589' title='bbox 2841 3653 3180 3724; x_wconf 87' lang='lat' dir='ltr'><strong>ambiguum,</strong></span> <span class='ocrx_word' id='word_1_590' title='bbox 3214 3656 3319 3710; x_wconf 90' lang='lat' dir='ltr'><strong>nisi</strong></span> <span class='ocrx_word' id='word_1_591' title='bbox 3365 3657 3544 3713; x_wconf 86' lang='lat' dir='ltr'><strong>altero</strong></span> <span class='ocrx_word' id='word_1_592' title='bbox 3589 3661 3823 3716; x_wconf 83' lang='lat' dir='ltr'><strong>testimo-</strong></span> <span class='ocrx_word' id='word_1_593' title='bbox 3905 3713 3918 3730; x_wconf 74' lang='grc'>,</span> 
     </span>
    </p>
   </div>
   <div class='ocr_carea' id='block_1_82' title="bbox 2225 3737 3820 3822">
    <p class='ocr_par' dir='ltr' id='par_1_82' title="bbox 2225 3737 3820 3822">
     <span class='ocr_line' id='line_1_82' title="bbox 2225 3737 3820 3822; baseline 0.01 -31"><span class='ocrx_word' id='word_1_594' title='bbox 2225 3737 2319 3792; x_wconf 92' lang='lat' dir='ltr'><strong>nio</strong></span> <span class='ocrx_word' id='word_1_595' title='bbox 2350 3739 2755 3810; x_wconf 90' lang='lat' dir='ltr'><strong>comprobetur.</strong></span> <span class='ocrx_word' id='word_1_596' title='bbox 2795 3740 2852 3796; x_wconf 89' lang='lat' dir='ltr'><strong>In</strong></span> <span class='ocrx_word' id='word_1_597' title='bbox 2880 3740 3108 3800; x_wconf 79' lang='lat' dir='ltr'><strong>Actibus</strong></span> <span class='ocrx_word' id='word_1_598' title='bbox 3151 3746 3537 3816; x_wconf 87' lang='lat' dir='ltr'><strong>apostolorum</strong></span> <span class='ocrx_word' id='word_1_599' title='bbox 3572 3751 3820 3822; x_wconf 75' lang='lat' dir='ltr'><strong>scripturn</strong></span> 
     </span>
    </p>
   </div>
   <div class='ocr_carea' id='block_1_83' title="bbox 2226 3831 3821 3907">
    <p class='ocr_par' dir='ltr' id='par_1_83' title="bbox 2226 3831 3821 3907">
     <span class='ocr_line' id='line_1_83' title="bbox 2226 3831 3821 3907; baseline 0.008 -23"><span class='ocrx_word' id='word_1_600' title='bbox 2226 3839 2329 3896; x_wconf 89' lang='lat' dir='ltr'><strong>est,</strong></span> <span class='ocrx_word' id='word_1_601' title='bbox 2373 3831 2517 3900; x_wconf 89' lang='lat' dir='ltr'><strong>quod</strong></span> <span class='ocrx_word' id='word_1_602' title='bbox 2564 3847 2687 3886; x_wconf 92' lang='lat' dir='ltr'><strong>cum</strong></span> <span class='ocrx_word' id='word_1_603' title='bbox 2727 3834 2965 3889; x_wconf 88' lang='lat' dir='ltr'><strong>venisset</strong></span> <span class='ocrx_word' id='word_1_604' title='bbox 3008 3837 3284 3905; x_wconf 88' lang='lat' dir='ltr'><strong>apostolus</strong></span> <span class='ocrx_word' id='word_1_605' title='bbox 3327 3836 3540 3895; x_wconf 88' lang='lat' dir='ltr'><strong>Paulus</strong></span> <span class='ocrx_word' id='word_1_606' title='bbox 3573 3840 3821 3907; x_wconf 76' lang='lat' dir='ltr'><strong>Miletum,</strong></span> 
     </span>
    </p>
   </div>
   <div class='ocr_carea' id='block_1_84' title="bbox 2227 3909 3823 4004">
    <p class='ocr_par' dir='ltr' id='par_1_84' title="bbox 2227 3909 3823 4004">
     <span class='ocr_line' id='line_1_84' title="bbox 2227 3909 3823 4004; baseline 0.009 -27"><span class='ocrx_word' id='word_1_607' title='bbox 2227 3924 2438 3979; x_wconf 89' lang='lat' dir='ltr'><strong>miserit</strong></span> <span class='ocrx_word' id='word_1_608' title='bbox 2466 3909 2761 3994; x_wconf 81' lang='lat' dir='ltr'><strong>Ephesum,</strong></span> <span class='ocrx_word' id='word_1_609' title='bbox 2796 3934 2852 3981; x_wconf 92' lang='lat' dir='ltr'><strong>et</strong></span> <span class='ocrx_word' id='word_1_610' title='bbox 2883 3929 3266 3985; x_wconf 87' lang='lat' dir='ltr'><strong>eonvocaverit</strong></span> <span class='ocrx_word' id='word_1_611' title='bbox 3299 3931 3666 4004; x_wconf 81' lang='lat' dir='ltr'><strong>presbyteros</strong></span> <span class='ocrx_word' id='word_1_612' title='bbox 3694 3935 3823 4004; x_wconf 86' lang='lat' dir='ltr'><strong>ejus-</strong></span> 
     </span>
    </p>
   </div>
   <div class='ocr_carea' id='block_1_85' title="bbox 2226 4014 3819 4088">
    <p class='ocr_par' dir='ltr' id='par_1_85' title="bbox 2226 4014 3819 4088">
     <span class='ocr_line' id='line_1_85' title="bbox 2226 4014 3819 4088; baseline 0.007 -19"><span class='ocrx_word' id='word_1_613' title='bbox 2226 4014 2350 4070; x_wconf 91' lang='lat' dir='ltr'><strong>dem</strong></span> <span class='ocrx_word' id='word_1_614' title='bbox 2372 4015 2636 4082; x_wconf 64' lang='lat' dir='ltr'><strong>ecelesiae,</strong></span> <span class='ocrx_word' id='word_1_615' title='bbox 2664 4018 2861 4087; x_wconf 91' lang='lat' dir='ltr'><strong>quibus</strong></span> <span class='ocrx_word' id='word_1_616' title='bbox 2882 4028 3071 4088; x_wconf 90' lang='lat' dir='ltr'><strong>postea</strong></span> <span class='ocrx_word' id='word_1_617' title='bbox 3097 4021 3238 4077; x_wconf 90' lang='lat' dir='ltr'><strong>inter</strong></span> <span class='ocrx_word' id='word_1_618' title='bbox 3259 4031 3464 4079; x_wconf 65' lang='lat' dir='ltr'><strong>caetera</strong></span> <span class='ocrx_word' id='word_1_619' title='bbox 3492 4027 3570 4081; x_wconf 90' lang='lat' dir='ltr'><strong>sit</strong></span> <span class='ocrx_word' id='word_1_620' title='bbox 3593 4027 3819 4083; x_wconf 81' lang='lat' dir='ltr'><strong>locutus:</strong></span> 
     </span>
    </p>
   </div>
   <div class='ocr_carea' id='block_1_86' title="bbox 2227 4105 3819 4189">
    <p class='ocr_par' dir='ltr' id='par_1_86' title="bbox 2227 4105 3819 4189">
     <span class='ocr_line' id='line_1_86' title="bbox 2227 4105 3819 4189; baseline 0.011 -30"><span class='ocrx_word' id='word_1_621' title='bbox 2227 4105 2492 4162; x_wconf 83' lang='lat' dir='ltr'><strong>Attendite</strong></span> <span class='ocrx_word' id='word_1_622' title='bbox 2534 4109 2677 4162; x_wconf 82' lang='lat' dir='ltr'><strong>vobis</strong></span> <span class='ocrx_word' id='word_1_623' title='bbox 2713 4113 2764 4163; x_wconf 80' lang='lat' dir='ltr'><strong>et</strong></span> <span class='ocrx_word' id='word_1_624' title='bbox 2796 4112 3038 4166; x_wconf 78' lang='lat' dir='ltr'><strong>universo</strong></span> <span class='ocrx_word' id='word_1_625' title='bbox 3080 4119 3246 4185; x_wconf 85' lang='lat' dir='ltr'><strong>gregi,</strong></span> <span class='ocrx_word' id='word_1_626' title='bbox 3285 4117 3340 4168; x_wconf 87' lang='lat' dir='ltr'><strong>in</strong></span> <span class='ocrx_word' id='word_1_627' title='bbox 3382 4133 3494 4187; x_wconf 85' lang='lat' dir='ltr'><strong>quo</strong></span> <span class='ocrx_word' id='word_1_628' title='bbox 3537 4136 3628 4175; x_wconf 79' lang='lat' dir='ltr'><strong>ros</strong></span> <span class='ocrx_word' id='word_1_629' title='bbox 3665 4122 3819 4189; x_wconf 62' lang='lat' dir='ltr'><strong>possit</strong></span> 
     </span>
    </p>
   </div>
   <div class='ocr_carea' id='block_1_87' title="bbox 2227 4199 3820 4279">
    <p class='ocr_par' dir='ltr' id='par_1_87' title="bbox 2227 4199 3820 4279">
     <span class='ocr_line' id='line_1_87' title="bbox 2227 4199 3820 4279; baseline 0.008 -24"><span class='ocrx_word' id='word_1_630' title='bbox 2227 4199 2460 4272; x_wconf 85' lang='lat' dir='ltr'><strong>Spiritus</strong></span> <span class='ocrx_word' id='word_1_631' title='bbox 2500 4214 2714 4258; x_wconf 87' lang='lat' dir='ltr'><strong>sanctus</strong></span> <span class='ocrx_word' id='word_1_632' title='bbox 2748 4207 3016 4276; x_wconf 83' lang='lat' dir='ltr'><strong>episcopos</strong></span> <span class='ocrx_word' id='word_1_633' title='bbox 3040 4224 3255 4279; x_wconf 88' lang='lat' dir='ltr'><strong>pascere</strong></span> <span class='ocrx_word' id='word_1_634' title='bbox 3285 4210 3572 4268; x_wconf 84' lang='lat' dir='ltr'><strong>ecclesiam</strong></span> <span class='ocrx_word' id='word_1_635' title='bbox 3597 4213 3820 4276; x_wconf 70' lang='lat' dir='ltr'><strong>Domini,</strong></span> 
     </span>
    </p>
   </div>
   <div class='ocr_carea' id='block_1_88' title="bbox 2225 4297 3820 4376">
    <p class='ocr_par' dir='ltr' id='par_1_88' title="bbox 2225 4297 3820 4376">
     <span class='ocr_line' id='line_1_88' title="bbox 2225 4297 3820 4376; baseline 0.009 -30"><span class='ocrx_word' id='word_1_636' title='bbox 2225 4310 2382 4364; x_wconf 87' lang='lat' dir='ltr'><strong>quam</strong></span> <span class='ocrx_word' id='word_1_637' title='bbox 2410 4297 2681 4367; x_wconf 80' lang='lat' dir='ltr'><strong>acquisivit</strong></span> <span class='ocrx_word' id='word_1_638' title='bbox 2701 4314 2794 4368; x_wconf 87' lang='lat' dir='ltr'><strong>per</strong></span> <span class='ocrx_word' id='word_1_639' title='bbox 2826 4299 3135 4369; x_wconf 85' lang='lat' dir='ltr'><strong>sanguinem</strong></span> <span class='ocrx_word' id='word_1_640' title='bbox 3169 4318 3325 4356; x_wconf 84' lang='lat' dir='ltr'><strong>suum</strong></span> <span class='ocrx_word' id='word_1_641' title='bbox 3349 4302 3496 4374; x_wconf 79' lang='lat' dir='ltr'><strong>(Act.</strong></span> <span class='ocrx_word' id='word_1_642' title='bbox 3530 4305 3612 4376; x_wconf 69' lang='grc' dir='ltr'><strong>ι).</strong></span> <span class='ocrx_word' id='word_1_643' title='bbox 3656 4306 3718 4362; x_wconf 81' lang='lat' dir='ltr'><strong>Et</strong></span> <span class='ocrx_word' id='word_1_644' title='bbox 3744 4307 3820 4360; x_wconf 82' lang='lat' dir='ltr'><strong>hic</strong></span> 
     </span>
    </p>
   </div>
   <div class='ocr_carea' id='block_1_89' title="bbox 2225 4383 3820 4468">
    <p class='ocr_par' dir='ltr' id='par_1_89' title="bbox 2225 4383 3820 4468">
     <span class='ocr_line' id='line_1_89' title="bbox 2225 4383 3820 4468; baseline 0.009 -30"><span class='ocrx_word' id='word_1_645' title='bbox 2225 4383 2535 4454; x_wconf 88' lang='lat' dir='ltr'><strong>diligentius</strong></span> <span class='ocrx_word' id='word_1_646' title='bbox 2558 4387 2866 4453; x_wconf 85' lang='lat' dir='ltr'><strong>observate,</strong></span> <span class='ocrx_word' id='word_1_647' title='bbox 2883 4390 3153 4459; x_wconf 88' lang='lat' dir='ltr'><strong>quomodo</strong></span> <span class='ocrx_word' id='word_1_648' title='bbox 3169 4391 3330 4448; x_wconf 90' lang='lat' dir='ltr'><strong>unius</strong></span> <span class='ocrx_word' id='word_1_649' title='bbox 3353 4393 3608 4452; x_wconf 84' lang='lat' dir='ltr'><strong>civitatis</strong></span> <span class='ocrx_word' id='word_1_650' title='bbox 3635 4397 3820 4468; x_wconf 82' lang='lat' dir='ltr'><strong>Ephesi</strong></span> 
     </span>
    </p>
   </div>
   <div class='ocr_carea' id='block_1_90' title="bbox 2224 4474 3815 4557">
    <p class='ocr_par' dir='ltr' id='par_1_90' title="bbox 2224 4474 3815 4557">
     <span class='ocr_line' id='line_1_90' title="bbox 2224 4474 3815 4557; baseline 0.009 -30"><span class='ocrx_word' id='word_1_651' title='bbox 2224 4474 2573 4544; x_wconf 88' lang='lat' dir='ltr'><strong>presbyteros</strong></span> <span class='ocrx_word' id='word_1_652' title='bbox 2602 4492 2822 4543; x_wconf 89' lang='lat' dir='ltr'><strong>vocans,</strong></span> <span class='ocrx_word' id='word_1_653' title='bbox 2849 4488 3036 4549; x_wconf 91' lang='lat' dir='ltr'><strong>postea</strong></span> <span class='ocrx_word' id='word_1_654' title='bbox 3071 4481 3293 4537; x_wconf 90' lang='lat' dir='ltr'><strong>eosdem</strong></span> <span class='ocrx_word' id='word_1_655' title='bbox 3325 4484 3626 4557; x_wconf 87' lang='lat' dir='ltr'><strong>episcopos</strong></span> <span class='ocrx_word' id='word_1_656' title='bbox 3673 4490 3815 4543; x_wconf 79' lang='lat' dir='ltr'><strong>dixe-</strong></span> 
     </span>
    </p>
   </div>
   <div class='ocr_carea' id='block_1_91' title="bbox 534 4563 3819 4666">
    <p class='ocr_par' dir='ltr' id='par_1_91' title="bbox 534 4563 3819 4666">
     <span class='ocr_line' id='line_1_91' title="bbox 534 4563 3819 4666; baseline 0.005 -51"><span class='ocrx_word' id='word_1_657' title='bbox 534 4563 628 4625; x_wconf 88' lang='lat' dir='ltr'><strong>tia,</strong></span> <span class='ocrx_word' id='word_1_658' title='bbox 658 4565 942 4626; x_wconf 87' lang='lat' dir='ltr'><strong>sobrietas,</strong></span> <span class='ocrx_word' id='word_1_659' title='bbox 971 4568 1292 4630; x_wconf 87' lang='lat' dir='ltr'><strong>moderatio,</strong></span> <span class='ocrx_word' id='word_1_660' title='bbox 1319 4567 1667 4630; x_wconf 88' lang='lat' dir='ltr'><strong>abstinentia,</strong></span> <span class='ocrx_word' id='word_1_661' title='bbox 1699 4568 1813 4622; x_wconf 91' lang='lat' dir='ltr'><strong>sive</strong></span> <span class='ocrx_word' id='word_1_662' title='bbox 1838 4568 2116 4636; x_wconf 88' lang='lat' dir='ltr'><strong>pudicitia,</strong></span> <span class='ocrx_word' id='word_1_663' title='bbox 2144 4605 2199 4666; x_wconf 82' lang='lat' dir='ltr'><strong>D</strong></span> <span class='ocrx_word' id='word_1_664' title='bbox 2227 4563 2318 4616; x_wconf 74' lang='lat' dir='ltr'><strong>rit.</strong></span> <span class='ocrx_word' id='word_1_665' title='bbox 2350 4564 2640 4620; x_wconf 80' lang='lat' dir='ltr'><strong>Videamus</strong></span> <span class='ocrx_word' id='word_1_666' title='bbox 2676 4566 2844 4636; x_wconf 83' lang='lat' dir='ltr'><strong>igitur</strong></span> <span class='ocrx_word' id='word_1_667' title='bbox 2880 4569 3057 4637; x_wconf 87' lang='lat' dir='ltr'><strong>qualis</strong></span> <span class='ocrx_word' id='word_1_668' title='bbox 3102 4572 3410 4643; x_wconf 87' lang='lat' dir='ltr'><strong>presbyter,</strong></span> <span class='ocrx_word' id='word_1_669' title='bbox 3459 4577 3585 4631; x_wconf 85' lang='lat' dir='ltr'><strong>sive</strong></span> <span class='ocrx_word' id='word_1_670' title='bbox 3618 4579 3819 4650; x_wconf 85' lang='lat' dir='ltr'><strong>episco-</strong></span> 
     </span>
    </p>
   </div>
   <div class='ocr_carea' id='block_1_92' title="bbox 533 4655 2115 4726">
    <p class='ocr_par' dir='ltr' id='par_1_92' title="bbox 533 4655 2115 4726">
     <span class='ocr_line' id='line_1_92' title="bbox 533 4655 2115 4726; baseline 0.006 -20"><span class='ocrx_word' id='word_1_671' title='bbox 533 4661 594 4706; x_wconf 90' lang='lat' dir='ltr'><strong>ut</strong></span> <span class='ocrx_word' id='word_1_672' title='bbox 628 4668 733 4708; x_wconf 92' lang='lat' dir='ltr'><strong>non</strong></span> <span class='ocrx_word' id='word_1_673' title='bbox 764 4655 934 4709; x_wconf 89' lang='lat' dir='ltr'><strong>solum</strong></span> <span class='ocrx_word' id='word_1_674' title='bbox 975 4656 1043 4710; x_wconf 88' lang='lat' dir='ltr'><strong>ab</strong></span> <span class='ocrx_word' id='word_1_675' title='bbox 1079 4673 1242 4726; x_wconf 90' lang='lat' dir='ltr'><strong>opere</strong></span> <span class='ocrx_word' id='word_1_676' title='bbox 1281 4659 1558 4713; x_wconf 91' lang='lat' dir='ltr'><strong>immundo</strong></span> <span class='ocrx_word' id='word_1_677' title='bbox 1584 4673 1642 4714; x_wconf 93' lang='lat' dir='ltr'><strong>se</strong></span> <span class='ocrx_word' id='word_1_678' title='bbox 1684 4659 1980 4724; x_wconf 88' lang='lat' dir='ltr'><strong>abstineat,</strong></span> <span class='ocrx_word' id='word_1_679' title='bbox 2020 4661 2115 4715; x_wconf 89' lang='lat' dir='ltr'><strong>sed</strong></span> 
     </span>
    </p>
   </div>
   <div class='ocr_carea' id='block_1_93' title="bbox 531 4742 2118 4818">
    <p class='ocr_par' dir='ltr' id='par_1_93' title="bbox 531 4742 2118 4818">
     <span class='ocr_line' id='line_1_93' title="bbox 531 4742 2118 4818; baseline 0.005 -20"><span class='ocrx_word' id='word_1_680' title='bbox 531 4742 697 4798; x_wconf 85' lang='lat' dir='ltr'><strong>etiam</strong></span> <span class='ocrx_word' id='word_1_681' title='bbox 725 4743 794 4798; x_wconf 86' lang='lat' dir='ltr'><strong>ab</strong></span> <span class='ocrx_word' id='word_1_682' title='bbox 822 4745 962 4801; x_wconf 91' lang='lat' dir='ltr'><strong>oculi</strong></span> <span class='ocrx_word' id='word_1_683' title='bbox 985 4787 999 4810; x_wconf 94' lang='lat'><strong>,</strong></span> <span class='ocrx_word' id='word_1_684' title='bbox 1039 4747 1184 4812; x_wconf 90' lang='lat' dir='ltr'><strong>oris,</strong></span> <span class='ocrx_word' id='word_1_685' title='bbox 1231 4757 1287 4803; x_wconf 92' lang='lat' dir='ltr'><strong>et</strong></span> <span class='ocrx_word' id='word_1_686' title='bbox 1315 4749 1657 4818; x_wconf 89' lang='lat' dir='ltr'><strong>cogitationis</strong></span> <span class='ocrx_word' id='word_1_687' title='bbox 1693 4763 1900 4803; x_wconf 88' lang='lat' dir='ltr'><strong>errore.</strong></span> <span class='ocrx_word' id='word_1_688' title='bbox 1951 4749 2028 4804; x_wconf 84' lang='lat' dir='ltr'><strong>Ita</strong></span> <span class='ocrx_word' id='word_1_689' title='bbox 2057 4760 2118 4806; x_wconf 89' lang='lat' dir='ltr'><strong>ut</strong></span> 
     </span>
    </p>
   </div>
   <div class='ocr_carea' id='block_1_94' title="bbox 533 4833 2115 4910">
    <p class='ocr_par' dir='ltr' id='par_1_94' title="bbox 533 4833 2115 4910">
     <span class='ocr_line' id='line_1_94' title="bbox 533 4833 2115 4910; baseline 0.004 -21"><span class='ocrx_word' id='word_1_690' title='bbox 533 4833 659 4889; x_wconf 90' lang='lat' dir='ltr'><strong>dum</strong></span> <span class='ocrx_word' id='word_1_691' title='bbox 689 4835 893 4890; x_wconf 90' lang='lat' dir='ltr'><strong>nullum</strong></span> <span class='ocrx_word' id='word_1_692' title='bbox 939 4837 993 4892; x_wconf 92' lang='lat' dir='ltr'><strong>in</strong></span> <span class='ocrx_word' id='word_1_693' title='bbox 1035 4853 1095 4893; x_wconf 89' lang='lat' dir='ltr'><strong>se</strong></span> <span class='ocrx_word' id='word_1_694' title='bbox 1133 4838 1322 4892; x_wconf 89' lang='lat' dir='ltr'><strong>vitium</strong></span> <span class='ocrx_word' id='word_1_695' title='bbox 1355 4855 1582 4910; x_wconf 86' lang='lat' dir='ltr'><strong>regnare</strong></span> <span class='ocrx_word' id='word_1_696' title='bbox 1611 4841 1908 4910; x_wconf 90' lang='lat' dir='ltr'><strong>permittit,</strong></span> <span class='ocrx_word' id='word_1_697' title='bbox 1943 4840 2115 4910; x_wconf 85' lang='lat' dir='ltr'><strong>impe-</strong></span> 
     </span>
    </p>
   </div>
   <div class='ocr_carea' id='block_1_95' title="bbox 534 4927 2116 5003">
    <p class='ocr_par' dir='ltr' id='par_1_95' title="bbox 534 4927 2116 5003">
     <span class='ocr_line' id='line_1_95' title="bbox 534 4927 2116 5003; baseline 0.008 -23"><span class='ocrx_word' id='word_1_698' title='bbox 534 4935 680 4982; x_wconf 89' lang='lat' dir='ltr'><strong>trare</strong></span> <span class='ocrx_word' id='word_1_699' title='bbox 709 4927 845 4996; x_wconf 87' lang='lat' dir='ltr'><strong>apud</strong></span> <span class='ocrx_word' id='word_1_700' title='bbox 869 4928 1038 4984; x_wconf 90' lang='lat' dir='ltr'><strong>Deum</strong></span> <span class='ocrx_word' id='word_1_701' title='bbox 1062 4931 1275 4986; x_wconf 86' lang='lat' dir='ltr'><strong>veniant</strong></span> <span class='ocrx_word' id='word_1_702' title='bbox 1299 4948 1396 5003; x_wconf 93' lang='lat' dir='ltr'><strong>pro</strong></span> <span class='ocrx_word' id='word_1_703' title='bbox 1423 4935 1758 4990; x_wconf 90' lang='lat' dir='ltr'><strong>subditorum</strong></span> <span class='ocrx_word' id='word_1_704' title='bbox 1784 4935 2116 4992; x_wconf 82' lang='lat' dir='ltr'><strong>facinoribus</strong></span> 
     </span>
    </p>
   </div>
   <div class='ocr_carea' id='block_1_96' title="bbox 531 5020 2116 5090">
    <p class='ocr_par' dir='ltr' id='par_1_96' title="bbox 531 5020 2116 5090">
     <span class='ocr_line' id='line_1_96' title="bbox 531 5020 2116 5090; baseline 0.007 -17"><span class='ocrx_word' id='word_1_705' title='bbox 531 5020 725 5074; x_wconf 88' lang='lat' dir='ltr'><strong>valeat.</strong></span> <span class='ocrx_word' id='word_1_706' title='bbox 744 5020 844 5087; x_wconf 89' lang='lat' dir='ltr'><strong>Qui</strong></span> <span class='ocrx_word' id='word_1_707' title='bbox 872 5021 1017 5075; x_wconf 90' lang='lat' dir='ltr'><strong>enim</strong></span> <span class='ocrx_word' id='word_1_708' title='bbox 1043 5023 1146 5077; x_wconf 90' lang='lat' dir='ltr'><strong>ista</strong></span> <span class='ocrx_word' id='word_1_709' title='bbox 1167 5026 1477 5090; x_wconf 88' lang='lat' dir='ltr'><strong>sectaverit,</strong></span> <span class='ocrx_word' id='word_1_710' title='bbox 1501 5035 1556 5080; x_wconf 89' lang='lat' dir='ltr'><strong>et</strong></span> <span class='ocrx_word' id='word_1_711' title='bbox 1577 5026 1670 5080; x_wconf 92' lang='lat' dir='ltr'><strong>Dei</strong></span> <span class='ocrx_word' id='word_1_712' title='bbox 1697 5026 1947 5082; x_wconf 90' lang='lat' dir='ltr'><strong>minister</strong></span> <span class='ocrx_word' id='word_1_713' title='bbox 1970 5028 2116 5084; x_wconf 91' lang='lat' dir='ltr'><strong>utilis</strong></span> 
     </span>
    </p>
   </div>
   <div class='ocr_carea' id='block_1_97' title="bbox 533 5111 1908 5182">
    <p class='ocr_par' dir='ltr' id='par_1_97' title="bbox 533 5111 1908 5182">
     <span class='ocr_line' id='line_1_97' title="bbox 533 5111 1908 5182; baseline 0.004 -15"><span class='ocrx_word' id='word_1_714' title='bbox 533 5111 658 5179; x_wconf 89' lang='lat' dir='ltr'><strong>erit,</strong></span> <span class='ocrx_word' id='word_1_715' title='bbox 689 5120 744 5167; x_wconf 93' lang='lat' dir='ltr'><strong>et</strong></span> <span class='ocrx_word' id='word_1_716' title='bbox 770 5111 1068 5182; x_wconf 79' lang='lat' dir='ltr'><strong>perfectum</strong></span> <span class='ocrx_word' id='word_1_717' title='bbox 1098 5117 1460 5170; x_wconf 87' lang='lat' dir='ltr'><strong>sacerdotium</strong></span> <span class='ocrx_word' id='word_1_718' title='bbox 1491 5117 1908 5172; x_wconf 90' lang='lat' dir='ltr'><strong>consummabit.</strong></span> 
     </span>
    </p>
   </div>
   <div class='ocr_carea' id='block_1_98' title="bbox 1145 5205 1502 5262">
    <p class='ocr_par' dir='ltr' id='par_1_98' title="bbox 1145 5205 1502 5262">
     <span class='ocr_line' id='line_1_98' title="bbox 1145 5205 1502 5262; baseline 0.003 -2"><span class='ocrx_word' id='word_1_719' title='bbox 1145 5205 1371 5262; x_wconf 77' lang='lat' dir='ltr'><strong>CAPUT</strong></span> <span class='ocrx_word' id='word_1_720' title='bbox 1435 5207 1502 5262; x_wconf 77' lang='grc' dir='ltr'><strong>Χ.</strong></span> 
     </span>
    </p>
   </div>
   <div class='ocr_carea' id='block_1_99' title="bbox 604 5299 2115 5374">
    <p class='ocr_par' dir='ltr' id='par_1_99' title="bbox 604 5299 2115 5374">
     <span class='ocr_line' id='line_1_99' title="bbox 604 5299 2115 5374; baseline 0.006 -23"><span class='ocrx_word' id='word_1_721' title='bbox 604 5299 935 5372; x_wconf 85' lang='lat' dir='ltr'><strong>(Hieronymi</strong></span> <span class='ocrx_word' id='word_1_722' title='bbox 972 5313 1271 5372; x_wconf 76' lang='lat' dir='ltr'><strong>excerptum</strong></span> <span class='ocrx_word' id='word_1_723' title='bbox 1316 5319 1380 5356; x_wconf 79' lang='lat' dir='ltr'><strong>ea:</strong></span> <span class='ocrx_word' id='word_1_724' title='bbox 1408 5303 1508 5374; x_wconf 88' lang='lat' dir='ltr'><strong>Ep.</strong></span> <span class='ocrx_word' id='word_1_725' title='bbox 1563 5305 1632 5358; x_wconf 86' lang='lat' dir='ltr'><strong>ad</strong></span> <span class='ocrx_word' id='word_1_726' title='bbox 1666 5303 1886 5374; x_wconf 89' lang='lat' dir='ltr'><strong>Titum.)</strong></span> <span class='ocrx_word' id='word_1_727' title='bbox 1939 5304 2115 5374; x_wconf 84' lang='lat' dir='ltr'><strong>Hujus</strong></span> 
     </span>
    </p>
   </div>
   <div class='ocr_carea' id='block_1_100' title="bbox 531 5392 2110 5466">
    <p class='ocr_par' dir='ltr' id='par_1_100' title="bbox 531 5392 2110 5466">
     <span class='ocr_line' id='line_1_100' title="bbox 531 5392 2110 5466; baseline 0.004 -21"><span class='ocrx_word' id='word_1_728' title='bbox 531 5393 607 5446; x_wconf 88' lang='lat' dir='ltr'><strong>rei</strong></span> <span class='ocrx_word' id='word_1_729' title='bbox 652 5392 993 5465; x_wconf 76' lang='lat' dir='ltr'><strong>[Excerptum</strong></span> <span class='ocrx_word' id='word_1_730' title='bbox 1034 5395 1100 5449; x_wconf 84' lang='grc' dir='ltr'><strong>Β.</strong></span> <span class='ocrx_word' id='word_1_731' title='bbox 1132 5394 1438 5466; x_wconf 78' lang='lat' dir='ltr'><strong>Hieronymi</strong></span> <span class='ocrx_word' id='word_1_732' title='bbox 1463 5412 1526 5449; x_wconf 75' lang='lat' dir='ltr'><strong>ex</strong></span> <span class='ocrx_word' id='word_1_733' title='bbox 1554 5395 1793 5465; x_wconf 80' lang='lat' dir='ltr'><strong>Epistola</strong></span> <span class='ocrx_word' id='word_1_734' title='bbox 1818 5397 1885 5449; x_wconf 86' lang='lat' dir='ltr'><strong>ad</strong></span> <span class='ocrx_word' id='word_1_735' title='bbox 1916 5397 2110 5451; x_wconf 88' lang='lat' dir='ltr'><strong>Titum.</strong></span> 
     </span>
    </p>
   </div>
   <div class='ocr_carea' id='block_1_101' title="bbox 534 5485 2115 5565">
    <p class='ocr_par' dir='ltr' id='par_1_101' title="bbox 534 5485 2115 5565">
     <span class='ocr_line' id='line_1_101' title="bbox 534 5485 2115 5565; baseline 0.006 -26"><span class='ocrx_word' id='word_1_736' title='bbox 534 5485 712 5556; x_wconf 85' lang='lat' dir='ltr'><strong>Hujus</strong></span> <span class='ocrx_word' id='word_1_737' title='bbox 729 5490 849 5560; x_wconf 84' lang='lat' dir='ltr'><strong>rei,|</strong></span> <span class='ocrx_word' id='word_1_738' title='bbox 889 5493 1060 5560; x_wconf 86' lang='lat' dir='ltr'><strong>gratia</strong></span> <span class='ocrx_word' id='word_1_739' title='bbox 1092 5493 1276 5565; x_wconf 86' lang='lat' dir='ltr'><strong>reliqui</strong></span> <span class='ocrx_word' id='word_1_740' title='bbox 1315 5504 1361 5547; x_wconf 89' lang='lat' dir='ltr'><strong>te</strong></span> <span class='ocrx_word' id='word_1_741' title='bbox 1383 5491 1576 5558; x_wconf 81' lang='lat' dir='ltr'><strong>Crettv,</strong></span> <span class='ocrx_word' id='word_1_742' title='bbox 1611 5502 1667 5546; x_wconf 84' lang='lat' dir='ltr'><strong>ut</strong></span> <span class='ocrx_word' id='word_1_743' title='bbox 1702 5511 1762 5546; x_wconf 90' lang='lat' dir='ltr'><strong>ea</strong></span> <span class='ocrx_word' id='word_1_744' title='bbox 1784 5511 1902 5563; x_wconf 81' lang='lat' dir='ltr'><strong>qua:</strong></span> <span class='ocrx_word' id='word_1_745' title='bbox 1927 5495 2115 5549; x_wconf 84' lang='lat' dir='ltr'><strong>desunt</strong></span> 
     </span>
    </p>
   </div>
   <div class='ocr_carea' id='block_1_102' title="bbox 535 5581 2113 5656">
    <p class='ocr_par' dir='ltr' id='par_1_102' title="bbox 535 5581 2113 5656">
     <span class='ocr_line' id='line_1_102' title="bbox 535 5581 2113 5656; baseline 0.007 -26"><span class='ocrx_word' id='word_1_746' title='bbox 535 5581 767 5648; x_wconf 88' lang='lat' dir='ltr'><strong>corrigas</strong></span> <span class='ocrx_word' id='word_1_747' title='bbox 798 5581 924 5650; x_wconf 87' lang='lat' dir='ltr'><strong>(Tit.</strong></span> <span class='ocrx_word' id='word_1_748' title='bbox 958 5583 1020 5654; x_wconf 85' lang='grc' dir='ltr'><strong>ι).</strong></span> <span class='ocrx_word' id='word_1_749' title='bbox 1060 5584 1297 5655; x_wconf 86' lang='lat' dir='ltr'><strong>Reliquit</strong></span> <span class='ocrx_word' id='word_1_750' title='bbox 1344 5586 1526 5640; x_wconf 88' lang='lat' dir='ltr'><strong>Titum</strong></span> <span class='ocrx_word' id='word_1_751' title='bbox 1565 5585 1886 5656; x_wconf 89' lang='lat' dir='ltr'><strong>discipulum</strong></span> <span class='ocrx_word' id='word_1_752' title='bbox 1918 5585 2113 5653; x_wconf 59' lang='lat' dir='ltr'><strong>Cretae,</strong></span> 
     </span>
    </p>
   </div>
   <div class='ocr_carea' id='block_1_103' title="bbox 536 5672 2112 5742">
    <p class='ocr_par' dir='ltr' id='par_1_103' title="bbox 536 5672 2112 5742">
     <span class='ocr_line' id='line_1_103' title="bbox 536 5672 2112 5742; baseline 0.006 -19"><span class='ocrx_word' id='word_1_753' title='bbox 536 5678 596 5724; x_wconf 91' lang='lat' dir='ltr'><strong>ut</strong></span> <span class='ocrx_word' id='word_1_754' title='bbox 627 5672 930 5729; x_wconf 85' lang='lat' dir='ltr'><strong>rudimenta</strong></span> <span class='ocrx_word' id='word_1_755' title='bbox 971 5677 1247 5731; x_wconf 89' lang='lat' dir='ltr'><strong>nascentis</strong></span> <span class='ocrx_word' id='word_1_756' title='bbox 1277 5677 1531 5733; x_wconf 68' lang='lat' dir='ltr'><strong>Ecclesiae</strong></span> <span class='ocrx_word' id='word_1_757' title='bbox 1582 5677 1955 5742; x_wconf 86' lang='lat' dir='ltr'><strong>confirmaret,</strong></span> <span class='ocrx_word' id='word_1_758' title='bbox 1985 5688 2041 5732; x_wconf 91' lang='lat' dir='ltr'><strong>et</strong></span> <span class='ocrx_word' id='word_1_759' title='bbox 2069 5679 2112 5734; x_wconf 92' lang='lat' dir='ltr'><strong>si</strong></span> 
     </span>
    </p>
   </div>
   <div class='ocr_carea' id='block_1_104' title="bbox 533 5763 2116 5842">
    <p class='ocr_par' dir='ltr' id='par_1_104' title="bbox 533 5763 2116 5842">
     <span class='ocr_line' id='line_1_104' title="bbox 533 5763 2116 5842; baseline 0.004 -24"><span class='ocrx_word' id='word_1_760' title='bbox 533 5763 666 5833; x_wconf 88' lang='lat' dir='ltr'><strong>quid</strong></span> <span class='ocrx_word' id='word_1_761' title='bbox 691 5763 975 5819; x_wconf 87' lang='lat' dir='ltr'><strong>videbatur</strong></span> <span class='ocrx_word' id='word_1_762' title='bbox 1001 5767 1212 5832; x_wconf 84' lang='lat' dir='ltr'><strong>deesse,</strong></span> <span class='ocrx_word' id='word_1_763' title='bbox 1259 5771 1561 5840; x_wconf 89' lang='lat' dir='ltr'><strong>corrigeret</strong></span> <span class='ocrx_word' id='word_1_764' title='bbox 1589 5788 1602 5824; x_wconf 90' lang='lat'><strong>:</strong></span> <span class='ocrx_word' id='word_1_765' title='bbox 1636 5771 1753 5842; x_wconf 91' lang='lat' dir='ltr'><strong>ipse</strong></span> <span class='ocrx_word' id='word_1_766' title='bbox 1782 5788 2010 5842; x_wconf 87' lang='lat' dir='ltr'><strong>pergens</strong></span> <span class='ocrx_word' id='word_1_767' title='bbox 2050 5772 2116 5826; x_wconf 92' lang='lat' dir='ltr'><strong>ad</strong></span> 
     </span>
    </p>
   </div>
   <div class='ocr_carea' id='block_1_105' title="bbox 531 5852 2117 5934">
    <p class='ocr_par' dir='ltr' id='par_1_105' title="bbox 531 5852 2117 5934">
     <span class='ocr_line' id='line_1_105' title="bbox 531 5852 2117 5934; baseline 0.007 -25"><span class='ocrx_word' id='word_1_768' title='bbox 531 5854 676 5910; x_wconf 81' lang='lat' dir='ltr'><strong>alias</strong></span> <span class='ocrx_word' id='word_1_769' title='bbox 701 5852 964 5919; x_wconf 81' lang='lat' dir='ltr'><strong>nationes,</strong></span> <span class='ocrx_word' id='word_1_770' title='bbox 994 5864 1058 5910; x_wconf 88' lang='lat' dir='ltr'><strong>ut</strong></span> <span class='ocrx_word' id='word_1_771' title='bbox 1082 5873 1297 5913; x_wconf 89' lang='lat' dir='ltr'><strong>rursum</strong></span> <span class='ocrx_word' id='word_1_772' title='bbox 1323 5859 1380 5914; x_wconf 89' lang='lat' dir='ltr'><strong>in</strong></span> <span class='ocrx_word' id='word_1_773' title='bbox 1414 5861 1495 5916; x_wconf 90' lang='lat' dir='ltr'><strong>eis</strong></span> <span class='ocrx_word' id='word_1_774' title='bbox 1523 5861 1727 5920; x_wconf 87' lang='lat' dir='ltr'><strong>Christi</strong></span> <span class='ocrx_word' id='word_1_775' title='bbox 1760 5864 1966 5934; x_wconf 76' lang='lat' dir='ltr'><strong>iaceret</strong></span> <span class='ocrx_word' id='word_1_776' title='bbox 1993 5862 2117 5920; x_wconf 78' lang='lat' dir='ltr'><strong>fun-</strong></span> 
     </span>
    </p>
   </div>
   <div class='ocr_carea' id='block_1_106' title="bbox 2224 4657 3821 4736">
    <p class='ocr_par' dir='ltr' id='par_1_106' title="bbox 2224 4657 3821 4736">
     <span class='ocr_line' id='line_1_106' title="bbox 2224 4657 3821 4736; baseline 0.012 -27"><span class='ocrx_word' id='word_1_777' title='bbox 2224 4671 2325 4726; x_wconf 92' lang='lat' dir='ltr'><strong>pus</strong></span> <span class='ocrx_word' id='word_1_778' title='bbox 2351 4657 2684 4714; x_wconf 89' lang='lat' dir='ltr'><strong>ordinandus</strong></span> <span class='ocrx_word' id='word_1_779' title='bbox 2719 4661 2826 4715; x_wconf 90' lang='lat' dir='ltr'><strong>sit:</strong></span> <span class='ocrx_word' id='word_1_780' title='bbox 2859 4660 2916 4716; x_wconf 89' lang='lat' dir='ltr'><strong>Si</strong></span> <span class='ocrx_word' id='word_1_781' title='bbox 2953 4665 3070 4733; x_wconf 87' lang='lat' dir='ltr'><strong>quis</strong></span> <span class='ocrx_word' id='word_1_782' title='bbox 3104 4674 3179 4719; x_wconf 85' lang='lat' dir='ltr'><strong>est</strong></span> <span class='ocrx_word' id='word_1_783' title='bbox 3215 4666 3327 4721; x_wconf 87' lang='lat' dir='ltr'><strong>sine</strong></span> <span class='ocrx_word' id='word_1_784' title='bbox 3367 4671 3627 4736; x_wconf 84' lang='lat' dir='ltr'><strong>crimine,</strong></span> <span class='ocrx_word' id='word_1_785' title='bbox 3675 4674 3821 4727; x_wconf 72' lang='lat' dir='ltr'><strong>unius</strong></span> 
     </span>
    </p>
   </div>
   <div class='ocr_carea' id='block_1_107' title="bbox 2224 4749 3823 4823">
    <p class='ocr_par' dir='ltr' id='par_1_107' title="bbox 2224 4749 3823 4823">
     <span class='ocr_line' id='line_1_107' title="bbox 2224 4749 3823 4823; baseline 0.013 -23"><span class='ocrx_word' id='word_1_786' title='bbox 2224 4749 2406 4802; x_wconf 74' lang='lat' dir='ltr'><strong>uxoris</strong></span> <span class='ocrx_word' id='word_1_787' title='bbox 2445 4749 2544 4815; x_wconf 78' lang='lat' dir='ltr'><strong>vir,</strong></span> <span class='ocrx_word' id='word_1_788' title='bbox 2586 4750 2726 4818; x_wconf 73' lang='lat' dir='ltr'><strong>ﬁlios</strong></span> <span class='ocrx_word' id='word_1_789' title='bbox 2767 4752 2962 4808; x_wconf 82' lang='lat' dir='ltr'><strong>habens</strong></span> <span class='ocrx_word' id='word_1_790' title='bbox 2991 4755 3194 4823; x_wconf 79' lang='lat' dir='ltr'><strong>ﬁdeles,</strong></span> <span class='ocrx_word' id='word_1_791' title='bbox 3240 4775 3342 4814; x_wconf 88' lang='lat' dir='ltr'><strong>non</strong></span> <span class='ocrx_word' id='word_1_792' title='bbox 3384 4761 3438 4814; x_wconf 89' lang='lat' dir='ltr'><strong>in</strong></span> <span class='ocrx_word' id='word_1_793' title='bbox 3484 4767 3823 4819; x_wconf 76' lang='lat' dir='ltr'><strong>accusatione</strong></span> 
     </span>
    </p>
   </div>
   <div class='ocr_carea' id='block_1_108' title="bbox 2223 4840 3821 4927">
    <p class='ocr_par' dir='ltr' id='par_1_108' title="bbox 2223 4840 3821 4927">
     <span class='ocr_line' id='line_1_108' title="bbox 2223 4840 3821 4927; baseline 0.009 -33"><span class='ocrx_word' id='word_1_794' title='bbox 2223 4840 2475 4906; x_wconf 66' lang='lat' dir='ltr'><strong>luxuriae,</strong></span> <span class='ocrx_word' id='word_1_795' title='bbox 2511 4852 2604 4895; x_wconf 87' lang='lat' dir='ltr'><strong>aut</strong></span> <span class='ocrx_word' id='word_1_796' title='bbox 2635 4859 2738 4897; x_wconf 89' lang='lat' dir='ltr'><strong>non</strong></span> <span class='ocrx_word' id='word_1_797' title='bbox 2768 4846 3024 4902; x_wconf 85' lang='lat' dir='ltr'><strong>subditos.</strong></span> <span class='ocrx_word' id='word_1_798' title='bbox 3085 4847 3301 4918; x_wconf 89' lang='lat' dir='ltr'><strong>Oportet</strong></span> <span class='ocrx_word' id='word_1_799' title='bbox 3337 4853 3481 4905; x_wconf 84' lang='lat' dir='ltr'><strong>enim</strong></span> <span class='ocrx_word' id='word_1_800' title='bbox 3523 4856 3821 4927; x_wconf 70' lang='lat' dir='ltr'><strong>episcopum</strong></span> 
     </span>
    </p>
   </div>
   <div class='ocr_carea' id='block_1_109' title="bbox 2224 4936 3822 5013">
    <p class='ocr_par' dir='ltr' id='par_1_109' title="bbox 2224 4936 3822 5013">
     <span class='ocr_line' id='line_1_109' title="bbox 2224 4936 3822 5013; baseline 0.008 -23"><span class='ocrx_word' id='word_1_801' title='bbox 2224 4936 2336 4990; x_wconf 88' lang='lat' dir='ltr'><strong>sine</strong></span> <span class='ocrx_word' id='word_1_802' title='bbox 2379 4936 2595 4990; x_wconf 81' lang='lat' dir='ltr'><strong>crimine</strong></span> <span class='ocrx_word' id='word_1_803' title='bbox 2617 4955 2726 4993; x_wconf 89' lang='lat' dir='ltr'><strong>esse</strong></span> <span class='ocrx_word' id='word_1_804' title='bbox 2765 4948 3015 5010; x_wconf 88' lang='lat' dir='ltr'><strong>tanquam</strong></span> <span class='ocrx_word' id='word_1_805' title='bbox 3064 4940 3155 4994; x_wconf 88' lang='lat' dir='ltr'><strong>Dei</strong></span> <span class='ocrx_word' id='word_1_806' title='bbox 3203 4943 3657 5013; x_wconf 64' lang='lat' dir='ltr'><strong>dispensatorem.</strong></span> <span class='ocrx_word' id='word_1_807' title='bbox 3708 4950 3822 5004; x_wconf 74' lang='lat' dir='ltr'><strong>Non</strong></span> 
     </span>
    </p>
   </div>
   <div class='ocr_carea' id='block_1_110' title="bbox 2223 5034 3824 5108">
    <p class='ocr_par' dir='ltr' id='par_1_110' title="bbox 2223 5034 3824 5108">
     <span class='ocr_line' id='line_1_110' title="bbox 2223 5034 3824 5108; baseline 0.01 -26"><span class='ocrx_word' id='word_1_808' title='bbox 2223 5040 2553 5099; x_wconf 89' lang='lat' dir='ltr'><strong>protervum,</strong></span> <span class='ocrx_word' id='word_1_809' title='bbox 2597 5048 2699 5086; x_wconf 90' lang='lat' dir='ltr'><strong>non</strong></span> <span class='ocrx_word' id='word_1_810' title='bbox 2747 5034 3098 5098; x_wconf 87' lang='lat' dir='ltr'><strong>iracundum,</strong></span> <span class='ocrx_word' id='word_1_811' title='bbox 3164 5052 3270 5090; x_wconf 89' lang='lat' dir='ltr'><strong>non</strong></span> <span class='ocrx_word' id='word_1_812' title='bbox 3313 5038 3684 5108; x_wconf 79' lang='lat' dir='ltr'><strong>vinolentum,</strong></span> <span class='ocrx_word' id='word_1_813' title='bbox 3728 5060 3824 5097; x_wconf 75' lang='lat' dir='ltr'><strong>non</strong></span> 
     </span>
    </p>
   </div>
   <div class='ocr_carea' id='block_1_111' title="bbox 2217 5126 3822 5208">
    <p class='ocr_par' dir='ltr' id='par_1_111' title="bbox 2217 5126 3822 5208">
     <span class='ocr_line' id='line_1_111' title="bbox 2217 5126 3822 5208; baseline 0.01 -33"><span class='ocrx_word' id='word_1_814' title='bbox 2217 5139 2596 5192; x_wconf 88' lang='lat' dir='ltr'><strong>percussorem,</strong></span> <span class='ocrx_word' id='word_1_815' title='bbox 2620 5142 2721 5178; x_wconf 87' lang='lat' dir='ltr'><strong>non</strong></span> <span class='ocrx_word' id='word_1_816' title='bbox 2744 5126 2910 5196; x_wconf 86' lang='lat' dir='ltr'><strong>turpis</strong></span> <span class='ocrx_word' id='word_1_817' title='bbox 2933 5127 3068 5180; x_wconf 88' lang='lat' dir='ltr'><strong>lucri</strong></span> <span class='ocrx_word' id='word_1_818' title='bbox 3101 5131 3442 5200; x_wconf 85' lang='lat' dir='ltr'><strong>appetitorem</strong></span> <span class='ocrx_word' id='word_1_819' title='bbox 3468 5132 3524 5204; x_wconf 90' lang='lat' dir='ltr'><strong>(I</strong></span> <span class='ocrx_word' id='word_1_820' title='bbox 3549 5134 3694 5191; x_wconf 84' lang='lat' dir='ltr'><strong>Tim.</strong></span> <span class='ocrx_word' id='word_1_821' title='bbox 3723 5138 3822 5208; x_wconf 83' lang='lat' dir='ltr'><strong>Ill).</strong></span> 
     </span>
    </p>
   </div>
   <div class='ocr_carea' id='block_1_112' title="bbox 2218 5213 3824 5297">
    <p class='ocr_par' dir='ltr' id='par_1_112' title="bbox 2218 5213 3824 5297">
     <span class='ocr_line' id='line_1_112' title="bbox 2218 5213 3824 5297; baseline 0.01 -29"><span class='ocrx_word' id='word_1_822' title='bbox 2218 5213 2460 5271; x_wconf 88' lang='lat' dir='ltr'><strong>Primum</strong></span> <span class='ocrx_word' id='word_1_823' title='bbox 2513 5218 2694 5287; x_wconf 86' lang='lat' dir='ltr'><strong>itaque</strong></span> <span class='ocrx_word' id='word_1_824' title='bbox 2747 5219 2863 5274; x_wconf 92' lang='lat' dir='ltr'><strong>sine</strong></span> <span class='ocrx_word' id='word_1_825' title='bbox 2917 5220 3147 5276; x_wconf 90' lang='lat' dir='ltr'><strong>crimine</strong></span> <span class='ocrx_word' id='word_1_826' title='bbox 3196 5223 3287 5285; x_wconf 92' lang='lat' dir='ltr'><strong>sit,</strong></span> <span class='ocrx_word' id='word_1_827' title='bbox 3337 5225 3483 5292; x_wconf 90' lang='lat' dir='ltr'><strong>quod</strong></span> <span class='ocrx_word' id='word_1_828' title='bbox 3542 5238 3682 5297; x_wconf 90' lang='lat' dir='ltr'><strong>puto</strong></span> <span class='ocrx_word' id='word_1_829' title='bbox 3721 5229 3824 5284; x_wconf 87' lang='lat' dir='ltr'><strong>alio</strong></span> 
     </span>
    </p>
   </div>
   <div class='ocr_carea' id='block_1_113' title="bbox 2216 5309 3822 5381">
    <p class='ocr_par' dir='ltr' id='par_1_113' title="bbox 2216 5309 3822 5381">
     <span class='ocr_line' id='line_1_113' title="bbox 2216 5309 3822 5381; baseline 0.006 -17"><span class='ocrx_word' id='word_1_830' title='bbox 2216 5311 2384 5365; x_wconf 88' lang='lat' dir='ltr'><strong>verbo</strong></span> <span class='ocrx_word' id='word_1_831' title='bbox 2404 5309 2470 5364; x_wconf 89' lang='lat' dir='ltr'><strong>ad</strong></span> <span class='ocrx_word' id='word_1_832' title='bbox 2495 5310 2862 5372; x_wconf 88' lang='lat' dir='ltr'><strong>Timotheum,</strong></span> <span class='ocrx_word' id='word_1_833' title='bbox 2887 5311 3421 5381; x_wconf 73' lang='lat' dir='ltr'><strong>irreprcheusibilctn</strong></span> <span class='ocrx_word' id='word_1_834' title='bbox 3451 5320 3822 5375; x_wconf 86' lang='lat' dir='ltr'><strong>nominatum.</strong></span> 
     </span>
    </p>
   </div>
   <div class='ocr_carea' id='block_1_114' title="bbox 2218 5403 3823 5472">
    <p class='ocr_par' dir='ltr' id='par_1_114' title="bbox 2218 5403 3823 5472">
     <span class='ocr_line' id='line_1_114' title="bbox 2218 5403 3823 5472; baseline 0.004 -16"><span class='ocrx_word' id='word_1_835' title='bbox 2218 5403 2334 5457; x_wconf 83' lang='lat' dir='ltr'><strong>Non</strong></span> <span class='ocrx_word' id='word_1_836' title='bbox 2372 5403 2465 5472; x_wconf 92' lang='lat' dir='ltr'><strong>qui</strong></span> <span class='ocrx_word' id='word_1_837' title='bbox 2500 5417 2567 5456; x_wconf 87' lang='lat' dir='ltr'><strong>eo</strong></span> <span class='ocrx_word' id='word_1_838' title='bbox 2602 5410 2813 5456; x_wconf 91' lang='lat' dir='ltr'><strong>tantum</strong></span> <span class='ocrx_word' id='word_1_839' title='bbox 2851 5409 3129 5472; x_wconf 88' lang='lat' dir='ltr'><strong>tempore,</strong></span> <span class='ocrx_word' id='word_1_840' title='bbox 3167 5419 3277 5472; x_wconf 91' lang='lat' dir='ltr'><strong>quo</strong></span> <span class='ocrx_word' id='word_1_841' title='bbox 3322 5406 3671 5464; x_wconf 86' lang='lat' dir='ltr'><strong>ordinandus</strong></span> <span class='ocrx_word' id='word_1_842' title='bbox 3720 5419 3823 5472; x_wconf 79' lang='lat' dir='ltr'><strong>est,</strong></span> 
     </span>
    </p>
   </div>
   <div class='ocr_carea' id='block_1_115' title="bbox 2222 5495 3826 5566">
    <p class='ocr_par' dir='ltr' id='par_1_115' title="bbox 2222 5495 3826 5566">
     <span class='ocr_line' id='line_1_115' title="bbox 2222 5495 3826 5566; baseline 0.003 -15"><span class='ocrx_word' id='word_1_843' title='bbox 2222 5498 2339 5552; x_wconf 91' lang='lat' dir='ltr'><strong>sine</strong></span> <span class='ocrx_word' id='word_1_844' title='bbox 2386 5495 2493 5550; x_wconf 94' lang='lat' dir='ltr'><strong>ullo</strong></span> <span class='ocrx_word' id='word_1_845' title='bbox 2538 5497 2609 5550; x_wconf 90' lang='lat' dir='ltr'><strong>sit</strong></span> <span class='ocrx_word' id='word_1_846' title='bbox 2652 5495 2904 5560; x_wconf 90' lang='lat' dir='ltr'><strong>crimine,</strong></span> <span class='ocrx_word' id='word_1_847' title='bbox 2933 5504 2988 5551; x_wconf 88' lang='lat' dir='ltr'><strong>et</strong></span> <span class='ocrx_word' id='word_1_848' title='bbox 3034 5497 3340 5566; x_wconf 75' lang='lat' dir='ltr'><strong>pneteritas</strong></span> <span class='ocrx_word' id='word_1_849' title='bbox 3384 5502 3636 5556; x_wconf 90' lang='lat' dir='ltr'><strong>maculas</strong></span> <span class='ocrx_word' id='word_1_850' title='bbox 3685 5519 3826 5558; x_wconf 82' lang='lat' dir='ltr'><strong>nova</strong></span> 
     </span>
    </p>
   </div>
   <div class='ocr_carea' id='block_1_116' title="bbox 2221 5584 3826 5663">
    <p class='ocr_par' dir='ltr' id='par_1_116' title="bbox 2221 5584 3826 5663">
     <span class='ocr_line' id='line_1_116' title="bbox 2221 5584 3826 5663; baseline 0.001 -21"><span class='ocrx_word' id='word_1_851' title='bbox 2221 5587 2636 5642; x_wconf 87' lang='lat' dir='ltr'><strong>conversatione</strong></span> <span class='ocrx_word' id='word_1_852' title='bbox 2679 5584 2938 5642; x_wconf 89' lang='lat' dir='ltr'><strong>deleverit</strong></span> <span class='ocrx_word' id='word_1_853' title='bbox 2985 5601 2997 5638; x_wconf 92' lang='lat'>:</span> <span class='ocrx_word' id='word_1_854' title='bbox 3044 5587 3138 5642; x_wconf 90' lang='lat' dir='ltr'><strong>sed</strong></span> <span class='ocrx_word' id='word_1_855' title='bbox 3182 5604 3248 5643; x_wconf 84' lang='lat' dir='ltr'><strong>ex</strong></span> <span class='ocrx_word' id='word_1_856' title='bbox 3285 5603 3349 5642; x_wconf 93' lang='lat' dir='ltr'><strong>eo</strong></span> <span class='ocrx_word' id='word_1_857' title='bbox 3395 5599 3670 5660; x_wconf 85' lang='lat' dir='ltr'><strong>tempore,</strong></span> <span class='ocrx_word' id='word_1_858' title='bbox 3719 5610 3826 5663; x_wconf 82' lang='lat' dir='ltr'><strong>quo</strong></span> 
     </span>
    </p>
   </div>
   <div class='ocr_carea' id='block_1_117' title="bbox 2223 5679 3828 5750">
    <p class='ocr_par' dir='ltr' id='par_1_117' title="bbox 2223 5679 3828 5750">
     <span class='ocr_line' id='line_1_117' title="bbox 2223 5679 3828 5750; baseline 0.003 -17"><span class='ocrx_word' id='word_1_859' title='bbox 2223 5679 2278 5734; x_wconf 92' lang='lat' dir='ltr'><strong>in</strong></span> <span class='ocrx_word' id='word_1_860' title='bbox 2319 5679 2534 5735; x_wconf 88' lang='lat' dir='ltr'><strong>Christo</strong></span> <span class='ocrx_word' id='word_1_861' title='bbox 2586 5687 2807 5734; x_wconf 84' lang='lat' dir='ltr'><strong>renatus</strong></span> <span class='ocrx_word' id='word_1_862' title='bbox 2853 5686 2968 5744; x_wconf 90' lang='lat' dir='ltr'><strong>est,</strong></span> <span class='ocrx_word' id='word_1_863' title='bbox 3021 5679 3168 5734; x_wconf 90' lang='lat' dir='ltr'><strong>nulla</strong></span> <span class='ocrx_word' id='word_1_864' title='bbox 3221 5682 3429 5750; x_wconf 88' lang='lat' dir='ltr'><strong>peccati</strong></span> <span class='ocrx_word' id='word_1_865' title='bbox 3477 5687 3828 5740; x_wconf 80' lang='lat' dir='ltr'><strong>conscientia</strong></span> 
     </span>
    </p>
   </div>
   <div class='ocr_carea' id='block_1_118' title="bbox 2221 5769 3824 5845">
    <p class='ocr_par' dir='ltr' id='par_1_118' title="bbox 2221 5769 3824 5845">
     <span class='ocr_line' id='line_1_118' title="bbox 2221 5769 3824 5845; baseline -0.001 -18"><span class='ocrx_word' id='word_1_866' title='bbox 2221 5771 2552 5827; x_wconf 87' lang='lat' dir='ltr'><strong>mordeatur.</strong></span> <span class='ocrx_word' id='word_1_867' title='bbox 2584 5769 2866 5838; x_wconf 86' lang='lat' dir='ltr'><strong>Quomodo</strong></span> <span class='ocrx_word' id='word_1_868' title='bbox 2905 5771 3049 5826; x_wconf 91' lang='lat' dir='ltr'><strong>enim</strong></span> <span class='ocrx_word' id='word_1_869' title='bbox 3095 5783 3276 5842; x_wconf 87' lang='lat' dir='ltr'><strong>potest</strong></span> <span class='ocrx_word' id='word_1_870' title='bbox 3318 5789 3524 5845; x_wconf 75' lang='lat' dir='ltr'><strong>praeses</strong></span> <span class='ocrx_word' id='word_1_871' title='bbox 3554 5775 3824 5831; x_wconf 64' lang='lat' dir='ltr'><strong>Ecclesia:</strong></span> 
     </span>
    </p>
   </div>
   <div class='ocr_carea' id='block_1_119' title="bbox 2222 5856 3830 5942">
    <p class='ocr_par' dir='ltr' id='par_1_119' title="bbox 2222 5856 3830 5942">
     <span class='ocr_line' id='line_1_119' title="bbox 2222 5856 3830 5942; baseline 0.003 -24"><span class='ocrx_word' id='word_1_872' title='bbox 2222 5863 2434 5918; x_wconf 87' lang='lat' dir='ltr'><strong>auferre</strong></span> <span class='ocrx_word' id='word_1_873' title='bbox 2456 5863 2659 5918; x_wconf 90' lang='lat' dir='ltr'><strong>malum</strong></span> <span class='ocrx_word' id='word_1_874' title='bbox 2682 5856 2954 5918; x_wconf 35' lang='lat' dir='ltr'><strong>de&#39;medio</strong></span> <span class='ocrx_word' id='word_1_875' title='bbox 2977 5860 3113 5942; x_wconf 84' lang='lat' dir='ltr'><strong>ejus,</strong></span> <span class='ocrx_word' id='word_1_876' title='bbox 3139 5865 3233 5935; x_wconf 91' lang='lat' dir='ltr'><strong>qui</strong></span> <span class='ocrx_word' id='word_1_877' title='bbox 3263 5865 3318 5920; x_wconf 90' lang='lat' dir='ltr'><strong>in</strong></span> <span class='ocrx_word' id='word_1_878' title='bbox 3343 5865 3603 5920; x_wconf 85' lang='lat' dir='ltr'><strong>delictum</strong></span> <span class='ocrx_word' id='word_1_879' title='bbox 3635 5868 3830 5923; x_wconf 80' lang='lat' dir='ltr'><strong>simile</strong></span> 
     </span>
    </p>
   </div>
  </div>
