4000 6454
212 402 324 467 835

786 402 1066 464 REGULA
1101 397 1611 462 CANONICORUM.
1633 397 1723 456 AB
1757 395 2114 458 AMALARIO
2150 394 2526 454 COLLECTA.
2566 422 2637 436 —
2672 394 2802 450 LIB.
2837 394 2882 450 l.

3336 398 3476 456 -834

211 519 527 576 corruerit?
559 526 653 576 aut
693 535 803 591 qua
843 521 1094 577 libertate
1130 520 1407 590 corripere
1455 524 1794 588 peccantem,
1825 524 1880 586 Α
1904 511 2242 569 Salomonem
2263 553 2278 579 ,
2337 510 2542 566 modica
2598 509 2830 580 acceptio
2887 523 3005 561 cum
3041 507 3280 578 iustitia,
3318 527 3477 581 quam

213 627 342 669 cum
371 611 570 666 tacitus
596 611 700 666 sibi
730 612 846 682 ipse
867 612 1191 682 respondeat
1213 610 1402 666 eadem
1430 622 1489 662 se
1515 605 1801 662 admisisse

212 719 338 774 qua:
379 702 646 772 corripit?
689 701 929 758 Primum
980 705 1162 773 itaque
1205 700 1494 757 dicendum
1522 707 1625 763 est,
1657 697 1800 768 quod

213 805 330 850 tam
378 802 624 850 sanctum
648 793 718 849 sit
747 809 944 850 nomen
977 793 1293 858 sacerdotii,
1337 799 1397 846 ut
1441 790 1599 846 nobis
1635 789 1799 844 etiam

215 904 282 944 ea
331 903 451 958 qua:
497 895 654 942 extra
698 903 798 942 nos
854 894 979 942 sunt
1028 887 1223 956 posita,
1281 891 1648 954 reputentur:
1690 898 1798 938 non

215 979 362 1049 quod
419 987 638 1049 propter
685 978 816 1032 vitia
882 987 1067 1032 nostra
1121 977 1355 1048 episcopi
1414 991 1522 1030 non
1583 974 1795 1040 ﬁamus,

216 1069 312 1123 sed
359 1067 500 1136 quol
557 1075 774 1136 propter
823 1065 1052 1120 ﬁliorum
1109 1065 1550 1134 incontinentiam
1601 1064 1668 1117 ab
1696 1064 1798 1118 hoc

216 1157 389 1227 gradu
434 1156 650 1210 arcendi
710 1155 898 1210 simus.
949 1159 1063 1222 Qua
1113 1156 1258 1210 enim
1309 1155 1556 1209 libertate
1607 1168 1798 1223 possu-

217 1262 340 1302 mus
388 1245 592 1300 alienos
635 1244 775 1300 ﬁlios
828 1246 1122 1315 corripere,
1173 1255 1228 1299 et
1270 1244 1462 1299 docere
1494 1259 1613 1313 qua:
1647 1252 1796 1300 recta

217 1345 377 1400 sunt,
429 1350 555 1390 cum
614 1335 768 1390 nobis
827 1335 1008 1388 statim
1063 1335 1256 1405 possit,
1309 1335 1399 1404 qui
1458 1333 1622 1389 fuerit
1674 1350 1797 1390 cor-

217 1433 424 1495 reptus,
471 1425 746 1496 ingerere,
787 1425 927 1479 Ante
971 1425 1105 1480 doce
1153 1425 1291 1478 ﬁlios
1341 1425 1502 1478 tuos?
1537 1424 1644 1478 Aut
1689 1442 1794 1496 qua

216 1515 395 1570 fronte
445 1525 761 1572 extraneum
805 1516 1040 1586 corripio
1090 1515 1467 1582 fornicantem,
1501 1531 1622 1571 cum
1662 1517 1794 1571 mihi

215 1606 547 1661 conscientia
602 1621 720 1662 mea
763 1607 880 1677 ipsa
929 1607 1269 1676 respondeat,
1315 1607 1611 1662 Exbarreda
1664 1623 1794 1677 ergo

217 1698 387 1754 ﬁlium
423 1700 798 1766 fornicantem,
845 1702 1017 1771 abjice
1049 1701 1186 1754 ﬁlios
1223 1711 1343 1755 tuos
1370 1701 1518 1756 vitiis
1551 1701 1822 1756 servient--

215 1791 517 1858 tes?‘Cum
549 1802 727 1849 autem
776 1810 1006 1864 nequam
1051 1792 1225 1864 [Deest
1257 1793 1512 1866 nequam]
1566 1794 1708 1849 ﬁlius
1738 1795 1816 1848 in’

1900 604 2067 661 multa
2090 606 2350 677 genimina
2373 621 2488 658 cum
2512 603 2821 675 iniquitate:
2844 610 2892 654 et
2923 602 3086 670 magis
3099 601 3387 670 eligendum
3420 605 3475 656 in

1897 706 2202 768 paupertate
2247 712 2432 751 nomen
2472 695 2684 758 bonum,
2728 709 2886 764 quam
2939 693 2991 746 in
3040 693 3231 746 divitiis
3287 709 3476 750 nomen

1897 790 2180 860 pessimum
2221 786 2406 860 (Prov.
2438 788 2572 856 xw).
2601 787 2917 857 Episcopus,
2944 784 3036 854 qui
3072 784 3311 838 imitator
3329 785 3474 858 Apo-

1897 885 2023 942 stoli
2073 901 2196 941 esse
2242 885 2412 955 cupit,
2463 883 2669 937 habens
2720 882 2923 935 victum
2975 886 3029 932 et
3068 879 3344 943 vestitum,
3393 881 3478 935 his

1898 981 2108 1029 tantum
2139 975 2301 1030 debet
2337 989 2460 1028 esse
2490 979 2796 1028 contentus.
2849 969 2952 1036 Qui
2991 969 3183 1023 altario
3222 970 3476 1036 serviunt,

1896 1067 1962 1121 de
1993 1065 2186 1120 altario
2221 1066 2389 1120 vivant
2428 1064 2480 1133 (I
2505 1063 2640 1117 Tim.
2665 1062 2762 1134 vr).
2811 1061 3017 1124 Vivont,
3054 1061 3248 1131 inquit,
3283 1069 3339 1115 ct
3368 1077 3476 1116 non

1897 1155 2093 1210 divites
2126 1155 2279 1209 ﬁart.
2310 1155 2462 1211 Unde
2503 1164 2560 1209 et
2595 1170 2670 1210 aes
2709 1154 2864 1208 nobis
2901 1154 3175 1208 excutitur
3211 1154 3278 1208 de
3317 1168 3473 1219 zona,

1895 1255 1952 1302 et
1997 1261 2102 1301 una
2147 1254 2357 1300 tantum
2408 1245 2588 1300 tunica
2639 1246 2949 1309 induimur,
3004 1258 3070 1298 ne
3122 1245 3189 1300 de
3231 1245 3472 1300 crastino

1897 1337 2215 1409 cogitemus.
2254 1337 2448 1406 Turpis
2493 1351 2707 1407 quoque
2750 1336 2883 1391 lucri
2935 1319 3322 1406 appetitio'est,
3349 1336 3470 1407 plus

1897 1431 1964 1486 de
2020 1429 2380 1498 praesentibus
2431 1445 2594 1498 quam
2649 1429 2716 1483 de
2771 1426 2968 1482 futuris
3019 1427 3275 1495 cogitare.
3353 1427 3470 1482 Huc

1897 1537 2070 1592 usque
2094 1522 2220 1591 quid
2258 1537 2363 1576 non
2392 1521 2585 1576 debeat
2607 1520 2807 1575 habere
2843 1519 3148 1590 episcopus,
3178 1519 3291 1575 sive
3320 1535 3472 1590 pres-

1896 1613 2086 1684 byter,
2137 1613 2362 1683 apostoli
2413 1627 2662 1668 sermone
2707 1623 3036 1683 przeceptum
3089 1620 3172 1667 est
3210 1629 3223 1665 :
3261 1626 3404 1665 nunc
3438 1625 3470 1666 e

1896 1703 2192 1769 contrario,
2225 1705 2352 1772 quid
2388 1704 2587 1760 habere
2622 1703 2837 1769 debeat,
2882 1701 3203 1772 explicatur.
3236 1703 3343 1758 Sed
3381 1706 3481 1756 lio-

1894 1789 2154 1864 spitalem,
2200 1798 2453 1849 bonorum
2491 1797 2798 1861 amatorem,
2835 1807 3060 1860 castum,
3094 1797 3323 1866 justum,
3352 1811 3475 1850 san-

212 1900 326 1938 una
365 1894 538 1940 tecum
580 1862 894 1940 convivatur
928 1862 1064 1958 [Al.,
1089 1862 1470 1957 communicat]
1496 1862 1692 1952 -domo,
1731 1895 1786 1940 tu
1820 1862 1868 1922 Β
1895 1893 2056 1948 ctum,
2092 1887 2462 1949 continentem,
2494 1885 2856 1948 abstinentem,
2887 1886 3198 1939 obtinentem
3222 1902 3360 1950 eum,
3385 1886 3482 1956 qui

212 1974 388 2029 audes
443 1974 522 2046 [tu
571 1975 746 2047 addis]
799 1977 866 2030 de
915 1976 1136 2031 alterius
1179 1977 1333 2032 oculo
1382 1975 1642 2032 festucam
1691 1979 1785 2032 de—

218 2064 459 2129 trahere,
490 2066 541 2118 in
578 2075 668 2120 tuo
697 2067 900 2120 trabem
943 2083 1046 2121 non
1075 2069 1296 2123 videns?
1330 2067 1447 2122 Non
1485 2069 1667 2138 itaque
1699 2069 1820 2137 ju-~

1889 1975 2174 2028 secundum
2202 1977 2495 2029 doctrinam
2527 1985 2622 2040 est,
2657 1976 2864 2044 ﬁdelem
2886 1993 3195 2043 sermonem,
3217 1987 3274 2030 ut
3294 1989 3476 2048 potens

1890 2068 1956 2122 sit
1987 2065 2250 2120 consolari
2284 2067 2339 2121 in
2378 2066 2618 2120 doctrina
2651 2083 2808 2132 sana,
2835 2077 2882 2120 et
2925 2069 3342 2124 contradicentes
3382 2085 3475 2122 ar--

215 2166 334 2213 stus
355 2157 612 2227 polluitur
639 2174 705 2213 ex
730 2159 874 2213 vitiis
907 2159 1154 2223 ﬁliorum,
1188 2161 1280 2215 sed
1316 2161 1538 2217 libertas
1565 2160 1635 2216 ab
1660 2177 1789 2231 apo-
1887 2173 2064 2226 gnere.
2095 2155 2233 2211 Ante
2279 2156 2458 2212 omnia
2493 2155 2830 2226 hospitalitas
2863 2155 3044 2210 futuro
3087 2158 3338 2228 episcopo
3379 2159 3475 2214 de-

218 2247 361 2302 stolo
404 2246 644 2302 ecclesia:
679 2248 910 2318 principi
947 2257 1274 2313 reservatur,
1308 2260 1369 2305 ut
1401 2251 1524 2305 talis
1553 2249 1668 2316 ﬁat,
1697 2252 1788 2320 qui

215 2352 327 2392 non
371 2337 556 2392 timeat
593 2345 812 2407 propter
854 2338 985 2392 vitia
1030 2338 1321 2394 liberorum
1373 2349 1661 2397 extraneos
1699 2354 1790 2396 re--

215 2426 573 2498 prehendere.
608 2424 833 2496 Oportet
869 2428 1012 2482 enim
1043 2429 1354 2499 episcopum
1402 2431 1520 2486 sine
1560 2431 1792 2486 crimine

215 2530 360 2582 esse,
419 2525 671 2588 tanquam
713 2518 808 2572 Dei
849 2518 1294 2588 dispensatorem.
1343 2519 1614 2586 Quaeritur
1663 2535 1794 2592 ergo

216 2607 362 2662 inter
407 2606 828 2677 dispensatores,
856 2617 915 2662 ut
961 2607 1134 2664 ﬁdelis
1179 2609 1302 2678 quis
1354 2610 1699 2664 inveniatur:
1739 2617 1795 2665 et

217 2714 328 2754 non
380 2700 665 2754 comedens
721 2708 776 2755 et
823 2700 1014 2756 bibens
1063 2715 1184 2755 cum
1235 2700 1484 2765 ebriosis,
1530 2701 1796 2770 percutiat

216 2805 408 2847 servos
451 2799 505 2847 et
551 2793 796 2859 ancillas,
835 2794 927 2848 sed
979 2794 1244 2850 incertum
1271 2794 1481 2849 Domini
1521 2802 1798 2863 exspectet

219 2884 529 2946 adventum,
580 2893 635 2938 et
677 2884 768 2938 det
828 2885 1102 2940 conservis
1155 2885 1210 2939 in
1263 2893 1500 2955 tempore
1568 2884 1790 2940 cibaria.

219 2975 369 3032 Inter
396 2977 630 3031 villicum
662 2986 841 3032 autem
878 2986 931 3032 et
961 2978 1221 3032 familiam
1257 2978 1370 3032 ham
1403 2976 1514 3031 sola
1539 2976 1795 3031 distantia

220 3074 326 3131 est,
355 3067 494 3135 quod
527 3082 824 3122 conservus
863 3068 1184 3137 prmpositus
1209 3075 1314 3132 est,
1341 3066 1619 3122 conservis
1659 3066 1790 3120 suis.

1891 2247 2194 2301 nuntiatur.
2243 2247 2297 2301 Si
2330 2247 2476 2301 enim
2501 2261 2690 2302 omnes
2720 2247 2848 2301 illud
2877 2247 2942 2302 de
2965 2247 3256 2316 Evangelio
3286 2249 3474 2304 audire

1891 2335 2223 2401 desiderant,
2276 2335 2480 2406 Hospes
2526 2337 2636 2405 fui,
2681 2347 2728 2391 et
2779 2339 3077 2408 suscepistis
3121 2355 3202 2392 me
3253 2339 3469 2409 (Matth.

1891 2425 2042 2496 xxv),
2069 2438 2272 2497 quanto
2304 2427 2477 2498 magis
2504 2427 2810 2496 episcopus,
2838 2427 2990 2496 cujus
3016 2429 3206 2483 domus
3231 2430 3475 2484 omnium

1893 2529 2180 2570 commune
2211 2517 2370 2570 debet
2408 2529 2530 2569 esse
2559 2515 2892 2584 hospitium?
2917 2515 3108 2571 Laicus
3141 2516 3286 2571 enim
3311 2532 3479 2571 unum

1895 2614 1990 2660 aut
2026 2622 2230 2677 paucos
2270 2607 2590 2676 suscipiens,
2648 2606 2889 2677 implevit
2935 2608 3322 2678 hospitalitatis
3357 2607 3478 2664 olli-
3578 2645 3588 2655 .

1897 2699 2039 2754 cium
2069 2717 2081 2752 :
2109 2700 2394 2770 episcopus
2435 2701 2537 2755 nisi
2587 2716 2775 2755 omnes
2812 2705 3100 2771 receperit,
3153 2703 3480 2759 inhumanus

1895 2797 2000 2843 est.
2036 2788 2315 2856 Quomodo
2347 2791 2529 2860 itaque
2563 2792 2936 2853 mansuetudo,
2967 2793 3244 2862 patientia,
3274 2794 3483 2848 sobrie-

1898 2887 2001 2942 tas,
2044 2881 2368 2943 moderatio,
2411 2881 2737 2936 abstinentia
2788 2882 2947 2946 lucri,
2982 2883 3320 2952 hospitalitas
3351 2898 3486 2953 quo-

1897 2985 2002 3038 que
2031 2980 2088 3024 et
2113 2973 2415 3040 benignitas
2447 2973 2716 3042 praacipue
2746 2988 2865 3028 esse
2895 2975 3091 3029 debent
3122 2976 3175 3029 in
3207 2975 3484 3046 episcopo,

1897 3070 1952 3116 et
1987 3061 2126 3117 inter
2160 3071 2382 3116 cunctos
2433 3062 2600 3118 laicos
2653 3066 2944 3120 eminentia
2991 3084 3005 3122 :
3052 3067 3132 3121 sic
3175 3075 3230 3122 et
3265 3070 3486 3124 castitas

223 3156 374 3212 Sciat
408 3159 588 3228 itaque
631 3159 912 3228 episcopus
959 3170 1014 3213 et
1050 3161 1354 3230 presbyter,
1406 3158 1510 3214 sibi
1540 3158 1792 3230 populum
1829 3219 1865 3230 η
1897 3155 2135 3223 proprie,
2178 3163 2251 3219 et,
2299 3165 2360 3210 ut
2404 3156 2478 3209 ita
2518 3154 2772 3222 dixerim,
2806 3158 3063 3227 pudicitia
3099 3160 3482 3216 sacerdotalis:

221 3267 344 3308 esse
379 3267 718 3317 conservum,
748 3269 856 3307 non
888 3268 1125 3307 servum.
1172 3252 1377 3307 Caetera
1402 3267 1523 3322 quae
1557 3266 1793 3320 sequun-
1821 3219 1866 3282 (ἶ
1897 3253 1959 3298 ut
1983 3259 2088 3299 non
2112 3243 2282 3299 solum
2310 3245 2378 3299 ab
2399 3260 2560 3314 opere
2589 3261 2648 3301 se
2675 3247 2952 3302 immundo
2978 3249 3267 3316 abstineat,
3297 3265 3486 3307 verum

224 3351 334 3406 tur,
377 3342 431 3395 in
473 3341 629 3396 nobis
672 3343 842 3410 posita
895 3350 1038 3396 sunt.
1088 3341 1211 3396 Non
1253 3353 1568 3411 protervum,
1613 3340 1793 3404 idest,

223 3447 331 3487 non
381 3441 674 3486 tumentem
718 3440 773 3485 et
814 3433 1114 3501 placentem
1165 3433 1266 3486 sibi
1313 3432 1458 3502 quod
1505 3432 1797 3500 episcOpus

225 3523 298 3578 sit
327 3536 341 3575 :
367 3520 462 3576 sed
488 3521 644 3590 quasi
673 3521 872 3575 bonum
895 3520 1151 3586 villicum,
1186 3521 1239 3574 id
1271 3519 1398 3592 [est]
1436 3521 1797 3590 requirentem

225 3615 369 3685 quod
390 3613 636 3684 pluribus
663 3613 851 3682 prosit.
879 3611 1000 3666 Non
1027 3612 1360 3666 iracundum.
1376 3611 1670 3666 Iracundus
1694 3619 1795 3677 est,

227 3705 322 3773 qui
359 3718 573 3772 semper
603 3701 875 3768 irascitur,
909 3711 964 3757 ct
994 3703 1061 3756 ad
1093 3703 1263 3757 levem
1313 3703 1678 3772 responsionis
1707 3719 1800 3756 au-

226 3807 347 3848 ram
378 3799 540 3860 atque
565 3795 793 3862 peccati,
836 3795 989 3864 quasi
1041 3811 1073 3849 a
1116 3804 1278 3850 vento
1327 3794 1510 3850 folium
1565 3811 1800 3850 commo-

225 3891 403 3938 vetur.
442 3883 627 3954 Neque
663 3902 791 3941 vero
824 3888 914 3956 qui
953 3887 1240 3956 aliquando
1280 3889 1551 3953 irascitur,
1586 3888 1802 3942 iracun-

227 3974 332 4029 dus
358 3981 478 4027 est:
515 3975 607 4030 sed
641 3976 731 4030 ille
763 3977 960 4032 dicitur
1006 3979 1316 4043 iracundus,
1357 3979 1446 4048 qui
1479 3978 1672 4032 crebro
1700 3979 1801 4033 hac

228 4066 483 4137 passione
543 4078 851 4138 superatur.
908 4069 1165 4124 Prohibet
1221 4085 1434 4139 quoque
1489 4071 1800 4140 episcopum

228 4173 353 4213 esse
378 4157 729 4223 vinolentum,
768 4175 834 4213 ne
865 4161 948 4214 vel
998 4177 1158 4215 sensu
1207 4171 1468 4230 occupato
1494 4161 1696 4215 exaltet
1731 4162 1803 4214 ri-

231 4265 352 4304 sum
388 4261 575 4304 contra
610 4251 892 4320 gravitatis
942 4249 1231 4322 [veritatis]
1258 4253 1528 4317 decorem,
1560 4261 1614 4306 et
1648 4251 1805 4306 labiis

231 4339 509 4396 dissolutis
551 4343 839 4397 cachinnet
864 4359 876 4393 :
904 4342 987 4396 vel
1024 4343 1068 4396 si
1108 4341 1378 4411 paululum
1424 4343 1593 4397 tristis
1622 4342 1804 4411 cujus-

231 4428 358 4488 dam
387 4432 464 4487 rei
501 4433 662 4488 fuerit
697 4433 1012 4488 recordatus
1050 4433 1191 4487 inter
1213 4431 1424 4502 pocula,
1458 4433 1511 4486 in
1539 4432 1805 4504 singultus

1899 3350 1930 3389 a
1976 3334 2131 3404 jactu
2185 3335 2326 3390 oculi
2369 3345 2425 3390 et
2473 3337 2818 3406 cogitationis
2867 3355 3054 3394 errore
3103 3355 3258 3396 mens
3284 3341 3489 3399 Christi

1899 3441 2095 3496 corpus
2125 3427 2441 3482 confectura
2474 3428 2545 3483 sit
2575 3429 2765 3484 libera.
2797 3429 2984 3486 Justus
3028 3447 3243 3502 quoque
3271 3434 3484 3504 episco-

1898 3531 1999 3587 pus
2035 3533 2157 3572 esse
2195 3520 2354 3574 debet
2385 3528 2440 3574 et
2485 3528 2727 3586 sanctus,
2766 3528 2827 3574 ut
2862 3520 3131 3590 justitiam
3178 3523 3232 3576 in
3273 3524 3488 3594 populis

1901 3610 2097 3679 quibus
2145 3619 2342 3681 prmest
2388 3621 2662 3676 exerceat,
2718 3613 2950 3669 reddens
3000 3614 3290 3684 unicuique
3340 3619 3489 3686 quod

1903 3710 2165 3766 meretur,
2215 3717 2316 3757 nec
2360 3703 2592 3772 accipiat
2635 3716 2919 3774 personam
2965 3704 3020 3758 in
3060 3703 3286 3772 judicio.
3341 3706 3489 3762 lnter

1903 3790 2030 3845 laici
2069 3801 2248 3846 autem
2279 3802 2334 3848 et
2362 3794 2601 3864 episcopi
2634 3794 2905 3865 justitiam
2935 3796 3038 3851 hoc
3067 3796 3314 3864 interest,
3343 3800 3488 3868 quod

1903 3882 2074 3939 laicus
2108 3893 2284 3955 potest
2320 3899 2582 3956 apparere
2622 3884 2804 3954 justus
2847 3887 2899 3941 in
2943 3887 3485 3959 paucis:episcopus

1901 3990 2030 4030 vero
2082 3977 2139 4031 in
2167 3987 2265 4033 tot
2321 3991 2574 4035 exercere
2613 3977 2913 4049 justitiam,
2960 3989 3091 4052 quot
3136 3987 3194 4038 et
3239 3981 3483 4038 subditos

1904 4063 2089 4122 habet.

2530 4162 2756 4218 CAPUT
2797 4164 2888 4218 Xl.

1979 4250 2087 4320 (Ex
2105 4252 2304 4318 eodem,
2329 4269 2410 4322 ep.
2438 4253 2508 4307 ad
2531 4252 2842 4326 Oceanum.)
2905 4255 2966 4310 Si
2990 4244 3106 4326 quis
3131 4258 3486 4328 episcopatum

1909 4338 2250 4421 [Excerptum
2291 4359 2356 4398 ea:
2390 4344 2610 4414 epistola
2641 4345 2947 4416 Hieronymi
2986 4350 3054 4400 ad
3093 4347 3378 4404 Oceanum.
3425 4350 3486 4407 Si

1907 4433 2029 4501 quis
2051 4433 2453 4509 Episc0patum]
2488 4437 2774 4503 desiderat,
2813 4438 3002 4492 bonum
3040 4456 3167 4510 opus
3200 4441 3482 4498 desiderat.

228 4531 550 4624 prorumpat
577 4530 631 4578 et
655 4522 938 4624 lacrymas.
966 4521 1209 4624 Isongum
1235 4532 1319 4577 est
1343 4523 1424 4624 ire
1445 4537 1544 4592 per
1572 4522 1802 4624 singula,
1829 4564 1884 4624 Β
1907 4522 2071 4593 Opus,
2105 4539 2212 4624 non
2238 4525 2554 4624 dignitatem
2571 4545 2594 4624 ἐ
2620 4527 2881 4596 laborem,
2909 4545 3014 4584 non
3044 4532 3300 4624 delicias.
3336 4533 3484 4603 Opus

230 4621 294 4667 et
341 4613 604 4677 insanias,
684 4630 818 4684 quas
888 4615 1121 4668 ebrietas
1179 4615 1454 4685 suggerit,
1511 4615 1800 4684 explicare.

230 4701 366 4756 Post
395 4703 744 4758 vinolentiam
779 4703 941 4757 etiam
973 4705 1074 4758 hoc
1108 4705 1387 4775 praecepit,
1423 4720 1489 4759 ne
1519 4720 1808 4775 percussor
1837 4759 1841 4764 .

229 4795 331 4850 sit.
369 4793 522 4861 Quod
561 4795 800 4864 quidem,
843 4803 898 4850 et
941 4794 1255 4864 simpliciter
1289 4797 1637 4863 intellectum,
1681 4799 1809 4854 mdi-

228 4885 365 4941 ﬁcat
403 4885 728 4952 audientem,
775 4899 843 4939 ne
880 4882 1037 4939 facile
1076 4900 1294 4938 manum
1330 4887 1572 4958 porrigat
1611 4888 1678 4942 ad
1707 4903 1810 4943 caa-

227 4975 494 5042 dendum,
540 4991 610 5032 ne
656 4975 710 5029 in
749 4989 811 5031 os
887 4972 1110 5029 alterius
1151 4974 1540 5030 verberandum
1585 4977 1806 5032 insanus

229 5073 504 5134 erumpat.
555 5063 745 5120 Melius
788 5072 874 5120 est
917 5071 1117 5130 autem,
1161 5073 1222 5118 ut
1273 5078 1382 5118 non
1434 5080 1805 5134 percussorem

230 5160 392 5217 illum
420 5173 539 5216 esse
568 5159 831 5225 dicamus,
867 5158 960 5228 qui
992 5166 1302 5213 mansuetus
1329 5165 1384 5213 et
1411 5160 1644 5229 patiens,
1673 5161 1810 5216 sciat

230 5252 370 5323 quid
421 5252 475 5305 in
517 5259 758 5320 tempore
807 5249 1131 5319 loquendum
1183 5249 1274 5315 sit,
1333 5249 1461 5319 quid
1497 5252 1802 5318 tacendum,

230 5357 310 5398 ne
342 5357 589 5398 sermone
632 5341 808 5396 inutili
849 5330 1232 5396 conscientiam
1269 5342 1538 5411 percutiat
1568 5343 1807 5398 inﬁrmo-

234 5452 383 5492 rum.
423 5435 616 5506 Turpis
640 5450 853 5506 quoque
888 5435 1022 5490 lucri
1053 5435 1346 5504 appetitus,
1377 5435 1446 5490 ab
1481 5451 1547 5492 eo
1574 5438 1664 5506 qui
1693 5437 1806 5506 epi-

232 5542 439 5596 scopus
471 5525 683 5580 futurus
716 5534 821 5591 est,
862 5539 980 5579 esse
1014 5524 1171 5579 debet
1205 5525 1452 5580 alienus:
1489 5535 1616 5581 sunt
1662 5527 1808 5582 enim

235 5617 421 5682 inulti,
467 5618 721 5672 docentes
753 5613 1038 5688 [dicentes]
1075 5631 1193 5685 quae
1236 5632 1341 5671 non
1377 5626 1590 5686 oportet
1636 5619 1808 5688 turpis

235 5708 380 5764 lucri
420 5709 610 5779 gratia,
641 5707 732 5779 qui
761 5715 900 5762 totas
929 5707 1117 5762 domos
1147 5708 1487 5774 subvertunt,
1531 5717 1585 5764 et
1615 5718 1808 5779 putant

239 5811 509 5878 quaestum
545 5815 682 5877 esse
728 5798 998 5872 pietatem.
1059 5797 1248 5854 Melior
1292 5807 1368 5854 est
1415 5809 1615 5869 autem,
1648 5800 1806 5874 juxta

1906 4629 2014 4686 quo
2042 4629 2138 4684 per
2165 4615 2524 4672 humilitatem
2553 4618 2851 4683 decrescat,
2886 4635 2990 4674 non
3042 4622 3366 4678 intumescat
3405 4624 3488 4678 fa-

1905 4709 2084 4780 stigio.
2119 4708 2329 4780 Oportet
2366 4728 2488 4781 ergo
2515 4713 2812 4784 episcopum
2852 4715 3352 4782 irreprehensibilem
3377 4735 3488 4772 esse

1907 4797 2118 4870 (I-Tim.
2147 4800 2252 4873 ιιι).
2295 4802 2354 4857 id
2391 4804 2568 4872 ipsum
2600 4818 2816 4872 quoque
2845 4805 2910 4857 ad
2936 4805 3114 4858 Titum
3141 4823 3153 4857 :
3182 4805 3241 4859 Si
3273 4809 3389 4876 quis
3410 4818 3488 4860 est

1905 4891 2017 4946 sine
2040 4893 2255 4946 crimine
2313 4893 2441 4961 (Tit.
2472 4895 2532 4964 ι).
2597 4895 2796 4950 Omnes
2842 4897 3069 4950 virtutes
3118 4899 3171 4951 in
3220 4914 3326 4952 uno
3371 4915 3489 4954 ser—

1911 4997 2070 5037 mone
2117 4983 2549 5051 comprehendit,
2584 4995 2639 5039 et
2670 5001 2807 5056 pene
2843 5002 2956 5041 rem
3003 4998 3190 5044 contra
3236 4997 3486 5044 naturam

1913 5072 2099 5140 exigit.
2150 5070 2206 5125 Si
2255 5072 2398 5126 enim
2445 5089 2608 5131 omne
2655 5087 2961 5147 peccatum,
3010 5082 3175 5136 etiam
3218 5082 3273 5135 in
3311 5082 3489 5138 otioso

1911 5161 2101 5227 verbo,
2132 5164 2552 5232 reprehensione
2577 5168 2794 5239 dignum
2823 5181 2923 5234 est,
2951 5173 3074 5242 quis
3104 5171 3212 5238 ille,
3244 5173 3334 5242 qui
3363 5171 3488 5228 abs-

1911 5267 2017 5322 que
2041 5262 2279 5322 peccato,
2314 5255 2368 5311 id
2395 5265 2500 5324 est,
2532 5260 2649 5316 sine
2685 5263 3118 5331 reprehensione,
3151 5271 3397 5318 versetur
3429 5264 3486 5319 in

1911 5343 2152 5398 mundo?
2189 5346 2293 5400 Sed
2325 5346 2536 5406 futurus
2569 5360 2755 5420 pastor
2783 5352 3038 5407 Ecclesia:
3077 5353 3200 5408 talis
3245 5354 3486 5426 cligitur,

1915 5433 1980 5487 ad
2015 5435 2166 5504 ccjus
2209 5443 2668 5509 comparationem
2720 5450 2865 5496 recte
2913 5458 3045 5512 grex
3079 5445 3263 5500 caeteri
3307 5447 3488 5502 notui-

1913 5533 2132 5582 nentur.
2165 5528 2435 5585 Deﬁninnt
2465 5533 2712 5587 rhetores
2745 5541 3014 5588 oratorem
3047 5536 3138 5605 qui
3179 5537 3250 5591 sit
3273 5537 3357 5590 vir
3385 5537 3486 5592 bo-

1914 5636 2032 5682 nus,
2061 5621 2267 5678 dicendi
2295 5623 2519 5692 peritus.
2547 5624 2686 5680 Ante
2712 5626 2819 5680 vita
2851 5641 3010 5695 quam
3042 5626 3221 5697 lingua
3252 5626 3353 5700 [sic
3380 5628 3486 5684 lin-

1914 5709 2040 5782 gua]
2101 5711 2590 5781 irreprehensibilis
2629 5715 2911 5785 quaeritur,
2953 5723 3011 5770 ut
3053 5719 3243 5772 doctus
3292 5719 3490 5773 merito

1914 5803 2256 5880 suscipiatur.
2287 5803 2472 5864 Perdit
2497 5805 2644 5870 enim
2669 5805 3048 5868 auctoritatem
3072 5807 3308 5880 dicendi,
3333 5807 3490 5883 cujus
