4000 6460
173 347 266 408 837
695 337 975 402 REGULA
1013 339 1513 400 CANONICORUM
1549 337 1637 398 AB
1672 335 2032 400 AMALARIO
2068 339 2449 412 COLLECTA.
2485 369 2557 382 —
2586 337 2713 395 LIB.
2755 337 2798 396 Ῑ.
3288 337 3395 400 858

171 479 230 520 eo
275 458 411 532 quod
458 457 753 514 Christiani
794 475 995 526 sumus,
1043 459 1335 516 attenditur
1382 456 1589 537 utilitas
1641 471 1738 512 no-
1763 454 1964 523 Aquid
2011 455 2232 528 amplius
2261 455 2574 527 erogaveris,
2629 454 2686 506 in
2733 452 2997 537 redeundo
3027 453 3269 537 lreddam
3309 454 3406 510 tibi

171 563 275 610 stra
300 569 314 606 :
338 551 389 605 in
416 563 479 605 eo
515 547 659 619 quod
698 549 969 620 prtepositi
1010 564 1211 614 sumus,
1265 547 1500 603 nonnisi
1528 543 1725 602 vestra.

172 645 229 700 Et
255 649 375 698 sunt
408 639 578 705 multi,
606 641 697 712 qui
726 637 1037 706 Christiani,
1066 639 1120 696 et
1148 653 1252 695 non
1287 637 1581 712 praepositi,
1610 651 1731 708 per-

173 733 374 789 veniunt
395 729 458 785 ad
489 729 657 785 Deum
684 728 923 786 faciliore
955 727 1184 786 fortasse
1223 730 1436 793 itinere,
1481 736 1536 782 et
1580 735 1730 781 tanto

169 825 294 881 forte
318 817 614 892 expeditius
654 820 1010 888 ambulantes,
1034 831 1237 891 quanto
1269 820 1530 874 minorem
1566 816 1733 872 sarci-

170 931 282 972 nam
307 920 540 984 portant.
579 901 688 968 Nos’
735 919 933 978 autem,
977 915 1200 982 excepto
1249 908 1392 979 quod
1436 906 1730 964 Christiani

170 1021 362 1072 sumus,
389 1005 530 1060 unde
557 1006 818 1060 rationem
850 1001 1133 1059 reddemus
1179 1003 1289 1058 Deo
1313 1000 1381 1055 de
1411 1000 1520 1054 vita
1546 1006 1733 1053 nostra

171 1101 260 1176 [de
284 1096 734 1171 dispensatione],
762 1111 785 1138 α
810 1113 995 1154 sumus
1042 1097 1202 1150 etiam
1251 1093 1538 1166 praepositi,
1594 1090 1734 1145 unde

168 1192 416 1248 rationem
445 1189 731 1245 reddemus
756 1187 867 1243 Deo
893 1188 958 1242 de
997 1186 1394 1256 dispensatione
1421 1190 1621 1238 nostra.
1650 1179 1736 1237 Ad

168 1285 260 1340 hoc
298 1284 450 1337 istam
503 1280 867 1336 didicuitatem
917 1289 1180 1350 propono,
1233 1285 1295 1331 ut
1348 1275 1735 1344 compatientes

169 1373 330 1438 nobis,
361 1374 528 1429 oretis
559 1381 656 1445 pro
680 1372 856 1428 nobis.
891 1371 1078 1427 Veniet
1105 1371 1248 1426 enim
1284 1363 1420 1434 dies,
1462 1382 1567 1438 quo
1603 1383 1735 1422 cun-

168 1476 246 1524 cta
281 1463 612 1522 adducantur
660 1465 714 1519 in
746 1463 1031 1535 judicium,
1077 1470 1131 1517 et
1170 1461 1262 1517 ille
1297 1461 1411 1517 dies
1446 1461 1490 1516 si
1540 1457 1736 1516 saeculo

169 1558 312 1628 longe
337 1565 441 1623 est,
468 1557 757 1626 unicuique
790 1553 996 1610 homini
1027 1570 1136 1609 sua:
1168 1553 1295 1607 vitae
1332 1553 1551 1606 ultimus
1568 1567 1736 1622 prope

165 1646 276 1702 est:
311 1645 490 1701 tamen
527 1651 816 1715 utrumque
844 1644 1010 1700 latere
1040 1643 1208 1698 voluit
1244 1641 1406 1709 Deus,
1443 1649 1497 1698 et
1523 1641 1735 1712 quando

165 1738 334 1792 veniat
395 1737 519 1793 linis
567 1737 771 1802 smculi,
829 1745 884 1791 et
943 1735 1156 1806 quando
1193 1735 1266 1790 sit
1318 1736 1370 1790 in
1408 1735 1736 1804 unoquoque

164 1827 373 1881 homine
399 1825 560 1895 hujus
585 1827 708 1881 vita:
737 1824 877 1880 linis.
905 1821 998 1880 Vis
1020 1841 1125 1881 non
1162 1826 1348 1880 timere
1377 1825 1518 1879 diem
1556 1821 1735 1878 occui-
1763 1809 1810 1869 Β

163 1919 316 1972 tum?
353 1919 489 1972 Dum
515 1918 742 1984 venerit,
769 1918 1008 1973 inveniat
1032 1927 1085 1974 te
1121 1925 1387 1989 paratum.
1428 1915 1561 1971 Cum
1608 1929 1734 1984 ergo

161 2012 432 2081 praepositi
463 2010 530 2066 ad
558 2011 660 2067 hoc
685 2010 816 2077 sint,
842 2019 900 2066 ut
925 2010 1010 2065 his
1044 2011 1132 2080 qui
1163 2008 1385 2080 subjecti
1419 2015 1563 2071 sunt,
1606 2021 1736 2060 con-

162 2101 329 2158 sulant
368 2120 381 2155 :
423 2117 524 2157 nec
549 2101 670 2156 ideo
701 2100 840 2172 quod
885 2107 1137 2170 praesunt,
1178 2098 1397 2151 omnino
1449 2095 1733 2151 utilitatem

163 2209 307 2248 suam
330 2193 630 2257 attendant,
657 2190 752 2246 sed
781 2199 968 2244 eorum
990 2187 1183 2258 quibus
1215 2185 1520 2240 ministrant
1545 2202 1557 2238 :
1589 2185 1734 2255 quis—

163 2285 275 2353 quis
303 2283 377 2337 ita
412 2281 732 2352 praepositus
769 2287 873 2347 est,
909 2288 968 2334 ut
1003 2279 1059 2333 in
1114 2293 1178 2333 eo
1224 2276 1369 2348 quod
1414 2277 1734 2347 prmpositus

163 2385 258 2441 est,
283 2375 533 2447 gaudeat,
562 2380 616 2430 et
643 2373 902 2429 honorem
935 2387 1090 2427 suum
1114 2377 1340 2440 quaerat,
1371 2377 1426 2422 et
1453 2366 1734 2423 commoda

163 2473 250 2518 sua
278 2464 388 2519 sola
419 2463 698 2533 respiciat,
728 2477 786 2518 se
813 2461 1006 2531 pascit,
1031 2475 1138 2514 non
1158 2473 1304 2513 oves.
1325 2457 1408 2511 Ad
1428 2456 1531 2511 hoc
1558 2469 1736 2510 sermo

161 2553 416 2624 dirigitur.
448 2553 670 2618 Audite,
697 2559 950 2622 tanquam
978 2564 1107 2607 oves
1130 2549 1243 2613 Dei,
1269 2555 1322 2602 et
1347 2547 1521 2601 videte
1546 2555 1733 2617 quem-

161 2645 435 2702 admodum
498 2661 596 2701 vos
645 2657 864 2701 securos
909 2643 1098 2700 fecerit
1132 2641 1291 2696 Deus.
1331 2638 1737 2707 Qualescunque

161 2741 261 2796 sint
298 2740 389 2809 qui
421 2739 580 2794 vobis
605 2745 866 2808 praesunt,
898 2733 950 2790 id
983 2742 1087 2801 est,
1115 2732 1512 2802 qualescunque
1534 2741 1630 2784 nos
1667 2730 1738 2784 si-

159 2845 288 2897 mus,
325 2831 480 2887 vobis
512 2830 858 2886 securitatem
887 2829 1052 2894 dedit,
1080 2827 1171 2898 qui
1201 2825 1374 2896 pascit
1397 2840 1526 2880 oves
1550 2822 1733 2878 Israel.

159 2925 286 2983 Nam
321 2929 365 2984 si
407 2929 553 2984 Deus
589 2942 697 2982 non
725 2927 924 2982 deserit
948 2931 1077 2980 Oves
1105 2939 1250 2988 suas,
1266 2929 1321 2976 et
1345 2920 1468 2976 mali
1492 2929 1737 2990 pastores

159 3017 359 3074 debitas
383 3033 580 3089 poenas
623 3017 792 3082 luent,
842 3023 897 3072 et
936 3029 1066 3071 oves
1114 3014 1375 3084 promissa
1415 3012 1731 3082 percipient.

161 3109 443 3167 Videamus
483 3123 610 3182 ergo
631 3110 759 3180 quid
785 3109 1088 3180 alloquatur
1106 3114 1349 3176 pastores
1378 3106 1584 3174 seipsos
1616 3119 1736 3173 pas-

1838 545 1858 617 (
1873 527 2104 617 Luc.’x).
2143 547 2218 601 De
2245 545 2330 601 his
2358 559 2486 615 ergo
2509 543 2599 614 qui
2621 558 2728 598 non
2760 527 3001 612 indigent
3022 531 3161 602 lacte
3193 543 3393 618 gregis,

1832 639 1962 710 quid
2000 639 2152 709 plura
2182 637 2455 694 dicamus?
2484 629 2941 693 Misericordiores
2993 649 3136 706 sunt,
3191 639 3272 696 vel
3304 657 3403 711 po-

1834 732 1940 786 tius
1969 731 2134 802 ipsius
2158 730 2538 785 misericordia:
2565 727 2793 785 cilicium
2825 723 3025 800 largius
3061 732 3404 800 impendunt:

1831 831 2058 892 possunt
2082 823 2247 884 enim,
2279 831 2333 878 et
2380 823 2520 892 quod
2564 830 2782 892 possunt
2827 817 3048 876 faciunt.
3103 819 3411 878 Laudentur

1833 917 1906 980 hi,
1933 931 2033 970 nec
2061 916 2384 970 damnentur
2407 915 2501 969 illi.
2529 915 2662 968 Nam
2689 923 2742 969 et
2770 914 2883 984 ipse
2910 914 3196 984 Apostolus
3226 915 3408 969 datum

1832 1024 1938 1063 non
1979 1009 2272 1076 quaerebat.
2328 1007 2654 1062 Fructuosus
2707 1015 2883 1061 tamen
2937 1020 3064 1060 oves
3096 1021 3234 1062 .suas
3293 1021 3412 1061 esse

1832 1095 2098 1168 cupiebat,
2124 1112 2228 1152 non
2262 1098 2491 1161 steriles,
2524 1097 2640 1151 sine
2694 1096 2852 1151 lactis
2905 1097 3166 1151 ubertate.
3228 1097 3414 1166 itaque

1833 1204 1955 1242 cum
1982 1196 2125 1242 esset
2178 1187 2408 1258 quodam
2465 1196 2707 1257 tempore
2755 1187 2808 1240 in
2858 1202 3050 1257 magna
3099 1185 3411 1258 indigentia,

1831 1278 2044 1332 vinctus
2066 1279 2118 1331 in
2141 1277 2477 1332 confessione
2508 1276 2775 1342 veritatis,
2808 1277 3033 1332 missum
3059 1286 3139 1332 est
3168 1275 3240 1332 illi
3261 1277 3415 1333 afra-

1835 1365 2026 1433 tribus,
2057 1367 2196 1423 unde
2221 1368 2525 1423 necessitati
2554 1377 2608 1422 et
2639 1357 2942 1437 indigentiae
2979 1368 3095 1437 ejus
3141 1369 3416 1424 ministra-

1836 1469 2003 1516 retur.
2038 1457 2333 1532 Respondit
2370 1472 2548 1516 autem
2582 1460 2685 1516 illis
2711 1461 2917 1531 gratias
2946 1476 3129 1531 agens,
3163 1469 3218 1528 et
3240 1462 3412 1516 dixit:

1836 1549 2172 1624 Benefecistis
2212 1555 2652 1608 communicantes
2697 1553 3088 1608 necessitatibus
3134 1554 3295 1608 meis:
3324 1571 3416 1625 ego

1835 1646 1969 1700 enim
1992 1643 2152 1698 didici
2189 1646 2242 1698 in
2265 1641 2447 1715 quibus
2467 1661 2581 1698 sum
2603 1637 2857 1715 sufﬁciens
2879 1660 3008 1698 esse.
3043 1639 3162 1698 Scio
3186 1654 3233 1698 et
3256 1643 3421 1698 abun-

1835 1736 1983 1800 dare,
2013 1736 2130 1788 novi
2151 1743 2196 1788 et
2223 1737 2493 1804 penuriam
2519 1736 2647 1804 pati.
2683 1735 2871 1789 Omnia
2893 1753 3102 1806 possum
3130 1736 3185 1789 in
3229 1749 3288 1789 eo
3329 1734 3419 1807 qui

1835 1845 1916 1882 me
1941 1827 2222 1898 confortat.
2259 1824 2450 1881 Verum
2481 1838 2650 1881 tamen
2707 1845 2793 1881 vos
2847 1827 3192 1898 benefecistis,
3242 1829 3420 1882 usibus

1835 1921 2037 1974 mittere
2080 1921 2204 1974 meis
2237 1915 2499 1991 (Pltiiipp.
2526 1920 2632 1992 tv).
2685 1920 2789 1975 Sed
2831 1929 2889 1975 ut
2925 1923 3235 1976 ostenderet
3273 1923 3326 1976 in
3356 1937 3421 1978 co

1837 2008 1978 2079 quod
2005 2009 2078 2063 illi
2105 2009 2504 2074 benelccerunt,
2530 2010 2658 2080 quid
2698 2010 2811 2080 ipse
2847 2019 3132 2080 quaereret,
3169 2026 3235 2067 ne
3281 2012 3423 2066 inter

1836 2101 1955 2156 illos
1979 2109 2141 2166 esset,
2172 2101 2262 2170 qui
2283 2117 2341 2155 se
2362 2101 2501 2171 ipsos
2531 2109 2778 2170 pascunt,
2810 2117 2914 2155 non
2960 2117 3088 2156 oves
3114 2121 3126 2155 :
3153 2118 3259 2156 non
3311 2111 3421 2158 tam

1836 2208 1944 2248 sure
1967 2193 2161 2263 gaudet
2181 2191 2501 2247 subventum
2545 2198 2669 2246 'esse
2708 2193 3037 2258 necessitati,
3089 2207 3249 2263 quam
3303 2192 3422 2247 ilio-

1838 2301 1955 2339 rum
1983 2281 2283 2354 gratulatur
2310 2281 2644 2337 fecunditati.
2679 2283 2814 2350 Quid
2845 2296 2972 2352 ergo
3022 2283 3093 2337 ibi
3117 2282 3423 2352 quaerebat?

1836 2375 1952 2428 Non
1983 2375 2109 2443 quia
2133 2389 2336 2444 quaero,
2361 2374 2554 2444 inquit,
2581 2373 2788 2437 datum,
2807 2374 2901 2427 sed
2925 2374 3139 2442 requiro
3161 2372 3416 2429 fructum.

1836 2463 1953 2518 Non
1983 2473 2040 2519 ut
2072 2479 2191 2534 ego,
2227 2464 2422 2533 inquit,
2451 2463 2688 2534 expiear,
2717 2463 2809 2518 sed
2852 2480 2920 2518 ne
2950 2479 3045 2517 vos
3102 2465 3294 2520 inanes
3341 2482 3424 2522 re-

1837 2555 2120 2609 maneatis.
2159 2551 2259 2622 Qui
2288 2567 2416 2625 ergo
2446 2570 2551 2609 non
2583 2564 2806 2624 possunt
2835 2554 3011 2609 facere
3030 2555 3171 2624 quod
3205 2549 3419 2622 Paulus,

1837 2654 1898 2700 ut
1925 2646 2174 2701 manibus
2225 2647 2338 2701 suis
2380 2662 2439 2701 se
2490 2645 2806 2717 transigant,
2867 2646 3136 2718 accipiant
3178 2647 3243 2701 de
3284 2645 3421 2702 lacte

1837 2737 2016 2791 ovium
2047 2751 2061 2789 :
2095 2743 2398 2792 sustentent
2417 2753 2566 2792 suam
2599 2736 2994 2802 necessitatem,
3042 2733 3137 2792 sed
3182 2753 3288 2793 non
3329 2753 3424 2792 ne-

1837 2827 2038 2898 gligant
2056 2828 2236 2882 ovium
2266 2827 2657 2882 iuiirmitatern.
2705 2825 2820 2881 Non
2872 2828 2974 2882 hoc
3020 2826 3092 2881 ibi
3153 2838 3419 2898 quierant,

1838 2929 2091 2990 tanquam
2124 2917 2464 2975 commodum
2505 2936 2682 2985 suum,
2708 2928 2850 2974 utex
2886 2921 3208 2976 necessitate
3258 2935 3425 2991 penu-

1837 3000 1930 3063 rise
1959 3024 2068 3063 sua:
2106 3010 2389 3064 videantur
2423 3010 2743 3064 annuutiare
2780 3009 3134 3081 evangelium,
3186 3011 3281 3066 sed
3321 3007 3419 3066 ho-

1837 3100 2073 3154 minibus
2102 3099 2469 3155 illuminandis
2508 3109 2699 3169 parent
2733 3099 2906 3154 lucem
2954 3099 3116 3154 verbi
3153 3099 3421 3154 veritatis.

159 3210 357 3269 centes,
388 3210 496 3257 neu
523 3173 666 3266 ovves:
702 3216 878 3257 sermo
907 3173 1126 3255 divinus
1163 3199 1430 3253 neminem
1458 3173 1682 3266 palpans
1715 3213 1726 3248 :
1760 3173 1804 3237 (ἶ
1837 3191 1974 3248 Sunt
2003 3191 2146 3246 enim
2177 3199 2429 3262 tanquam
2454 3191 2709 3255 iucernm,
2734 3191 2874 3246 sicut
2901 3183 3102 3245 dictum
3150 3199 3271 3246 est:
3301 3189 3421 3246 Sint

159 3289 288 3348 Ecce
313 3293 396 3347 lac
431 3295 755 3359 consumitis,
793 3302 838 3347 et
873 3281 1006 3345 lanis
1037 3306 1123 3343 vos
1147 3289 1338 3361 tegitis,
1360 3286 1566 3360 etquod
1587 3303 1732 3340 cras-

155 3395 266 3437 sum
292 3397 366 3438 est
393 3383 708 3452 inter/Scitis,
741 3393 786 3437 et
827 3399 941 3438 oves
981 3399 1122 3436 meas
1165 3398 1269 3435 non
1305 3380 1535 3450 pascitis.
1582 3377 1737 3443 Quod

156 3473 419 3543 inﬁrmum
463 3481 558 3538 est,
582 3483 688 3527 nan
721 3472 1076 3541 conforta’stis,
1102 3480 1149 3524 et
1186 3469 1324 3541 quod
1355 3478 1592 3538 wgrotat,
1632 3483 1736 3523 non

153 3563 574 3621 corroborastis:
605 3564 812 3635 etquod
849 3561 1252 3618 contribulatum
1303 3569 1398 3627 est,
1450 3577 1554 3614 non
1591 3547 1738 3614 colli-

149 3659 315 3729 gastis
343 3671 362 3708 .'
388 3664 437 3708 et
459 3656 597 3722 quod
620 3655 848 3718 errabat,
871 3671 974 3708 non
999 3655 1271 3708 revocastis
1294 3667 1310 3704 :
1333 3661 1379 3706 et
1401 3653 1538 3722 quod
1558 3653 1736 3722 periit,

149 3763 258 3801 non
286 3747 688 3817 requisistis':et
708 3745 846 3817 quod
867 3746 1002 3815 forte
1025 3745 1142 3814 fuit,
1189 3745 1609 3815 confregistisret
1657 3746 1739 3799 di-

148 3847 347 3911 sperste
380 3850 502 3893 sunt
530 3855 644 3894 oves
667 3853 816 3903 mete,
841 3854 898 3892 eo
928 3838 1066 3910 quod
1091 3855 1194 3892 non
1215 3839 1280 3892 sit
1301 3848 1479 3908 pastor
1510 3835 1733 3909 (Ezech.

153 3931 373 4005 nm).
400 3930 612 3986 Dicitur
641 3929 708 3985 ad
736 3933 978 3999 pastores
1004 3937 1288 4000 pascentes
1342 3930 1570 3999 seipsos,
1630 3943 1735 3984 non

152 4039 298 4088 oves,
328 4023 463 4094 quid
493 4021 733 4094 diligant,
759 4022 886 4092 quid
914 4021 1205 4094 negligant.
1252 4021 1390 4089 Quid
1444 4040 1572 4094 ergo
1616 4023 1736 4077 diii-

154 4113 318 4186 gunt?
356 4114 467 4165 Lac
489 4113 810 4167 consumitis.
841 4107 1068 4183 Pr0pter
1095 4111 1235 4183 quod
1269 4128 1321 4168 et
1347 4112 1636 4184 Apostolus
1659 4114 1736 4168 di-

153 4207 222 4260 cit
253 4223 266 4259 :
301 4203 434 4272 Quis
457 4206 661 4276 plantat
688 4209 909 4270 vineam,
947 4215 993 4260 et
1023 4207 1087 4260 de
1135 4206 1308 4274 fructu
1354 4207 1466 4276 ejus
1505 4221 1608 4261 non
1645 4225 1736 4261 su-

154 4295 282 4351 mit.’
306 4299 423 4370 quis
453 4298 621 4364 pascit
647 4307 867 4366 gregem,
893 4305 938 4350 et
962 4296 1026 4350 de
1051 4295 1185 4350 lacte
1203 4313 1372 4367 gregis
1398 4313 1500 4350 non
1519 4297 1734 4367 percipit

155 4387 208 4460 (1
234 4387 355 4442 Cor.
383 4404 435 4442 ix
463 4387 520 4458 )‘l
547 4386 854 4442 anenimus
879 4397 1008 4459 ergo
1031 4385 1112 4441 lac
1159 4402 1282 4442 esse
1328 4389 1524 4457 gregis,
1575 4387 1732 4460 quid-

152 4478 273 4546 quid
298 4489 329 4534 a
359 4480 521 4551 plebe
549 4477 887 4534 distribuitur
910 4479 1233 4550 praepositis,
1274 4480 1339 4534 ad
1385 4494 1570 4535 eorum
1615 4495 1734 4535 sus-

155 4576 463 4626 tentandum
495 4571 695 4625 victum
727 4571 1090 4641 temporalem.
1122 4567 1250 4625 lude
1279 4571 1424 4625 enim
1477 4571 1732 4641 loqueba-

155 4670 234 4717 tur
257 4661 578 4733 Apostolus,
605 4671 727 4716 cum
751 4663 866 4718 haec
889 4663 1091 4718 diceret
1119 4678 1239 4734 qua:
1290 4664 1728 4719 commemoravi.

151 4750 213 4805 Et
235 4754 455 4823 quidem
487 4751 784 4823 apostolus,
835 4741 1142 4823 quanquam
1199 4753 1427 4824 elegerit
1484 4753 1732 4812 manibus

152 4846 256 4901 suis
289 4847 542 4918 transigi,
565 4854 617 4901 et
650 4854 750 4900 nec
771 4846 942 4915 ipsum
967 4846 1049 4899 iac
1069 4861 1310 4915 quaerere
1341 4845 1408 4901 ab
1430 4848 1637 4914 ovibus,
1660 4856 1732 4903 ta-

153 4955 266 4995 men
287 4938 443 4996 iactis
468 4939 799 5012 percipiendi
829 4947 1148 5010 potestatem
1172 4939 1369 4994 habere
1395 4954 1451 4996 se
1495 4941 1649 5005 dixit,
1677 4951 1732 4997 et

151 5031 224 5086 sic
249 5032 540 5088 Daminu'm
568 5031 915 5102 disposuisse,
943 5039 1002 5086 ut
1030 5032 1118 5102 qui
1148 5031 1482 5102 evangelium
1521 5048 1731 5088 annun-

154 5127 300 5196 tiaut,
338 5119 406 5183 de
429 5124 710 5195 evangelio
738 5125 934 5179 vivant.
964 5121 1030 5179 Et
1058 5119 1191 5180 dicit
1214 5123 1347 5178 alios
1393 5119 1731 5197 coapostoios

151 5235 272 5276 suos
295 5237 426 5277 usos
457 5217 628 5274 fuisse
649 5215 749 5273 hac
773 5223 1060 5289 potestate,
1091 5233 1196 5273 non
1223 5227 1502 5288 usurpata,
1522 5220 1617 5277 sed
1640 5221 1733 5276 da-

155 5322 221 5367 ta.
251 5311 378 5368 Plus
414 5309 506 5366 ille
531 5311 678 5376 fecit,
711 5313 769 5364 ut
797 5325 894 5365 nec
918 5309 1059 5380 quod
1095 5309 1406 5375 debebatur,
1441 5313 1729 5383 acciperet.

154 5401 264 5472 ipse
292 5416 424 5476 ergo
453 5403 671 5458 donavit
693 5405 748 5457 et
770 5393 1026 5468 debitum,
1053 5403 1147 5457 sed
1173 5403 1241 5458 ab
1264 5403 1382 5458 aliis
1411 5420 1517 5459 non
1554 5404 1732 5475 exegit

157 5492 452 5548 indebitum
485 5492 602 5566 [AL
632 5534 646 5557 ,
670 5489 764 5548 sed
795 5492 930 5547 alius
978 5508 1085 5548 non
1130 5493 1310 5566 exegit
1354 5495 1648 5550 indebitum
1673 5495 1727 5568 ].

156 5582 240 5639 ille
265 5585 388 5657 plus
417 5585 545 5641 fecit
573 5605 586 5639 :
615 5583 858 5640 fortassis
889 5585 1033 5641 enim
1066 5587 1238 5657 ipsum
1266 5585 1625 5659 signiﬁcabat,
1640 5589 1733 5659 qui

157 5693 357 5750 mgrum
401 5695 526 5735 eum
573 5679 868 5735 adduceret
910 5680 978 5735 ad
1025 5679 1398 5751 stabularium,
1454 5681 1591 5740 dixit
1624 5701 1636 5739 :
1669 5681 1731 5742 Si

215 5805 256 5878 ,ᾳ
274 5793 432 5878 Iota
451 5810 683 5886 sequens
708 5794 964 5884 periodus
987 5796 1158 5866 deest.

1839 3281 2000 3335 lumbi
2022 3281 2178 3335 vestri
2197 3281 2487 3351 prtccincti,
2510 3291 2556 3334 et
2582 3280 2809 3334 lucerna:
2831 3279 3071 3335 ardentes
3103 3271 3262 3354 (Luc.
3297 3279 3423 3356 xu).

1839 3371 1928 3437 Et,
1960 3369 2130 3424 Nemo‘
2166 3370 2400 3424 accendit
2436 3367 2727 3434 lucernam,
2764 3377 2810 3423 et
2838 3371 2984 3438 ponit
3006 3387 3121 3423 eam
3169 3367 3263 3424 sub
3310 3385 3428 3424 mo-

1839 3464 1967 3517 dio:
1996 3462 2085 3516 sed
2110 3477 2264 3530 super
2308 3459 2701 3527 candelabrum,
2743 3465 2797 3513 ut
2838 3458 3011 3513 luceat
3053 3459 3291 3515 omnibus
3337 3478 3428 3538 qu,

1838 3557 1893 3610 in
1918 3556 2069 3610 domo
2092 3564 2231 3610 sunt.
2261 3553 2351 3610 Sic
2373 3554 2540 3609 luceat
2563 3557 2737 3608 lumen
2774 3564 2996 3608 vestrum
3041 3571 3217 3610 coram
3261 3556 3453 3638 hami:

1840 3641 2010 3710 nibus,
2035 3655 2090 3698 ut
2112 3644 2316 3698 videant
2341 3663 2496 3715 opera
2521 3655 2689 3699 vestra
2716 3644 2870 3710 bona,
2905 3651 2952 3700 et
2999 3643 3289 3717 gloriﬁcent
3331 3662 3427 3716 pa-

1838 3745 1969 3790 trem
1999 3743 2221 3789 vestrum
2242 3736 2332 3806 qui
2361 3737 2415 3788 in
2443 3727 2582 3790 caelis
2609 3745 2681 3790 est
2706 3736 2724 3807 (
2747 3725 2931 3790 Matth.
2949 3750 2981 3790 v
3009 3734 3048 3806 ).
3080 3735 3136 3790 Si
3163 3751 3290 3810 ergo
3331 3735 3426 3793 tibi

1839 3827 2056 3883 lucerna
2078 3828 2464 3883 accenderetur
2480 3829 2532 3882 in
2557 3828 2738 3892 domo,
2764 3832 2940 3883 nonne
2963 3828 3228 3899 adjiceres
3243 3830 3424 3885 oleum

1837 3937 1905 3978 ne
1972 3921 2437 3993 exstinguerctnr?
2463 3922 2633 3977 Porro
2674 3922 2718 3976 si
2765 3923 2982 3978 lucerna
3027 3933 3248 3993 accepto
3306 3921 3426 3978 oleo

1837 4030 1943 4069 non
1976 4015 2200 4079 luceret,
2237 4029 2341 4068 non
2380 4025 2498 4068 erat
2527 4014 2680 4084 plane
2707 4015 2887 4084 digna,
2925 4031 3043 4085 qua!
3075 4017 3126 4069 in
3174 4013 3426 4071 candela-

1835 4106 1933 4160 bro
1962 4115 2272 4174 poneretur,
2302 4107 2393 4160 sed
2415 4121 2534 4176 qua:
2569 4107 2823 4160 continuo
2863 4103 3220 4177 frangeretur.
3278 4107 3428 4164 Unde

1836 4209 1964 4264 ergo
1987 4195 2208 4258 vivitur,
2241 4195 2582 4249 necessitatis
2604 4205 2685 4249 est
2714 4197 2979 4266 accipere,
3022 4196 3302 4251 cha'ritatis
3343 4204 3430 4250 est

1837 4283 2097 4352 praebere.
2147 4281 2261 4336 Non
2315 4292 2572 4353 tanquam
2617 4283 2800 4337 venale
2852 4285 2923 4337 sit
2967 4281 3322 4354 evangelium,
3368 4291 3427 4337 ut

1837 4370 1978 4424 istud
2010 4371 2077 4423 sit
2115 4372 2345 4440 pretium
2377 4371 2494 4440 ejus
2517 4373 2659 4442 quod
2691 4381 2909 4426 sumunt
2937 4373 3028 4441 qui
3075 4373 3423 4438 annuntiant,

1837 4459 1979 4513 unde
1998 4459 2202 4514 vivant.
2234 4460 2291 4516 Si
2314 4465 2455 4515 enim
2485 4463 2563 4517 sic
2583 4463 2842 4528 vendunt,
2874 4479 3122 4536 magnam
3168 4480 3281 4519 rem
3333 4465 3424 4520 vili

1759 4537 1810 4598 υ
1835 4551 2008 4622 pretio
2041 4552 2294 4606 vendunt.
2325 4552 2606 4624 Accipiunt
2637 4558 3083 4611 sustentationem
3137 4557 3426 4613 necessita-

1836 4642 1904 4696 tis
1947 4649 1978 4696 a
2014 4641 2229 4712 populo,
2287 4645 2591 4699 mercedem
2647 4646 3064 4716 dispensationis
3102 4653 3131 4700 a
3172 4645 3421 4704 Domino.

1836 4733 1952 4788 Non
1979 4736 2122 4790 enim
2157 4745 2240 4791 est
2272 4737 2495 4792 idoneus
2554 4741 2780 4810 populus
2847 4742 3073 4797 reddere
3121 4743 3422 4798 mercedem

1834 4824 1964 4890 illis,
1995 4827 2084 4895 qui
2115 4827 2215 4881 sibi
2254 4828 2308 4881 in
2360 4828 2624 4882 charitate
2662 4829 2937 4900 Evangelii
2980 4831 3244 4886 serviunt.
3305 4832 3420 4884 Non

1835 4925 2149 4985 exspectent
2172 4916 2246 4970 iiii
2277 4919 2602 4981 mercedem,
2634 4918 2736 4971 nisi
2767 4919 2908 4972 unde
2944 4928 3000 4972 et
3032 4919 3118 4972 isti
3170 4919 3418 4973 salutem.

1837 5005 1976 5072 Quid
2017 5015 2147 5077 ergo
2190 5007 2309 5060 istis
2354 5007 2688 5076 increpatur,
2739 5009 3258 5082 undearguuntur?
3298 5009 3423 5078 quia

1838 5111 1960 5153 cum
1993 5097 2075 5154 iac
2105 5105 2403 5165 sumerent,
2428 5107 2482 5154 et
2508 5099 2644 5156 lanis
2673 5117 2731 5156 se
2757 5109 3020 5175 tegerent,
3073 5118 3201 5158 oves
3251 5101 3424 5172 negli-

1839 5189 2054 5260 gebant.
2082 5185 2192 5242 Sua
2218 5199 2347 5260 ergo
2376 5198 2582 5246 tantum
2611 5194 2947 5263 quaerebant,
2972 5209 3077 5248 non
3127 5207 3246 5263 qua:
3291 5189 3418 5246 Jesu

1839 5280 2061 5335 Christi.
2090 5279 2196 5336 Sed
2233 5284 2484 5352 quoniam
2513 5285 2765 5354 diximus,
2808 5286 2935 5356 quid
2983 5287 3054 5340 sit
3097 5283 3180 5340 iac
3226 5301 3419 5340 consu-

1842 5385 1988 5428 mere
2017 5379 2341 5445 Quazramus,
2376 5380 2503 5451 quid
2529 5381 2598 5435 sit
2626 5378 2764 5434 lanis
2814 5390 3014 5452 tegere.
3061 5371 3162 5448 Qui
3216 5383 3422 5452 praibet

1837 5465 1940 5532 lac,
1969 5477 2151 5538 potum
2180 5471 2410 5540 praebet;
2437 5481 2494 5527 et
2524 5473 2614 5544 qui
2655 5473 2859 5542 przcbet
2907 5473 3106 5540 lanam,
3160 5473 3421 5532 bonorum

1838 5563 2060 5630 praebet.
2088 5561 2191 5618 ista
2215 5573 2341 5618 sunt
2365 5565 2488 5629 duo,
2525 5580 2643 5633 qum
2669 5581 2698 5618 a
2729 5565 3035 5634 pastoribus
3081 5577 3415 5636 quaeruntur,

1839 5649 1932 5721 qui
1984 5651 2190 5724 seipsos
2240 5660 2492 5724 pascunt,
2538 5668 2647 5710 non
2706 5668 2876 5712 oves:
2905 5657 3246 5712 commodum
3291 5665 3421 5733 sup-

3603 707 3628 723 κ
