4000 6476
502 354 609 419 339
1501 344 1934 409 'AMALARIUS
1969 341 2385 406 PRESBYTER
2423 346 2784 407 METENSIS.
2854 358 2864 368 ·

499 467 711 545 plendte
753 462 1114 528 necessitatis,
1150 471 1207 519 et
1251 460 1491 518 favorem
1543 460 1766 517 honoris
1813 471 1869 517 et
1921 458 2094 516 laudis
2119 459 2172 520 Α
2197 457 2266 514 ba
2289 457 2492 516 Christi
2521 461 2782 526 dicentes,
2805 458 2900 515 sed
2924 464 3141 526 nostra;
3166 455 3369 516 erimus
3387 469 3652 536 pastores
3675 476 3807 531 pas-

499 570 769 636 qurerunt.
817 559 1032 615 Etenim
1077 559 1466 614 vestimentum
1501 565 1789 626 propterea
1820 554 1958 609 bene
2008 553 2094 608 in-
2195 563 2380 611 centes
2404 557 2782 625 nosmetipsos,
2811 571 2920 610 non
2959 569 3108 610 oves.
3148 553 3286 610 Cum
3338 564 3518 609 autem
3561 556 3810 611 dixisset

501 655 759 725 teiligitur
810 651 866 705 in
911 653 1138 713 honore,
1163 647 1287 718 quia
1331 645 1632 700 nuditatem
1680 645 1936 715 contegit.
1998 643 2093 699 Est
2194 659 2315 715 quae
2334 646 2554 718 diligant
2599 647 2690 702 isti
2740 655 3010 717 pastores,
3066 645 3196 702 dicit
3216 655 3272 701 et
3314 662 3434 716 qua:
3489 647 3682 719 neglig
3701 659 3805 703 ιιιι.

497 749 642 802 enim
679 743 1047 813 unusquisque
1077 742 1236 793 homo
1264 737 1528 791 inﬁrmus.
1555 735 1621 790 Et
1644 736 1772 806 quid
1796 745 1898 800 est,
1945 734 2092 805 quis-
2195 737 2338 794 Vitia
2363 741 2506 794 enim
2534 740 2717 795 ovium
2746 739 2853 794 late
2900 745 3109 810 patent.
3161 736 3320 794 Same
3377 749 3540 809 atque
3593 755 3810 794 crasse

498 842 620 911 quis
666 840 820 895 vobis
873 845 1083 908 praeest,
1149 835 1251 890 nisi
1313 833 1454 904 quod
1502 845 1598 885 vos
1648 827 1822 884 estis?
1857 826 2089 881 Carnem
2181 845 2322 890 .oves
2349 847 2632 902 perpauca:
2658 841 2806 897 sunt,
2830 832 2883 888 id
2909 841 2992 888 est
3019 831 3206 886 solida:
3247 832 3301 886 in
3351 833 3473 886 cibo
3516 833 3805 898 veritatis,

496 941 697 1004 portat,
736 930 976 986 mortalis
1003 936 1103 987 est.
1138 927 1441 988 manducet,
1486 923 1704 984 dormit,
1757 921 1950 991 surgit.
1988 934 2086 972 ηδ·
2193 932 2410 981 utentes
2438 927 2654 997 pascuis
2686 927 2826 982 bene
2863 927 2931 981 de
2969 942 3194 982 munere
3241 921 3368 980 Dei.
3405 924 3513 982 Sed
3546 928 3693 982 mali
3731 929 3805 982 illi

498 1035 587 1080 tus
609 1033 710 1089 est,
736 1022 1030 1077 moriturus
1055 1027 1156 1073 est.
1185 1018 1242 1072 Si
1276 1033 1406 1088 ergo
1447 1017 1652 1088 cogites
1696 1014 1823 1084 quid
1871 1014 1959 1075 sit,
2005 1027 2090 1066 se-
2193 1026 2440 1086 pastores
2468 1035 2572 1072 non
2595 1027 2827 1089 parcunt
2853 1018 3068 1073 talibus.
3103 1017 3302 1072 Parum
3333 1029 3418 1074 est
3472 1020 3629 1090 quod
3685 1021 3805 1076 illas

2193 1107 2529 1178 languentes,
2566 1118 2621 1164 et
2645 1109 2909 1175 infirmas,
2942 1119 2996 1186 et
3013 1119 3282 1176 errantes,
3307 1118 3360 1166 et
3389 1112 3642 1182 perditas
3690 1129 3799 1168 non

497 1115 730 1170 cundum
768 1114 1004 1182 seipsum
1063 1111 1223 1164 homo
1281 1117 1407 1165 est:
1441 1117 1498 1164 et
1536 1115 1718 1162 tamen
1774 1101 2116 1191 honorando,

496 1224 622 1262 eum
654 1207 799 1262 velut
833 1205 1100 1277 angelum,
1125 1202 1367 1273 contegis
1398 1199 1490 1275 [et
1536 1209 1594 1256 tu
1635 1199 1952 1255 honorando
2008 1205 2088 1251 ta-

494 1314 620 1356 men
673 1297 903 1368 amplius
936 1297 1083 1351 velut
1111 1293 1398 1366 contegis]
1451 1294 1592 1363 quod
1639 1292 1911 1346 infirmum
1977 1298 2114 1378 est.-

494 1392 685 1449 Videte
748 1389 1046 1460 cuiusmodi
1110 1388 1484 1444 indumentum
1540 1393 1824 1455 acceperat
1860 1400 1890 1438 a
1943 1385 2084 1439 bona

493 1483 588 1538 Dei
619 1483 770 1553 plebe
796 1483 938 1538 idem
968 1480 1186 1544 Paulus,
1227 1497 1351 1536 cum
1387 1477 1791 1535 diceret:Sicut
1841 1475 2085 1546 angelum

489 1572 589 1628 Dei
617 1574 887 1644 excepisti:
910 1589 1010 1626 me.
1054 1571 1426 1625 Testimonium
1461 1570 1598 1624 enim
1643 1569 1782 1623 vobis
1818 1567 2114 1639 perhibeo,'

488 1665 613 1735 quia
639 1666 683 1718 si
703 1665 821 1733 ﬁeri
841 1672 1033 1736 posset,
1064 1662 1239 1718 oculos
1266 1670 1460 1717 vestros
1506 1661 1794 1727 eruissetis,
1835 1671 1883 1714 et
1911 1660 2085 1714 dedis-

476 1757 611 1810 setis
632 1756 760 1808 mihi
782 1753 994 1826 (Galat.
1023 1772 1062 1810 ll
1084 1755 1125 1826 ).
1173 1753 1279 1810 Sed
1310 1770 1434 1810 cum
1460 1762 1643 1809 tantus
1666 1754 1743 1807 illi
1780 1754 1955 1808 honor
1988 1768 2082 1807 ex-

2193 1215 2386 1260 curant
2411 1223 2424 1258 :
2447 1205 2608 1260 etiam
2639 1206 2772 1260 istas
2796 1204 2964 1260 fortes
2993 1216 3046 1261 et
3077 1207 3303 1276 pingues
3351 1215 3566 1270 necant,
3615 1223 3797 1278 quan-

2192 1302 2306 1347 tum
2325 1294 2464 1364 ipsis
2491 1303 2600 1358 est;
2632 1306 2687 1350 et
2718 1295 2821 1350 illae
2847 1295 2893 1349 si
2926 1295 3133 1361 vivunt,
3175 1295 3241 1350 de
3278 1295 3672 1353 misericordia
3707 1298 3795 1354 Dei

2191 1383 2415 1448 vivunt;
2455 1394 2635 1439 tamen
2669 1392 2929 1453 quantum
2969 1384 3037 1438 ad
3060 1393 3308 1454 pastores
3345 1387 3516 1442 malos
3567 1388 3790 1455 attinet,

2192 1473 2462 1529 occidunt.
2497 1474 2797 1540 Quomodo,
2821 1473 3015 1543 inquit,
3049 1473 3495 1532 occidunﬁhlale
3529 1477 3788 1542 vivendo,

2192 1565 2394 1619 malum
2421 1564 2725 1634 exemplum
2749 1565 3060 1635 prtebendo.
3089 1564 3171 1619 An
3199 1563 3401 1620 frustra
3446 1567 3666 1622 dictum
3710 1578 3791 1624 est

2191 1673 2351 1714 servo
2400 1658 2494 1715 Dei
2542 1659 2801 1714 eminenti
2831 1653 2903 1714 in
2942 1658 3201 1714 membris
3250 1659 3448 1714 summi
3508 1663 3782 1730 pastoris:

2191 1750 2346 1805 Circa
2375 1767 2551 1805 omnes
2580 1737 3077 1821 teipsum‘bonorum
3099 1766 3312 1820 operum
3332 1752 3575 1821 prwbens
3613 1770 3787 1807 em-

479 1844 691 1901 hibitus
717 1813 883 1910 esset,
914 1813 1156 1914 nunquid
1179 1853 1398 1914 propter
1435 1845 1608 1914 ipsum
1662 1845 1920 1898 honorem
1977 1842 2079 1896 sibi
2112 1813 2162 1872 Β
2187 1840 2332 1911 plum
2355 1854 2372 1891 :
2395 1849 2444 1894 et
2465 1839 2636 1908 forma
2650 1813 2765 1894 resto
2786 1839 3028 1908 ﬁdelibus
3052 1813 3188 1903 (Tit.
3218 1813 3608 1909 tt)?-Attendit
3639 1846 3783 1900 enim

476 1934 808 2001 exhibitum,
843 1950 912 1990 ne
939 1934 1078 1991 forte
1124 1943 1434 2004 negaretur,
1475 1945 1530 1990 et
1579 1937 1757 1990 minus
1819 1934 1908 1989 ille
1955 1950 2079 1989 cum

477 2034 740 2096 argueret
789 2025 1123 2090 laudaretur,
1169 2026 1412 2095 pepercit
1459 2026 1804 2081 errantibus?
1845 2023 1980 2079 Nam
2032 2025 2078 2079 si

480 2117 852 2185 hoc-fecisset,
883 2128 1027 2174 esset
1049 2119 1191 2173 inter
1231 2118 1350 2173 illus
1386 2119 1479 2188 qui
1522 2134 1581 2172 se
1628 2119 1775 2188 ipsos
1827 2125 2075 2186 pascunt,

478 2225 591 2266 :non
623 2225 771 2266 oves.
801 2210 1020 2267 Diceret
1049 2213 1192 2282 apud
1215 2213 1472 2282 seipsum.
1505 2210 1644 2277 Quid
1679 2213 1746 2264 ad
1785 2226 1868 2265 me
1905 2207 2075 2279 pertié

477 2301 608 2356 net?
634 2301 863 2371 quisque
881 2303 1027 2371 quod
1050 2303 1194 2369 velit,
1219 2311 1362 2374 agat.
1389 2303 1577 2358 Victus
1600 2319 1751 2358 meus
1765 2301 1947 2357 salvus
1971 2311 2075 2368 est,

477 2392 658 2447 honor
695 2407 847 2447 meus
874 2393 1056 2448 salvus
1078 2400 1181 2457 est,
1210 2403 1264 2447 et
1285 2393 1371 2448 lac
1399 2401 1453 2448 et
1479 2393 1602 2448 lana
1625 2394 1759 2449 satis
1785 2403 1870 2448 est
1918 2392 2072 2447 mihi.

477 2483 584 2539 Eat
611 2484 838 2554 quisque
857 2499 966 2554 qua
994 2492 1187 2554 potest.
1217 2496 1241 2524 ιι
1273 2483 1417 2555 Ergo
1436 2485 1646 2554 integra
1690 2484 1786 2539 tibi
1816 2493 1944 2538 sunt
1963 2499 2079 2537 om-

441 2567 444 2570 ’
477 2577 591 2641 nia,
625 2577 670 2630 si
692 2584 780 2632 eat
803 2577 1028 2647 quisque
1057 2591 1163 2646 qua
1189 2576 1403 2646 potest?
1446 2575 1581 2631 Nolo
1629 2583 1682 2630 te
1723 2575 2077 2646 praepositum

478 2664 662 2722 facere
695 2683 708 2721 :
737 2683 905 2722 unum
935 2676 988 2723 te
1010 2667 1281 2722 constituo
1313 2667 1379 2720 de
1411 2667 1526 2736 ipsa
1551 2667 1726 2738 plebe.
1774 2665 1833 2720 Si
1870 2665 2078 2736 patitur

479 2773 650 2812 unum
706 2759 1030 2822 membrum,
1099 2755 1506 2824 compatiuntur
1573 2756 1753 2811 omnia
1809 2757 2072 2811 membra.
2119 2823 2121 2826 q

477 2847 713 2903 Proinde
744 2849 858 2916 ipse
876 2845 1152 2916 apostolus
1177 2861 1300 2900 cum
1324 2845 1404 2899 eis
1433 2855 1843 2912 commemorat,
1888 2846 2076 2916 quales
2116 2907 2118 2910 ,

479 2937 683 2991 fuerint
711 2952 840 3004 erga
874 2935 1045 3002 illum,
1078 2951 1145 2989 ne
1163 2935 1318 3008 quasi
1339 2936 1539 2990 oblitus
1577 2951 1764 2990 eorum
1815 2938 2076 2992 honorifi-

480 3029 672 3084 centia:
701 3029 988 3092 videretur,
1024 3027 1385 3081 testimonium
1415 3028 1684 3097 perhibet,
1739 3029 1882 3096 quod
1933 3030 2073 3083 sicut
2117 3025 2120 3028 ’

481 3119 728 3190 angelum
751 3118 847 3174 Dei
873 3119 1209 3189 susceperint
1247 3135 1370 3174 eum
1403 3138 1416 3173 :
1451 3121 1594 3189 quod
1621 3121 1667 3176 si
1697 3120 1814 3176 fieri
1865 3133 2067 3192 posset,

479 3210 666 3268 oculos
697 3213 822 3294 suos
843 3210 1041 3264 vellent
1061 3225 1272 3276 eruere,
1295 3219 1350 3266 et
1378 3210 1452 3265 illi
1480 3212 1626 3266 dare.
1665 3212 1733 3266 Et
1765 3220 1945 3268 tamen
1983 3231 2072 3270 ac—
2101 3185 2147 3248 Ο

474 3303 628 3361 cedit
657 3304 720 3359 ad
755 3318 909 3357 ovem
928 3301 1344 3373 languidam,.td
1367 3318 1522 3358 ovem
1562 3304 1855 3374 putridam,
1890 3321 2075 3363 secare

471 3395 694 3462 vulnus,
728 3409 833 3450 non
868 3409 1092 3464 parcere
1126 3396 1419 3465 putredini.
1460 3395 1624 3466 Ergo,
1666 3398 1864 3468 inquit,
1900 3398 2074 3452 inimi»

468 3503 568 3540 cus
591 3485 762 3555 factus
809 3500 925 3538 sum
977 3483 1117 3538 vobis
1171 3483 1463 3554 praedicans
1504 3485 1810 3539 veritatem?
1842 3486 1981 3542 Ecce
2019 3495 2075 3542 et

467 3577 687 3646 accepit
709 3576 773 3632 de
799 3575 938 3630 lacte
966 3575 1171 3642 Ovium,
1192 3576 1330 3630 sicut
1358 3574 1518 3644 paulo
1537 3584 1663 3631 ante
1683 3592 2075 3634 commemora-

468 3671 684 3734 vimus;
718 3677 770 3724 et
797 3669 1017 3723 indutus
1045 3677 1126 3724 est
1171 3666 1309 3722 lanis
1337 3669 1560 3723 ovium:
1597 3669 1691 3724 sed
1733 3677 1912 3724 tamen
1943 3685 2073 3726 oves

468 3778 584 3816 mon
612 3761 868 3832 neglexit.
903 3759 1020 3815 Non
1047 3759 1190 3813 enim
1218 3775 1315 3815 sua
1343 3762 1642 3831 quaerebat,
1673 3761 1769 3816 sed
1794 3778 1913 3832 qua:
1944 3759 2069 3818 Jesu

467 3854 698 3909 ﬂbristi.
723 3854 880 3906 Absit
897 3867 1024 3921 ergo
1045 3860 1102 3905 ut
1125 3853 1367 3908 dicamus
1390 3853 1574 3908 vobis:
1598 3852 1776 3909 Vivite
1795 3865 1856 3908 ut
1875 3851 2068 3920 vultis;

467 3942 657 3997 securi
692 3949 887 4003 estote,
929 3941 1070 3995 Deus
1104 3942 1374 3996 neminem
1417 3944 1623 4012 perdet.
1675 3943 2071 4001 Tantummodo

471 4033 642 4087 ﬁdem
681 4031 1044 4086 Christianam
1077 4040 1256 4086 tenete
1290 4051 1302 4085 :
1343 4050 1450 4088 non
1488 4035 1679 4104 perdet
1716 4035 1802 4089 ille
1832 4038 1974 4106 quod
1988 4054 2072 4093 re-

471 4125 683 4197 demit;
699 4139 804 4179 non
821 4125 1128 4194 perdetpro
1152 4124 1348 4194 quibus
1369 4128 1685 4198 sanguinem
1724 4125 1876 4185 fudit.
1922 4129 1990 4183 Et
2024 4130 2070 4186 si

477 4216 796 4290 spectaculis
821 4215 1102 4271 volueritis
1122 4216 1400 4272 o.,lectare
1432 4219 1643 4273 animos
1684 4232 1915 4286 veStros,
1955 4223 2066 4288 ite;

480 4307 608 4378 quid
633 4307 754 4361 mali
785 4306 899 4362 est?
917 4318 968 4360 et
990 4304 1130 4360 festa
1153 4306 1276 4373 ista,
1300 4322 1417 4377 qua:
1449 4307 1795 4362 celebrantur
1825 4324 1922 4380 per
1950 4312 2070 4366 uni-

477 4415 689 4453 versam
716 4399 989 4453 civitatem
1021 4397 1075 4451 in
1104 4396 1292 4452 lmtitia
1330 4399 1752 4466 convivantium,
1796 4409 1850 4458 et
1893 4405 2070 4473 publi-

479 4491 558 4547 cis
585 4491 784 4543 mensis
812 4488 1017 4558 seipsos
1047 4490 1136 4559 (ut
1163 4489 1384 4561 putant)
1401 4489 1836 4559 jucundantium,
1875 4510 1934 4550 re
1976 4511 2068 4551 ve-

481 4597 540 4634 ra
569 4578 930 4648 perdentium,
963 4579 1057 4640 ite.
1087 4579 1359 4634 celebrate
1384 4582 1560 4635 securi
1591 4600 1602 4634 :
1631 4598 1825 4654 magna
1853 4593 1937 4640 est
1967 4585 2067 4641 Dei

477 4668 876 4731 misericordia,
904 4683 1025 4736 quae
1054 4675 1226 4722 totum
1267 4669 1526 4739 ignoscat.
1558 4671 1826 4729 Coronate
1859 4689 1954 4730 vos
1979 4689 2070 4731 ro-

469 4762 576 4820 ;sis,
650 4766 937 4826 antequam
987 4771 1346 4815 marcescant.
1405 4762 1465 4818 1n
1509 4762 1669 4818 domo
1721 4763 1817 4819 Dei
1875 4765 2064 4833 vestri,

467 4851 695 4924 quando
724 4850 1020 4915 volueritis,
1063 4851 1778 4922 convivamiui:implemini
1835 4855 1956 4911 cibo
2011 4865 2068 4913 et

473 4957 605 4994 smn
632 4960 751 4996 eum
785 4943 998 4997 vestris.
1027 4944 1107 4998 Ad
1133 4943 1233 4998 hoc
1258 4944 1400 4998 enim
1431 4945 1554 4999 data
1570 4953 1653 5000 est
1676 4945 1777 5002 ista
1793 4958 2060 5018 creatura,

469 5045 538 5085 tut
569 5050 628 5086 ea
655 5048 721 5102 pe
756 5032 1031 5088 fruamini.
1064 5034 1177 5089 Non
1205 5035 1351 5089 enim
1375 5037 1600 5107 paganis
1634 5047 1689 5092 et
1715 5038 1895 5109 impiis
1943 5055 2066 5097 eam

470 5126 618 5177 dedit
651 5125 814 5189 Deus,
843 5133 898 5178 et
924 5125 1076 5180 vobis
1113 5140 1218 5180 non
1269 5126 1434 5180 dedit.
1484 5127 1609 5183 Haec
1654 5129 1700 5183 si
1746 5130 2062 5200 dixerimus,

476 5214 617 5268 't'orte
659 5217 1104 5287 congregabimus
1145 5216 1332 5271 turbas
1378 5217 1685 5285 ampliores.
1742 5221 1809 5275 Et
1853 5223 1896 5276 si
1943 5230 2068 5278 sunt

475 5304 718 5371 quidm),
753 5306 842 5374 qui
886 5308 1124 5362 sentiant
1155 5323 1255 5362 nos
1300 5307 1415 5363 haec
1469 5310 1710 5365 dicentes
1761 5329 1868 5368 non
1918 5323 2066 5370 recte

479 5411 689 5464 sapere,
721 5415 921 5468 paucos
948 5399 1290 5467 offendimus,
1338 5403 1430 5456 sed
1479 5402 1877 5461 multitudinem
1930 5423 2060 5462 con-

482 5485 747 5541 ciliamus.
779 5490 931 5556 Quod
950 5491 994 5544 si
1028 5491 1311 5548 lecerimus
1340 5509 1444 5546 non
1473 5494 1638 5549 verba
1675 5494 1788 5558 Dei,
1817 5512 1924 5552 non
1944 5513 2062 5552 ver-

553 5634 581 5700 ξι
616 5622 912 5700 Deesttota
943 5628 1057 5700 haec
1087 5630 1342 5698 periodus
1371 5647 1539 5700 usque
1568 5633 1633 5686 ad
1663 5633 1782 5688 nolo
1810 5643 1877 5688 te.

552 5693 579 5774 ξ’
620 5693 675 5746 In
707 5696 936 5750 editione
985 5693 1253 5774 Siriuondi
1286 5720 1299 5774 :_
1337 5693 1650 5774 Inﬁrmatur
1686 5707 1812 5770 ovis,
1862 5707 1918 5759 id
1944 5716 2054 5774 est,

483 5763 753 5834 inﬁmum
779 5781 868 5818 cor
905 5768 1054 5836 geri,
1082 5783 1136 5821 ut
1162 5772 1321 5840 possit
1353 5763 1532 5827 cedere
1573 5763 1944 5836 (cantationibus
1973 5763 2059 5839 in;

2184 1931 2322 1995 ovis,
2376 1931 2540 1984 etiam
2599 1928 2776 1994 fortis,
2841 1930 3159 2002 plerumque
3212 1935 3566 2004 prtepositum
3626 1952 3779 1990 suum

2183 2021 2325 2076 male
2359 2021 2652 2086 viventem,
2685 2021 2730 2075 si
2760 2021 2994 2076 declinet
3029 2023 3215 2078 oculos
3243 2039 3274 2077 a
3302 2017 3505 2096 regulis
3545 2027 3778 2081 Domini.

2182 2111 2418 2167 lntendit
2447 2113 2500 2167 in
2535 2112 2832 2178 hominem,
2858 2113 3046 2182 incipit
3078 2113 3257 2169 dicere
3311 2115 3365 2170 in
3425 2117 3588 2172 corde
3635 2133 3775 2173 suo:

2184 2203 2243 2258 Si
2270 2204 2590 2274 prtepositus
2621 2219 2772 2258 meus
2796 2203 2874 2258 sic
2895 2201 3174 2275 vivit,ego
3205 2205 3330 2275 quis
3368 2222 3500 2268 sum,
3532 2207 3623 2276 qui
3665 2223 3781 2261 non

2181 2295 2380 2351 faciam
2402 2298 2545 2367 quod
2570 2297 2660 2353 ille
2691 2296 2856 2370 faciti?
2889 2299 3086 2355 occidit
3109 2316 3263 2355 ovem
3297 2301 3494 2355 fortem.
3540 2302 3598 2354 Si
3653 2302 3772 2356 for-

2181 2396 2292 2444 tem
2320 2403 2450 2460 ergo
2478 2390 2678 2444 occidit
2703 2403 2882 2454 ovem,
2904 2388 3018 2459 jam
3049 2391 3116 2446 de
3162 2393 3372 2446 caneris
3413 2394 3535 2462 quid
3583 2391 3771 2457 iaciat,

2113 2480 2118 2484 ’
2182 2480 2274 2549 qui
2311 2479 2464 2546 illud,
2497 2482 2640 2550 quod
2669 2497 2780 2535 non
2833 2475 2963 2551 ipse.
2999 2481 3444 2549 fructiﬁcaverat,
3492 2486 3586 2538 sed
3635 2484 3778 2539 forte

2182 2582 2276 2627 aut
2322 2572 2604 2628 robustum
2662 2575 2964 2641 invenerat,
3009 2576 3149 2630 male
3198 2577 3427 2632 vivendo
3475 2578 3776 2632 interfecit?

2180 2665 2315 2720 Dico
2339 2665 2596 2720 charitati
2644 2674 2842 2721 vestra:
2888 2681 2953 2721 ac
2993 2667 3188 2722 iterum
3235 2667 3542 2723 dicoz'Etsi
3591 2671 3775 2724 vivunt

2179 2771 2331 2821 oves,
2357 2757 2458 2811 etsi
2485 2756 2654 2812 fortes
2677 2765 2807 2812 sunt
2832 2773 2964 2814 oves
2988 2759 3043 2812 in
3068 2759 3233 2814 verbo
3255 2759 3496 2827 Domini,
3515 2771 3575 2816 et
3597 2771 3774 2817 teneat

2179 2846 2311 2902 illud
2345 2848 2489 2918 quod
2513 2849 2800 2904 audierunt
2830 2864 2860 2902 a
2880 2849 3112 2906 Domino
3137 2866 3270 2906 suo:
3310 2843 3451 2917 Qui:
3473 2854 3678 2918 dicunt,
3695 2856 3773 2923 fa-

2179 2937 2278 2992 cite
2301 2952 2320 2988 :
2343 2955 2460 3008 qua:
2489 2948 2662 2992 autem
2685 2939 2911 3008 faciunt,
2943 2940 3116 3009 facere
3137 2941 3294 2996 nolite
3317 2941 3548 3013 (Matth.
3575 2945 3738 3016 χχιιι)

2179 3024 2359 3083 tamen
2387 3030 2478 3098 qui
2508 3030 2561 3083 in
2591 3041 2881 3100 conspectu
2923 3031 3102 3102 populi
3134 3033 3272 3088 male
3304 3034 3464 3098 vivit,
3506 3047 3769 3104 quantum

2180 3120 2234 3174 in
2264 3121 2355 3177 illo
2385 3129 2489 3187 est,
2517 3137 2641 3176 cum
2671 3139 2702 3176 a
2730 3138 2838 3193 quo
2878 3125 3194 3189 attenditur,
3238 3125 3464 3181 occidit.
3503 3127 3623 3182 Non
3674 3129 3773 3183 sibi

2177 3227 2306 3284 ergo
2329 3213 2659 3279 blandiatur,
2684 3215 2810 3284 quia
2840 3214 2930 3270 ille
2977 3231 3087 3270 non
3133 3223 3216 3270 est
3265 3225 3515 3273 mortuus
3545 3237 3559 3271 :
3588 3228 3645 3272 et
3688 3219 3772 3274 ille

2179 3307 2332 3371 vivit,
2369 3314 2423 3358 et
2458 3305 2560 3360 iste
2599 3305 2869 3361 homicida
2898 3315 3001 3362 est.
3047 3307 3326 3375 Quomodo
3371 3326 3492 3365 cum
3536 3310 3773 3368 lascivus

2178 3402 2338 3458 homo
2362 3401 2594 3455 intendit
2617 3400 2669 3454 in
2698 3398 2978 3456 mulierem
3005 3401 3073 3456 ad
3094 3404 3577 3473 concupiscendum
3619 3420 3771 3471 eam,

2177 3508 2306 3551 ecce
2337 3492 2426 3547 illa
2460 3499 2612 3547 casta
2659 3501 2761 3558 est,
2820 3499 2875 3547 et
2907 3494 3208 3548 moechatus
3254 3504 3341 3550 est
3383 3495 3496 3549 iste.
3543 3495 3771 3551 Domini

2176 3588 2320 3644 enim
2352 3601 2482 3641 vera
2506 3593 2561 3641 et
2586 3595 2771 3656 aperta
2821 3594 2905 3641 est
2947 3587 3214 3642 sententia
3243 3605 3255 3641 :
3282 3587 3530 3659 Quisquis
3579 3589 3771 3643 uiderit

2175 3676 2446 3734 mulierem
2473 3677 2541 3730 ad
2564 3675 3029 3746 concupiscendum
3053 3694 3188 3743 eam,
3207 3677 3325 3748 jam
3360 3680 3652 3734 moechatus
3693 3690 3767 3735 est

2173 3788 2288 3827 eam
2317 3772 2373 3826 in
2405 3769 2560 3824 corde
2580 3787 2674 3824 suo
2703 3769 2929 3842 (Matth.
2952 3787 2985 3825 v
3007 3769 3048 3842 ).
3081 3770 3196 3826 Non
3218 3773 3469 3842 pervenit
3507 3773 3578 3828 ad
3628 3773 3766 3828 illius

2174 3861 2502 3926 cubiculum,
2531 3869 2584 3916 et
2601 3862 2926 3916 ininteriore
2943 3858 3053 3930 jam
3070 3877 3167 3917 suo
3192 3862 3440 3918 cubiculo
3473 3864 3763 3919 volutatur.

2175 3954 2267 4009 Sic
2290 3953 2467 4008 omnis
2494 3952 2588 4021 qui
2612 3951 2750 4007 male
2776 3951 2909 4014 vivit
2933 3952 2986 4007 in
3026 3961 3312 4022 conspectu
3346 3968 3544 4009 eorum
3576 3957 3766 4024 quibus

2171 4044 2488 4116 praepositus
2500 4051 2604 4107 est,
2618 4050 2876 4111 quantum
2890 4043 2942 4096 in
2961 4043 3076 4113 ipso
3086 4052 3189 4109 est,
3202 4044 3402 4100 occidit
3413 4048 3586 4100 etiam
3603 4047 3766 4102 fortes

2172 4148 2323 4190 oves.
2361 4134 2464 4200 Qui
2514 4147 2643 4202 ergo
2672 4132 2916 4186 imitatur
2939 4135 3286 4203 praepositum
3325 4136 3558 4202 malum,
3599 4139 3766 4193 mori-

2173 4235 2292 4292 tur;
2321 4225 2413 4294 qui
2431 4240 2536 4279 non
2561 4224 2821 4288 imitatur,
2845 4223 3007 4278 vivit:
3034 4233 3210 4281 tamen
3236 4234 3506 4296 quantum
3524 4229 3594 4283 ad
3617 4229 3763 4284 illum

2171 4319 2428 4389 pertinet,
2453 4315 2640 4371 ambos
2667 4315 2887 4370 occidit.
2919 4315 2986 4370 Et
3016 4318 3154 4387 quod
3175 4333 3413 4373 crassum
3433 4331 3537 4385 est,
3566 4321 3762 4390 inquit,

2170 4409 2526 4480 interfecistis,
2566 4420 2613 4464 et
2654 4426 2770 4464 oves
2802 4425 2943 4464 meas
2973 4426 3077 4464 non
3113 4412 3345 4481 pascitis.
3377 4412 3504 4468 Jam
3537 4415 3763 4470 audistis

2094 4538 2145 4596 Β
2169 4503 2300 4574 quid
2343 4500 2585 4570 diligant,
2629 4501 2806 4596 videte
2835 4501 2964 4596 quid
2991 4502 3288 4573 negligant.
3314 4503 3474 4570 Quod
3519 4506 3764 4574 inﬁrma-

2175 4606 2286 4651 tum
2323 4603 2420 4659 est,
2451 4610 2554 4647 non
2585 4594 2958 4664 confortastis;
2985 4605 3031 4649 et
3059 4596 3198 4666 quod
3233 4595 3371 4651 male
3398 4599 3611 4665 habuit,
3660 4617 3762 4653 non

2173 4683 2583 4749 corroborastis;
2609 4694 2657 4738 et
2681 4685 2820 4755 quod
2843 4685 3248 4742 contribulatum
3269 4698 3366 4754 est,
3392 4699 3440 4743 et
3465 4691 3615 4761 quod
3641 4708 3764 4745 eon-

2171 4775 2401 4846 fractum
2439 4784 2537 4842 est,
2561 4791 2665 4828 non
2688 4775 2972 4846 colligastis
2988 4794 3007 4843 ;
3037 4787 3085 4832 et
3105 4779 3244 4850 quod
3282 4780 3520 4846 errabat,
3548 4800 3659 4837 non
3685 4801 3763 4837 re-

2171 4865 2396 4919 vocastis
2419 4881 2438 4929 ;
2466 4873 2513 4919 et
2538 4864 2675 4935 quod
2698 4865 2872 4936 periit,
2905 4883 3006 4922 non
3036 4867 3362 4940 inquisistis;
3387 4880 3435 4925 et
3453 4873 3604 4943 quod
3625 4873 3762 4942 [orte

2173 4953 2294 5024 fuit,
2335 4955 2681 5026 confregistis,
2707 4956 3060 5027 interfecistis,
3085 4960 3369 5016 occidistis.
3413 4962 3442 5001 δ
3469 4961 3761 5019 lnﬁrmum

2168 5048 2366 5118 quippe
2392 5048 2630 5102 animum
2672 5049 2812 5119 gerit
2865 5051 3000 5118 ovis,
3037 5052 3252 5122 quando
3281 5053 3626 5111 tentationes
3655 5056 3760 5111 sibi

2166 5135 2602 5209 profuturas'non
2631 5138 2824 5193 credit.
2855 5140 3052 5197 Pastor
3075 5141 3373 5214 negligens,
3411 5146 3640 5214 quando
3680 5149 3760 5202 sic

2167 5229 2343 5286 credit
2385 5230 2509 5286 talis
2553 5230 2821 5299 inﬁrmus,
2853 5248 2961 5289 non
3003 5234 3082 5288 illi
3111 5236 3282 5291 dicit:
3313 5234 3444 5300 Fili,
3493 5239 3756 5294 accedens

2168 5319 2236 5373 ad
2263 5321 2554 5374 servitutem
2582 5319 2700 5387 Dei,
2725 5331 2806 5374 sta
2829 5323 2883 5376 in
2904 5324 3116 5392 Justitia
3140 5335 3186 5378 et
3201 5325 3407 5391 timore,
3425 5336 3474 5380 et
3499 5345 3756 5398 pra’pan

2167 5413 2400 5467 animant
2436 5424 2579 5468 tuam
2615 5414 2682 5468 ad
2723 5417 3056 5470 tentationem
3093 5416 3282 5488 (Eccli.
3331 5423 3414 5490 tt).
3449 5418 3557 5486 Qui
3598 5422 3755 5475 enim

2165 5507 2280 5564 haec
2317 5508 2574 5578 loquitur,
2626 5509 2895 5565 confortat
2941 5509 3238 5580 infirmum,
3278 5523 3336 5568 et
3389 5529 3472 5580 ex,
3523 5516 3756 5571 inﬁmo

2166 5650 2396 5720 eauto‘et
2422 5641 2682 5720 impurato
2710 5644 3203 5720 supervenientibus.
3233 5643 3427 5720 Pastor
3448 5647 3751 5720 negiigeus,

2201 5711 2374 5764 uando
2399 5714 2561 5765 credit
2588 5714 2734 5772 talis,
2774 5711 2876 5768 non
2904 5713 2981 5768 illi
3013 5716 3162 5781 dicit,
3190 5725 3294 5772 etc.
3345 5711 3538 5772 Hann:
3557 5711 3756 5777 L'ectio

2164 5727 2412 5841 {laticum
2440 5782 2642 5841 codicis
2663 5785 2912 5841 convenit
2946 5800 3070 5841 cum
3103 5785 3334 5841 lectione
3363 5787 3646 5841 Sirmondi

2215 5780 2412 5841 aticani
2440 5782 2642 5842 codicis
2663 5785 2912 5842 convenit
2946 5800 3070 5844 cum
3103 5785 3334 5848 lectione
3363 5787 3646 5848 Sirmoadi
