4000 6454
193 317 292 373 8M

765 312 1048 374 REGULA
1085 313 1588 375 CANONICORUM
1621 313 1713 371 AB
1746 312 2110 372 AMALARIO
2145 311 2525 372 COLLECTA.
2563 343 2635 356 —-
2668 312 2796 369 LIB.
2837 313 2878 367 Ι.

3340 311 3450 370 843

195 432 328 490 facit
354 430 592 498 ﬁrmum,
621 429 703 486 'ut
726 446 836 488 non
864 431 956 488 ille
997 448 1120 489 cum
1153 433 1468 499 crediderit,
1511 445 1773 503 prospera
1800 434 1944 495 Αιιε
1993 429 2049 484 in
2077 427 2276 484 futuris
2325 425 2716 482 tentationibus
2763 423 2980 479 deﬁciat
3030 423 3306 489 inﬁrmus,
3353 441 3458 483 nec

195 525 354 595 hujus
383 524 566 581 saaculi
610 534 808 596 speret.
843 524 902 582 Si
925 527 1071 583 enim
1097 527 1288 584 doctus
1336 526 1503 582 fuerit
1544 539 1769 597 sperare

196 632 454 690 prospera
489 617 650 688 hujus
680 617 886 685 saeculi,
937 619 1052 692 ipsa
1081 619 1442 692 prosperitate
1471 619 1774 689 corrumpi-

197 717 305 775 tur,
334 709 843 780 supervenientibus
879 711 1301 768 adversitatibus
1329 711 1630 778 sauciatur,
1679 718 1776 766 aut

197 799 446 858 fortassis
484 801 866 872 exstinguitur.
897 801 1015 858 Non
1043 818 1175 876 ergo
1203 817 1326 858 eum
1349 803 1586 859 aediﬁcat
1610 817 1775 873 super

195 903 422 965 petram,
474 892 567 963 qui
596 893 677 949 sic
714 893 969 960 aediﬁcat,
997 895 1093 950 sed
1113 910 1278 965 super
1307 909 1527 950 arenam
1558 892 1777 966 [funda-

196 982 461 1056 mentum]
491 983 662 1056 ponit.
696 983 856 1040 Petra
879 994 1056 1040 autem
1096 996 1208 1040 erat
1232 984 1471 1041 Christus
1516 985 1606 1058 (II
1646 983 1770 1040 Cor.

195 1076 275 1150 x).
305 1072 503 1131 Christi
538 1076 818 1146 passiones
846 1076 1123 1132 imitanda:
1147 1086 1292 1144 sunt,
1317 1093 1424 1133 non
1447 1093 1480 1132 a
1511 1075 1776 1133 Christia-

197 1169 284 1224 nis
314 1167 520 1224 delicize
555 1168 954 1238 conquirendae.
986 1167 1340 1224 Confortatur
1363 1169 1615 1225 inﬁrmus
1649 1184 1775 1224 cum

197 1261 249 1317 ei
273 1258 487 1326 dicitur,
521 1258 712 1332 Spera.
742 1261 1030 1316 lmmineut
1055 1262 1276 1333 quidem
1317 1255 1651 1319 tentationes
1672 1264 1775 1318 hu-

190 1347 282 1420 jus
303 1349 504 1415 saeculi,
533 1351 628 1406 sed
658 1350 726 1406 ab
752 1351 1004 1407 omnibus
1028 1361 1082 1407 te
1111 1361 1266 1408 eruet
1290 1353 1571 1419 Dominus,
1621 1355 1668 1409 si
1709 1354 1777 1410 ab

196 1439 291 1498 illo
329 1455 438 1496 non
465 1441 756 1498 recesserit
793 1451 941 1498 retro
965 1457 1060 1498 eor
1087 1451 1260 1498 tuum.
1294 1443 1430 1500 Nam
1454 1447 1523 1500 ad
1559 1445 1779 1500 confor-

197 1530 418 1586 tandum
439 1547 536 1587 cor
561 1540 712 1586 tuum
741 1533 892 1588 venit
919 1533 1007 1589 ille
1033 1535 1165 1604 pati,
1193 1536 1346 1590 venit
1375 1536 1466 1592 ille
1495 1538 1654 1601 mori,
1685 1552 1780 1593 ve-

195 1615 480 1694 nit'sputis
505 1622 712 1688 illiniri,
743 1624 893 1679 venit
921 1625 1092 1694 spinis
1113 1627 1384 1693 coronari,
1410 1628 1561 1682 venit
1581 1643 1780 1698 oppro-

195 1712 318 1769 bria
356 1715 567 1782 audire,
606 1716 754 1771 venit
798 1725 1075 1788 postremo
1110 1718 1256 1790 ligno
1305 1721 1522 1791 conﬁgi.
1582 1721 1777 1777 Omnia

1875 520 2011 576 falsa
2056 535 2152 592 spe
2177 519 2527 590 decipiendus
2551 525 2656 584 est,
2699 532 2804 572 nec
2844 523 3053 572 terrore
3104 516 3453 591 frangendus.

1873 609 2035 666 Dices
2069 611 2118 666 ei
2152 629 2164 665 :
2198 609 2455 681 Prtepara
2502 609 2734 663 animum
2781 615 2928 660 tuam
2981 607 3049 660 ad
3087 610 3457 675 tentationem,

1873 710 1929 758 et
1958 701 2099 758 forte
2134 701 2327 772 incipit
2359 700 2490 766 labi,
2523 699 2966 765 contremiscere,
2999 699 3140 755 nolle
3175 701 3458 757 accedere.

1875 795 2056 852 Habes
2081 805 2136 852 et
2157 795 2303 852 aliud
2328 812 2341 848 :
2371 792 2574 848 Fidelis
2610 791 2753 847 Deus
2778 793 2868 864 qui
2895 809 2998 846 non
3029 808 3116 846 vos
3164 793 3298 846 sinet
3349 803 3461 848 tene

1875 893 1980 946 tari
2015 907 2175 962 supra
2212 906 2372 961 quam
2397 887 2608 960 potestis
2631 886 2766 956 ferre
2813 885 2864 957 (I
2895 885 3018 940 Cor.
3050 884 3129 956 Χ).
3158 883 3292 941 Illud
3315 886 3462 941 enim

1873 983 2214 1056 promittere,
2263 991 2318 1037 et
2343 981 2641 1053 pmdicere
2667 988 2928 1034 venturas
2957 979 3259 1048 passiones,
3312 978 3460 1034 inﬁr-

1875 1091 2027 1131 mum
2064 1076 2390 1133 conﬁrmare
2413 1083 2517 1132 est.
2550 1073 2786 1130 Timenti
2813 1083 2993 1128 autem
3026 1073 3278 1141 nimium,
3316 1081 3372 1128 et
3397 1088 3463 1128 ex

1876 1165 1982 1222 hoc
2013 1166 2298 1233 deterrito,
2351 1181 2476 1223 cum
2527 1163 2802 1236 polliceris
2852 1163 3280 1220 misericordiam
3336 1163 3466 1231 Dei,

1876 1272 1986 1313 non
2016 1258 2142 1328 quia
2171 1257 2502 1314 tentationes
2531 1257 2784 1321 deerunt,
2817 1255 2912 1310 sed
2942 1255 3069 1325 quia
3099 1263 3205 1310 n‘on
3234 1256 3464 1328 permit-

1879 1350 1946 1404 tit
1977 1350 2179 1405 tentari
2202 1365 2368 1421 supra
2394 1365 2559 1420 quam
2591 1347 2737 1405 ferre
2778 1355 2979 1419 potest,
3031 1348 3264 1403 fructum
3311 1347 3466 1404 colli-

1880 1455 2010 1514 gere
2037 1450 2144 1507 est.
2194 1441 2500 1512 Sequitur:
2535 1438 2690 1506 Quod
2740 1439 3068 1508 inﬁrmatam
3110 1448 3206 1506 est,
3253 1440 3468 1510 inquit,

1879 1551 1985 1588 non
2013 1534 2371 1604 confortastis.
2401 1533 2723 1589 Pastoribus
2767 1532 2925 1587 malis
2953 1532 3106 1598 dicit,
3161 1532 3473 1602 pastoribus

1880 1625 2057 1693 falsis,
2085 1627 2397 1697 pastoribus
2449 1643 2546 1682 sua
2603 1625 2992 1697 quaerentibus,
3026 1641 3132 1680 non
3182 1640 3302 1696 quae
3344 1623 3471 1682 Jesu

1882 1719 2110 1786 Christi,
2165 1730 2220 1776 et
2257 1721 2543 1777 commodo
2594 1719 2753 1775 lactis
2798 1727 2854 1774 et
2897 1718 3036 1773 lanae
3087 1718 3467 1790 gaudentibus,

192 1801 314 1858 hac
339 1803 428 1859 ille
451 1820 549 1876 pro
578 1815 630 1862 te
654 1823 667 1860 :
693 1815 749 1860 tu
783 1807 917 1862 nihil
944 1823 1046 1878 pro
1069 1809 1180 1875 illo,
1222 1810 1318 1866 sed
1346 1827 1446 1883 pro
1477 1819 1551 1866 te.
1579 1811 1779 1879 Quales
1805 1803 1854 1864 B
1881 1825 2012 1867 oves
2041 1811 2264 1866 omnino
2299 1828 2405 1868 non
2435 1810 2774 1867 curantibus.
2805 1807 2874 1864 Et
2901 1799 3040 1880 quod
3079 1809 3214 1863 male
3264 1809 3470 1874 habuit,

189 1903 380 1950 autem
411 1906 556 1961 sunt,
587 1898 680 1968 qui
712 1899 967 1955 timentes
988 1902 1087 1956 hos
1113 1901 1308 1958 laedere
1329 1904 1526 1973 quibus
1550 1904 1780 1974 loquun-

188 1993 305 2049 tur,
337 2001 445 2041 non
467 1986 639 2041 solum
662 2004 768 2044 non
797 2000 1102 2060 praeparant
1125 1993 1194 2047 ad
1222 1993 1571 2052 imminentes
1601 2005 1780 2052 tenta-

190 2075 392 2141 tiones,
409 2077 502 2132 sed
525 2079 691 2157 etiam
717 2081 1042 2148 promittunt
1066 2081 1381 2140 felicitatem
1411 2086 1570 2157 hujus
1594 2089 1778 2145 saeculi

195 2180 362 2236 quam
403 2167 549 2224 Deus
594 2156 697 2240 ipsi
731 2173 928 2228 smculo
956 2189 1061 2229 non
1089 2177 1369 2245 promisit;
1407 2156 1496 2236 ille
1531 2183 1780 2253 prmdicit

193 2257 414 2315 labores
443 2274 606 2330 super
651 2260 861 2319 labores
891 2280 1061 2335 usque
1094 2268 1149 2323 in
1180 2269 1344 2327 ﬁnem
1368 2283 1626 2332 venturos
1672 2278 1780 2348 ipsi

197 2347 421 2415 saeculo,
457 2357 512 2403 et
542 2358 598 2405 tu
632 2351 716 2408 vis
741 2354 810 2408 ab
837 2355 969 2426 ipsis
995 2357 1270 2416 laboribus
1317 2375 1606 2435 exceptum
1659 2347 1780 2424 esse

191 2440 598 2499 Christianum?
621 2448 748 2516 quia
776 2448 1118 2508 Christianus
1143 2464 1250 2521 est,
1283 2457 1488 2529 aliquid
1515 2461 1636 2530 plus
1656 2478 1781 2533 pas-

192 2549 357 2589 surus
390 2543 474 2591 est
531 2536 587 2592 in
638 2539 742 2596 hoc
781 2543 997 2598 saeculo.
1035 2545 1250 2606 Etenim
1298 2551 1376 2602 ait
1422 2551 1717 2622 Apostolus
1762 2570 1777 2609 :

200 2624 394 2681 Omnes
425 2629 516 2698 qui
551 2629 726 2684 volunt
776 2633 832 2686 in
875 2631 1084 2690 Christo
1111 2638 1194 2708 pie
1230 2640 1414 2706 vivere,
1464 2645 1782 2711 persecutio-

194 2734 315 2773 nem
333 2720 600 2790 patientur
629 2721 681 2794 (I
715 2722 851 2778 Tim.
881 2729 986 2798 ιιι).
1017 2726 1138 2784 Jam
1168 2731 1212 2786 si
1240 2731 1336 2786 tibi
1364 2733 1544 2803 placet
1591 2745 1782 2806 pastor

194 2824 296 2866 sua
324 2826 594 2880 quzerens,
625 2831 734 2870 non
758 2831 880 2886 qua:
903 2817 1032 2874 Jesu
1056 2821 1281 2887 Christi,
1307 2825 1398 2881 ille
1437 2827 1582 2882 dicat
1611 2845 1624 2882 ε
1654 2828 1782 2884 0m-

195 2917 287 2956 nes
319 2904 408 2974 qui
436 2905 615 2960 volunt
663 2906 720 2961 in
769 2906 980 2965 Christo
1004 2914 1088 2980 pie
1138 2914 1322 2982 vivere,
1368 2920 1780 2987 persecutionem

194 2995 462 3064 patientur
482 3010 502 3048 :
533 3006 591 3053 et
619 3006 676 3053 tu
701 2999 812 3067 die,
844 3002 890 3056 si
913 3003 968 3058 in
997 3003 1216 3062 Christo
1245 3009 1334 3078 pie
1368 3011 1592 3078 vixeris,
1616 3014 1784 3068 abun-

196 3083 404 3140 dabunt
427 3086 522 3142 tibi
543 3088 725 3144 omnia
747 3091 910 3158 bona,
939 3101 996 3149 et
1023 3095 1068 3151 si
1094 3095 1233 3152 filios
1255 3114 1364 3154 non
1395 3101 1624 3170 habens,
1654 3119 1778 3160 sus-

1880 1921 1986 1959 non
2013 1904 2413 1960 corroborastis.
2463 1905 2611 1961 Inter
2664 1903 2936 1959 inﬁrmum
2976 1903 3053 1973 (id
3097 1911 3202 1968 est,
3235 1918 3341 1956 non
3373 1902 3466 1954 fir-

1880 1996 2052 2069 mum)
2081 2007 2136 2052 et
2165 2005 2428 2068 aegrotum
2457 1996 2534 2067 (id
2561 2005 2666 2060 est,
2691 1994 2834 2050 male
2865 1994 3176 2064 habentem)
3207 1994 3311 2048 hoc
3338 1993 3470 2048 mihi

1878 2086 2099 2142 videtur
2122 2088 2409 2143 interesse.
2426 2087 2643 2142 Etenim
2667 2085 2811 2142 inter
2836 2087 2962 2151 ista,
2977 2086 3193 2152 fratres,
3221 2102 3339 2157 quae
3362 2086 3473 2142 dis-

1880 2181 2129 2251 tinguere
2185 2190 2463 2252 utcunque
2513 2195 2800 2245 conamur,
2850 2179 2992 2234 t‘orte
3043 2187 3098 2235 et
3135 2195 3236 2236 nos
3281 2195 3474 2251 possu-

1879 2283 2002 2325 mus
2030 2270 2223 2341 majori
2271 2271 2552 2343 diligentia
2603 2270 2799 2326 melius
2839 2270 3199 2341 distinguere,
3224 2278 3286 2350 (et
3333 2273 3472 2327 alius

1878 2363 2128 2432 peritior,
2155 2365 2240 2419 vel
2269 2364 2474 2420 lumine
2503 2365 2686 2421 cordis
2709 2363 2938 2433 plenior.
2972 2365 3196 2420 [nterim
3224 2381 3295 2420 ne
3321 2364 3471 2420 frau-

1881 2453 2102 2516 demini,
2133 2455 2279 2524 quod
2321 2457 2519 2522 sentio,
2573 2455 2788 2526 loquor.
2844 2455 3086 2521 lnﬁrmo,
3132 2471 3204 2512 ne
3259 2456 3475 2512 accidat

1881 2546 2130 2612 tentatio,
2162 2555 2218 2601 et
2262 2561 2387 2603 eum
2417 2547 2653 2620 frangat,
2705 2547 3004 2602 timendum
3035 2555 3139 2602 est.
3182 2546 3473 2620 Languens

1881 2637 2231 2707 autem,jam
2264 2641 2563 2712 cupiditate
2606 2639 2786 2711 aliqua
2836 2649 3084 2711 aegrotat,
3107 2640 3220 2711 jam
3268 2639 3476 2710 cupidi-

1881 2736 1992 2784 tate
2039 2727 2223 2800 aliqua
2253 2729 2546 2800 impeditur
2572 2729 2640 2783 ab
2669 2730 2922 2785 intranda
2969 2730 3055 2784 via
3107 2729 3224 2795 Dei,
3263 2745 3293 2784 a
3343 2731 3472 2785 sub-

1881 2818 2059 2875 eundo
2081 2819 2214 2890 jugo
2240 2818 2466 2875 Christi.
2520 2818 2623 2887 Qui
2679 2834 2810 2891 ergo
2861 2821 3114 2876 videntur
3159 2820 3372 2876 fervere
3418 2821 3472 2876 in

1880 2912 2140 2982 operibus
2185 2912 2376 2978 bonis,
2409 2912 2506 2969 sed
2559 2913 2906 2970 imminentes
2934 2914 3216 2985 passiones
3242 2914 3476 2972 tolerare

1882 3001 2044 3067 nolle,
2076 3010 2172 3056 aut
2207 3018 2318 3058 non
2345 3018 2527 3073 posse,
2556 3003 2760 3059 inﬁrmi
2809 3013 2954 3060 sunt.
3003 3003 3106 3073 Qui
3136 3019 3267 3061 vero
3290 3005 3473 3078 aliqua

1883 3093 2181 3162 cupiditate
2211 3093 2356 3148 mala
2387 3102 2666 3151 amatores
2696 3095 2880 3151 mundi
2903 3096 2973 3150 ab
2997 3096 3131 3166 ipsis
3154 3096 3312 3154 bonis
3341 3113 3471 3170 ope-

195 3173 369 3245 eipies
423 3184 480 3232 et
525 3179 736 3236 nutries
783 3197 995 3250 omnes,
1046 3196 1102 3242 et
1154 3203 1316 3244 nemo
1343 3189 1441 3245 tibi
1489 3194 1777 3250 morietur.
1807 3172 1853 3236 C
1884 3184 2034 3239 Tibus
2060 3193 2414 3252 revocamur.
2449 3186 2691 3259 lanSUidi
2718 3196 2774 3244 θῑ
2797 3189 2984 3260 Inﬁrmi
3026 3187 3230 3258 lacem-
3264 3189 3474 3263 Ουίρρθ

195 3267 445 3325 lizeccine
491 3281 575 3328 est
626 3273 917 3332 aediﬁcatio
958 3282 1086 3335 tua?
1137 3279 1373 3340 Attende
1404 3285 1535 3354 quid
1583 3286 1776 3355 facias,

195 3361 290 3416 ubi
324 3377 512 3433 ponas.
541 3365 716 3437 Super
741 3385 962 3426 arenam
991 3383 1076 3429 est
1111 3379 1255 3446 quod
1293 3381 1597 3438 constituis.
1637 3382 1780 3440 Ven-

197 3460 353 3508 turus
391 3455 681 3519 estimber
710 3476 724 3510 :
767 3458 1069 3518 inﬂuxurus
1093 3476 1176 3520 est
1199 3467 1412 3534 ﬂuvius,
1446 3469 1672 3528 flaturus
1697 3482 1782 3528 est

193 3819 460 3876 Attendat
511 3821 579 3877 ad
624 3825 908 3894 passiones
943 3827 1147 3886 Christi
1193 3833 1445 3907 indignas
1485 3855 1497 3891 :
1533 3841 1781 3896 attendat

195 3909 351 3979 illum
378 3911 496 3966 sine
523 3912 632 3967 ullo
659 3925 904 3984 peccato,
957 3935 1077 3990 quae
1122 3939 1231 3978 non
1260 3927 1460 3996 rapuit,
1491 3931 1776 3988 exsolven-

197 4014 310 4059 tem
336 4021 349 4057 :
381 4006 634 4097 attendat
671 4006 1009 4080 Seripturam
1034 4015 1304 4073 dicentem
1327 4021 1430 4076 sibi
1465 4039 1479 4078 :
1511 4021 1779 4097 Flagellat

196 4110 404 4187 omnem
444 4095 615 4164 ﬁlium
661 4115 815 4169 quem
840 4104 1022 4175 recipit
1062 4105 1249 4178 (Hebr.
1303 4112 1440 4185 xm)
1473 4153 1489 4179 ,
1546 4095 1778 4187 et'para

198 4186 388 4259 [quem
418 4190 611 4260 recipit
648 4205 872 4262 prorsus
896 4195 1134 4268 ﬂagellat
1164 4217 1382 4258 omnem
1433 4204 1601 4261 ﬁlium
1630 4186 1690 4264 ut
1723 4219 1780 4266 et

195 4279 422 4335 unicum
449 4281 658 4349 unicus,
683 4292 742 4340 et
767 4300 921 4356 para,
952 4289 1086 4362 etc.]
1115 4299 1169 4346 te
1197 4291 1459 4364 flagellari
1491 4305 1588 4351 aut
1627 4310 1779 4358 certe

195 4384 310 4460 non
344 4386 556 4441 quaeras
577 4375 766 4445 recipi.
798 4374 1059 4448 Flagellat
1087 4390 1271 4437 autem
1313 4399 1550 4453 omnem,
1577 4388 1778 4460 inquit,

194 4459 374 4516 ﬁlium
398 4477 559 4532 quem
588 4465 798 4534 recipit,
815 4475 870 4523 et
896 4476 953 4523 tu
981 4471 1136 4538 dicis,
1154 4471 1320 4530 Forte
1349 4487 1609 4548 exceptus
1633 4459 1780 4537 eris?

195 4550 262 4606 Si
291 4561 551 4622 exceptus
571 4569 603 4608 a
644 4557 896 4625 passione
918 4557 1274 4632 ﬂagellorum,
1297 4576 1558 4638 exceptus
1597 4586 1630 4626 a
1676 4587 1780 4627 nu-

194 4656 356 4696 mero
384 4641 638 4699 ﬁliorum.
683 4645 852 4714 Itane,
898 4649 1132 4720 inquies,
1173 4651 1408 4726 ﬂagellat
1447 4673 1662 4716 omnem
1711 4662 1780 4717 fi-

197 4733 378 4788 lium?
402 4734 632 4792 Prorsus
667 4737 900 4811 ﬂagellat
927 4758 1146 4800 omnem
1174 4746 1441 4814 ﬁlium,ut
1456 4761 1509 4807 et
1534 4754 1775 4810 unicum.

195 4823 410 4881 Unicus
437 4825 526 4882 ille
554 4828 621 4882 de
647 4827 828 4884 Patris
871 4832 1174 4888 substantia
1207 4846 1388 4904 natus,
1425 4842 1649 4909 aequalis
1674 4843 1781 4900 Pa-

191 4914 275 4970 tri
298 4915 352 4968 in
383 4914 555 4970 forma
575 4917 695 4984 Dei,
729 4918 966 4975 Verbum
985 4938 1084 4992 per
1096 4927 1240 4993 quod
1262 4927 1404 4983 facta
1427 4940 1554 4985 sunt
1571 4935 1776 5002 omnia,

191 5024 313 5064 non
337 5006 570 5066 habebat
593 5011 734 5068 unde
770 5012 1152 5086 ﬂagellaretur.
1185 5018 1268 5074 Ad
1295 5021 1398 5076 hoc
1426 5038 1594 5079 carne
1620 5024 1780 5081 indu-

192 5111 294 5157 tus
318 5111 422 5170 est,
447 5111 506 5158 ut
529 5105 645 5160 sine
687 5105 897 5178 ﬂagello
925 5125 1033 5165 non
1062 5120 1226 5167 esset.
1257 5113 1360 5181 Qui
1395 5132 1524 5188 ergo
1548 5117 1782 5190 ﬂagellat

191 5195 424 5250 unicum
451 5197 568 5252 sine
592 5207 836 5268 peccato,
871 5201 1126 5272 relinquit
1151 5220 1276 5260 cum
1302 5218 1526 5277 peccato
1557 5212 1782 5282 adopta-

191 5294 321 5341 tum
350 5285 496 5359 [eum
523 5298 864 5358 peccatorem
908 5294 1289 5369 adoptatum]?
1336 5299 1392 5353 ln
1432 5301 1779 5371 adoptionem

190 5387 432 5456 vocatos.
457 5395 555 5435 nos
589 5395 710 5436 esse
732 5381 1022 5452 Apostolus
1049 5385 1184 5441 dicit
1213 5406 1226 5442 :
1259 5389 1620 5460 Adoptionem
1643 5395 1776 5451 ﬁlio-

194 5482 329 5523 rum
354 5471 683 5540 accepimus,
727 5481 786 5526 ut
807 5488 1052 5530 essemus
1074 5477 1239 5533 unico
1261 5483 1593 5551 cohmredes,
1623 5501 1776 5542 esse-

192 5577 328 5618 mus
350 5563 515 5618 etiam
542 5563 832 5620 haereditas
857 5564 972 5634 ejus
998 5564 1199 5637 (Gatat.
1229 5571 1326 5642 IV).
1357 5572 1581 5632 Postuta
1611 5596 1644 5632 a
1675 5596 1778 5648 me,

191 5665 247 5711 et
277 5653 520 5712 dabotibi
537 5666 711 5729 gentes
730 5659 1086 5715 hereditatem
1107 5672 1252 5718 tuam
1275 5664 1449 5737 (Psal.
1480 5670 1565 5740 ιι).
1591 5671 1783 5727 Exem-

190 5746 356 5818 plum
382 5747 540 5802 nobis
559 5749 837 5819 proposuit
860 5749 916 5805 in
937 5752 1280 5822 passionibus
1302 5758 1436 5814 suis.
1464 5759 1570 5817 Sed
1597 5763 1778 5833 plane,

531 5845 802 5907 Ριτιιοι..
851 5843 976 5908 CV.

1882 3277 1976 3346 qui
2027 3276 2084 3332 in
2132 3277 2250 3348 ipso
2275 3279 2553 3350 languore,
2591 3287 2848 3349 tanquam
2898 3279 3126 3352 [gravati
3181 3282 3468 3356 tanquam]

1883 3365 2001 3422 sine
2022 3365 2148 3421 ullis
2174 3367 2405 3433 viribus,
2436 3366 2570 3422 nihil
2603 3367 2729 3421 boni
2756 3377 2983 3438 possent
3007 3370 3244 3439 operari.
3275 3369 3471 3442 Sequi-

1883 3463 1973 3511 tur
1998 3473 2011 3509 :
2043 3454 2112 3509 Et
2139 3457 2278 3526 quod
2303 3458 2532 3521 errabat,
2567 3475 2673 3512 non
2700 3460 3015 3525 revocastis;
3045 3471 3094 3515 et
3120 3461 3263 3532 quod
3291 3463 3470 3534 periit,

1884 3564 1989 3602 non
2021 3548 2314 3619 inquisistis
2338 3548 2694 3621 [requisistis].
2725 3550 2940 3614 (Ezech.
2973 3552 3296 3624 xxxrv).llic
3326 3555 3471 3612 inter

1882 3638 2462 3707 manuslatronum,.et
2473 3640 2662 3697 dentes
2683 3641 2933 3713 luporum
2957 3645 3471 3713 furentium,utcun-

1761 3789 1775 3802 ο
1881 3742 1988 3796 que
2001 3742 2284 3784 versamur
2299 3748 2313 3784 :
2331 3743 2387 3786 et
2395 3741 2745 3790 contumaces
2758 3743 2883 3789 sunt
2898 3749 3049 3798 oves,
3067 3738 3190 3807 quia
3208 3755 3464 3808 quaerun-

1883 3824 1974 3871 tur
1997 3828 2263 3876 errantes.
2286 3821 2508 3879 Alienas
2533 3839 2594 3878 se
2615 3840 2645 3879 a
2660 3826 2817 3882 nobis
2837 3827 3042 3893 dicunt,
3072 3842 3261 3886 errore
3282 3848 3382 3888 suo
3408 3840 3465 3887 et

1880 3909 2181 3976 perditione
2201 3927 2298 3966 sua
2331 3929 2344 3966 :
2374 3911 2515 3980 Quid
2549 3931 2649 3972 nos
2690 3917 2880 3984 vultis,
2905 3918 3180 3989 inquiunt,
3208 3921 3338 3992 quid
3367 3937 3468 3978 nos

1881 4002 2161 4069 quaeritis?
2191 4001 2249 4058 Si
2280 4004 2336 4059 in
2377 4022 2586 4074 errore,
2633 4009 2832 4080 inquit,
2863 4027 3006 4079 sum,
3040 4013 3086 4068 si
3117 4013 3173 4068 in
3219 4014 3467 4082 interitu,

1880 4093 2010 4162 quid
2036 4110 2123 4150 me
2151 4096 2270 4151 vis?
2300 4098 2429 4168 quid
2463 4113 2551 4154 me
2584 4102 2821 4172 quaeris?
2846 4103 2983 4172 Quia
3034 4105 3090 4159 in
3143 4122 3329 4164 errore
3379 4124 3461 4174 es,

1882 4198 2140 4240 revocare
2167 4186 2322 4254 volo;
2355 4190 2481 4259 quia
2510 4191 2723 4260 peristi,
2767 4193 3015 4250 invenire
3038 4195 3180 4250 volo.
3213 4196 3308 4254 Sic
3336 4198 3460 4253 volo

1879 4286 2088 4338 errare,
2135 4274 2214 4329 sic
2237 4276 2360 4332 volo
2401 4279 2601 4349 perire.
2639 4281 2730 4336 Sic
2751 4282 2834 4337 vis
2858 4284 3082 4338 errare?
3109 4285 3189 4339 sic
3239 4286 3321 4342 vis
3367 4304 3465 4359 pc-

1881 4361 2022 4415 rire?
2048 4361 2259 4428 Quanto
2286 4367 2480 4423 melius
2499 4383 2598 4440 ego
2620 4369 2779 4425 nolo?
2801 4370 3033 4429 Prorsus
3053 4373 3227 4430 audeo
3251 4375 3454 4442 dicere,

1881 4451 2226 4522 importunus
2247 4471 2388 4513 sum.
2421 4460 2598 4540 Audio
2627 4462 2898 4519 dicentem
2919 4463 3242 4537 Apostolum
3269 4481 3283 4521 :
3314 4466 3466 4524 Pro:-

1805 4529 1860 4590 D
1884 4542 2005 4597 diea
2027 4545 2256 4615 verbum,
2289 4550 2428 4605 insta
2454 4531 2760 4625 opportune,
2793 4529 3090 4628 importune
3118 4558 3172 4630 (Ι
3198 4559 3334 4615 Tim.
3366 4563 3465 4633 ιν).

1885 4634 2090 4702 Quibus
2139 4643 2477 4712 opportune?
2523 4645 2721 4716 quibus
2761 4647 3104 4721 importune?
3152 4651 3469 4724 Opportune

1882 4726 2069 4797 utique
2115 4730 2444 4801 volentibus,
2496 4736 2806 4808 importune
2852 4739 3182 4798 nolentibus.
3213 4742 3465 4811 Prorsus,

1881 4817 2227 4890 lmportuuus
2258 4839 2401 4892 sum,
2429 4827 2604 4883 audeo
2654 4828 2857 4884 dicere.
2907 4830 2989 4885 Tu
3035 4833 3117 4886 vis
3169 4848 3378 4898 errare,
3413 4843 3469 4889 tu

1879 4910 1962 4965 vis
1990 4913 2207 4981 perire?
2242 4915 2352 4985 Ego
2377 4915 2522 4970 nolo.
2551 4916 2840 4972 Revocabo
2865 4928 3162 4986 errantem,
3191 4923 3469 4992 requiram

1882 5001 2172 5070 perditam.
2200 5001 2346 5058 Velis
2377 5003 2538 5070 nolis,
2569 5006 2624 5060 id
2648 5021 2826 5078 agam,
2855 5010 2958 5066 etsi
2993 5027 3081 5066 me
3101 5012 3468 5082 inquirentem

1886 5088 2092 5146 laniant
2117 5107 2312 5162 vepres
2338 5093 2597 5151 silvarum
2627 5097 3027 5175 [syllabarum],
3051 5119 3148 5174 per
3167 5104 3348 5160 omnia
3375 5120 3473 5160 an-

1885 5188 2039 5252 gusta
2064 5198 2148 5238 me
2197 5187 2502 5243 coarctabo.
2528 5189 2728 5248 Omnes
2769 5209 2927 5265 sepes
2967 5197 3262 5265 excutiam,
3293 5212 3468 5267 quan-

1885 5284 2002 5330 tum
2051 5277 2184 5332 mihi
2235 5279 2432 5337 virium
2477 5294 2690 5344 terrens
2730 5289 2993 5345 Dominus
3043 5292 3226 5346 donat.
3273 5292 3468 5350 Omnia

1885 5370 2208 5439 peragrabo,
2239 5377 2504 5432 revocabo
2515 5389 2814 5448 errantem,
2837 5383 3109 5452 requiram
3129 5393 3465 5455 pereuntem.

1880 5457 1937 5513 Si
1960 5474 2047 5514 me
2075 5461 2187 5530 pati
2216 5478 2324 5518 non
2350 5466 2455 5533 vis,
2486 5469 2597 5524 noli
2627 5484 2837 5537 errare,
2877 5472 2985 5527 noli
3035 5474 3235 5544 perire.
3263 5475 3468 5533 Parum

1879 5555 1967 5604 est
1993 5550 2136 5618 quod
2158 5551 2314 5609 doleo
2341 5561 2395 5609 te
2418 5565 2692 5613 errantem
2717 5568 2880 5629 atque
2893 5574 3229 5630 pereuntem.
3256 5567 3464 5633 Timeo,

1881 5654 1952 5694 ne
1983 5640 2261 5714 negligens
2291 5652 2363 5709 te,
2395 5646 2557 5701 etiam
2588 5651 2734 5718 quod
2765 5651 2905 5707 forte
2932 5662 3017 5710 cst
3043 5656 3306 5713 occidam.
3335 5660 3468 5714 Vide

1882 5732 2030 5787 enim
2050 5732 2180 5802 quid
2209 5733 2454 5804 sequitur
2482 5754 2494 5790 :
2529 5737 2594 5792 Et
2615 5741 2754 5810 quod
2778 5741 2913 5810 forte
2960 5743 3083 5815 fuit,
3114 5739 3464 5817 confregistis.

2954 5884 3030 5944 27
