4000 6450
565 372 668 428 847

1587 365 1993 423 AMALARIUS
2030 361 2444 420 PRESBYTER
2483 359 2842 418 MELENSIS.

3728 359 3846 414 848

565 489 774 547 minum
804 483 1215 542 intercessionis
1251 481 1427 538 locum
1464 495 1562 552 pro
1587 481 1788 552 populo
1819 480 2030 550 arripit,
2060 479 2155 548 qui
2181 477 2235 538 Α
2258 476 2518 531 Dominus
2552 475 2869 538 detestatur,
2903 470 3090 527 dicens
3117 485 3134 524 :
3189 469 3257 524 Et
3286 477 3512 524 tenentes
3539 469 3730 541 legem,
3759 489 3852 526 ne-

565 579 890 638 familiarem
910 591 970 633 se
999 577 1116 648 ejus
1137 574 1326 647 gratize
1355 589 1475 630 esse
1499 589 1597 644 per
1621 573 1746 628 vitae
1772 573 2023 628 meritum
2055 589 2150 628 ne-

564 674 710 734 scit?
757 672 862 728 Aut
892 673 962 728 ab
987 685 1052 728 eo
1071 669 1342 741 quomodo
1365 667 1488 724 aliis
1509 667 1721 723 veniam
1744 664 2000 736 postulat,
2033 664 2146 734 qui,

564 773 747 824 utrum
785 765 887 820 sibi
931 765 1002 820 sit
1025 763 1269 834 placatus
1324 759 1584 832 ignorat?
1619 758 1737 826 Qua
1768 758 1822 812 in
1849 773 1910 812 re
1937 765 2020 811 est
2050 756 2148 810 ad-

565 859 671 913 huc
715 856 860 911 aliud
891 853 1173 911 sollicitius
1229 851 1675 918 formidandum,
1706 864 1774 904 ne
1798 848 1889 918 qui
1934 847 2150 918 placare

565 947 701 1003 iram
724 961 885 1017 posse
912 945 1172 1009 creditur,
1201 945 1342 998 hanc
1374 941 1487 1012 ipse
1516 957 1584 996 ex
1606 939 1823 1010 proprio
1854 947 2005 992 reatu
2038 954 2150 992 tne-

565 1046 766 1093 reatur.
805 1036 998 1092 Cuncti
1027 1034 1232 1106 liquido
1255 1034 1501 1088 novimus
1527 1033 1653 1102 quia
1674 1047 1798 1086 cum
1843 1031 1889 1085 is
1925 1030 2016 1100 qui
2041 1030 2149 1085 dis-

563 1128 728 1201 plicet
776 1127 846 1183 ad
900 1125 1345 1184 intercedendum
1389 1124 1642 1188 mittitur,
1684 1122 1806 1177 irati
1846 1121 2058 1175 animus
2081 1121 2147 1174 ad

561 1219 831 1277 deteriora
857 1224 1204 1289 provocatur.
1273 1213 1377 1281 Qui
1411 1214 1588 1268 adhuc
1609 1211 1841 1268 terrenis
1864 1210 2150 1266 desideriis

561 1313 898 1386 astringitur,
939 1318 1130 1367 caveat
1165 1325 1232 1364 ne
1259 1309 1492 1364 districti
1541 1309 1678 1362 iram
1699 1304 1899 1376 judicis
1929 1304 2149 1374 gravius

561 1405 882 1471 accendens,
930 1404 1057 1459 dum
1080 1403 1199 1458 loco
1228 1401 1525 1457 delectatur
1567 1399 1772 1471 glorim,
1802 1399 1897 1452 tiat
1921 1397 2149 1452 subditis

559 1508 747 1556 auctor
775 1498 967 1554 ruinae.
1031 1496 1272 1552 Solerter
1314 1510 1444 1566 ergo
1491 1510 1550 1549 se
1596 1493 1827 1564 quisque
1871 1491 2145 1556 metiatur,

560 1607 627 1647 ne
656 1589 838 1646 locum
873 1587 1153 1660 regiminis
1177 1601 1455 1642 assumere
1475 1584 1696 1649 audeat,
1727 1584 1774 1639 si
1807 1583 1982 1638 adhuc
2010 1583 2065 1637 in
2091 1596 2150 1636 se

558 1682 750 1738 vitium
786 1679 1165 1736 damnabiliter
1215 1686 1444 1750 regnat:
1502 1692 1571 1731 ne
1603 1678 1665 1741 is,
1726 1692 1886 1746 quem
1941 1676 2149 1730 crimen

558 1777 821 1847 depravat
845 1773 1146 1844 proprium,
1179 1773 1510 1826 intercessor
1532 1769 1652 1825 ﬁeri
1674 1776 1893 1841 appetat
1914 1783 2013 1837 pro
2036 1767 2152 1822 cul-

562 1865 647 1936 pis
674 1863 925 1921 aliorum.

1159 1952 1388 2010 CAPUT
1417 1951 1557 2008 XIV.

628 2045 807 2119 (Greg.
829 2047 887 2102 in
906 2045 1042 2117 prol.
1074 2042 1418 2113 Pastoralis.)
1476 2042 1614 2098 Sunt
1647 2041 1890 2112 plerique
1921 2041 2148 2115 [Grego-

557 2141 690 2196 rius.
741 2138 814 2196 Ut
849 2137 1060 2208 indigni
1081 2144 1242 2206 atque
1290 2135 1525 2204 imperiti
1555 2135 1625 2190 ad
1663 2135 1936 2206 pastorale
1976 2136 2148 2206 magi-

555 2232 782 2288 sterium
817 2230 1077 2286 accedere
1119 2243 1225 2284 non
1262 2234 1610 2298 prazsumant.
1687 2226 1828 2281 Sunt
1879 2225 2144 2296 plerique,

553 2323 688 2397 etc.]
715 2331 1015 2394 pastorum,
1062 2321 1156 2393 qui
1186 2321 1312 2374 dum
1341 2319 1521 2374 metiri
1566 2333 1624 2372 se
1677 2318 1966 2382 nesciunt,
2026 2332 2147 2386 quae

553 2430 664 2471 non
699 2415 1023 2480 didicerunt,
1075 2413 1272 2468 docere
1301 2399 1711 2480 concupiscunt.
1784 2409 1886 2477 Qui
1936 2409 2147 2479 pondus

554 2508 851 2580 magisterii
878 2515 1026 2563 tanto
1049 2506 1220 2561 levius
1249 2505 1538 2571 aestimant,
1567 2512 1772 2573 quanto
1803 2504 1910 2558 vim
1939 2505 2148 2575 magni-

555 2600 760 2656 tudinis
807 2599 953 2656 illius
979 2601 1267 2674 ignorant._
1297 2597 1368 2652 Ut
1393 2597 1520 2666 quia
1546 2596 1752 2652 indocti
1791 2611 1855 2651 ac
1899 2596 2148 2666 praecipi-

555 2701 638 2747 tes
659 2691 920 2746 doctrinae
945 2704 1128 2745 arcem
1165 2697 1348 2764 tenere
1374 2696 1656 2758 appetunt,
1688 2703 1719 2740 a
1761 2687 2148 2758 praecipitatio-

555 2783 642 2838 nis
669 2798 782 2838 sua:
803 2782 1023 2837 ausibus
1047 2783 1099 2835 in
1136 2781 1252 2850 ipsa
1283 2778 1573 2834 locutionis
1598 2776 1764 2847 janua
1790 2778 2144 2849 repellantur.

556 2873 713 2928 Nulla
742 2888 835 2929 ars
862 2873 1044 2928 doceri
1073 2871 1440 2942 prmsumitur,
1473 2870 1578 2926 nisi
1623 2871 1831 2926 intenta
1858 2873 2008 2942 prius
2035 2885 2146 2928 me-

557 2963 819 3019 ditatione
844 2961 1104 3017 discatur.
1157 2945 1240 3015 Ab
1280 2960 1550 3033 imperitis
1571 2976 1702 3032 ergo
1728 2961 2001 3032 pastorale
2032 2976 2145 3015 ma-

555 3055 838 3126 gisterium
878 3070 986 3126 qua
1018 3053 1324 3134 temeritate
1352 3052 1664 3124 suscipitur,
1714 3054 1932 3124 quando
1953 3068 2043 3107 ars
2062 3059 2148 3107 est

553 3148 754 3204 artium
781 3146 1026 3220 regimen
1070 3146 1422 3200 animarum?
1470 3145 1602 3214 Quis
1650 3154 1833 3202 autem
1859 3145 2145 3216 cogitatio-

553 3254 684 3295 num
741 3238 963 3294 vulnera
1018 3237 1317 3294 occultiora
1371 3251 1492 3293 esse
1537 3239 1766 3304 nesciat,
1825 3236 2142 3293 vulneribus

553 3330 866 3387 viscerum?
921 3329 988 3384 Et
1018 3339 1200 3407 tamen
1229 3343 1373 3400 saepe
1424 3329 1516 3400 qui
1547 3344 1888 3401 nequaquam
1927 3330 2145 3399 spirita-

553 3422 625 3476 lia
660 3429 930 3492 prtecepta
965 3427 1358 3492 cognoverunt,
1395 3419 1575 3476 cordis
1612 3435 1672 3476 se
1707 3420 1948 3476 medicos
1977 3421 2142 3492 proﬁ-

552 3511 657 3567 teri
697 3527 806 3568 non
833 3519 1117 3568 metuunt:
1153 3511 1279 3566 dum
1319 3511 1411 3582 qui
1460 3512 1858 3584 pigmentorum
1909 3513 2018 3568 vim
2049 3529 2144 3570 ne-

550 3604 751 3671 sciunt,
777 3605 950 3660 videri
971 3604 1167 3660 medici
1193 3603 1380 3659 carnis
1423 3603 1770 3661 erubescunt.
1838 3606 1976 3661 Sunt
2011 3622 2145 3662 non-

495 3723 500 3728 ο
553 3695 712 3763 nulli,
739 3695 834 3767 qui
855 3696 996 3750 intra
1029 3705 1275 3751 sanctam
1301 3695 1623 3763 Ecclesiam,
1670 3713 1769 3768 per
1795 3699 2034 3769 speciem
2058 3714 2142 3754 re-

551 3786 794 3858 giminis,
828 3787 1055 3859 gloriam
1087 3787 1343 3842 atl‘ectant
1367 3788 1611 3845 honoris.
1667 3790 1849 3845 Videri
1893 3792 2142 3848 doctores

554 3885 836 3948 appetunt,
866 3881 1256 3935 transcendere
1289 3888 1515 3936 caeteros
1555 3881 1965 3951 concupiscunt,
1999 3892 2141 3939 atte-

554 3975 735 4024 stante
755 3967 999 4024 Veritate
1029 3987 1042 4023 :
1088 3968 1296 4025 Primos
1345 3972 1602 4028 recubitus
1643 3975 1697 4026 in
1733 3975 1910 4039 caenis,
1940 3975 2140 4044 primas

551 4061 610 4114 in
629 4058 963 4114 conventibus
993 4059 1268 4116 cathedras
1299 4073 1543 4133 quaerunt
1579 4061 1794 4135 (Matth.
1829 4063 2020 4136 xxnt);
2047 4067 2139 4134 qui

552 4159 865 4223 susceptum
889 4166 1034 4207 curae
1062 4153 1349 4222 pastoralis
1372 4153 1615 4209 ofﬁcium
1640 4155 1950 4212 ministrare
1978 4158 2139 4228 digne

497 4297 501 4300 .
552 4251 704 4300 tanto
726 4245 902 4318 magis
933 4253 1230 4316 nequeunt,
1251 4231 1456 4317 quanto
1490 4248 1560 4303 ad
1603 4247 1923 4304 humilitatis
1969 4250 2140 4321 magi-

552 4335 778 4393 sterium
819 4351 889 4393 ex
935 4337 1050 4393 sola
1077 4337 1309 4395 elatione
1351 4348 1736 4410 pervenerunt.
1783 4339 1902 4412 Ipsa
1939 4342 2137 4412 quippe

483 4480 486 4483 .
553 4425 610 4480 in
632 4424 944 4497 magisterio
970 4427 1150 4498 lingua
1178 4427 1550 4497 confunditur,
1569 4430 1785 4502 quando
1807 4430 1952 4488 aliud
1975 4431 2137 4486 disci-

553 4520 662 4578 tur,
715 4521 772 4568 et
827 4516 971 4570 aliud
1024 4517 1273 4574 docetur.
1356 4519 1559 4576 Contra
1598 4521 1848 4592 indignos
1887 4533 2134 4593 pastores

2248 565 2479 620 scierunt
2512 581 2594 618 me
2615 562 2749 636 (Jer.
2780 560 2862 633 n).
2932 560 3000 614 Et
3022 559 3222 615 nesciri
3247 574 3376 630 ergo
3397 573 3456 614 se
3483 558 3553 612 ab
3575 559 3662 614 eis
3683 559 3850 614 Veri-

2249 664 2332 712 tas
2357 655 2728 728 conqueritur,
2758 662 2815 708 et
2851 651 3065 708 nescire
3095 667 3152 707 se
3195 651 3559 722 principatum
3587 652 3852 708 nescien-

2248 749 2386 802 tium
2438 763 2496 804 se
2521 753 2893 818 protestatur:
2931 743 3058 815 quia
3102 741 3345 812 profecto
3396 741 3456 795 hi
3500 742 3593 812 qui
3622 757 3691 799 ea
3722 759 3852 813 qua

2250 849 2378 896 sunt
2405 840 2640 906 Domini,
2685 838 2956 903 nesciunt,
2991 853 3022 890 a
3045 836 3275 891 Domino
3303 837 3648 904 nesciuntur,
3681 836 3852 895 Paulo

2249 941 2544 989 attestante
2562 932 2654 1003 qui
2679 933 2757 986 ait
2790 949 2802 984 :
2837 928 2900 986 Si
2951 930 3066 1000 quis
3093 940 3269 983 autem
3304 929 3537 1000 ignorat,
3571 931 3853 1000 ignorabio

2250 1033 2338 1078 tur
2359 1023 2411 1096 (Ι
2441 1023 2564 1078 Cor.
2587 1023 2722 1094 xxv).
2773 1022 3101 1092 Plerumque
3124 1031 3404 1093 pastorum
3434 1023 3720 1092 imperitia
3747 1039 3853 1079 me-

2250 1116 2371 1171 ritis
2415 1114 2668 1186 congruit
2710 1114 3079 1184 suhjectoruni
3113 1132 3126 1168 :
3167 1115 3293 1187 quia
3349 1115 3603 1184 quamvis
3667 1115 3850 1170 lumen

2250 1209 2509 1273 scientiae,
2541 1222 2639 1261 sua
2665 1206 2825 1277 culpa
2853 1207 3123 1276 exigente,
3157 1221 3263 1260 non
3288 1206 3561 1270 habeant,
3595 1207 3852 1263 districw

2249 1305 2431 1354 tamen
2455 1298 2663 1368 judicio
2687 1298 2887 1369 agitur,
2926 1305 2984 1350 ut
3039 1312 3138 1366 per
3161 1312 3348 1353 eorum
3396 1299 3772 1369 ignorantiam
3799 1299 3851 1354 hi

2249 1391 2414 1446 etiam
2451 1390 2543 1459 qui
2591 1397 2914 1460 sequuntur,
2947 1385 3243 1442 oll'endant.
3325 1388 3462 1442 Hinc
3506 1405 3753 1460 namque
3801 1390 3849 1446 in

2249 1484 2542 1556 Evangelio
2576 1499 2673 1554 per
2719 1483 3071 1553 semetipsam
3119 1482 3332 1537 Veritas
3361 1482 3498 1536 dicit
3535 1497 3550 1535 :
3589 1483 3658 1538 Si
3686 1500 3848 1536 eam

2251 1593 2388 1633 caeco
2441 1577 2693 1630 ducatum
2740 1575 3002 1645 prwbeat,
3070 1575 3222 1629 ambo
3274 1575 3329 1628 in
3383 1575 3596 1642 foveam
3661 1578 3850 1630 cadunt

2255 1666 2467 1736 (Matth.
2525 1653 2638 1737 xv).
2687 1666 2824 1721 Hinc
2864 1666 3171 1732 Psalmista,
3216 1681 3322 1721 non
3350 1669 3600 1738 optantis
3654 1670 3847 1731 animo,

2253 1761 2348 1815 sed
2373 1761 2750 1830 prophetantis
2772 1760 3054 1830 mysterio,
3077 1760 3361 1815 denuntiat
3385 1761 3582 1816 dicens
3608 1781 3623 1815 :
3661 1761 3851 1818 Obscu-

2175 1845 2224 1906 B
2253 1864 2434 1907 rentur
2461 1851 2599 1906 oculi
2623 1868 2804 1907 eorum
2839 1869 2900 1906 ne
2924 1853 3151 1918 videant,
3189 1863 3235 1906 et
3265 1854 3482 1909 dorsum
3510 1872 3705 1908 eorum
3722 1874 3849 1910 sens-

2249 1963 2342 2016 per
2365 1948 2581 2002 incurva
2637 1946 2810 2019 (Psal.
2841 1947 3092 2017 Lxxviu).
3156 1947 3308 2004 Oculi
3338 1950 3546 2019 quippe
3574 1962 3729 2014 sunt,
3770 1953 3851 2021 qui

2251 2039 2306 2094 in
2337 2039 2451 2110 ipsa
2477 2040 2699 2095 honoris
2723 2055 2934 2096 summa
2961 2040 3100 2096 facie
3121 2042 3310 2111 positi,
3340 2043 3679 2111 providendi
3703 2046 3852 2099 itine-

2250 2133 2327 2188 ris
2369 2132 2609 2189 oflicium
2659 2143 3034 2204 susceperunt.
3111 2133 3318 2200 Quibus
3365 2135 3421 2189 bi
3472 2137 3741 2191 nimirum
3768 2139 3853 2207 qui

2249 2226 2644 2296 subsequenter
2678 2227 2963 2292 inhaerent,
3018 2226 3176 2281 dorsa
3207 2227 3581 2282 nominantur.
3647 2227 3855 2284 Obscu-

2249 2317 2385 2372 ratis
2413 2333 2544 2386 ergo
2579 2317 2770 2384 oculis,
2806 2319 3028 2374 dorsum
3063 2317 3329 2385 ﬂectitur;
3357 2321 3472 2388 quia
3504 2335 3630 2373 cum
3659 2320 3854 2376 lumen

2248 2411 2492 2466 scientia:
2516 2412 2751 2482 perdunt
2784 2412 2877 2481 qui
2904 2422 3165 2481 praeeunt,
3189 2411 3434 2482 profecto
3464 2412 3532 2465 ad
3567 2413 3852 2482 portanda

2247 2509 2596 2570 peccatorum
2616 2516 2785 2556 onera
2811 2511 3107 2556 curvantur
3128 2503 3220 2572 qui
3259 2511 3585 2572 sequuntur.
3637 2502 3851 2573 lnd'tgni

2249 2590 2447 2660 quippe
2491 2592 2628 2646 tanti
2663 2601 2848 2647 reatus
2892 2594 3131 2663 pondera
3177 2591 3455 2663 fugerunt,
3519 2594 3568 2648 si
3599 2593 3849 2648 Veritatis

2249 2684 2572 2740 sententiam
2596 2685 2829 2741 sollicita
2860 2687 3042 2741 cordis
3068 2701 3198 2742 aure
3226 2698 3555 2757 pensarent,
3591 2704 3714 2758 qua:
3738 2689 3842 2742 ait:

2251 2773 2356 2840 Qui
2403 2775 2845 2831 scandalizaverit
2881 2794 3046 2831 unum
3072 2777 3136 2832 de
3167 2778 3379 2848 pusillis
3427 2780 3554 2833 istis
3581 2780 3674 2848 qui
3702 2782 3754 2833 in
3778 2794 3848 2833 me

2249 2867 2491 2935 credunt,
2516 2867 2722 2939 expedit
2774 2870 2822 2922 ei
2856 2877 2913 2922 ut
2945 2869 3300 2940 suspendatur
3327 2871 3475 2924 mola
3507 2872 3753 2925 asinaria
3798 2871 3844 2922 ie

2249 2959 2383 3014 collo
2418 2961 2618 3031 ejus,et
2632 2961 2969 3032 demergatur
2997 2964 3051 3017 in
3072 2963 3395 3032 profundum
3426 2966 3602 3019 maris
3632 2964 3834 3030 (Matth.

2249 3053 2428 3122 xvtn).
2469 3051 2548 3107 Ne
2569 3060 2839 3108 temerare
2863 3069 3020 3110 sacra
3049 3055 3332 3126 regimina,
3358 3057 3624 3126 quisquis
3653 3057 3734 3112 his
3762 3057 3841 3110 im-

2246 3157 2345 3213 par
2369 3150 2471 3208 est,
2518 3143 2755 3198 audeat:
2799 3152 2853 3199 et
2893 3160 2990 3214 per
3016 3146 3523 3217 concupiscentiam
3581 3149 3838 3212 culminis,

2169 3217 2215 3284 ο
2247 3237 2502 3291 ducatum
2535 3234 2795 3305 suscipiat
2822 3236 3164 3304 perditionis.
3217 3236 3354 3292 Hinc
3404 3239 3556 3293 enim
3582 3241 3671 3308 pie
3697 3237 3840 3294 Jaco-

2245 3331 2346 3386 bus
2382 3329 2655 3399 prohibet,
2686 3327 2916 3383 dicens:
2975 3328 3157 3383 Nolite
3204 3329 3380 3399 plures
3424 3333 3673 3401 magistri
3711 3332 3838 3400 ﬁeri,

2245 3422 2439 3493 fratres
2472 3421 2573 3475 mei
2629 3419 2772 3492 (Jac.
2808 3419 2912 3490 tn).
2978 3419 3116 3476 llinc
3168 3423 3283 3492 ipse
3329 3422 3422 3476 Dei
3451 3423 3840 3492 hominumque

2245 3516 2533 3580 mediator,
2593 3525 2820 3582 regnum
2848 3512 3130 3583 percipere
3161 3514 3350 3567 vitavit
3399 3513 3448 3566 in
3476 3514 3645 3568 terris
3678 3528 3698 3565 :
3755 3513 3839 3582 qui

2246 3620 2605 3678 supernorum
2635 3617 2850 3674 quoque
2880 3604 3169 3673 spirituum
3200 3606 3481 3660 scientiam
3509 3620 3838 3677 sensumque

2246 3699 2660 3765 transcendens,
2688 3706 2815 3753 ante
2847 3699 3040 3752 saecula
3069 3707 3258 3768 regnat
3283 3699 3336 3752 in
3363 3697 3541 3753 ctrlis.
3600 3697 3834 3752 Plemin-

2244 3812 2350 3864 que
2382 3795 2728 3853 adversitatis
2779 3797 3090 3869 magisterio
3129 3797 3231 3850 sub
3279 3795 3570 3864 disciplina
3606 3811 3704 3850 cor
3727 3809 3830 3865 pre

2245 3886 2413 3940 mitur
2440 3904 2452 3939 :
2485 3888 2628 3956 quod
2657 3888 2703 3942 si
2722 3888 2789 3942 ad
2816 3887 3096 3958 regiminis
3121 3885 3335 3942 culmen
3365 3888 3634 3955 eruperit,
3663 3886 3717 3938 in
3731 3883 3830 3938 ela-

2245 3976 2442 4032 tionem
2472 3977 2720 4047 protinus
2768 3993 2869 4033 usu
2912 3977 3096 4047 gloriae
3141 3984 3507 4045 permutatur.
3571 3975 3663 4029 Sic
3690 3972 3826 4038 Saul,

2243 4068 2334 4136 qui
2379 4068 2656 4138 indignum
2691 4083 2750 4124 se
2783 4069 2935 4139 prius
2972 4067 3343 4146 considerans,
3413 4065 3645 4138 fugerat,
3714 4080 3822 4120 mox

2242 4172 2303 4215 ut
2327 4162 2479 4230 regni
2506 4162 2876 4233 gubernaculo
2911 4162 3166 4232 suscepit,
3221 4160 3504 4215 intumuit.
3571 4159 3823 4214 Honorati

2243 4269 2476 4326 namque
2498 4270 2681 4311 coram
2705 4255 2900 4326 populo
2927 4256 3168 4326 cupiens,
3208 4254 3348 4324 ;dum
3387 4255 3715 4323 reprehendi
3744 4269 3823 4324 pe-

2240 4350 2379 4406 blice
2403 4351 2600 4416 noluit,
2644 4351 2814 4422 ipsum
2845 4360 3028 4407 tamen
3053 4351 3144 4421 qui
3181 4350 3234 4404 in
3260 4364 3447 4420 regem
3492 4366 3556 4406 se
3587 4360 3818 4410 tinxerat.

2239 4440 2487 4496 abscidit.
2550 4441 2721 4496 David
2764 4443 3048 4513 propheta,
3083 4443 3323 4498 auctoris
3355 4443 3438 4497 sui
3459 4441 3675 4510 judicio
3698 4456 3818 4512 [tene

2240 4531 2294 4586 in
2324 4533 2534 4588 cunctis
2583 4533 2793 4588 actibus
2836 4535 3074 4604 placens,
3133 4551 3260 4590 mox
3290 4543 3349 4588 ut
3379 4550 3654 4605 pressum
3702 4551 3818 4604 pon-

553 4602 809 4660 Dominus
834 4621 931 4676 per
956 4608 1272 4678 prophetam
1299 4613 1596 4682 quatritur:
1626 4613 1738 4685 Ipsi
1765 4628 2129 4686 regnaverunt,
2161 4583 2212 4642 Β
2238 4625 2366 4680 dere
2403 4625 2598 4689 caruit,
2632 4625 2687 4679 in
2719 4583 2986 4682 tumorem
3015 4627 3254 4683 vulneris
3290 4583 3468 4698 cru-pit
3493 4647 3508 4681 :
3551 4583 3818 4697 factusque

549 4707 596 4752 et
621 4714 728 4754 non
751 4716 818 4754 ea:
847 4718 927 4756 me
957 4719 976 4767 ;
1007 4704 1266 4775 principes
1313 4709 1645 4776 exstiterunt,
1685 4719 1733 4764 et
1777 4727 1880 4764 non
1917 4715 2134 4782 cognovi

549 4783 696 4858 (Ose.
727 4790 869 4862 vui).
903 4791 982 4846 Ex
1009 4808 1069 4848 se
1094 4809 1348 4865 namque,
1375 4805 1428 4852 et
1461 4814 1569 4854 non
1593 4815 1659 4854 ex
1679 4800 1906 4855 arbitrio
1934 4801 2130 4856 summi

2237 4723 2320 4770 est
2345 4715 2400 4768 in
2422 4723 2597 4769 morte
2628 4714 2773 4770 Uria:
2792 4717 3081 4772 crudeliter
3111 4716 3336 4788 rigidus,
3361 4718 3455 4786 qui
3507 4717 3562 4771 in
3590 4719 3815 4788 appetitu

2236 4805 2450 4861 feminae
2493 4807 2767 4861 enerviter
2807 4807 2985 4863 fuerat
3039 4807 3228 4864 ﬂexus.
3273 4808 3341 4861 Et
3374 4808 3465 4878 qui
3514 4809 3677 4864 malis
3705 4819 3815 4862 ante

548 4880 800 4972 rectoris,
827 4892 1073 4972 regnant,
1129 4887 1221 4955 qui
1250 4887 1408 4942 nullis
1435 4886 1555 4942 fulti
1584 4889 1898 4955 virtutibus,
1930 4906 2132 4960 nequa-
2185 4963 2188 4966 ἢ
2233 4901 2320 4970 pie
2344 4909 2572 4956 noverat
2609 4915 2854 4970 parcere,
2901 4903 2959 4957 in
2985 4901 3250 4957 bonorum
3296 4917 3517 4972 quoque
3553 4919 3690 4958 nece
3709 4913 3818 4972 post

545 4985 708 5038 quam
745 4970 1004 5054 divinitus
1047 4977 1246 5042 vocati,
1295 4979 1389 5033 sed
1424 4994 1521 5034 sua
1567 4981 1861 5049 cupiditate
1892 4983 2126 5048 accensi,

545 5061 760 5118 culmen
795 5065 1075 5135 regiminis
1098 5069 1312 5138 rapiunt
1333 5071 1514 5140 potius
1546 5087 1710 5142 quam
1741 5085 2126 5144 assequuntur.

2234 4989 2424 5045 didicit
2451 4991 2569 5046 sine
2601 4992 2882 5047 obstaculo
2905 4993 3306 5048 retractationis
3335 4993 3620 5048 anhelare.
3671 4994 3816 5048 Prius

2231 5083 2429 5152 quippe
2458 5083 2621 5138 ferire
2650 5083 3043 5152 deprehensum
3069 5093 3471 5154 persecutorem
3516 5085 3720 5148 noluit,
3769 5092 3818 5136 et

544 5151 769 5210 Inutiles
793 5157 1104 5240 sacerdotes
1138 5159 1383 5215 internus
1425 5162 1592 5231 judex
1643 5173 1698 5219 et
1753 5168 2023 5234 provehit,
2073 5178 2130 5224 et
2230 5181 2354 5243 post
2379 5189 2501 5228 cum
2547 5151 2746 5230 damno
2773 5151 3087 5230 desudantis
3114 5177 3410 5242 exercitus,
3461 5177 3634 5232 etiam
3664 5177 3817 5232 devo-

544 5258 653 5298 non
682 5235 994 5317 cognoscit:
1023 5250 1150 5319 quia
1180 5265 1314 5319 quos
1342 5252 1702 5321 permittendo
1727 5256 1921 5311 tolerat
1945 5299 1959 5322 ,
2000 5273 2126 5328 pro-

465 5349 470 5352 '
543 5332 687 5391 fecto
713 5351 814 5406 per
842 5335 1107 5424 judicium
1159 5343 1554 5410 reprobationis
1583 5345 1814 5414 ignorat.
1873 5348 2027 5404 Unde
2056 5351 2125 5405 ad

542 5445 601 5486 se
625 5432 962 5502 quibusdam,
1009 5446 1063 5490 et
1089 5446 1210 5506 post
1246 5440 1503 5494 miracula
1549 5442 1910 5513 venientibus,
1941 5447 2071 5502 dicit
2107 5466 2118 5502 :

547 5519 787 5610 Recedite
829 5544 861 5580 a
912 5544 1013 5593 me,
1061 5532 1288 5599 aperarii
1316 5532 1606 5603 iniquitatis
1633 5549 1652 5588 :
1686 5539 1859 5591 nescio
1887 5541 1977 5610 qui
1999 5541 2121 5594 estis

544 5609 698 5680 (Luc.
743 5618 882 5690 xm).
919 5619 1201 5676 Pastorum
1256 5624 1525 5695 imperitia
1579 5642 1711 5683 voce
1758 5628 2012 5686 Veritatis
2040 5615 2122 5687 in-

545 5713 814 5774 crepatur,
838 5726 961 5766 cum
989 5729 1086 5783 per
1112 5715 1430 5786 prophetam
1458 5716 1658 5776 dicitur
1688 5740 1699 5773 :
1748 5721 1858 5792 1ρεὶ
1884 5735 2120 5793 pastores

2232 5273 2345 5318 tum
2375 5266 2601 5320 militem
2631 5266 2879 5321 extinxit.
2945 5265 3115 5332 Quem
3140 5268 3383 5337 profecto
3411 5267 3481 5321 ab
3521 5269 3814 5324 electorum

2229 5372 2458 5412 numero
2488 5357 2644 5426 culpa
2671 5357 2886 5429 longius
2931 5368 3163 5429 raperet,
3205 5361 3307 5415 nisi
3338 5363 3483 5416 hunc
3515 5363 3584 5414 ad
3605 5363 3816 5414 veniam

2228 5447 2435 5519 flagella
2474 5457 2839 5504 revocassent.
2877 5447 3054 5520 [Greg.
3102 5450 3251 5505 Past.
3286 5470 3332 5505 c.
3355 5452 3438 5524 9.]
3487 5453 3818 5522 Plerumque

2229 5539 2322 5607 qui
2349 5538 2531 5593 subire
2567 5539 2937 5611 magisterium
2986 5542 3254 5610 pastorale
3277 5545 3526 5613 cupiunt,
3558 5543 3815 5599 nonnulla

2229 5651 2440 5705 quoque
2467 5637 2606 5691 bona
2659 5651 2824 5706 Opera
2869 5637 3049 5692 animo
3082 5647 3410 5708 proponunt.
3461 5640 3532 5694 Et
3565 5639 3817 5709 quamvis

2228 5729 2332 5782 hoc
2355 5729 2604 5784 elationis
2627 5729 2923 5785 intentione
2959 5739 3244 5802 appetant,
3279 5741 3601 5801 operatums
3628 5740 3812 5787 tamen

543 5797 906 5867 ignornrerunt
940 5806 1330 5875 intelligentiam
1385 5811 1518 5883 (Isa.
1545 5815 1673 5884 LVI).
1750 5815 1896 5882 Quos
1936 5834 2122 5874 rursus
2229 5837 2287 5875 se
2313 5836 2503 5892 magna
2551 5831 2901 5890 pertractant.
2941 5895 2944 5898 ἢ
2977 5797 3168 5896 lii-tque
3213 5835 3266 5878 ut
3303 5797 3448 5880 aliud
3493 5827 3548 5881 in
3575 5827 3710 5882 imis
3739 5828 3813 5879 in-
