4000 6456
177 411 274 470 869

755 395 1039 453 REGULA
1078 391 1574 451 CANONICORUM
1612 390 1701 445 AB
1739 387 2090 444 AMALARIO
2129 385 2511 443 COLLECTA.
2549 414 2620 428 —
2657 384 2782 439 LIB.
2826 384 2865 438 Ι.

3301 381 3405 438 850

177 520 340 578 tentio
384 510 680 583 supprimat
703 506 1030 581 [subrepat],
1066 506 1209 561 aliud
1233 501 1521 559 tractantls
1553 500 1734 555 animo
1759 499 1813 560 Α
1835 510 2022 551 norem
2051 496 2274 551 ducatus
2287 495 2576 566 suscipere,
2604 493 2694 563 qui
2720 492 2893 546 nescit
2918 492 3173 560 subjectis
3197 493 3409 546 tramite

178 607 480 683 superficies
507 605 848 674 cogitationis
873 605 1136 659 ostendat.
1167 603 1300 657 Nam
1330 601 1432 655 sibi
1455 599 1571 670 ipsa
1595 597 1660 652 de
1681 610 1741 651 se

179 718 323 763 mens
347 715 487 768 srepe
499 701 777 763 mentitur,
800 707 853 751 ct
875 696 1025 767 ﬁngit
1051 697 1116 750 de
1137 710 1196 749 se
1217 696 1357 750 bono
1377 704 1540 762 opere
1560 702 1744 744 amare

179 793 313 867 quod
342 805 448 847 non
477 797 645 854 amat,
683 789 748 843 de
771 788 957 844 muudi
1006 794 1184 842 autem
1213 785 1379 855 gloria
1425 797 1533 838 non
1560 794 1744 836 amare

178 889 312 960 quod
355 893 518 940 amat.
588 883 740 954 Saepe
771 900 925 939 mens
958 883 1249 955 principari
1289 889 1567 951 appetens,
1595 878 1656 932 fit
1678 877 1744 931 ad

178 983 274 1036 hoc
314 977 524 1048 pavida,
581 992 703 1031 cum
745 977 969 1046 quaerit;
1021 977 1216 1041 audax,
1256 971 1743 1044 cum'pervenerit.

180 1069 418 1124 Tendens
451 1067 618 1130 enim,
651 1082 719 1121 ne
756 1083 862 1122 non
898 1069 1196 1138 perveniat,
1224 1065 1490 1135 trepidat;
1541 1065 1634 1119 sed
1664 1079 1748 1118 re-

178 1169 333 1232 pente
357 1158 700 1227 perveniens,
743 1157 865 1225 jure
909 1159 1012 1213 sibi
1043 1159 1147 1213 hoc
1178 1158 1438 1221 debitum,
1485 1157 1550 1211 ad
1605 1155 1748 1224 quod

175 1248 501 1323 pervenerit,
524 1257 697 1318 putat.
750 1248 992 1319 Cumque
1034 1260 1290 1320 percepto
1312 1248 1646 1319 principatus
1667 1245 1750 1300 of-

180 1343 294 1396 ticio
333 1339 533 1409 perfrui
560 1340 892 1395 saeculariter
912 1341 1158 1409 coeperit,
1206 1341 1440 1395 libenter
1476 1339 1750 1395 oblivisci-

179 1443 262 1488 tur
306 1432 564 1501 quidquid
601 1433 850 1502 religiose
883 1433 1156 1501 cogitavit.
1218 1431 1449 1486 Necessc
1479 1438 1564 1485 est
1606 1431 1750 1484 enim

178 1535 234 1580 ut
255 1539 374 1579 cum
401 1525 658 1594 cogitatio
697 1533 850 1578 extra
878 1539 1034 1578 usum
1066 1524 1298 1592 ducitur.
1327 1523 1574 1594 protinus
1601 1536 1754 1576 men-

179 1619 244 1670 tis
277 1615 464 1670 oculus
499 1615 564 1668 ad
596 1630 758 1684 opera
797 1623 1068 1668 transacta
1101 1621 1403 1679 revocetur,
1460 1628 1524 1667 ac
1563 1619 1755 1681 penset
1793 1658 1804 1663 -

177 1707 400 1775 quisque
428 1706 555 1773 quid
583 1705 854 1772 subjectus
878 1705 1066 1774 egerit.
1133 1705 1201 1759 Et
1226 1713 1447 1774 repente
1479 1703 1756 1774 cognoscit

176 1798 217 1850 si
244 1798 499 1866 praelatus
524 1798 666 1850 bona
693 1811 872 1866 agere,
899 1812 1017 1865 quae
1029 1796 1390 1866 proposuerit,
1412 1795 1602 1866 possit,
1628 1793 1755 1863 quia

1840 589 2432 660 vitzemeliorispraaire.
2464 587 2646 658 Neque
2667 587 2813 642 enim
2833 586 3060 655 quisque
3072 586 3139 640 ad
3164 585 3264 640 hoc
3276 598 3412 656 prae-

1842 687 2038 752 ficitur,
2066 695 2125 740 ut
2171 685 2508 741 subditorum
2553 681 2736 752 culpas
2765 679 3020 750 corrigat,
3052 687 3107 734 et
3127 680 3239 750 ipse
3267 679 3424 734 vitiis

1842 779 2062 834 serviat.
2104 775 2205 843 Qui
2233 791 2291 832 se
2313 775 2588 846 indignum
2617 773 2684 828 ad
2713 773 3082 843 episcopatum
3119 772 3414 838 existimat,

1843 871 2019 926 locum
2044 869 2162 940 ejus
2182 869 2274 938 qui
2304 869 2497 939 dignus
2525 875 2608 922 est
2627 881 2891 936 occupare
2925 864 3104 937 [Deest
3125 861 3416 937 occupare]

1844 978 1950 1018 non
1977 969 2288 1032 praesumat.
2333 959 2466 1014 Nam
2491 969 2598 1014 tam
2624 967 2867 1014 sanctum
2896 966 2980 1012 est
3005 956 3291 1011 sacerdotii
3321 970 3420 1012 no-

1843 1069 1988 1119 men,
2017 1061 2078 1106 ut
2104 1051 2249 1106 nulla
2270 1052 2524 1106 vitiorum
2549 1057 2676 1104 nota
2704 1049 2964 1104 maculari
2985 1063 3042 1102 se
3082 1047 3243 1101 sinat.
3285 1045 3422 1102 Gra-

1843 1147 1965 1202 vius
1991 1145 2135 1200 enim
2159 1144 2626 1209 condemnabitur,
2649 1142 2740 1214 qui
2765 1141 3015 1212 indiguus
3037 1139 3262 1210 suscipit
3282 1138 3424 1210 quod

1847 1252 1952 1292 non
1981 1244 2238 1291 meretur.
2271 1235 2371 1302 Qui
2388 1235 2628 1306 regimen
2645 1232 2931 1289 sacerdotii
2963 1231 3241 1286 contendit
3263 1245 3426 1302 appe-

1849 1335 1985 1391 tere,
2014 1333 2139 1380 ante
2168 1327 2220 1380 in
2251 1340 2310 1380 se
2335 1324 2611 1389 discutiat,
2643 1325 2688 1378 si
2715 1323 2822 1378 vita
2855 1323 3046 1378 honori
3076 1322 3424 1393 sitcongrua.

1850 1415 2002 1483 Quod
2017 1416 2060 1470 si
2079 1430 2182 1469 non
2200 1415 2493 1485 discrepat,
2511 1414 2786 1469 humiliter
2809 1413 2877 1468 ad
2901 1413 2952 1468 id
2967 1413 3032 1467 ad
3054 1411 3196 1482 quod
3208 1420 3432 1467 vocatur

1853 1509 2092 1562 accedat.
2149 1507 2378 1561 Beatum
2395 1507 2592 1577 quippe
2620 1505 2789 1576 culpa:
2811 1504 3068 1576 geminat,
3101 1505 3148 1559 si
3173 1503 3294 1575 quis
3309 1518 3430 1560 cum

1853 1600 2008 1670 culpa
2059 1601 2126 1654 ad
2175 1600 2509 1656 sacerdotale
2559 1600 2773 1655 culmen
2802 1598 3027 1668 aspirat.
3071 1595 3434 1667 Uniuscujus-

1854 1707 1960 1761 que
1979 1707 2140 1746 casus
2167 1699 2320 1746 tanto
2345 1691 2568 1762 majoris
2591 1698 2674 1746 est
2700 1689 2965 1754 criminis,
3007 1695 3230 1758 quanto,
3260 1687 3436 1757 prius-

1855 1797 2017 1852 quam
2066 1783 2307 1847 caderet,
2344 1780 2568 1852 majoris
2595 1789 2716 1836 erat
2742 1780 2976 1835 virtutis.
3007 1777 3438 1834 Praecedentium

175 1859 515 1956 nequaquam
551 1887 694 1940 valet
729 1859 795 1939 in
829 1859 1062 1939 culmine
1111 1859 1468 1940 humilitatem
1523 1859 1750 1944 discere,
1781 1859 1829 1918 Β
1857 1891 2090 1944 namque
2118 1873 2712 1945 magnitudo-virtutum
2739 1873 2937 1929 crescit
2964 1873 3030 1926 ad
3057 1869 3328 1926 cumulum
3355 1885 3439 1926 se-

174 1977 265 2043 qui
293 1976 348 2028 in
384 1977 505 2029 imis
531 1977 736 2045 positus
758 1993 861 2030 non
889 1976 1050 2029 desiit
1080 1976 1378 2045 superbire.
1430 1972 1610 2027 Nescit
1635 1971 1753 2024 lau-

175 2065 296 2118 dem
334 2081 456 2119 cum
486 2069 740 2135 suppetit,
777 2067 983 2135 fugere,
1011 2067 1102 2134 qui
1131 2067 1198 2120 ad
1224 2066 1364 2119 hanc
1397 2063 1601 2125 didicit,
1630 2074 1754 2115 cum

179 2155 406 2220 deesset,
465 2157 739 2211 anhelare.
799 2156 1146 2225 Nequaquam
1197 2155 1418 2208 vincere
1472 2151 1755 2205 avaritiam

179 2254 372 2314 potest,
413 2246 628 2314 quando
666 2246 732 2298 ad
761 2245 1051 2300 multorum
1105 2245 1554 2300 sustentationem
1585 2240 1760 2296 tendit

180 2336 225 2390 is
257 2336 342 2391 cui
379 2335 629 2391 sufﬁcere
663 2337 881 2406 propria
917 2352 1019 2392 nec
1040 2336 1139 2391 soli
1168 2345 1476 2406 potuerunt.
1536 2333 1613 2388 Ex
1632 2340 1758 2387 ante

183 2436 293 2481 acta
320 2442 450 2498 ergo
475 2428 584 2481 vita
626 2442 685 2482 se
738 2428 966 2497 quisque
1007 2427 1266 2492 inveniat,
1319 2441 1386 2480 ne
1433 2427 1489 2479 in
1519 2424 1759 2493 appetitu

183 2534 236 2574 se
259 2519 516 2573 culminis
539 2519 714 2589 imago
738 2519 1080 2588 cogitationis
1103 2518 1310 2574 illudat.
1363 2517 1686 2586 Plerumque
1707 2516 1760 2570 in

183 2611 532 2678 occupatione
559 2610 858 2680 regiminis,
887 2611 998 2680 ipse
1029 2624 1243 2679 quoque
1269 2608 1396 2663 boni
1425 2607 1606 2678 operis
1633 2620 1763 2661 usus

182 2701 436 2769 perditur,
455 2699 550 2768 qui
577 2700 633 2752 in
666 2700 1056 2770 tranquillitate
1082 2701 1398 2756 tenebatur:
1433 2699 1558 2768 quia
1582 2698 1766 2767 quieto

184 2793 316 2847 mari
356 2802 510 2848 recte
559 2808 752 2848 navem
810 2802 863 2848 et
909 2795 1192 2864 imperitus
1220 2802 1380 2848 nauta
1411 2793 1615 2863 dirigit,
1652 2799 1767 2845 tur-

185 2885 308 2939 bato
352 2894 539 2940 autem
578 2892 956 2955 tempestatum
985 2884 1233 2940 fluctibus
1280 2884 1445 2940 etiam
1476 2884 1680 2953 peritus
1709 2897 1768 2938 se

188 2984 344 3029 nauta
392 2975 701 3031 confundit.
759 2976 897 3044 Quid
933 2985 1019 3031 est
1040 2985 1278 3046 potestas
1327 2975 1596 3038 culminis,
1663 2973 1768 3028 nisi

189 3073 475 3136 tempestas
508 3069 724 3131 mentis,
769 3066 824 3121 in
853 3083 957 3137 qua
997 3068 1123 3122 dum
1146 3067 1530 3136 cogitationum
1557 3079 1771 3134 semper

187 3157 434 3223 procellis
471 3158 623 3211 navis
669 3157 845 3212 cordis
873 3158 1134 3226 quatitur,
1180 3159 1284 3211 huc
1329 3155 1562 3224 illucque
1585 3155 1763 3209 inces-

189 3257 368 3301 santer
394 3248 708 3318 impellitur,
739 3256 802 3302 ut
827 3263 922 3318 per
947 3248 1258 3318 repentinos
1284 3261 1544 3302 excessus
1571 3246 1684 3300 oris
1711 3253 1767 3300 et

189 3339 386 3406 operis,
433 3339 588 3407 quasi
634 3355 733 3409 per
769 3339 1044 3393 obviantia
1093 3353 1221 3392 saxa
1262 3337 1584 3408 frangatur?
1622 3335 1768 3390 Inter

190 3427 302 3484 hac
331 3429 515 3499 itaque
553 3445 673 3498 qua:
724 3429 1078 3499 protulimus,
1117 3429 1246 3497 quid
1283 3427 1616 3496 sequendum
1664 3433 1764 3490 est,

189 3520 316 3589 quid
342 3522 654 3586 tenendum,
680 3522 864 3575 nisiut
902 3519 1192 3574 virtutibus
1216 3519 1442 3589 pollens,
1467 3525 1686 3572 coactus
1702 3517 1770 3572 ad

189 3612 432 3680 regimen
461 3612 640 3666 veniat
665 3628 680 3675 ;
729 3611 1018 3665 virtutibus
1048 3625 1272 3674 vacuus,
1303 3623 1406 3663 nec
1441 3615 1661 3662 coactus
1683 3623 1773 3662 ac-

171 3703 389 3779 cedat?
441 3703 533 3758 llle
555 3705 600 3774 si
621 3704 842 3758 omnino
870 3703 1140 3769 renititur,
1175 3711 1365 3757 caveat
1401 3719 1467 3756 ne
1492 3711 1770 3770 acceptam

188 3797 477 3866 pecuniam
525 3798 581 3852 in
612 3797 830 3852 sudario
856 3797 1060 3866 ligans,
1093 3809 1118 3836 α
1151 3796 1218 3850 de
1252 3793 1367 3864 ejus
1412 3793 1773 3848 occultatione

186 3887 478 3957 iudicetur.
540 3889 828 3945 Pecuniam
863 3891 1058 3960 quippe
1106 3891 1160 3944 in
1201 3888 1418 3944 sudario
1451 3889 1640 3957 ligare,
1667 3896 1770 3954 est,

191 3990 446 4052 percepta
499 3983 638 4036 dona
689 3983 789 4036 sub
812 3982 921 4037 otio
973 3982 1104 4036 lenti
1158 3981 1388 4052 torporis
1416 3980 1770 4036 abscondere.

197 4071 262 4125 At
319 4083 509 4126 contra
547 4073 668 4136 iste,
718 4085 838 4126 cum
871 4071 1110 4139 regimen
1146 4071 1387 4141 appetit,
1437 4070 1681 4125 attendat
1707 4084 1774 4124 ne

197 4175 289 4226 per
320 4163 625 4232 exemplum
654 4163 803 4232 pravi
831 4163 1031 4232 operis,
1073 4164 1463 4232 pharisae'orum
1487 4177 1658 4226 more,
1706 4159 1776 4215 ad

201 4251 494 4323 ingressum
529 4253 678 4324 regni
727 4253 1068 4308 tendentibus
1119 4252 1456 4308 obstaculum
1504 4252 1617 4306 ﬁat.
1671 4249 1774 4317 Qui

197 4342 340 4411 juxta
395 4360 585 4399 vocem
617 4343 877 4414 Magistri,
932 4359 1031 4398 nec
1083 4344 1184 4414 ipsi
1225 4345 1448 4408 intrant,
1509 4358 1608 4398 nec
1641 4342 1777 4399 alios

202 4431 395 4490 intrare
442 4435 764 4506 permittunt
811 4433 1026 4505 (Matth.
1063 4434 1240 4507 χχιιι).
1313 4433 1776 4489 Considerandum

204 4539 406 4594 quoque
431 4535 538 4588 est,
569 4526 694 4594 quia
724 4541 845 4580 cum
871 4541 1092 4580 causam
1137 4525 1318 4596 populi
1348 4525 1552 4579 electus
1583 4523 1776 4594 prtesul

205 4615 436 4684 suscipit,
462 4614 620 4684 quasi
651 4614 716 4668 ad
739 4629 940 4683 {egrum
973 4613 1211 4668 medicus
1255 4613 1480 4668 accedit.
1551 4611 1606 4666 Si
1646 4627 1776 4684 ergo

207 4704 372 4761 adhuc
399 4707 454 4761 in
477 4705 598 4774 ejus
621 4720 782 4775 opere
808 4705 1088 4775 passiones
1121 4707 1326 4772 vivunt,
1357 4721 1462 4776 qua
1515 4722 1776 4776 praesum-

206 4797 377 4864 ptione
404 4812 727 4870 percussum
759 4798 960 4851 mederi
983 4807 1260 4868 properat,
1289 4799 1382 4868 qui
1407 4798 1461 4853 in
1483 4797 1622 4854 facie
1659 4800 1774 4853 vul-

211 4903 302 4944 nus
330 4900 536 4960 portat.

797 4979 1024 5036 CAPUT
1061 4980 1177 5036 XV.

274 5071 492 5142 (Isidori
522 5073 612 5128 lib.
639 5089 720 5140 ιιι,
749 5072 1000 5137 Sentent.,
1020 5091 1066 5128 c.
1095 5074 1210 5146 54.)
1261 5072 1380 5129 Νοη
1407 5083 1532 5129 sunt
1568 5074 1780 5148 [Isidori

212 5161 270 5216 de
300 5162 472 5235 dignis
503 5164 825 5235 praepositis,
861 5180 966 5218 non
993 5174 1134 5229 sunt,
1164 5163 1296 5238 etc.]
1338 5169 1687 5234 promovendi
1710 5169 1782 5226 ad

213 5257 438 5324 regimen
473 5257 740 5323 ecclesiat,
767 5257 859 5326 qui
899 5257 1074 5311 adhuc
1109 5257 1258 5312 vitiis
1290 5257 1590 5326 subjacent.
1642 5259 1779 5317 Hinc

214 5355 290 5400 est
310 5353 449 5418 quod
485 5357 815 5420 praeceptum
855 5357 940 5404 est
967 5349 1132 5403 David
1156 5364 1261 5404 non
1281 5351 1548 5407 :edificare
1569 5353 1779 5409 visibile

217 5439 484 5508 templum,
535 5441 659 5510 quia
683 5440 1000 5510 sanguinum
1026 5441 1106 5493 vir
1132 5441 1258 5496 belli
1289 5440 1592 5512 frequentia
1612 5453 1774 5504 esset.

218 5525 323 5594 Qua
347 5531 517 5603 figura
544 5532 619 5586 illi
647 5531 957 5604 spiritaliter
985 5531 1365 5598 admonentur,
1408 5535 1497 5603 qui
1525 5536 1775 5591 vitiorum

220 5621 383 5678 adhuc
405 5625 739 5694 corruptioni
759 5632 882 5678 sunt
906 5623 1090 5688 dediti,
1115 5640 1181 5678 ne
1207 5626 1464 5696 templum
1491 5628 1776 5694 aedificent,

220 5711 430 5783 hocest,
459 5717 744 5774 ecclesiam
774 5717 966 5772 docere
985 5726 1330 5786 praesumant.
1374 5719 1491 5774 Non
1511 5720 1671 5776 debet
1685 5721 1782 5776 ho.

1856 1968 2139 2039 quentium
2176 1967 2517 2021 delictorum.
2549 1965 2801 2036 Plerique
2828 1964 3156 2029 sacerdotes,
3185 1978 3296 2018 suae
3320 1977 3438 2017 ma-

1855 2060 1937 2131 gis
1959 2059 2207 2113 utilitatis
2237 2073 2401 2114 causa
2426 2073 2588 2128 quam
2613 2057 2811 2128 gregis,
2842 2070 3075 2128 praeesse
3097 2055 3438 2112 desiderant:

1856 2163 1958 2205 nec
1979 2158 2039 2203 ut
2078 2149 2310 2219 prosint,
2363 2149 2625 2220 praesules
2657 2147 2775 2203 ﬁeri
2812 2147 3073 2219 cupiunt:
3107 2145 3202 2203 sed
3248 2147 3443 2218 magis,

1857 2248 1915 2296 ut
1940 2240 2133 2295 divites
2153 2240 2285 2295 fiant
2323 2249 2378 2295 et
2404 2241 2756 2296 honorentur.
2796 2238 3110 2310 Suscipiunt
3135 2236 3281 2304 enim
3318 2236 3447 2293 sub-

1858 2330 2104 2386 limitatis
2149 2332 2396 2399 culmen,
2453 2347 2562 2388 non
2597 2347 2699 2403 pro
2729 2331 2987 2404 pastorali
3023 2331 3307 2400 regimine,
3351 2330 3447 2386 sed

1857 2437 1958 2493 pro
1991 2422 2158 2478 solius
2186 2423 2465 2494 regiminis
2487 2423 2572 2478 vel
2598 2423 2774 2496 [Deest
2804 2422 3082 2496 regiminis
3125 2421 3233 2494 vel]
3277 2423 3449 2486 hono-

1863 2514 1941 2569 ris
1979 2513 2308 2569 ambitione:
2365 2510 2528 2584 atque
2577 2513 2788 2582 abjecto
2823 2528 2988 2584 opere
3015 2512 3315 2584 dignitatis,
3356 2525 3450 2566 so-

1863 2609 1972 2664 lam
1998 2608 2234 2663 nominis
2262 2616 2520 2678 appetunt
2564 2607 2902 2678 dignitatem.
2947 2605 3088 2661 Dum
3113 2604 3242 2660 mali
3272 2619 3453 2660 sacer-

1865 2703 2021 2758 dotes
2058 2702 2166 2759 Deo
2216 2704 2500 2773 ignorante
2555 2719 2662 2760 non
2713 2703 2864 2768 flant,
2904 2711 3087 2759 tamen
3133 2703 3454 2774 ignorantur

1865 2809 1896 2848 a
1929 2794 2058 2859 Deo,
2115 2794 2232 2864 ipso
2256 2810 2353 2864 per
2377 2796 2698 2866 prophetam
2744 2801 3014 2851 testante:
3052 2792 3321 2864 Principes
3357 2805 3451 2846 ea:—

1865 2887 2129 2950 stiterunt,
2155 2887 2248 2940 sed
2283 2903 2384 2941 non
2408 2885 2783 2958 cognovi(Ose,
2820 2885 2958 2958 vm).
2991 2883 3100 2941 Sed
3125 2884 3215 2940 hic
3237 2882 3451 2938 nescire

1867 2976 1984 3042 Dei,
2015 2978 2308 3048 reprobare
2334 2985 2436 3043 est,
2464 2993 2588 3032 nam
2618 2977 2761 3032 Deus
2783 2976 2965 3032 omnia
3002 2975 3168 3030 novit.

2451 3109 2680 3166 CAPUT
2729 3108 2866 3165 XVI.

1941 3201 2125 3272 (Isid.,
2153 3202 2307 3268 ibid.,
2351 3219 2396 3256 c.
2428 3201 2544 3272 35.)
2589 3199 2742 3256 Sicut
2779 3198 2948 3271 iniqui
2983 3199 3140 3273 [Item
3167 3199 3357 3258 Isidori
3389 3203 3460 3260 de

1871 3295 2181 3367 praepositis
2205 3295 2457 3359 indoctis,
2495 3293 2649 3350 Sicut
2679 3294 2871 3364 iniqui,
2923 3294 3078 3367 etc.],
3107 3303 3163 3350 et
3198 3304 3452 3366 peccato-

1872 3400 1959 3442 res
2012 3385 2376 3440 ministerium
2428 3383 2763 3440 sacerdotale
2817 3385 3031 3454 assequi
3077 3385 3459 3456 prohibentur,

1871 3480 1948 3535 ita
1977 3479 2181 3534 indocti
2221 3485 2278 3532 et
2305 3478 2538 3549 imperiti
2571 3492 2603 3531 a
2639 3476 2730 3532 tali
2761 3475 2936 3533 olllcio
2966 3477 3330 3534 retrahuntur.
3379 3477 3460 3535 Illi

1873 3570 2016 3626 enim
2047 3569 2310 3639 exemplis
2339 3569 2452 3624 suis
2479 3569 2645 3624 vitam
2671 3569 2934 3626 bonorum
2973 3578 3340 3640 corrumpunt,
3369 3570 3461 3626 isti

1874 3677 1971 3717 sua
2004 3662 2220 3733 ignavia
2263 3661 2479 3731 iniquos
2505 3660 2780 3733 corrigere
2818 3661 3087 3718 nesciunt.
3143 3661 3244 3730 Qui
3272 3661 3457 3737 [Quid]

1874 3755 2022 3811 enim
2051 3756 2245 3810 docere
2295 3763 2578 3826 poterunt,
2630 3755 2772 3826 quod
2819 3755 2922 3826 ipsi
2960 3770 3070 3810 non
3113 3755 3462 3813 didicerunt?

1874 3847 2099 3902 Desinat
2137 3848 2314 3902 locum
2344 3846 2571 3903 ducendi
2593 3848 2888 3917 suscipere,
2929 3847 3020 3917 qui
3047 3847 3221 3903 nescit
3241 3848 3458 3904 docere.

1873 3937 2180 4009 Ignorantia
2207 3940 2406 4010 quippe
2433 3939 2722 4010 praesulum
2764 3940 2888 3994 vitre
2920 3955 3028 3995 non
3053 3939 3302 4011 congruit
3333 3941 3461 3997 sub-

1868 4031 2161 4100 jectorum.
2231 4031 2414 4085 C(ecus
2471 4032 2608 4086 enim
2655 4033 2700 4086 si
2741 4047 2877 4086 cwco
2920 4031 3171 4086 ducatum
3211 4033 3458 4102 prwbeat,

1877 4124 2108 4176 amboin
2152 4122 2355 4191 foveam
2385 4121 2578 4175 cadunt
2631 4120 2846 4186 (Matth.
2875 4121 2986 4194 xv).
3031 4120 3353 4176 Sacerdotes
3379 4121 3462 4175 in.

1877 4215 2067 4269 doctos
2096 4228 2194 4282 per
2221 4213 2415 4268 Isaiam
2466 4214 2784 4283 prophetam
2831 4213 2906 4267 ita
2955 4213 3216 4269 Dominus
3260 4214 3462 4284 impro-

1877 4305 1972 4360 bat
1997 4323 2010 4358 :
2041 4303 2176 4374 Ipsi,
2202 4305 2392 4374 inquit,
2416 4313 2650 4374 pastores
2675 4306 3042 4374 ignorauerunt
3068 4303 3462 4375 intelligentiam

1881 4395 2015 4466 (Isa.
2047 4395 2177 4467 Lvt).
2211 4396 2279 4451 Et
2301 4397 2535 4451 iterum:
2568 4395 2934 4468 Speculatores
2963 4396 3078 4467 ejus
3104 4397 3230 4450 σιεσὶ
3263 4412 3460 4464 omnes,

1882 4488 1954 4553 id,
1975 4498 2079 4553 est,
2111 4489 2622 4560 imperitiepiscopi.
2654 4487 2988 4554 Nescierunt,
3015 4487 3208 4558 inquit,
3232 4489 3460 4544 universi

1881 4596 2035 4634 canes
2074 4581 2225 4646 muti,
2285 4597 2386 4634 non
2436 4581 2664 4635 valentes
2699 4579 2935 4634 latrare:
2981 4579 3086 4635 hoc
3128 4587 3231 4646 est,
3278 4579 3464 4650 plebes

1881 4673 2201 4727 commissas
2222 4687 2329 4728 non
2353 4672 2615 4738 valentes,
2653 4671 2954 4728 resistendo
2981 4671 3160 4736 malis,
3209 4685 3306 4743 per
3343 4686 3464 4728 ver-

1879 4763 2010 4819 bum
2038 4765 2297 4820 doctrinm
2323 4765 2628 4820 defendere.

2443 4895 2671 4950 CAPUT
2724 4894 2885 4949 XVII.

1955 4985 2263 5055 (Gregorius
2292 4983 2534 5048 Pastor.,
2562 4983 2652 5036 lib.
2689 4999 2728 5048 ι,
2761 4999 2878 5054 cap.
2910 4980 2989 5056 5.)
3037 4982 3176 5039 Sunt
3203 4981 3465 5039 'nonnulli

1884 5074 2199 5146 [Gregorius
2227 5076 2294 5130 de
2315 5075 2402 5131 bis
2426 5075 2519 5145 qui
2550 5075 2604 5130 in
2643 5076 2906 5148 regimine
2929 5077 3190 5147 prodesse
3217 5086 3464 5148 possunt,

1880 5165 1975 5220 sed
2003 5165 2143 5218 idem
2169 5163 2401 5220 cilicium
2426 5181 2525 5237 pro
2546 5167 2728 5237 quiete
2753 5168 2970 5239 propria
3000 5166 3294 5239 refugiunt,
3327 5166 3465 5224 Sunt

1885 5254 2144 5320 nonnulli,
2170 5255 2323 5329 etc.],
2356 5257 2446 5326 qui
2472 5258 2637 5313 nimia
2667 5260 2927 5314 virtutum
2969 5258 3109 5313 dona
3137 5258 3464 5329 percipiunt,

1883 5355 1935 5401 et
1962 5361 2060 5416 pro
2084 5349 2470 5404 exercitatione
2515 5358 2866 5416 cretei-orum,
2900 5349 3110 5420 magnis
3151 5350 3466 5409 muneribus

1881 5436 2208 5492 esaltantur.
2259 5437 2361 5505 Qui
2396 5438 2575 5494 studio
2612 5439 2878 5494 castitatis
2923 5437 3141 5504 mundi,
3191 5438 3467 5498 abstinen-

1883 5531 1969 5586 tiae
1995 5532 2188 5589 robore
2215 5533 2400 5598 validi,
2447 5533 2708 5588 doctrinae
2737 5533 2960 5610 dapibus
2985 5532 3208 5600 referti,
3257 5535 3464 5604 patien-

1883 5624 1972 5679 tiae
1999 5624 2405 5696 longanimitate
2450 5624 2704 5689 humiles,
2754 5627 3097 5684 auctoritatis
3145 5629 3464 5686 fortitudine

1885 5719 2053 5774 erecti
2109 5715 2338 5772 districti
2377 5714 2555 5786 [Deest
2595 5715 2851 5790 districti]
2882 5727 3026 5775 sunt.
3079 5713 3178 5786 Qui
3208 5720 3463 5776 uim:r::m

289 5840 315 5868 ι
360 5831 517 5889 Deest
565 5833 739 5888 media
795 5832 909 5887 haec
956 5833 1207 5900 periodus
1253 5849 1425 5904 usque
1462 5837 1529 5890 ad
1587 5837 1882 5894 pecuniam.
