4000 6488
465 417 468 420 ~
533 385 637 440 855

1540 388 1939 448 AMALARIUS
1975 392 2389 452 PRESBYTER
2429 397 2787 456 MELENSIS.

3716 412 3819 468 856

533 506 725 601 cretio,
761 519 991 601 qua‘nec
1039 521 1148 601 per)
1170 506 1478 601 libertatem
1499 509 1736 578 superbi,
1770 526 1870 566 nec
1896 525 1993 582 per
2017 515 2116 568 hu-
2144 516 2195 576 A
2221 517 2387 586 cupit,
2423 518 2561 574 sicut
2611 520 2901 592 Apostolus
2953 523 3022 578 ad
3077 522 3389 580 Corinthios
3422 526 3574 591 facit,
3608 546 3769 601 quos
3791 549 3820 589 ι

531 597 818 654 militatem
855 596 994 652 fiunt
1018 599 1252 654 remissi.
1304 599 1442 655 Hinc
1481 601 1736 671 estquod
1767 603 1943 658 sancti
1994 619 2116 658 cum

527 689 699 746 multa
726 690 1033 745 constantia
1085 689 1482 762 redarguerunt
1508 694 1674 748 etiam
1701 695 2010 766 principum
2039 697 2118 750 vi-

529 784 645 839 tia:
683 783 740 839 in
766 783 964 853 quibus
991 799 1114 838 cum
1145 798 1354 838 summa
1381 791 1524 839 esset
1557 786 1854 850 humilitas,
1883 787 2004 842 loco
2031 795 2115 842 ta-

529 888 657 931 men
683 874 992 931 necessario
1032 873 1665 946 libere.transgressores
1682 875 1906 945 iustitia:
1935 878 2114 933 inore--

528 969 754 1040 pabant.
783 967 1090 1038 Aliquando
1108 967 1275 1021 etiam
1306 967 1537 1023 subditis
1571 983 1670 1022 nos
1695 976 1908 1039 Oportet
1932 970 2115 1024 animo

527 1075 650 1118 esse
682 1059 1033 1123 humiliores,
1083 1057 1340 1128 quoniam
1391 1057 1536 1114 facta
1584 1059 1921 1114 subditorum
1971 1057 2114 1127 judi-

529 1161 724 1210 cantur
751 1167 780 1206 a
814 1151 986 1217 nobis,
1015 1158 1204 1205 nostra
1227 1164 1359 1204 vero
1393 1149 1535 1206 Deus
1557 1150 1786 1222 judicat.
1837 1149 2114 1221 Agnoscat

527 1247 813 1316 episcopus
843 1257 1059 1298 servum
1082 1256 1141 1298 se
1166 1256 1287 1298 esse
1312 1241 1508 1312 plebis,
1539 1257 1647 1297 non
1671 1241 1968 1298 dominum.
2004 1241 2110 1296 Ve-

528 1353 650 1392 rum
676 1338 792 1392 hmc
818 1335 1077 1399 charitas,
1113 1351 1220 1390 non
1253 1335 1490 1390 conditio
1516 1334 1700 1405 exigit.

1087 1427 1314 1484 CAPUT
1361 1427 1546 1483 XXIII.

597 1522 875 1596 (Ejusdem
888 1523 980 1577 lib.
1003 1539 1082 1586 ιιι,
1103 1521 1251 1579 Sent.
1267 1541 1382 1592 cap.
1397 1523 1512 1594 45.)
1539 1522 1654 1578 Non
1682 1525 1934 1579 omnibus
1956 1523 2111 1596 [Item

523 1615 813 1672 lsidori'de
856 1616 1116 1670 doctrina:
1139 1616 1467 1672 discretione
1493 1657 1508 1680 ,
1552 1616 1670 1671 Non
1697 1619 1970 1691 omnibus]
2001 1635 2109 1674 una

521 1708 820 1779 eademque
851 1709 1094 1764 doctrina
1119 1718 1203 1765 est
1240 1710 1566 1775 adhibenda,
1609 1711 1704 1765 sed
1721 1726 1820 1780 pro
1849 1712 2110 1782 qualitate

519 1818 755 1868 morum,
779 1803 992 1858 diversa
1011 1804 1319 1858 exhortatio
1341 1803 1448 1858 erit
1467 1803 1768 1858 doctorum.
1794 1803 1928 1859 Nam
1946 1819 2110 1874 quos-

2220 608 2468 665 laudibus
2508 611 2742 676 inchoat,
2803 621 2861 668 et
2912 613 3374 684 increpationibus
3421 620 3640 688 probat.
3709 620 3817 680 Sed

2217 708 2376 753 erant
2410 701 2551 769 apud
2601 701 2913 758 Corinthios
2941 705 3033 775 qui
3061 715 3113 760 et
3137 705 3295 762 laude
3344 717 3401 763 et
3429 709 3819 782 increpatione

2218 790 2366 860 digni
2390 800 2574 846 essent
2601 792 2654 864 [Ι
2686 792 2809 847 Cor.
2841 793 2905 866 ι].
2941 795 3034 851 Ille
3056 812 3185 852 vero
3218 798 3512 856 indiscrete
3536 801 3811 873 loquitur,

2217 882 2310 950 qui
2337 883 2418 937 sic
2449 892 2679 953 utraque
2733 887 2986 941 omnibus
3043 887 3284 958 loquitur
3316 890 3423 962 [sic
3454 893 3710 950 ὀίεαι-ξιξ
3744 898 3814 953 sic

2214 981 2445 1043 utraque
2490 975 2739 1030 omnibus
2774 977 3035 1046 loquitur,
3087 980 3242 1054 etc.],
3274 989 3335 1036 ut
3361 985 3623 1040 omnibus
3651 995 3811 1042 utra-

2215 1077 2320 1133 que
2354 1065 2650 1121 convenire
2677 1067 2983 1122 videantur.

2783 1159 3012 1217 CAPUT
3048 1164 3238 1221 XXIV.

2285 1246 2547 1320 (Gregorii
2600 1251 2659 1304 in
2711 1251 2928 1322 prologo
2955 1252 2993 1305 ι.
3037 1269 3098 1308 ιιι
3139 1254 3381 1330 Pastor.)
3441 1258 3589 1326 Quia
3642 1262 3809 1332 igitur

2214 1339 2532 1412 [Gregorius
2571 1340 2808 1412 qualiter
2861 1343 3069 1412 praelati
3123 1345 3397 1414 subiectos
3455 1350 3726 1419 doceant,
3751 1371 3805 1410 ac

2213 1431 2536 1500 semetipsos
2593 1431 2831 1486 discreta
2909 1435 3376 1507 circonspectione
3441 1443 3803 1510 praevideant,

2211 1520 2346 1588 Quia
2384 1521 2565 1590 igitur,
2597 1521 2752 1594 etc.],
2787 1524 2965 1594 qualis
2996 1527 3341 1583 esse-debeat
3377 1539 3594 1600 pastor,
3645 1548 3799 1604 supe.

2211 1615 2326 1670 rius
2362 1617 2697 1672 ostendimus
2725 1635 2738 1671 :
2769 1634 2917 1674 nunc
2943 1621 3178 1689 qualiter
3213 1623 3427 1690 doceat,
3463 1626 3799 1683 demonstre-

2209 1721 2353 1761 mus.
2385 1706 2456 1762 Ut
2484 1708 2627 1762 enim
2651 1708 2808 1778 longe
2853 1718 2979 1764 ante
3026 1725 3125 1766 nos
3159 1715 3476 1769 reverenda:
3526 1720 3795 1774 memoria:

2211 1797 2504 1870 Gregorius
2525 1799 2896 1858 Nazianzenus
2919 1804 3133 1859 edocuit
3157 1805 3238 1877 [ut
3259 1808 3404 1862 enim
3425 1849 3440 1861 .
3471 1847 3487 1862 .
3523 1850 3538 1863 .
3567 1813 3793 1866 edocuit.

521 1893 644 1948 dam
674 1893 973 1964 increpatio
1002 1893 1169 1960 dura,
1201 1895 1465 1964 quosdam
1503 1909 1632 1950 vero
1658 1895 1965 1950 exhortatio
1989 1912 2109 1950 cor-
2135 1874 2184 1934 Β
2211 1888 2412 1943 Desunt
2434 1890 2546 1944 ha’c
2576 1891 2798 1964 omnia].
2835 1909 2943 1947 non
2975 1909 3084 1948 una
3126 1874 3426 1966 eademqne
3463 1901 3684 1954 cunctis
3710 1917 3795 1955 ex-

521 1985 648 2056 rigit
689 1983 909 2038 blanda.
959 1982 1116 2039 Sicut
1139 1985 1298 2055 periti
1335 1985 1532 2056 medici
1562 1986 1628 2041 ad
1654 1986 1838 2043 varios
1867 1989 2110 2056 corporis

521 2075 740 2132 morbos
763 2076 979 2132 diverso
993 2075 1350 2132 medicamine
1369 2077 1631 2142 serviunt,
1655 2077 1728 2130 ita
1749 2085 1808 2130 ut
1821 2075 1976 2145 juxta
1987 2076 2110 2130 vul-

521 2185 712 2225 nerum
743 2169 1068 2236 varietates,
1117 2169 1387 2224 medicina
1416 2169 1631 2225 diversa
1661 2169 1734 2224 sit
1761 2188 1774 2224 :
1825 2169 1904 2224 sic
1933 2178 1987 2223 et
2015 2169 2109 2224 do-

519 2269 641 2317 ctor
660 2259 920 2316 Ecclesia:
946 2259 1175 2332 singulis
1195 2261 1498 2332 quibusque
1525 2274 1826 2332 congruum
1849 2258 2108 2316 doctrina:

521 2352 819 2408 remedium
834 2352 1130 2419 adhibebit,
1143 2359 1198 2406 et
1210 2353 1336 2423 quid
1352 2351 1548 2421 cuique
1560 2358 1914 2421 oporteatpro
1925 2359 2105 2416 tetate,

519 2458 619 2514 pro
644 2458 778 2498 sexu
808 2459 872 2499 ac
900 2442 1237 2514 professione
1260 2483 1276 2509 ,
1307 2443 1668 2498 annuntiabit.
1711 2441 1831 2497 Non
1859 2441 2107 2498 omnibus

519 2550 580 2590 ea
613 2551 734 2606 quae
760 2544 886 2591 sunt
907 2536 1110 2603 clausa,
1136 2536 1424 2607 aperienda
1457 2545 1601 2590 sunt.
1636 2534 1786 2590 Multi
1813 2542 1939 2590 sunt
1961 2535 2106 2588 enim

517 2629 614 2699 qui
647 2628 756 2703 [ea]
798 2645 995 2699 capere
1025 2645 1134 2685 non
1179 2637 1445 2700 possunt:
1503 2629 1697 2697 quibus
1744 2628 1788 2682 si
1817 2627 2108 2682 indiscrete

518 2723 954 2786 manil'estentur,
989 2723 1171 2777 statim
1200 2731 1295 2776 aut
1324 2723 1634 2787 detrahunt,
1664 2730 1758 2776 aut
1803 2719 2102 2790 negligunt.

516 2809 700 2864 Prima
726 2811 924 2882 quippe
944 2811 1247 2880 prudentia:
1281 2811 1454 2866 virtus
1483 2819 1598 2876 est,
1651 2826 1772 2865 eam
1801 2826 1963 2880 quam
2012 2810 2106 2863 do-

519 2916 647 2955 cere
674 2909 938 2972 oporteat,
987 2903 1298 2957 existimare
1331 2917 1637 2972 personam.
1669 2902 1913 2958 Rudibus
1937 2917 2106 2973 popu-

519 2991 608 3058 lis,
655 3005 752 3046 seu
801 2991 1146 3056 carnalibus,
1198 2993 1360 3062 plana
1408 3003 1569 3063 atque
1617 2995 1944 3058 communia,
1996 3011 2104 3050 non

521 3097 732 3138 summa
746 3091 906 3153 atque
920 3083 1084 3138 ardua
1095 3124 1109 3150 ,
1124 3084 1468 3153 praedicanda
1483 3093 1627 3150 sunt,
1651 3097 1719 3138 ne
1744 3085 2104 3142 immensitate

524 3173 786 3229 doctrina:
815 3175 1192 3245 opprimantur
1217 3175 1398 3245 potius
1421 3191 1583 3246 quam
1620 3175 1956 3230 erudiantur.
1991 3176 2103 3232 Un—

520 3267 590 3322 de
615 3276 672 3323 et
698 3268 976 3339 apostolus
1006 3267 1205 3322 Paulus
1249 3268 1325 3322 ait
1357 3285 1370 3322 :
1405 3266 1530 3322 Non
1585 3267 1731 3338 potui
1769 3267 1908 3322 vobis
1959 3267 2101 3340 loqui
2127 3247 2172 3310 ε

521 3361 677 3433 quasi
731 3361 1118 3434 spiritualibus,
1167 3361 1258 3416 sed
1277 3363 1428 3432 quasi
1465 3361 1802 3424 carnalibus;
1849 3371 2099 3433 tanquam

519 3450 758 3525 parvulis
791 3454 846 3506 in
871 3451 1102 3515 Christo,
1128 3450 1210 3506 lac
1240 3454 1380 3506 vobis
1408 3462 1587 3523 potum
1616 3451 1757 3516 dedi,
1798 3467 1904 3505 non
1929 3468 2100 3506 escam

520 3546 572 3619 (1
604 3547 726 3602 Cor.
757 3550 862 3619 ιιι).
905 3547 1226 3602 Carnalibus
1256 3547 1454 3617 quippe
1484 3545 1700 3611 animis,
1748 3559 1850 3600 nec
1879 3543 1987 3599 alta
2018 3544 2101 3598 ni-

518 3637 623 3693 mis
648 3637 714 3692 de
744 3637 1080 3703 caelestibus,
1115 3652 1215 3693 nec
1244 3645 1458 3691 terrena
1486 3636 1738 3691 convenit
1765 3636 2097 3704 praedicare:

519 3729 616 3784 sed
639 3729 1008 3792 mediocriter,
1042 3737 1102 3782 ut
1142 3729 1295 3782 initia
1335 3743 1523 3782 eorum
1578 3742 1865 3798 moresque
1889 3727 2101 3782 deside-

521 3824 667 3883 rant,
699 3819 939 3874 edoceri.
968 3819 1174 3873 Corvus
1228 3819 1354 3872 dum
1389 3835 1516 3874 suos
1569 3818 1743 3888 pullos
1768 3819 1964 3883 viderit
1991 3817 2099 3872 albi

521 3908 744 3973 coloris,
771 3909 935 3964 nullis
962 3925 1056 3965 eos
1086 3911 1222 3965 cibis
1258 3911 1393 3965 alit:
1429 3911 1522 3966 sed
1551 3911 1889 3966 tantumdem
1922 3919 2100 3966 atten-

523 3997 626 4065 dit,
686 3997 857 4054 donec
914 4008 1142 4068 paterno
1197 4000 1376 4055 colore
1416 4001 1748 4070 nigrescant,
1797 4009 1851 4056 et
1879 4002 1958 4056 sic
1982 4001 2100 4056 illos

523 4085 799 4159 frequenti
845 4089 968 4144 cibo
1017 4088 1212 4145 reiicit.
1263 4090 1340 4144 ita
1376 4099 1431 4145 et
1455 4091 1716 4146 Ecclesia:
1750 4091 1940 4147 doctor
1961 4100 2102 4147 stre-

520 4197 684 4248 nuus,
716 4183 822 4238 nisi
853 4198 948 4238 eos
979 4197 1114 4252 quos
1140 4184 1301 4240 docet
1329 4178 1526 4239 viderit
1560 4185 1628 4239 ad
1663 4199 1817 4239 suam
1848 4184 2102 4240 similitu—

521 4273 703 4329 dinem
725 4273 1059 4344 poeuitentiae
1083 4272 1424 4329 confessione
1475 4274 1804 4342 nigrescere,
1834 4283 1890 4330 et
1919 4275 2100 4330 nitore

519 4365 769 4421 saeculari
811 4367 1078 4435 deposito,
1138 4365 1542 4422 lamentationis
1602 4367 1847 4422 habitum
1879 4366 1946 4422 de
1978 4383 2102 4438 pec-

517 4456 624 4510 cati
638 4458 1011 4512 recordatione
1027 4458 1271 4525 induere,
1292 4467 1351 4512 ut
1376 4465 1501 4529 pote
1521 4459 1698 4515 adhuc
1715 4460 2100 4525 exterioribus,

519 4547 624 4602 hoc
643 4556 727 4602 est
754 4549 1080 4615 carnalibus,
1106 4566 1214 4606 non
1243 4551 1418 4620 aperit
1446 4551 1812 4622 intelligentia
1839 4551 2098 4620 spiritalis

516 4637 871 4710 profundiora
896 4641 1153 4711 mysteria
1185 4656 1201 4695 :
1240 4657 1329 4707 ne,
1353 4643 1480 4697 dum
1501 4643 1686 4698 audita
1711 4658 1821 4698 non
1851 4643 2093 4712 capiunt,

515 4729 670 4800 prius
720 4729 983 4800 incipiant
1040 4739 1390 4792 contemnere
1437 4749 1599 4802 quam
1634 4732 1882 4788 venerari
1940 4748 2092 4787 man-

516 4824 643 4879 data
705 4823 971 4880 caelestia.
1013 4824 1186 4880 Aliter
1238 4835 1324 4880 est
1377 4826 1644 4897 agendum
1701 4826 1848 4880 circa
1877 4840 1972 4881 eos
2003 4825 2095 4895 qui

515 4923 704 4971 nostro
730 4915 1146 4970 committuntur
1187 4915 1458 4987 regimini,
1517 4915 1563 4970 si
1598 4914 1740 4988 [sed]
1790 4913 2090 4981 offendunt,

515 5014 676 5078 atque
716 5005 876 5060 aliter
909 5021 1033 5060 cum
1061 5006 1146 5059 his
1178 5007 1270 5076 qui
1307 5007 1463 5060 nobis
1493 5005 1768 5061 commissi
1804 5021 1913 5060 non
1941 5013 2088 5060 sunt.

514 5095 615 5164 Qui
642 5096 687 5150 si
735 5094 870 5165 justi
925 5103 1073 5159 sunt,
1131 5096 1427 5150 venerandi
1464 5102 1635 5162 sunt;
1669 5095 1718 5150 si
1760 5110 1892 5150 vero
1920 5095 2092 5150 delin-

519 5197 715 5262 quunt,
745 5203 844 5258 pro
873 5188 986 5244 sola
1015 5188 1306 5253 charitate,
1343 5194 1404 5240 ut
1426 5187 1578 5244 locus
1603 5198 1708 5253 est,
1762 5187 2091 5259 corripiendi

513 5288 661 5348 sunt,
705 5295 816 5335 non
847 5289 1026 5335 tamen
1052 5295 1174 5335 cum
1217 5279 1526 5345 severitate,
1565 5280 1707 5335 sicut
1732 5280 1788 5334 hi
1811 5281 1902 5349 qui
1935 5278 2091 5334 nobis

512 5370 737 5443 regendi
765 5378 890 5426 sunt
919 5370 1216 5425 commissi.
1243 5370 1402 5425 Prius
1434 5370 1663 5426 docendi
1693 5380 1818 5426 sunt
1849 5372 2093 5426 seniores

512 5463 704 5533 plebis,
742 5471 802 5517 ut
825 5476 924 5534 per
979 5477 1074 5518 eos
1124 5461 1266 5518 infra
1297 5463 1460 5533 positi
1506 5461 1718 5517 facilius
1769 5464 2086 5518 doceantur.

516 5554 670 5609 Unde
695 5564 752 5609 et
772 5555 1100 5625 Apostolus:
1135 5553 1286 5621 Hac,
1329 5556 1525 5626 inquit,
1581 5556 1885 5609 commenda
1918 5555 2093 5625 ﬁdeli-

517 5645 611 5698 bus
667 5645 978 5714 hominibus,
1035 5646 1127 5718 qui
1174 5646 1351 5701 idonei
1393 5656 1514 5700 sunt
1548 5655 1596 5700 et
1626 5644 1759 5700 alios
1793 5644 2086 5716 dacere(II

516 5739 654 5793 Tim.
687 5738 770 5808 ιι).
803 5739 1080 5811 Ingenium
1113 5741 1240 5796 boni
1269 5741 1505 5796 doctoris
1533 5749 1617 5796 est
1646 5741 1886 5810 incipere
1915 5755 1945 5793 a
1975 5739 2092 5794 lau-

516 5831 676 5885 dibus
728 5843 912 5884 eorum
951 5846 1086 5899 quos
1138 5829 1427 5885 salubriter
1468 5830 1782 5900 objurgatos
1815 5829 2093 5900 corripere

2212 1982 2452 2038 hortatio
2497 1985 2774 2053 congruit,
2825 1986 2951 2055 quia
3006 2001 3108 2042 nec
3148 1997 3378 2043 cunctos
3425 2005 3535 2058 par
3594 2007 3792 2047 morum

2211 2073 2444 2143 qualitas
2483 2075 2752 2146 astringit.
2789 2075 2943 2146 Saepe
2978 2093 3215 2148 namque
3241 2079 3363 2134 aliis
3387 2081 3663 2147 ofﬁciunt,
3685 2100 3795 2154 qua:

2211 2163 2331 2217 aliis
2355 2172 2602 2233 prosunt.
2622 2165 2760 2232 Quia
2782 2175 2837 2222 et
2857 2166 3180 2240 plerumque
3205 2170 3391 2225 herba:
3404 2186 3529 2240 qua:
3545 2174 3666 2227 hac
3683 2175 3797 2228 ani-

2210 2252 2377 2308 malia
2403 2255 2670 2336 nutriunt,
2705 2257 2811 2311 alia
2843 2259 3118 2313 occidunt.
3149 2259 3216 2314 Et
3245 2260 3385 2316 lenis
3408 2263 3594 2317 sibilus
3624 2280 3798 2334 equos

2210 2349 2443 2420 mitigat,
2497 2349 3006 2428 catulospinstigat:
3061 2360 3117 2407 et
3156 2354 3597 2410 medicamentum
3640 2357 3792 2427 quod

2208 2443 2353 2498 hunc
2376 2444 2624 2498 morbum
2655 2443 2949 2508 imminuit,
2983 2444 3141 2499 alteri
3186 2444 3336 2500 vires
3361 2447 3572 2517 jungit;
3608 2457 3666 2502 et
3691 2463 3793 2518 pa—

2208 2535 2296 2590 nis
2327 2535 2419 2605 qui
2445 2535 2614 2589 vitam
2669 2533 2896 2591 fortium
2938 2536 3179 2602 roborat,
3230 2537 3584 2606 parvulorum
3620 2547 3790 2593 necat.

2207 2625 2314 2680 Pro
2338 2625 2599 2693 qualitate
2625 2627 2792 2697 igitur
2827 2625 3185 2691 audientium,
3222 2626 3458 2683 formari
3510 2628 3795 2685 debetser-

2207 2733 2297 2774 mo
2323 2708 2606 2774 doctorum
2639 2736 2652 2772 :
2687 2727 2747 2773 ut
2799 2727 2855 2775 et
2879 2721 2946 2774 ad
2995 2736 3093 2775 sua
3146 2721 3374 2792 singulis
3429 2732 3711 2794 congruat,
3741 2733 3796 2780 et

2207 2818 2389 2864 tamen
2416 2826 2446 2865 a
2474 2812 2778 2867 communis
2833 2811 3210 2869 aediﬁcationis
3263 2823 3384 2870 arte
3412 2833 3687 2886 nunquam
3717 2833 3794 2872 re-

2207 2903 2385 2957 cedat.
2421 2901 2560 2968 Quid
2588 2902 2733 2956 enim
2768 2912 2894 2958 sunt
2926 2903 3148 2958 intentae
3193 2915 3405 2960 mentes
3460 2908 3787 2970 auditorum,

2205 2997 2310 3051 nisi
2337 2996 2416 3069 (ut
2445 2997 2517 3050 ita
2549 2995 2801 3066 dixerim)
2836 2997 3082 3067 qumdam
3126 2999 3354 3054 cithara:
3381 3003 3660 3056 tensiones
3690 3011 3792 3054 tra-

2206 3092 2309 3141 ctae
2334 3087 2683 3140 chordarum.
2715 3086 2862 3153 Quas
2893 3089 3149 3158 tangendi
3190 3088 3407 3154 artifex,
3443 3100 3506 3144 ut
3531 3107 3641 3144 non
3667 3091 3788 3144 sibi-

2206 3179 2422 3248 metipsi
2453 3179 2713 3234 dissimile
2766 3181 3039 3234 canticum
3069 3174 3256 3245 faciat,
3310 3181 3654 3238 dissimiliter
3677 3182 3792 3252 pul-

2204 3278 2332 3326 sat:
2385 3278 2440 3323 et
2482 3271 2687 3326 idcirco
2741 3273 2956 3326 chordae
3020 3287 3315 3327 consonam
3370 3273 3795 3329 modulationem

2205 3361 2458 3426 reddunt,
2494 3362 2620 3432 quia
2650 3378 2761 3418 uno
2785 3364 3004 3433 quidem
3035 3364 3263 3434 plectro,
3296 3365 3388 3419 sed
3415 3381 3520 3419 non
3554 3381 3671 3420 uno
3697 3368 3796 3420 im-

2200 3451 2382 3521 pulsu,
2417 3453 2707 3508 feriuntur.
2747 3453 2951 3511 Doctor
2995 3455 3246 3526 quisque,
3281 3463 3341 3510 ut
3368 3457 3416 3510 in
3439 3471 3542 3509 una
3577 3458 3798 3513 virtute

2202 3544 2490 3598 charitatis
2544 3551 2769 3600 cunctos
2827 3545 3074 3610 aedificet,
3107 3563 3174 3602 ex
3217 3563 3327 3601 una
3373 3547 3639 3610 doctrina,
3674 3565 3796 3604 non

2202 3653 2308 3690 una
2339 3637 2636 3708 eademque
2675 3639 3080 3705 exhortatione,
3129 3650 3354 3712 tangere
3378 3641 3532 3696 corda
3557 3643 3798 3698 audien-

2203 3728 2338 3782 tium
2354 3728 2530 3783 debet.
2567 3728 2803 3801 (Pastor.
2821 3729 2857 3783 Ι.
2886 3745 2943 3791 ιι,
2980 3746 3096 3800 cap.
3123 3732 3202 3801 3.)
3221 3730 3420 3786 Doctor
3445 3733 3676 3798 etenim,
3699 3735 3789 3803 qui

2203 3818 2309 3873 loci
2347 3818 2429 3872 sui
2458 3819 2778 3874 necessitate
2799 3821 3032 3891 exigitur
3067 3836 3279 3875 summa
3327 3821 3533 3885 dicere,
3559 3821 3671 3876 hac
3701 3837 3791 3876 ea-

2202 3908 2324 3963 dem
2356 3908 2680 3962 necessitate
2703 3909 3047 3978 compellitur
3091 3925 3306 3965 summa
3335 3921 3668 3966 monstrare.
3697 3911 3789 3965 illa

2201 4013 2435 4068 namque
2466 4013 2571 4053 vox
2593 3998 2845 4054 libentius
2869 4000 3177 4055 auditorum
3200 4017 3296 4056 cor
3324 4009 3600 4072 penetrat,
3626 4015 3790 4071 quam

2201 4090 2431 4145 dicentis
2460 4091 2569 4145 vita
2607 4093 2970 4157 commendat,
3021 4094 3146 4162 quia
3201 4085 3345 4163 quod
3381 4092 3660 4163 loquendo
3698 4095 3794 4148 im-

2200 4188 2354 4252 perat
2404 4181 2739 4236 ostendendo
2797 4180 3020 4250 adjuvat
3056 4191 3118 4238 ut
3163 4181 3280 4237 fiat.
3322 4183 3461 4238 Hinc
3503 4185 3659 4238 enim
3699 4199 3792 4255 per

2203 4273 2522 4343 prophetam
2552 4271 2813 4328 Dominus
2859 4273 3030 4329 dicit:
3062 4273 3230 4345 Super
3261 4283 3490 4329 montem
3520 4277 3790 4330 excelsum

2203 4363 2424 4416 ascende
2445 4372 2501 4416 tu
2538 4365 2628 4435 qui
2657 4364 2984 4434 euangelizas
3023 4363 3154 4420 Sion
3208 4364 3345 4437 (lsa.
3378 4366 3493 4436 ιι).
3539 4365 3615 4422 Ut
3646 4368 3793 4421 vidb

2203 4455 2330 4510 licet
2355 4455 2446 4524 qui
2487 4456 2694 4510 caelesti
2739 4456 3122 4524 praedicatione
3152 4457 3340 4522 utitur,
3400 4457 3510 4511 ima
3542 4467 3793 4513 terreno-

2205 4562 2324 4600 rum
2355 4562 2579 4616 operum
2608 4550 2886 4612 deserens,
2919 4549 2974 4603 in
3005 4564 3185 4604 rerum
3234 4549 3475 4604 culmine
3525 4560 3685 4606 stare
3717 4553 3792 4605 vi-

2203 4637 2414 4704 deatur,
2451 4645 2708 4707 tantoque
2750 4638 2962 4695 facilius
3011 4640 3256 4696 subditos
3279 4639 3344 4694 ad
3397 4641 3630 4695 meliora
3674 4658 3797 4714 per-

2201 4727 2399 4793 trahat,
2430 4736 2632 4796 quanto
2657 4744 2757 4800 per
2785 4729 2886 4784 via:
2915 4729 3168 4785 meritum
3196 4730 3262 4784 de
3283 4731 3537 4800 supernis
3557 4731 3794 4786 clamat.

2197 4818 2367 4875 Recte
2398 4820 2565 4874 etiam
2595 4821 2850 4876 sacerdos
2884 4821 3325 4891 superhumerale
3356 4837 3426 4875 ex
3459 4836 3626 4886 auro,
3665 4823 3801 4892 hya-

2196 4915 2403 4980 cintho,
2435 4924 2491 4969 et
2537 4931 2802 4986 purpura,
2845 4924 2900 4969 et
2923 4929 3088 4970 cocco
3138 4913 3220 4968 bis
3280 4915 3475 4979 tincto,
3529 4923 3587 4967 et
3625 4917 3801 4986 bysso

2197 5017 2402 5064 retorta
2440 5007 2639 5062 factum
2665 5009 2866 5062 habere
2901 5007 3232 5076 praecipitur,
3257 5014 3320 5060 ut
3372 5015 3578 5075 quanta
3617 5009 3802 5061 virtu-

2197 5108 2309 5154 tum
2333 5100 2646 5155 diversitate
2668 5098 2968 5153 clarescere
3023 5098 3239 5162 debeat,
3269 5099 3720 5152 demonstretur.
3747 5097 3802 5150 In

2196 5193 2496 5248 sacerdotis
2540 5192 2738 5261 quippe
2770 5191 2958 5245 habitu
2989 5199 3114 5245 ante
3138 5190 3318 5244 omnia
3366 5203 3562 5243 aurum
3591 5189 3803 5260 fulget,

2196 5293 2258 5338 ut
2280 5284 2335 5338 in
2366 5297 2431 5338 eo
2460 5282 2772 5336 intellectus
2815 5282 3096 5352 sapientis:
3133 5279 3511 5351 principaliter
3559 5281 3806 5334 emicet.

2196 5374 2298 5431 Cui
2322 5374 2675 5445 hyacinthus,
2708 5372 2802 5442 qui
2828 5373 3063 5427 aethereo
3111 5371 3293 5426 colore
3322 5369 3672 5440 resplendet,
3711 5371 3815 5426 ad-

2190 5466 2456 5536 jungitur,
2489 5473 2550 5519 ut
2571 5479 2669 5533 per
2702 5479 2863 5518 omne
2925 5463 3067 5534 quod
3096 5461 3446 5531 intelligendo
3503 5471 3806 5530 penetrat.

2194 5575 2299 5615 non
2329 5561 2396 5614 ad
2422 5558 2639 5614 favores
2685 5555 2925 5620 intimos,
2963 5556 3057 5611 sed
3085 5556 3152 5610 ad
3175 5568 3417 5609 amorem
3466 5552 3813 5609 ccelestium

2193 5655 2543 5719 surgat:ne,
2605 5647 2733 5701 dum
2793 5647 2906 5701 suis
2957 5646 3212 5700 incautus
3269 5644 3521 5698 laudibus
3565 5647 3818 5715 capitur

2193 5737 2475 5812 [canitur],
2524 5738 2641 5808 ipso
2668 5736 2833 5792 etiam
2879 5736 3122 5792 veritatis
3175 5734 3453 5790 intellectu
3488 5745 3814 5791 vacuetur.

2190 5830 2338 5886 Auro
2359 5845 2574 5901 quoque
2605 5837 2662 5885 et
2683 5827 2996 5899 hyacintho,
3048 5842 3116 5883 ac
3144 5841 3420 5898 purpurae,
3446 5825 3539 5882 bis
3573 5827 3819 5884 tinctus
