4000 6514
245 401 354 462 857

824 389 1101 448 assum
1140 385 1636 446 cauomcoauu
1675 385 1766 440 AB
1800 361 2159 440 AMALARIO
2197 380 2574 438 COLLECTA.
2616 411 2687 422 -
2724 381 2850 436 ue.
2888 383 2925 436 ι.

3394 386 3498 442 858

241 529 453 576 ooccus
493 511 820 582 adjungitur,
878 515 939 562 ut
976 513 1101 560 ante
1157 504 1354 559 interni
1398 501 1600 572 judicis
1643 499 1830 554 oculos
1857 501 1911 562 Α
1935 499 2015 554 los
2044 513 2395 563 revocemus;
2453 511 2573 567 qua:
2605 497 2649 552 si
2685 473 2904 553 omnino
2949 497 3093 552 nulla
3132 493 3284 567 sunt,
3310 501 3378 556 ad
3407 517 3500 558 oc-

241 607 440 667 omnia
487 605 748 660 virtutum
797 600 936 656 bona
963 611 1032 653 ex
1087 596 1350 653 charitate
1387 596 1731 658 decorentur,
1777 601 1832 646 et

242 707 451 756 cuncta
486 710 606 767 qua:
643 707 826 748 coram
851 688 1157 746 hominibus
1205 686 1446 751 rutilant,
1476 687 1592 740 haec
1621 685 1676 739 in
1704 700 1834 740 con-

244 797 443 862 spectu
470 785 667 844 occulti
696 783 886 839 arbitri
937 780 1155 836 ﬂamma
1188 778 1364 836 intimi
1401 779 1604 862 amoris
1640 792 1834 833 accen-

243 859 360 942 dat.
397 885 534 951 Quae
560 880 770 937 scilicet
801 876 1055 942 charitas,
1085 877 1210 946 quia
1244 875 1412 930 Deum
1433 859 1592 928 simul
1616 887 1681 927 ac
1704 887 1832 943 pro-

245 981 469 1036 ximum
491 976 688 1044 diligit,
722 972 879 1043 quasi
905 987 974 1026 ex
1017 970 1218 1041 duplici
1271 969 1506 1023 tinctura
1561 965 1828 1036 fulgescit.

245 1071 352 1140 Qui
386 1071 559 1142 igitur
585 1069 664 1123 sic
701 1067 767 1121 ad
794 1064 1036 1120 auctoris
1073 1063 1311 1133 speciem
1347 1060 1586 1123 anhelat,
1618 1066 1679 1112 ut
1709 1071 1835 1128 pro-

244 1163 531 1217 ximorum
556 1173 741 1214 curam
779 1156 1052 1228 negligat;
1089 1153 1176 1209 vel
1230 1153 1310 1208 sic
1341 1153 1711 1224 proximorum
1735 1164 1832 1203 cu-

243 1267 367 1308 ram
404 1251 747 1321 exsequitur,
784 1257 845 1304 ut
877 1264 909 1304 a
935 1247 1116 1302 divino
1167 1259 1352 1301 amore
1402 1251 1710 1312 torpescat:
1741 1241 1833 1311 qui

246 1362 425 1402 unum
458 1346 652 1401 horum
679 1343 958 1413 quodlibet
983 1339 1229 1411 negligit,
1282 1339 1336 1393 in
1367 1334 1834 1406 superbumeralis

245 1444 578 1492 ornamento
624 1435 825 1490 habere
859 1446 1079 1487 coccum
1116 1431 1202 1484 bis
1225 1428 1452 1482 tinctum
1480 1426 1672 1480 nescit.
1725 1423 1837 1478 Ca»

246 1534 435 1580 terum
476 1540 601 1580 cum
649 1532 830 1580 rector
866 1537 926 1578 se
958 1522 1026 1576 ad
1056 1518 1383 1589 loquendum
1421 1522 1709 1586 praeparat,
1735 1515 1834 1569 sub

246 1625 465 1686 quanto
491 1615 712 1672 cautelae
741 1614 919 1668 studio
946 1612 1222 1682 loquatur,
1251 1608 1493 1663 attendat
1517 1624 1533 1672 ;
1567 1622 1652 1669 ne,
1685 1605 1731 1660 si
1755 1605 1836 1659 in-

243 1711 509 1766 ordinate
536 1711 604 1764 ad
634 1709 962 1779 loquendum
1002 1707 1230 1777 rapitur,
1267 1704 1470 1760 erroris
1499 1703 1722 1757 vulnere
1747 1716 1836 1754 au-

245 1799 522 1855 dientium
572 1803 735 1855 corda
767 1798 1066 1852 feriantur:
1101 1803 1307 1850 etcum
1341 1792 1569 1847 fortasse
1621 1792 1836 1860 sapiens

241 1891 434 1947 videri
464 1891 754 1955 desiderat,
781 1888 1004 1943 unitatis
1027 1899 1337 1956 compagem
1363 1858 1832 1954 insipienter—abs-
1865 1858 1910 1916 Β

241 1983 466 2038 cindat.
519 1982 657 2037 Hinc
716 1994 949 2050 namque
1001 1978 1056 2033 in
1109 1976 1396 2048 Evangelio
1460 1974 1675 2029 Veritas
1713 1974 1828 2026 ait:

242 2072 466 2129 Habete
488 2074 570 2128 sal
592 2075 649 2127 in
674 2074 838 2138 vobis,
869 2080 918 2126 et
937 2085 1117 2141 pacem
1138 2070 1318 2122 habete
1339 2069 1475 2121 inter
1497 2083 1586 2120 vos
1613 2066 1830 2135 (.llatrlt.

243 2165 350 2235 ιι).
389 2163 501 2220 Per
535 2164 614 2218 sal
637 2164 834 2233 quippe
865 2161 1016 2216 verbi
1043 2159 1308 2229 sapientia
1359 2156 1689 2227 designatur.
1729 2155 1832 2221 Qui

248 2258 425 2329 igitur
453 2255 600 2325 loqui
628 2256 900 2326 sapienter
922 2251 1136 2317 nititur,
1175 2262 1500 2322 magnopere
1540 2254 1743 2302 metuat
1766 2259 1834 2300 ne

245 2355 302 2409 in
335 2351 460 2421 ejus
485 2351 702 2422 eloquio
724 2347 1054 2405 audientium
1080 2346 1262 2401 unitas
1283 2341 1659 2398 confundatur.
1693 2338 1834 2393 Hinc

247 2445 455 2502 Paulus
493 2446 608 2499 ait:
647 2444 770 2499 Non
804 2441 922 2512 plus
953 2456 1136 2511 sapere
1175 2453 1330 2510 quam
1382 2444 1578 2512 oportet
1628 2449 1830 2502 sapere,

250 2536 345 2593 sed
377 2553 568 2607 sapere
591 2535 659 2589 ad
690 2509 1025 2589 sobrietatem
1074 2529 1248 2601 (Rom.
1281 2509 1412 2600 xu):
1439 2526 1519 2581 Ne
1548 2525 1714 2595 igitur
1745 2539 1833 2578 re-

249 2637 371 2684 ctor
397 2628 652 2682 incautus
687 2639 755 2678 an
785 2620 1112 2692 loquendum
1139 2625 1385 2689 proruat,
1418 2616 1521 2672 hoc
1556 2614 1700 2684 quod
1722 2611 1837 2682 jam

247 2720 642 2791 praemisimus,
664 2732 762 2788 per
785 2713 1138 2783 semetipsam
1167 2707 1414 2780 discipuli
1466 2707 1681 2763 Veritas
1729 2706 1838 2760 cla-

250 2820 365 2864 mat
392 2828 406 2864 :
445 2808 652 2863 Habete
686 2805 768 2861 sal
793 2806 849 2860 in
882 2803 1046 2867 vobis,
1083 2811 1131 2856 et
1161 2816 1341 2872 pacem
1371 2798 1553 2852 habete
1585 2799 1835 2864 integros

253 2898 454 2970 (Marc.
511 2897 613 2969 ιι),
668 2911 732 2951 ac
757 2896 802 2951 si
838 2895 1066 2966 figurate
1096 2905 1194 2962 per
1253 2889 1500 2944 habitum
1535 2885 1834 2942 sacerdotis

254 2990 446 3046 dicat:
505 2989 640 3043 Mala
687 2987 883 3060 punica
945 2982 1320 3040 tintinnabulis
1367 2979 1601 3050 jungite,
1656 2986 1716 3032 ut
1738 2991 1836 3047 per

254 3081 439 3137 omnia
481 3095 600 3149 qua:
654 3079 852 3142 dicitis,
888 3076 1155 3131 unitatem
1213 3072 1340 3126 ﬁdei
1387 3077 1546 3125 cauta
1577 3070 1836 3124 observa~

257 3171 407 3226 tione
433 3169 682 3225 teneatis.
723 3165 988 3222 Sacerdos
1018 3178 1230 3233 semper

1935 591 2082 646 culta
2112 591 2206 646 Dei
2237 589 2439 659 judicia
2473 604 2841 644 recurramus.
2867 588 3000 655 Quia
3034 591 3174 645 sicut
3207 607 3307 647 nos
3339 592 3501 651 nullis

1935 682 2145 737 meritis
2167 683 2270 737 hoc
2315 682 2489 750 ipsum
2532 680 2728 735 bonum
2781 682 2923 750 quod
2971 681 3248 748 habemus,
3299 686 3499 756 accipi-

1934 789 2056 829 mus
2083 789 2098 826 :
2137 774 2210 828 ita
2233 772 2338 826 illis
2367 787 2578 842 quoque
2603 781 2778 842 potest
2815 773 2987 843 gratia
3010 787 3254 843 superna)
3283 777 3501 832 virtutis

1934 863 2238 930 infundere,
2283 873 2342 918 ut
2374 865 2595 918 excitati
2640 865 2928 934 posterius,
2961 864 3123 919 etiam
3153 867 3360 935 possint
3385 868 3501 936 ipsa

1933 956 2075 1011 bona
2128 972 2248 1026 quae
2301 973 2399 1011 nos
2451 964 2577 1012 ante
2641 957 2966 1026 accepimus,
3017 959 3332 1028 praevenire.
3371 959 3502 1024 Quis

1935 1049 2079 1103 enim
2102 1049 2350 1103 crederet
2375 1049 2516 1119 quod
2543 1064 2640 1119 per
2662 1048 2992 1117 apostolatus
3019 1049 3272 1102 meritum
3308 1047 3506 1105 Saulus

1933 1141 2234 1211 lapidatum
2292 1141 2625 1211 Stephanum
2685 1155 3062 1210 prmeursurus
3119 1149 3258 1203 erat,
3317 1140 3409 1209 qui
3447 1139 3504 1196 in

1933 1241 2111 1288 morte
2155 1231 2272 1301 ejus
2310 1232 2663 1302 lapidantium
2701 1233 3021 1287 vestimenta
3083 1221 3377 1286 servabat?
3409 1231 3506 1287 llis

1934 1339 2064 1393 ergo
2102 1324 2338 1394 primum
2387 1323 2804 1394 cogitationibus
2859 1322 3132 1378 humiliari
3184 1337 3278 1377 cor
3327 1323 3505 1388 debet,

1935 1422 1990 1468 et
2023 1422 2151 1469 tunc
2208 1415 2422 1470 demum
2487 1414 2912 1484 delinquentium
2959 1413 3271 1484 iniquitates
3329 1415 3506 1468 incre-

1935 1519 2085 1574 pare.

2505 1575 2733 1632 CAPUT
2762 1575 2930 1632 XXV.

2011 1685 2231 1755 (Isidori
2269 1685 2306 1740 ι.
2331 1701 2416 1752 ιιι,
2451 1687 2622 1753 Sent.,
2649 1705 2696 1741 c.
2721 1686 2836 1761 44.)
2893 1686 3108 1759 [lsidori
3136 1685 3203 1740 de
3229 1686 3510 1740 doctorum

1939 1781 2206 1852 silentio]
2244 1781 2349 1836 Pro
2385 1783 2527 1837 malo
2551 1783 2743 1838 merito
2768 1783 2960 1853 plebis,
2994 1780 3239 1836 aufertur
3265 1781 3511 1836 doctrina

1939 1865 2373 1943 praedicationis;
2414 1887 2514 1941 pro
2539 1875 2678 1926 bono
2705 1876 2900 1928 merito
2932 1873 3223 1938 audientis,
3255 1871 3512 1926 tribuitur

1939 1978 2120 2018 sermo
2149 1964 2405 2017 doctoris.
2433 1962 2490 2016 ln
2521 1970 2785 2032 potestate
2807 1963 2983 2016 divina
3007 1964 3276 2027 consistit,
3307 1963 3394 2017 cui
3417 1977 3510 2017 ve-

1937 2055 1998 2107 lit
2037 2054 2181 2109 Deus
2213 2053 2478 2106 doctrinte
2501 2051 2724 2105 verbum
2761 2052 2910 2116 dare,
2949 2049 3034 2104 vel
3059 2051 3143 2103 cui
3168 2050 3422 2104 auferre:
3455 2058 3512 2104 et

1939 2144 2042 2198 hoc
2071 2149 2164 2196 aut
2186 2156 2285 2210 pro
2311 2141 2561 2207 dicentis,
2615 2150 2710 2195 aut
2737 2155 2837 2210 pro
2885 2141 3153 2194 audientis
3186 2139 3247 2194 lit
3293 2139 3508 2203 merito,

1936 2243 1997 2288 ut
2023 2233 2180 2288 modo
2207 2249 2305 2304 pro
2331 2233 2488 2303 culpa
2514 2233 2686 2303 plebis
2732 2231 3011 2286 auferatur
3041 2247 3222 2287 sermo
3251 2232 3508 2297 doctoris,

1936 2323 2097 2377 modo
2126 2336 2224 2391 pro
2249 2321 2479 2376 utilitate
2507 2321 2737 2376 rectoris
2767 2322 3058 2375 tribuatur.
3103 2319 3238 2374 Nam
3267 2321 3512 2375 etbonus

1937 2414 2092 2468 docet
2142 2415 2363 2478 bonum,
2397 2422 2452 2467 et
2500 2413 2674 2467 malus
2700 2411 2939 2476 malum;
2983 2421 3039 2467 et
3082 2412 3254 2466 bonus
3286 2411 3508 2476 malum,

1938 2515 1993 2560 et
2021 2505 2195 2559 malus
2224 2506 2424 2559 bonum
2450 2521 2465 2568 ;
2509 2505 2650 2573 quod
2677 2511 2855 2558 tamen
2881 2503 2941 2556 fit
2955 2501 3110 2570 juxta
3140 2502 3390 2558 meritum
3418 2517 3515 2572 po-

1937 2595 2207 2667 pulorum.
2246 2593 2361 2649 Non
2391 2593 2571 2648 omnia
2615 2602 2852 2663 tempora
2899 2601 3204 2662 congruunt
3231 2592 3511 2660 doctrinae,

1940 2687 2244 2741 secundum
2278 2685 2584 2739 Salomonis
2607 2685 2930 2739 sententiam
2966 2683 3236 2738 dicentis:
3289 2681 3513 2755 Tempus

1941 2779 2149 2834 tacendi
2174 2788 2224 2834 et
2260 2788 2461 2848 tempus
2497 2777 2741 2848 loquendi
2799 2776 2968 2847 (Eccl.
2999 2776 3103 2848 ιιι).
3131 2774 3247 2830 Νοιι
3296 2776 3515 2846 quidem

1937 2888 2037 2942 per
2071 2873 2344 2933 timorem,
2377 2868 2472 2922 sed
2499 2883 2596 2937 per
2641 2866 3044 2930 discretionem,
3077 2873 3295 2935 propter
3341 2864 3514 2918 maio-

1940 2979 2060 3017 rum
2082 2959 2507 3029 incorrigibilem
2563 2956 2922 3025 iniquitatem,
2974 2969 3363 3023 nonnunquam
3407 2953 3515 3008 ele-

1938 3063 2056 3109 ctos
2081 3059 2299 3122 oportet
2320 3066 2350 3104 a
2397 3049 2640 3104 doctrina
2675 3063 2910 3103 cessare.
2952 3047 3224 3102 interdum
3263 3047 3514 3101 doctores

1278 3175 1466 3217 vocem
1497 3159 1835 3229 praedicatio-

1943 3141 2197 3197 Ecclesiae
2236 3138 2416 3194 calore
2456 3137 2742 3192 cbaritatis
2772 3137 3045 3202 ardentes,
3092 3136 3516 3204 conticescunta

258 3207 406 3226 ιιυηυ
435 3207 682 3225 ,νηιαυω
723 3207 988 3222 ww.-.”
1018 3207 1220 3233 ..ν...,,ν-
1292 3207 1466 3217 ,μνη
1497 3207 1803 3229 ,ΜΝ-Ἦ

257 3263 344 3317 nis
368 3263 586 3323 habeat,
621 3275 689 3314 ne
739 3257 958 3328 superni
1015 3254 1334 3326 spectatoris
1367 3251 1633 3321 judicium
1661 3266 1730 3305 ex
1758 3251 1834 3304 si-

1943 3233 2203 3298 docendo,
2255 3231 2383 3300 quia
2429 3245 2537 3285 non
2584 3237 2668 3284 est
2706 3228 2799 3298 qui
2850 3229 3051 3292 audiat,
3107 3236 3340 3284 testante
3393 3243 3516 3298 pro-

256 3355 428 3410 lentio
450 3354 718 3409 ostendat.
755 3363 780 3392 α
815 3348 1089 3420 Scriptum
1142 3349 1341 3418 quippe
1395 3361 1524 3403 est:
1569 3347 1836 3401 Audiatur

254 3445 486 3510 sonitus,
509 3443 721 3514 quando
767 3441 1076 3511 ingreditur,
1135 3447 1226 3491 aut
1281 3438 1548 3508 egreditur
1589 3446 1838 3490 sanctua-

258 3537 403 3589 rium
427 3538 483 3590 in
508 3542 784 3605 conspectu
825 3531 1063 3595 Domini,
1092 3539 1139 3583 et
1191 3545 1294 3584 non
1331 3531 1590 3583 moriatur
1636 3526 1836 3599 (Exod.

260 3623 484 3694 xxvm).
546 3621 814 3678 Sacerdos
869 3622 922 3675 in
959 3617 1369 3674 tabernaculum
1427 3617 1734 3686 ingrediens
1753 3615 1842 3670 vel

260 3715 548 3785 egrediens
569 3715 817 3778 moritur,
875 3714 923 3768 si
951 3715 1018 3768 de
1043 3728 1109 3768 eo
1168 3712 1380 3767 sonitus
1427 3727 1534 3764 non
1575 3711 1838 3765 auditur:

263 3805 396 3876 quia
426 3806 557 3860 iram
624 3813 809 3860 contra
862 3820 920 3860 se
974 3803 1172 3860 occulti
1205 3802 1402 3873 judicis
1433 3803 1622 3872 exigit,
1651 3803 1697 3857 si
1723 3803 1844 3859 sine

259 3897 666 3967 przedicationis
717 3896 895 3952 sonitu
921 3896 1141 3951 incedit.
1173 3895 1313 3966 Apte
1363 3905 1543 3949 autem
1577 3895 1844 3949 tintinna-

261 3987 390 4043 bula
423 3988 756 4043 vestimentis
778 3987 1050 4058 pontificis
1082 3988 1462 4044 describuntur
1485 3988 1709 4042 inserta.
1739 3987 1845 4043 Ve-

265 4079 522 4135 stimenta
547 4078 746 4132 etenim
786 4079 1084 4134 sacerdotis
1129 4079 1259 4148 quid
1286 4058 1453 4132 'aliud
1480 4094 1642 4148 quam
1694 4085 1843 4134 recta

265 4184 430 4241 Opera
485 4171 739 4225 debemus
798 4171 1062 4239 accipere,
1109 4171 1380 4240 Propheta
1431 4178 1721 4226 attestante
1750 4171 1844 4239 qui

268 4260 343 4312 ait
366 4277 379 4311 :
417 4257 824 4314 Sacerdotestui
838 4259 1127 4312 induantur
1133 4260 1399 4328 justitiam
1423 4259 1799 4331 (Psal.cxxx1)
1825 4276 1842 4323 ;

267 4349 608 4404 vestimentis
633 4349 818 4417 itaque
841 4348 985 4404 illius
1017 4349 1376 4404 tintinnabula
1404 4350 1693 4416 inhaerent,
1719 4350 1847 4405 vitae

271 4441 432 4505 viam,
467 4455 592 4494 cum
622 4440 817 4509 linguae
865 4439 1064 4503 sonitu,
1091 4441 1206 4509 ipsa
1241 4455 1459 4511 quoque
1491 4443 1634 4497 bona
1679 4455 1845 4511 opera

1939 3326 2103 3397 pheta
2130 3343 2142 3377 :
2186 3322 2434 3377 Civitates
2486 3321 2668 3375 Austri
2710 3320 2906 3375 clausa:
2935 3332 3080 3386 sunt,
3107 3330 3154 3375 et
3189 3338 3294 3376 non
3321 3331 3398 3374 est
3426 3323 3517 3393 qui

1939 3415 2142 3486 aperiat
2172 3412 2309 3486 (Jer.
2340 3412 2482 3484 xm).
2522 3413 2624 3480 Qui
2647 3412 2874 3468 docendi
2919 3413 3114 3484 accipit
3145 3412 3404 3478 oilioium,
3435 3412 3520 3468 in-

1941 3509 2156 3563 terdum
2202 3507 2271 3561 ad
2295 3516 2507 3576 tempus
2547 3504 2691 3560 facta
2720 3506 2964 3576 proxime
2998 3513 3198 3570 taceat,
3255 3521 3374 3575 qua:
3408 3513 3519 3560 sta-

1945 3599 2040 3652 tim
2070 3597 2343 3668 corrigere
2390 3610 2735 3666 nequaquam
2777 3597 3069 3652 existimat.
3102 3595 3238 3650 Nam
3265 3596 3310 3652 si
3348 3595 3519 3652 corri-

1944 3703 2071 3762 gere
2093 3698 2272 3760 potest
2297 3697 2351 3744 et
2392 3689 2716 3754 dissimulat,
2746 3705 2936 3744 verum
2983 3695 3066 3743 est
3115 3689 3260 3758 quod
3287 3703 3518 3744 consen-

1945 3795 2064 3833 sum
2096 3779 2300 3834 erroris
2328 3779 2488 3834 alieni
2519 3780 2736 3834 habeat.
2759 3779 3012 3850 Plerique
3053 3781 3226 3834 sancti
3271 3780 3520 3836 doctores

1943 3885 2044 3941 pro
2091 3870 2221 3924 mali
2272 3869 2589 3939 pertinacia,
2639 3869 2764 3940 quia
2811 3871 3024 3942 iniquos
3082 3871 3375 3928 emendare
3425 3886 3520 3928 ne-

1947 3967 2171 4032 queunt,
2203 3961 2288 4016 bis
2321 3969 2503 4016 tacere
2535 3961 2825 4031 disponunt
2851 3977 2865 4016 :
2904 3963 2998 4017 sed
3034 3962 3268 4018 calorem
3295 3964 3519 4034 spiritus

1945 4066 2055 4122 quo
2086 4060 2345 4122 aguntur,
2395 4052 2540 4107 ferre
2579 4067 2686 4106 non
2722 4052 3074 4121 sustinentes,
3125 4053 3323 4108 iterum
3352 4054 3408 4108 in
3434 4054 3518 4110 in-

1945 4145 2312 4216 crepationem
2334 4143 2624 4216 prosiliunt
2658 4144 2965 4214 impiorum.

2513 4256 2739 4313 CAPUT
2781 4257 2969 4313 XXVI.

2021 4348 2314 4420 (Prosperi,
2365 4348 2429 4400 de
2472 4345 2592 4400 Vita
2629 4346 2962 4416 contemplat.
2987 4347 3026 4400 l.
3055 4363 3094 4411 ι,
3121 4365 3169 4403 e.
3201 4347 3317 4418 20.)
3362 4347 3516 4415 Quod

1947 4454 2078 4494 vero
2111 4439 2386 4511 [Prosperi
2414 4437 2558 4508 quod
2589 4436 2723 4491 nihil
2774 4438 2947 4507 prosit
2967 4439 3256 4508 sacerdoti,
3303 4441 3520 4500 etiamsi

271 4529 570 4585 sacerdotis
610 4527 862 4583 clament.
912 4527 1022 4584 Nos
1054 4529 1180 4598 quia
1223 4529 1426 4584 inﬁmi
1479 4523 1727 4586 homines
1756 4547 1844 4585 su-
1866 4555 1920 4616 Β
1949 4529 2086 4584 bene
2117 4529 2282 4593 vivat,
2312 4529 2358 4586 si
2410 4529 2550 4584 male
2604 4529 2850 4584 viventes
2886 4531 3113 4586 tacendo
3161 4547 3266 4587 non
3320 4535 3518 4605 arguit,

275 4633 411 4684 mus,
463 4633 588 4672 cum
641 4618 751 4672 Deo
787 4618 854 4673 de
900 4619 1210 4675 hominibus
1260 4619 1552 4688 loquimur,
1584 4620 1844 4676 debemus

274 4709 507 4778 primum
557 4710 866 4764 meminisse
897 4711 1024 4779 quid
1055 4725 1243 4766 sumus
1271 4729 1282 4764 :
1321 4720 1381 4766 ut
1406 4726 1473 4766 ex
1507 4711 1729 4782 propria
1764 4712 1847 4766 in-

277 4798 538 4855 firmitate
572 4816 875 4870 pensemus,
925 4816 1032 4869 quo
1084 4802 1310 4856 docendi
1356 4803 1546 4858 ordine
1602 4803 1849 4859 inﬁrmos

280 4888 473 4948 fratres
505 4893 866 4947 consolemur.
920 4891 1334 4948 Consideremus
1377 4895 1560 4964 igitur,
1590 4895 1714 4964 quia
1757 4904 1849 4950 aut

283 4983 411 5041 tales
436 5001 645 5048 sumus,
683 4984 870 5054 quales
898 4984 1179 5039 nonnullos
1205 4986 1525 5055 corrigimus
1558 5004 1570 5038 :
1601 4997 1694 5038 aut
1716 4986 1851 5040 tales

284 5073 572 5145 aliquando
606 5074 827 5140 fuimus,
859 5074 962 5130 etsi
985 5072 1098 5142 jam
1146 5073 1328 5129 divina
1363 5077 1537 5146 gratia
1593 5083 1852 5145 operante

285 5180 387 5220 non
421 5181 614 5223 sumus
642 5184 656 5219 :
691 5173 749 5219 ut
779 5173 928 5220 tanto
979 5181 1070 5220 eos
1100 5165 1488 5236 temperantius
1537 5165 1700 5220 corde
1752 5165 1853 5219 hu-

290 5254 398 5310 mili
438 5256 795 5327 corrigamus,
841 5264 1041 5326 quanto
1088 5257 1446 5327 nosmetipsos
1475 5257 1656 5311 verius
1687 5257 1854 5312 iubis

291 5358 420 5413 quos
441 5344 810 5412 emendamus,
870 5347 1227 5415 agnoscimus.
1286 5345 1344 5401 Si
1392 5362 1492 5401 nos
1541 5347 1854 5402 sacerdotes

295 5435 422 5492 tales
458 5451 557 5492 nec
578 5451 782 5502 sumus,
820 5451 920 5492 nec
951 5436 1150 5493 fuimus
1183 5437 1370 5506 quales
1416 5437 1592 5492 adhuc
1624 5438 1700 5492 illi
1730 5447 1858 5493 sunt

297 5537 424 5592 quos
450 5528 738 5583 emendare
759 5543 1010 5582 curamus
1042 5545 1054 5580 :
1096 5543 1164 5582 ne
1195 5543 1288 5582 cor
1320 5537 1565 5582 nostrum
1599 5528 1736 5583 forte
1768 5544 1858 5583 su-

300 5619 521 5684 perbiat,
545 5619 688 5675 etde
716 5620 829 5690 ipsa
860 5620 1167 5675 innocentia
1197 5620 1250 5674 in
1280 5619 1431 5690 pejus
1452 5628 1599 5685 ruat,
1627 5636 1856 5690 quorum

305 5708 436 5765 mala
459 5711 796 5783 corrigimus,
846 5709 950 5764 alia
971 5724 1160 5766 eorum
1185 5713 1325 5768 bona
1356 5711 1510 5766 nobis
1561 5719 1685 5766 ante
1713 5727 1852 5768 ocu-

1948 4619 2269 4701 Quodvero,
2311 4618 2444 4691 etc.]
2475 4619 2604 4674 dicit
2631 4618 2923 4689 Apostolus
2984 4620 3071 4692 (II
3104 4621 3280 4678 Thess.
3314 4624 3429 4697 ιιι),
3465 4633 3525 4680 ut

1950 4697 2056 4767 nos
2080 4697 2309 4766 formam
2347 4710 2642 4767 debeamus
2665 4713 2924 4769 exhibere
2967 4713 3234 4781 ﬁdelibus,
3271 4718 3402 4786 quid
3427 4733 3524 4774 va-

1949 4803 2083 4858 lebit
2112 4803 2156 4858 si
2181 4803 2226 4858 is
2260 4803 2346 4856 cui
2382 4801 2467 4856 vel
2495 4805 2817 4857 exhortandi
2846 4805 3038 4869 bonos,
3089 4805 3173 4860 vel
3217 4807 3519 4877 castigandi

1952 4895 2142 4960 malos,
2176 4910 2306 4950 cura
2336 4896 2626 4949 commissa
2663 4903 2764 4959 est,
2804 4896 2940 4949 bene
2962 4896 3191 4950 vivendo
3218 4912 3276 4952 se
3302 4899 3523 4954 imitan-

1952 4990 2078 5045 dum
2113 4987 2271 5042 bonis
2296 4986 2565 5051 exhibeat,
2599 4993 2654 5039 et
2681 4985 2850 5040 malos
2875 4987 3102 5042 tacendo
3154 5002 3263 5043 non
3287 4990 3525 5058 arguat?

1952 5078 2034 5132 Ad
2068 5079 2171 5131 hoc
2198 5075 2343 5129 enim
2387 5074 2513 5143 (nisi
2544 5090 2630 5129 me
2663 5073 2803 5129 fallit
2845 5075 3050 5147 opinio)
3099 5085 3287 5131 sancte
3335 5077 3524 5134 viven-

1955 5169 2082 5222 dum
2117 5175 2200 5222 est
2226 5167 2513 5233 sacerdoti,
2544 5183 2612 5222 ne
2661 5169 2804 5224 dicta
2832 5185 2928 5225 sua
2979 5170 3404 5240 repugnantibus
3440 5170 3523 5227 fa-

1957 5259 2061 5314 ctis
2095 5268 2338 5314 evacuet.
2383 5257 2440 5314 Si
2477 5261 2618 5329 quod
2679 5263 2937 5330 praedicat
2991 5260 3108 5316 ﬁeri
3153 5262 3369 5326 debere,
3422 5277 3526 5318 non

1959 5348 2148 5416 faciat,
2191 5359 2284 5405 aut
2318 5350 2363 5405 si
2415 5351 2560 5422 quod
2608 5367 2716 5406 non
2741 5352 2888 5416 facit,
2926 5352 3219 5421 praedicare
3269 5367 3531 5422 praesum-

1959 5440 2164 5509 pserit,
2206 5439 2341 5495 nihil
2375 5441 2514 5511 apud
2543 5455 2636 5496 eos
2671 5442 2763 5511 qui
2810 5440 2927 5512 ejus
2955 5441 3124 5496 vitam
3162 5456 3380 5506 novere,
3406 5458 3564 5514 pro-.

1962 5530 2126 5586 ticiet.
2161 5531 2300 5599 Quia
2336 5533 2526 5588 adhoc
2554 5541 2638 5586 est
2671 5531 2924 5587 Ecclesiae
2958 5533 3054 5587 Dei
3098 5535 3441 5604 praepositus,
3472 5544 3532 5591 ut

1963 5638 2071 5679 non
2094 5625 2267 5681 solum
2295 5625 2432 5679 bene
2451 5625 2680 5680 vivendo
2708 5624 2843 5681 alios
2872 5625 3117 5697 exemplo
3156 5641 3270 5682 suae
3302 5643 3530 5684 conver-

1963 5717 2190 5774 sationis
2214 5716 2480 5783 instituat,
2503 5717 2599 5773 sed
2619 5718 2782 5774 etiam
2831 5718 3152 5778 ﬂducialiter
3185 5722 3530 5792 praedicando

369 5832 395 5861 ι
430 5819 562 5876 Tota
611 5835 842 5892 sequens
870 5819 1122 5891 periodus
1169 5835 1340 5890 usque
1363 5820 1432 5877 ad
1452 5821 1718 5890 sacerdos,
1742 5831 1876 5892 etc.,
1914 5824 2084 5881 deest.
