4000 6448
472 332 583 419 nos

1470 327 1894 404 unanimus
1928 338 2344 397 PRESBYTER
2381 337 2740 393 MELENSIS.
2796 404 2805 413 α

3639 333 3758 391 θαι

471 477 819 544 omnipotens
862 469 1008 524 Deus
1058 464 1306 523 veritatis
1339 463 1566 519 verbum
1601 458 1928 515 facientibus
1952 453 2055 509 tri-
2082 456 2137 515 Α
2160 454 2337 518 docet,
2368 442 2755 544 ipsam,‘quam
2776 447 3057 516 praedicat,
3100 444 3756 544 νξζίῐλῐθωδθξιιεωιιιι-

472 567 610 630 buit,
638 574 695 620 et
722 548 833 618 non
862 558 1184 615 facientibus
1222 554 1382 610 tollit.
1423 553 1525 620 Qui
1561 566 1693 621 ergo
1736 550 1840 604 hoc
1874 547 1941 603 de
1963 559 2058 601 ore

473 670 572 712 suo
603 669 712 711 non
768 648 974 707 auferri
1022 647 1200 719 petiit,
1238 645 1367 714 quid
1422 642 1566 697 aliud
1614 655 1777 711 quam
1829 638 2060 711 gratiam

472 748 629 805 bonae
669 743 1001 818 operationis
1047 738 1339 811 quaesivit?
1365 735 1441 790 Ac
1478 735 1525 790 si
1578 740 1765 804 aperte
1812 732 2056 786 diceret:

477 837 699 910 (Horat.
725 853 805 902 xx,
827 853 875 889 c.
899 833 1014 905 10.)
1042 833 1088 886 Α
1115 832 1260 886 bono
1302 844 1470 900 opere
1511 840 1700 881 errare
1744 839 1831 880 me
1856 840 1964 879 non
1992 824 2064 879 si-

477 946 598 997 nas,
644 944 734 994 ne,
767 928 897 982 dum
930 926 1118 980 amitto
1152 925 1397 979 ordinem
1434 922 1572 976 bene
1612 918 1846 982 vivendi,
1895 916 2060 972 recti-

477 1024 724 1079 tudinem
780 1020 1004 1091 perdam
1042 1015 1315 1085 loquendi.
1354 1012 1684 1081 Plerumque
1732 1012 1920 1065 doctor
1967 1007 2062 1078 qui

481 1115 677 1170 docere
698 1112 859 1167 audet
883 1108 1027 1179 quod
1057 1106 1280 1179 negligit
1306 1118 1486 1175 agere,
1522 1118 1645 1158 cum
1673 1102 1896 1155 desierit
1922 1101 2063 1154 bona

477 1204 624 1276 loqui
663 1217 781 1273 quae
826 1201 1045 1271 operari
1077 1197 1419 1280 contempsit,
1450 1197 1645 1250 docere
1681 1193 1952 1262 subjectos
1982 1194 2063 1248 in-

478 1297 610 1366 cipit
639 1308 807 1364 prava
833 1307 955 1361 quae
998 1290 1145 1361 agit:
1177 1296 1237 1343 ut
1260 1290 1407 1358 justo
1433 1285 1824 1355 omnipotentis
1859 1285 1954 1339 Dei
1975 1282 2068 1351 ju»

483 1388 645 1449 dicio,
674 1386 729 1439 in
757 1387 900 1439 bono
937 1382 1052 1451 jam
1078 1396 1178 1436 nec
1205 1379 1443 1449 linguam
1473 1376 1694 1440 habeat,
1735 1375 1826 1445 qui
1860 1375 2066 1429 habere

478 1479 674 1533 bonam
696 1479 861 1533 vitam
893 1483 1144 1531 recusat:
1176 1481 1446 1544 quatenus
1472 1471 1598 1524 dum
1628 1484 1783 1524 mens
1806 1467 1922 1536 ejus
1956 1474 2066 1521 ter-

480 1585 611 1626 reno
644 1585 831 1624 amore
880 1549 1207 1628 incenditur,
1259 1565 1325 1618 de
1364 1561 1595 1616 terrenis
1640 1561 1805 1614 rebus
1853 1573 2067 1627 semper

480 1661 751 1731 loquatur.
788 1661 941 1717 Unde
968 1660 1022 1713 in
1046 1655 1338 1725 Evangelia
1367 1653 1581 1708 Veritas
1603 1652 1732 1707 dicit
1758 1670 1770 1704 :
1801 1649 1886 1705 Ea:
1908 1650 2068 1704 abun-

2158 544 2321 600 bilem
2357 542 2503 597 facit.
2536 540 2710 595 Areus
2731 553 3023 609 perversus
3046 545 3130 593 est
3152 536 3335 608 lingua
3357 539 3758 609 magistrorum

2160 632 2466 688 docentium
2507 631 2664 695 bene,
2696 637 2753 684 et
2784 627 3085 683 viventium
3126 627 3306 681 male:
3356 635 3412 683 et
3440 629 3567 684 ideo
3589 630 3756 699 quasi

2161 743 2227 784 ex
2272 740 2530 797 perverso
2582 740 2712 779 arcu
2767 723 3022 793 sagittam
3078 721 3352 788 emittunt,
3404 722 3535 778 dum
3594 740 3757 778 suam

2160 833 2382 890 pravam
2412 817 2577 871 vitam
2606 814 2841 885 propriae
2873 814 3071 885 linguae
3116 814 3229 868 ictu
3259 812 3601 869 confodiunt.
3646 817 3756 885 Qui

2161 910 2299 965 bene
2343 909 2519 974 docet,
2547 916 2602 962 et
2644 907 2785 962 male
2811 906 2965 971 vivit,
3012 906 3269 975 tanquam
3313 922 3408 972 tes,
3457 914 3556 962 aut
3600 925 3761 980 cym-

2162 998 2365 1065 balum,
2409 999 2643 1053 sonitum
2675 998 2807 1053 facit
2834 998 2977 1063 aliis,
3022 998 3141 1068 ipse
3175 1006 3359 1054 tamen
3410 1001 3515 1054 sibi
3564 1013 3760 1057 manet

2165 1088 2503 1143 insensualis.
2554 1087 2656 1156 Qui
2700 1089 2839 1144 bene
2889 1088 3066 1156 docet,
3116 1096 3173 1143 et
3214 1089 3354 1145 male
3399 1091 3558 1157 vivit,
3607 1094 3759 1162 quod

2163 1181 2340 1245 docet,
2374 1185 2511 1238 bene
2533 1184 2841 1238 viventibus
2863 1184 3115 1254 proﬁcit:
3156 1188 3299 1255 quod
3338 1203 3473 1242 vero
3493 1189 3640 1243 male
3679 1190 3761 1242 vi-

2163 1274 2262 1339 vit,
2304 1274 2541 1343 seipsum
2592 1273 2807 1328 occidit.
2862 1274 3015 1329 Sicut
3047 1277 3303 1331 sacerdos
3350 1277 3466 1346 qui,
3518 1279 3565 1332 si
3598 1279 3759 1349 digne

2166 1379 2224 1419 se
2264 1365 2374 1434 agit
2417 1373 2476 1417 ut
2520 1365 2854 1419 sacerdotem
2904 1365 3080 1430 decet,
3131 1367 3497 1422 ministerium
3544 1370 3668 1439 ejus
3704 1378 3761 1425 et

2166 1454 2271 1523 ipsi
2316 1463 2372 1509 et
2409 1455 2530 1509 aliis
2562 1455 2694 1509 utile
2732 1465 2835 1509 est.
2886 1457 3107 1528 Indigne
3147 1466 3327 1513 autem
3373 1460 3592 1523 vivens,
3643 1460 3762 1517 aliis

2168 1549 2384 1618 quidem
2407 1547 2555 1603 utilis
2581 1556 2664 1603 est
2691 1547 2980 1618 loquendo,
3004 1564 3062 1605 se
3091 1534 3272 1605 autem
3302 1550 3568 1606 interﬁcit
3598 1568 3761 1622 prave

2166 1640 2412 1693 vivendo.
2441 1639 2519 1694 Ac
2544 1654 2643 1708 per
2669 1640 2774 1694 hoc
2801 1641 2942 1709 quod
2971 1641 3026 1695 in
3067 1640 3158 1694 illo
3186 1650 3465 1696 mortuum
3495 1652 3606 1707 est,
3640 1659 3758 1712 pro-

480 1730 667 1808 dautia
703 1754 840 1807 enim
871 1752 1044 1806 cordis
1070 1766 1126 1803 os
1156 1748 1404 1818 loquitur.
1456 1744 1636 1799 Bonus
1661 1743 1813 1797 homo
1835 1742 1898 1795 de
1932 1741 2065 1795 bono
2092 1788 2129 1818 _.
2166 1732 2345 1799 ρτίυηι
2380 1730 2496 1801 eius
2517 1740 2636 1797 est;
2670 1732 2813 1801 quod
2841 1748 2970 1787 VEI‘O
2996 1734 3127 1787 ViVil
3148 1735 3209 1788 in'
3236 1750 3318 1795 eo.
3349 1734 3404 1789 id
3432 1745 3521 1790 est
3545 1753 3757 1793 sacrum

485 1848 732 1901 thesauro
771 1844 969 1916 profert
1013 1844 1171 1907 bona,
1211 1816 1259 1894 et
1288 1838 1458 1893 malus
1489 1839 1643 1890 homo
1669 1835 1733 1889 de
1774 1832 1914 1888 malo
1956 1833 2063 1885 the-
2090 1816 2138 1875 Β
2166 1822 2549 1916 "liftiStei‘illm,
2586 1823 2822 1877 alienum
2850 1832 2952 1878 (Ξει-
2994 1823 3098 1916 Οιιιί
3127 1825 3264 1880 δεῦε
3294 1827 3474 1889 docet.
3527 1838 3584 1881 Ct
3627 1829 3760 1884 male

479 1953 641 1992 sauro
669 1937 865 2008 profert
891 1935 1032 1989 mala
1061 1932 1278 2004 (Matth.
1310 1930 1432 2000 xtl).
1458 1928 1594 1983 Hinc
1613 1935 1667 1981 et
1690 1924 1925 1981 Joannes
1950 1925 2025 1979 ait
2051 1940 2064 1978 :

486 2025 603 2096 Ipsi
660 2025 723 2079 de
779 2023 976 2078 mundo
1031 2030 1197 2088 sunt,
1255 2019 1373 2073 ideo
1426 2017 1491 2071 de
1540 2015 1736 2070 mundo
1785 2015 2071 2086 loquuntur

487 2115 544 2185 (Ι
567 2113 728 2169 Ioan.
754 2113 850 2185 tv).

1050 2199 1278 2257 CAPUT
1302 2197 1539 2254 XXVIII.

557 2290 828 2367 (Prosperi
867 2295 933 2348 de
978 2291 1101 2347 Vita
1143 2287 1421 2359 contempt.
1449 2287 1488 2341 Ι.
1518 2287 1570 2351 i,
1598 2303 1646 2340 ο.
1674 2283 1788 2354 15.)
1830 2282 2073 2340 Recolite

485 2398 616 2455 ergo
645 2382 924 2456 [Prosperi
957 2382 1025 2438 de
1051 2379 1377 2452 negligentia
1406 2376 1727 2441 sacerdotis,
1759 2374 1851 2445 qui
1875 2373 2074 2430 doctri-

483 2488 568 2528 nae
605 2489 716 2530 sua:
746 2472 1025 2545 negligens
1048 2485 1335 2542 personam
1382 2456 1610 2539 implere
1635 2483 1742 2522 non
1769 2476 1950 2536 potest
1977 2466 2073 2523 do-

484 2567 679 2631 ctoris,
711 2564 956 2621 Recolite
985 2578 1128 2634 ergo,
1160 2561 1293 2633 etc.]
1321 2569 1524 2631 quanta
1555 2568 1610 2614 et
1644 2560 1846 2629 qualia,
1877 2574 1965 2614 me
1986 2574 2075 2613 au-

488 2657 667 2714 diente
704 2664 864 2726 atque
904 2656 1187 2726 probante,
1221 2653 1403 2709 dicere
1446 2650 1703 2707 solebatis
1748 2651 1814 2705 de
1843 2649 2075 2705 admini-

484 2736 749 2801 stratione
785 2744 1077 2816 pontiﬁcis,
1121 2743 1234 2813 qui,
1276 2740 1460 2812 populi
1494 2739 1598 2794 sibi
1637 2738 1914 2794 commissi
1942 2753 2073 2793 cura

485 2837 832 2908 posthabita,
887 2836 1164 2892 ardentius
1225 2835 1365 2889 bona
1422 2833 1714 2903 praesentia
1774 2832 2070 2898 desiderat,

491 2942 652 2997 quam
680 2927 859 2982 futura
884 2944 900 2993 ;
937 2935 993 2981 et
1016 2925 1214 2981 oblitus
1244 2923 1387 2994 quod
1417 2937 1525 2977 non
1569 2923 1743 2977 solum
1772 2923 1838 2977 de
1870 2937 1947 2988 se,
1980 2921 2075 2978 sed

490 3019 655 3073 etiam
686 3018 752 3073 de
781 3032 943 3088 grege
967 3016 1072 3072 sibi
1099 3015 1329 3080 credito,
1353 3014 1623 3070 rationem
1644 3015 1850 3084 pastori
1890 3023 2076 3085 pasto-

489 3125 612 3164 rum
638 3110 878 3165 omnium
903 3109 1112 3173 reddet,
1146 3123 1244 3164 sua
1263 3123 1592 3177 suorumque
1615 3108 1938 3163 detrimenta
1963 3123 2073 3163 non

488 3202 710 3271 cogitat.
757 3201 927 3269 Quem
969 3216 1077 3255 non
1127 3200 1551 3270 delinquentium
1598 3208 1819 3270 peccata
1862 3201 2071 3255 contri-

490 3300 658 3357 stant,
683 3306 785 3348 nec
820 3290 1221 3364 proﬁcientium
1266 3291 1406 3345 bona
1451 3290 1747 3355 laet-ineant,
1792 3290 1887 3345 sed
1927 3291 1991 3346 de
2017 3306 2075 3347 se

490 3391 721 3451 tantum,
757 3384 1093 3457 plerumque.
1119 3391 1299 3439 autem
1341 3398 1443 3438 nec
1474 3383 1539 3437 de
1568 3398 1627 3437 se
1653 3382 1877 3437 omnino
1919 3382 2071 3438 solli-

494 3474 657 3540 citus,
682 3476 813 3545 quid
843 3492 874 3529 a
903 3474 1016 3531 suis
1042 3475 1169 3531 boni
1194 3474 1391 3529 malive
1416 3481 1657 3546 geratur,
1694 3474 1925 3545 ignorat.
1972 3474 2075 3542 Qui

491 3580 599 3621 non
647 3569 906 3638 praedicat
958 3568 1420 3639 perseverantiam
1472 3567 1656 3636 justis.
1696 3570 2076 3640 paenitentiam

494 3659 699 3728 pravis,
721 3643 1090 3729 contemptum
1116 3660 1301 3714 mundi
1329 3659 1625 3738 conversis,
1654 3658 1864 3716 futuras
1886 3675 2078 3731 paruas

496 3750 725 3805 aversis.
753 3749 853 3816 Qui
894 3766 999 3805 non
1046 3757 1224 3819 potest
1271 3750 1451 3804 dicere
1493 3752 1955 3820 contemptoribus
1981 3752 2078 3806 ad—

496 3838 809 3893 monitionis
854 3848 986 3902 sua',‘
1030 3838 1293 3894 Futurum
1332 3839 1562 3908 cogitate
1599 3838 1887 3908 judicium,
1934 3841 2079 3911 quod

496 3931 614 4000 ipse
646 3927 787 3984 forte
812 3944 921 3984 non
967 3931 1188 4007 cogitat.
1244 3930 1595 3987 Amatoribus
1641 3934 1848 3999 mundi,
1901 3932 2079 3990 Nolite

496 4019 722 4089 diligere
776 4019 1052 4085 mundum,
1106 4020 1151 4074 si
1202 4034 1324 4075 eum
1376 4021 1563 4076 mundi
1616 4037 1770 4077 amor
1822 4022 2076 4078 oblectat.

499 4108 833 4172 Ambitiosis,
877 4099 1319 4179 Ambitioni'jam
1367 4109 1527 4165 ﬁnem
1570 4112 1848 4183 imponite,
1878 4113 1923 4169 si
1953 4130 2079 4170 eum

502 4197 728 4255 ambitio
778 4199 996 4255 ruinosa
1048 4200 1368 4271 praecipitat.
1430 4201 1693 4268 Ebriosis,
1747 4202 2080 4259 Ebrietatem

498 4299 703 4355 cavete,
735 4291 779 4346 si
801 4306 861 4346 se
887 4305 1037 4346 mero
1064 4306 1236 4362 usque
1263 4292 1329 4347 ad
1354 4291 1731 4349 alienationem
1775 4293 1972 4349 mentis
2000 4294 2081 4349 in-

499 4382 751 4453 gurgitat.
784 4380 1124 4453 Sumptuosis
1159 4382 1385 4453 dapibus
1430 4382 1702 4453 gravidus,
1746 4398 1854 4438 non
1898 4391 2081 4454 potest

496 4477 608 4531 suis
632 4476 1014 4530 abstinentiam
1046 4476 1287 4541 laudare,
1320 4488 1481 4546 quam
1508 4460 1699 4532 calcat.
1748 4477 1894 4533 Vitio
1918 4477 2072 4547 cupi-

497 4567 679 4622 ditatis
709 4568 970 4631 addictus,
999 4570 1206 4638 cupidis
1252 4584 1489 4625 amorem
1518 4581 1625 4625 non
1654 4579 1837 4640 potest
1863 4571 2075 4626 dissua-

503 4658 631 4712 dere
659 4657 917 4726 pecunias.
947 4657 1354 4714 Inimicitiarum
1385 4668 1563 4725 tenax,
1599 4677 1706 4729 non
1738 4662 1938 4716 valebit
1964 4662 2081 4717 ani-

501 4762 620 4804 mos
662 4747 1039 4803 dissidentium
1087 4750 1406 4805 sacerdotali
1435 4750 1826 4821 tranquillitate
1860 4765 2079 4821 compo-

499 4852 649 4893 nere.
679 4835 952 4893 Justitiam
972 4840 1267 4908 prazdicare
1297 4837 1570 4909 judicibus
1597 4840 1888 4905 erubescit,
1916 4854 2078 4909 quam

498 4929 615 5000 ipse
647 4944 892 5001 personae
911 4931 1146 5000 potentis
1173 4930 1359 4987 favore
1382 4931 1716 5001 corrumpit:
1767 4944 1869 4985 nec
1896 4929 2080 4986 defen-

501 5023 578 5079 dit
603 5037 913 5095 0ppressos,
936 5024 981 5077 si
1011 5038 1273 5094 personas
1304 5031 1398 5078 aut
1419 5024 1668 5089 honorat,
1693 5031 1787 5078 aut
1810 5022 2074 5093 despicit:

440 5102 443 5103 ⁷
501 5124 557 5169 et
581 5116 838 5185 quidquid
864 5114 991 5170 boni
1022 5128 1128 5169 non
1157 5114 1306 5179 facit,
1353 5122 1447 5167 aut
1484 5115 1611 5169 mali
1638 5113 1946 5178 committit,
1977 5126 2080 5168 nec

499 5204 711 5276 iubebit
739 5203 881 5269 ﬁeri,
904 5208 1017 5259 nec'
1040 5202 1277 5259 vetabit:
1311 5202 1437 5272 quia
1462 5203 1822 5258 necessariam
1853 5201 2079 5259 docendi

507 5294 908 5359 auctoritatem,
948 5288 1338 5350 contrarietate
1369 5306 1480 5347 suae
1509 5291 1759 5354 actionis.
1800 5300 1897 5349 aut
1923 5293 2083 5347 amit—
2162 5344 2165 5345 ν

509 5385 574 5439 tit
603 5393 695 5441 aut
728 5385 941 5441 minuit.

1067 5472 1295 5530 CAPUT
1327 5471 1500 5529 XXIX

482 5592 485 5599 ·
586 5564 805 5637 (Isidori
832 5566 868 5620 ι.
893 5581 978 5632 ut,
1005 5515 1180 5629 5.2;}:
1263 5515 1620 5635 bii-[Eidem
1638 5561 1706 5618 de
1727 5561 1812 5617 his
1831 5560 1924 5632 qui
1946 5561 2087 5617 bene
2111 5515 2114 5518 i

518 5656 715 5713 docent
736 5663 792 5710 et
818 5656 957 5711 male
983 5652 1214 5726 vivunt.]
1242 5652 1514 5709 Interdum
1537 5652 1773 5709 doctoris
1794 5652 1902 5707 vita
1922 5653 2086 5707 etiam

518 5753 636 5823 ipsa
658 5762 825 5805 verax
861 5750 1105 5807 doctrina
1147 5748 1390 5814 vilescit;
1423 5755 1479 5802 et
1512 5746 1607 5817 qui
1641 5761 1748 5803 non
1775 5744 1912 5802 vivit
1941 5744 2100 5805 sicut.

2168 1912 2325 1975 vivit,
2354 1911 2568 1965 videtur
2589 1920 2648 1965 ut
2671 1927 2881 1977 cereus,
2914 1914 3005 1983 qui
3038 1913 3159 1967 aliis
3178 1914 3378 1968 bonam
3406 1917 3566 1970 novit
3589 1918 3758 1973 lucem

2169 1998 2450 2070 praestare,
2500 2016 2558 2055 se
2606 2016 2737 2056 vero
2784 2002 2839 2055 in
2876 2003 3032 2057 malis
3081 2003 3196 2057 suis
3241 2020 3572 2061 consumere
3604 2016 3760 2076 atque

2171 2093 2535 2163 exstinguere.
2568 2093 2672 2160 Qui
2703 2094 2843 2149 bene
2872 2095 3052 2162 docet,
3081 2104 3136 2149 et
3165 2097 3306 2152 male
3347 2099 3506 2165 vivit,
3549 2101 3761 2158 videtur

2065 2222 2069 2227 ι
2169 2184 2372 2240 bonum
2422 2185 2566 2239 malo
2608 2186 2956 2256 conjungere,
2993 2186 3171 2243 lucem
3219 2190 3459 2246 tenebris
3505 2193 3755 2261 miscere,

2172 2277 2459 2333 veritatem
2492 2278 2776 2333 mendacio
2801 2284 3033 2334 mutare.

2745 2409 2972 2466 CAPUT
3007 2409 3180 2466 XXX.

2244 2501 2409 2573 (Ibid.
2434 2517 2480 2555 ο.
2513 2500 2628 2574 '58.)
2658 2500 2815 2572 Stepe
2848 2518 2948 2572 per
2975 2517 3112 2573 quos
3144 2502 3356 2574 justitia
3391 2502 3553 2577 [item
3573 2504 3762 2563 lsidori

2172 2594 2239 2649 de
2284 2591 2547 2663 exemplis
2592 2592 2855 2647 malorum
2892 2595 3257 2659 sacerdotum,
3307 2595 3465 2665 Saepe
3503 2613 3609 2668 per
3634 2613 3761 2668 quos

2166 2684 2403 2755 justitia,
2433 2682 2566 2755 etc.]
2596 2682 2843 2749 docetur,
2871 2701 2970 2755 per
3012 2686 3157 2755 ipsos
3185 2689 3397 2757 peccati
3442 2691 3673 2745 morbus
3693 2692 3762 2745 ir-

2174 2777 2332 2845 repit,
2360 2784 2416 2830 et
2444 2790 2591 2831 mors
2620 2776 2686 2831 ad
2710 2775 2894 2846 plebes
2915 2779 3246 2847 pertransit:
3281 2779 3495 2835 scilicet
3520 2781 3610 2834 vei
3644 2781 3758 2836 dum

2173 2868 2316 2923 mala
2345 2867 2561 2931 docent,
2590 2867 2676 2922 vel
2711 2868 2839 2922 dum
2865 2867 3068 2923 faciunt
3089 2884 3276 2938 prava.
3302 2871 3567 2942 Plerique
3593 2889 3762 2929 sacer-

2174 2960 2328 3014 dotes
2353 2966 2410 3013 et
2434 2958 2618 3012 clerici
2647 2974 2812 3027 prave
2837 2960 3107 3024 viventes,
3132 2960 3307 3015 forma
3332 2964 3562 3019 cmteris
3582 2966 3635 3019 in
3665 2981 3763 3020 ma-

2173 3047 2285 3102 lum
2312 3048 2574 3113 existunt,
2597 3049 2687 3118 qui
2705 3049 2761 3103 in
2785 3050 2945 3105 bonis
2964 3051 3267 3120 exemplum
3291 3068 3417 3109 esse
3438 3054 3756 3111 debuerunt.

2100 3160 2145 3222 ρ
2177 3139 2243 3193 Hi
2270 3140 2414 3193 enim
2439 3154 2793 3209 quoscunque
2843 3141 3091 3210 exemplo
3132 3142 3289 3198 mala:
3332 3147 3773 3203 conversationis

2179 3245 2289 3286 sum
2317 3231 2572 3299 perdunt,
2601 3230 2667 3284 de
2711 3230 2819 3285 illis
2848 3232 3112 3289 rationem
3142 3234 3260 3288 sine
3305 3234 3474 3290 dubio
3506 3237 3762 3292 reddituri

2178 3331 2321 3379 sunt.
2350 3323 2429 3378 Ex
2458 3323 2755 3378 carnalium
2782 3324 3193 3394 prmpositorum
3221 3327 3491 3397 exemplo,
3529 3329 3763 3397 plerum-

2178 3432 2284 3488 que
2325 3416 2386 3471 ﬁt
2413 3417 2525 3471 vita
2572 3415 2811 3472 deterior
2849 3417 3220 3484 subditorum;
3251 3427 3305 3473 et
3348 3419 3518 3489 plebis
3564 3422 3763 3476 merito

2179 3507 2316 3561 ﬁunt
2338 3506 2474 3562 tales
2515 3506 2851 3571 sacerdotes,
2881 3507 2974 3577 qui
3004 3508 3255 3578 exemplo
3285 3507 3547 3564 deteriore
3584 3524 3762 3579 popu-

2177 3598 2289 3653 lum
2316 3600 2616 3660 destruant,
2645 3614 2752 3652 non
2783 3599 3066 3653 aedificent.
3093 3599 3173 3653 Ex
3205 3599 3406 3655 merito
3427 3600 3571 3654 enim
3589 3600 3765 3669 plebis

2179 3705 2564 3760 nonnunquam
2591 3690 2827 3761 episcopi
2852 3690 3230 3759 depravantur,
3273 3700 3545 3761 quatenus
3574 3693 3763 3763 procli-

2177 3783 2298 3837 vius
2335 3793 2595 3838 corruant
2624 3784 2714 3853 qui
2761 3792 3077 3853 sequuntur.
3123 3784 3315 3856 Capite
3354 3786 3758 3857 languescente,

2180 3882 2371 3929 caetera
2401 3874 2643 3944 corporis
2675 3875 2914 3930 membra
2953 3875 3288 3931 inficiuntur.
3337 3875 3497 3932 Unde
3538 3888 3595 3932 et
3632 3878 3761 3934 scri-

2179 3972 2330 4034 ptum
2364 3974 2487 4020 est:
2513 3965 2679 4020 Omne
2707 3974 2863 4036 caput
2898 3965 3228 4036 languidum,
3264 3976 3316 4022 et
3338 3985 3498 4023 omne
3518 3987 3611 4024 cor
3644 3986 3762 4024 πιο-

2182 4074 2318 4120 rens,
2344 4074 2375 4109 a
2395 4053 2744 4128 planta‘pedis
2789 4073 2951 4128 usque
2982 4059 3053 4111 ad
3091 4061 3331 4113 verticem
3358 4077 3466 4115 non
3503 4073 3581 4115 est
3610 4063 3664 4115 in
3703 4077 3762 4115 eo

2180 4147 2381 4202 sanitas
2431 4145 2565 4216 (Isa.
2595 4146 2656 4216 ι),
2699 4144 2869 4216 Caput
2910 4147 3055 4202 enim
3100 4147 3415 4219 languidum
3448 4151 3641 4205 doctor
3683 4157 3763 4206 est

2182 4249 2348 4303 agens
2375 4245 2656 4306 peccatum
2684 4253 2698 4302 ;
2732 4238 2888 4307 cujus
2913 4235 3111 4291 malum
3148 4237 3215 4291 ad
3256 4253 3458 4307 corpus
3493 4240 3761 4308 pervenit,

2181 4328 2309 4384 dum
2348 4343 2415 4383 eo
2458 4329 2541 4383 vel
2585 4336 2866 4398 peccante,
2912 4327 2998 4384 vel
3039 4342 3205 4398 prave
3245 4328 3499 4391 docente,
3542 4329 3765 4400 pestifer

2180 4425 2409 4496 languor
2433 4425 2501 4480 ad
2544 4422 2728 4494 plebes
2765 4422 3008 4478 subditas
3052 4422 3262 4477 transit.
3292 4421 3611 4478 Deteriores
3645 4430 3767 4478 sunt

2098 4513 2152 4574 D
2176 4502 2268 4586 qui
2294 4515 2409 4570 sive
2452 4514 2737 4579 doctrinis,
2786 4513 2899 4568 sive
2932 4512 3219 4583 exemplis,
3266 4512 3437 4566 vitam
3477 4526 3767 4581 moresque

2177 4606 2443 4663 bonorum
2471 4611 2841 4674 corrumpunt,
2889 4603 2976 4659 his
3021 4603 3113 4672 qui
3161 4602 3497 4658 substantias
3536 4601 3765 4656 aliorum

2177 4696 2488 4769 praediaque
2519 4695 2799 4763 diripiunt.
2833 4692 2898 4748 Hi
2924 4694 3069 4749 enim
3100 4709 3165 4749 ea
3195 4708 3317 4764 qua:
3335 4701 3491 4748 extra
3517 4709 3637 4755 nos,
3673 4692 3769 4749 sed

2181 4797 2359 4843 tamen
2387 4801 2507 4855 qua:
2533 4794 2718 4842 nostra
2749 4792 2900 4850 sunt,
2940 4785 3211 4839 auferunt.
3250 4782 3618 4854 Corruptores
3639 4798 3772 4838 vero

2179 4895 2395 4936 morum
2417 4878 2635 4950 proprie
2665 4893 2770 4933 non
2797 4878 2943 4948 ipsos
2972 4876 3251 4947 diripiunt,
3280 4876 3541 4945 quoniam
3569 4877 3773 4933 divitia:

2179 4972 2458 5028 hominum
2476 4971 2745 5043 justorum
2768 4984 2949 5025 mores
2981 4984 3166 5024 eorum
3206 4976 3353 5023 sunt.
3381 4967 3613 5023 Multum
3640 4984 3777 5039 ergo

2180 5063 2385 5118 distant
2409 5064 2600 5116 damna
2623 5074 2833 5115 morum
2861 5074 2892 5113 a
2916 5059 3128 5114 damnis
3150 5057 3531 5129 temporalium
3557 5073 3776 5128 rerum,

2182 5152 2310 5208 dum
2331 5153 2434 5208 ista
2464 5161 2619 5208 extra
2642 5164 2740 5206 nos
2765 5150 2898 5216 sint,
2928 5166 3110 5206 mores
3135 5165 3267 5206 vero
3286 5151 3345 5206 in
3372 5151 3553 5208 nobis.

2740 5281 2967 5340 CAPUT
3003 5283 3195 5339 XXXI.
3555 5337 3566 5346 ,

2257 5375 2417 5449 (Isid.
2462 5375 2591 5430 ibid.
2632 5393 2678 5429 c.
2716 5375 2831 5445 '59.)
2872 5374 3216 5430 Providentia
3261 5373 3414 5447 [Item
3455 5373 3651 5430 lsidori
3706 5375 3781 5430 de

2183 5467 2487 5538 prtepositis
2511 5465 2837 5530 carnalibus,
2861 5464 3229 5527 Providentia,
3265 5462 3396 5535 etc.]
3445 5462 3781 5534 plerumque

2186 5557 2354 5613 divini
2384 5556 2594 5613 consilii
2618 5553 2935 5610 ordinantur
2963 5553 3254 5623 praepositi,
3279 5552 3549 5608 mundana
3576 5561 3633 5608 et
3676 5569 3784 5610 ex-

2185 5650 2388 5707 teriora
2425 5654 2716 5711 sectantes,
2737 5653 2798 5701 ut
2819 5644 2946 5700 dum
2981 5643 3372 5714 temporalibus
3411 5646 3581 5699 rebus
3602 5657 3667 5698 se
3690 5653 3783 5699 to-

2186 5750 2272 5796 tos
2290 5738 2624 5808 impendunt,
2650 5734 2919 5807 spiritales
2938 5734 3194 5790 tutiorem
3210 5734 3382 5789 vitam
3419 5733 3782 5805 contempla-
