4000 6456
220 354 318 415 865

775 347 1058 406 REGULA
1097 341 1598 403 CANONICORUM
1637 340 1727 395 AB
1764 331 2122 392 AMALARIO
2159 328 2543 390 COLLECTA.
2582 356 2653 366 —
2687 325 2816 381 LIB.
2855 323 2899 377 Ῑ.

3350 307 3458 368 866

215 473 368 532 tionis
386 476 692 525 exerceant.
717 464 852 532 Quia
874 466 1168 520 dum'sunt
1186 462 1367 533 quiete
1388 461 1572 515 vivere
1591 458 1777 512 volen-
1802 456 1856 517 Α
1879 450 2002 507 ideo
2037 448 2323 504 minaciter
2372 441 2680 514 superbiam
2717 445 2958 494 nostram
3009 431 3225 488 divinus
3279 443 3462 485 sermo

215 570 351 625 tibus
369 563 594 618 sarcinae
616 577 868 616 curarum
904 559 1310 630 episcopalium,
1356 556 1601 628 providet
1638 568 1780 622 saepe

215 659 350 717 Deus
371 655 514 712 curis
534 654 741 710 deditos
759 653 1105 708 saecularibus
1124 651 1191 706 ad
1220 649 1617 719 susceptionem
1639 646 1780 716 regi-

216 750 399 809 minis:
432 756 491 801 ut
537 747 662 802 dum
709 746 762 800 hi
803 745 1072 801 exteriora
1111 744 1230 798 sine
1271 742 1429 797 taedio
1467 745 1780 809 procurant,

217 838 475 910 spiritales
521 837 682 892 rebus
712 836 1062 891 interioribus
1113 835 1229 889 sine
1275 831 1661 901 impedimento
1700 845 1786 884 re-

217 945 330 988 rum
374 939 711 982 terrenarum
741 927 1067 981 deserviant.
1102 925 1199 979 Dei
1242 939 1372 992 ergo
1406 921 1652 976 ordinem
1696 935 1788 974 ac-

218 1030 423 1086 cusant,
467 1036 498 1075 a
539 1034 646 1090 quo
673 1019 1050 1081 instituuntur,
1096 1016 1188 1085 qui
1225 1015 1503 1084 episcopos
1532 1013 1787 1068 condem-

218 1123 380 1180 nant,
433 1114 559 1168 dum
613 1112 792 1166 minus
839 1110 1156 1180 spiritualia,
1207 1108 1299 1164 sed
1350 1109 1520 1178 magis
1571 1116 1788 1162 terrena

216 1212 506 1262 sectantur.
539 1203 616 1256 Ex
637 1203 816 1256 divina
843 1203 986 1256 enim
1009 1209 1218 1256 constat
1245 1200 1579 1255 tabernaculi
1609 1199 1790 1269 dispo-

215 1297 424 1359 sitione,
475 1296 563 1367 ob]
602 1293 830 1362 injurias
879 1293 1063 1348 mundi
1115 1293 1388 1357 ferendas,
1436 1300 1492 1345 et
1548 1292 1791 1346 turbines

220 1388 474 1460 quosdam
507 1387 716 1441 institui
750 1387 1053 1456 episcopos,
1099 1383 1448 1439 szecularibus
1487 1383 1634 1437 curis
1661 1382 1793 1436 insi-

218 1488 418 1537 stentes
443 1497 455 1532 :
491 1486 551 1532 ut
576 1477 630 1532 hi
661 1477 753 1546 qui
783 1475 1011 1531 interius
1037 1492 1268 1545 superna
1294 1475 1623 1538 desiderant,
1649 1473 1794 1526 nullo

220 1581 434 1627 terreno
459 1570 756 1624 obsistente
784 1569 1021 1638 negotio,
1047 1567 1269 1621 liberius
1294 1568 1395 1620 hoc
1419 1565 1564 1635 quod
1589 1570 1791 1627 amant,

219 1664 521 1718 intendant.
553 1661 672 1716 Non
697 1668 781 1714 est
810 1661 992 1729 itaque
1024 1659 1348 1727 judicandus
1375 1673 1404 1710 a
1433 1658 1585 1728 plebe
1616 1664 1796 1709 rector

218 1755 581 1818 inordinatus,
623 1753 750 1807 dum
797 1752 968 1822 magis
998 1751 1246 1806 noverint
1290 1751 1489 1820 populi,
1523 1749 1606 1803 sui
1632 1747 1798 1801 fuisse

217 1848 418 1910 meriti,
450 1845 689 1916 perversi
719 1845 957 1914 regimen
996 1844 1297 1912 suscepisse
1342 1841 1631 1911 pontiﬁcis.
1665 1838 1801 1892 Nam
1829 1815 1878 1873 Β

217 1953 320 2009 pro
359 1938 571 1993 meritis
617 1937 876 2006 plebium,
928 1936 1228 2006 disponitur
1254 1951 1284 1987 a
1337 1933 1447 1988 Deo
1492 1934 1599 1986 vita
1628 1938 1804 1984 recto-

220 2045 364 2084 rum.
399 2029 661 2098 Exemplo
689 2028 858 2082 David
885 2036 1114 2097 peccant
1159 2026 1349 2097 [David
1376 2021 1705 2094 peccantis],
1736 2021 1803 2075 ad

221 2121 685 2189 comparationem
742 2118 1064 2186 principum,
1129 2117 1220 2186 qui
1272 2132 1338 2170 ex
1388 2115 1581 2170 merito
1632 2112 1804 2182 plebis

220 2208 665 2280 pmvaricantur.
697 2207 977 2262 Sententia
1002 2207 1326 2260 damnantur
1352 2204 1520 2259 Cham
1550 2204 1642 2257 lilii
1671 2201 1803 2268 Noe,

223 2299 312 2369 qui
344 2314 568 2353 suorum
591 2298 1000 2368 praepositorum
1028 2297 1216 2366 culpas
1241 2296 1291 2349 in
1313 2295 1527 2364 publico
1548 2293 1806 2362 produnt,

224 2389 364 2445 sicut
396 2389 568 2444 Cbam
597 2390 688 2459 qui
729 2389 898 2459 patris
919 2388 1167 2457 pudenda
1198 2404 1304 2441 non
1333 2387 1570 2457 operuit,
1600 2385 1694 2439 sed
1717 2386 1811 2439 de—

226 2480 449 2535 ridenda
496 2481 836 2535 monstravit.
883 2479 1132 2533 Habituri
1164 2489 1290 2533 sunt
1319 2477 1447 2531 Sem
1474 2479 1728 2531 meritum
1757 2482 1812 2530 et

223 2567 599 2640 Japhet,'qui
647 2579 958 2625 reverenter
999 2570 1250 2638 Operiunt
1294 2583 1413 2638 quae
1457 2575 1640 2636 patres
1688 2581 1814 2622 suos

226 2663 531 2718 excessisse
562 2672 912 2734 cognoscunt,
951 2663 996 2717 si
1043 2671 1220 2716 tamen
1270 2669 1484 2730 patrum
1533 2661 1674 2716 facta
1708 2677 1815 2716 non

227 2753 480 2826 diligant,
510 2755 604 2810 sed
631 2764 839 2809 tantum
865 2754 1133 2824 operiant,
1178 2768 1278 2807 nec
1327 2753 1626 2806 imitentur.
1681 2751 1816 2804 Nam

230 2847 491 2917 suntqui
538 2848 856 2917 pnepositos
905 2861 1032 2901 suos
1079 2860 1335 2915 perverse
1374 2843 1639 2913 judicant,
1690 2842 1818 2897 dum

234 2945 470 3001 terrenis
499 2945 692 3000 studiis
711 2960 804 3000 eos
830 2945 952 3014 plus
978 2945 1210 3000 viderint
1233 2960 1353 3000 esse
1379 2945 1635 3008 intentos,
1667 2942 1711 2996 si
1737 2940 1820 2995 vel

231 3053 422 3108 parum
441 3040 556 3109 jam
579 3037 679 3108 ipsi
707 3039 773 3093 de
797 3037 1132 3108 Spiritalibus
1161 3036 1528 3107 cognoverint.
1562 3035 1823 3090 Rectores

1888 541 2191 605 contundit,
2207 539 2300 595 sed
2313 545 2494 592 noster
2516 533 2732 589 auditus
2744 528 2897 593 nihil,
2921 525 3062 581 unde
3081 520 3457 593 proﬁciamus,

1889 634 2154 697 admittit;
2199 630 2324 699 quia
2355 625 2637 698 praesentis
2665 622 2788 676 vitae
2816 617 2959 687 capti
2993 612 3296 676 dulcedine,
3339 627 3460 682 qua:

1887 741 2050 796 mena
2083 719 2462 794 negligentiam
2513 723 2754 770 nostram
2809 715 3028 765 maneat
3080 709 3134 762 in
3177 715 3463 768 aeternum,

1891 794 2142 869 nolumus
2165 810 2424 880 cogitare.
2455 806 2510 860 ln
2535 814 2780 875 pastores
2808 815 2938 870 ergo
2965 798 3070 853 ista
3095 797 3363 856 dicuntur,
3401 794 3468 848 de

1893 920 2123 975 quorum
2150 901 2307 956 nobis
2331 898 2475 954 inani
2496 895 2852 966 appellatione
2876 888 3212 944 blandimur:
3236 884 3366 938 11αό
3389 883 3472 935 di-

1895 997 1964 1049 cit
1997 993 2258 1047 Dominus
2281 989 2423 1043 Deus
2455 1001 2472 1039 :
2514 985 2607 1040 Vce
2635 981 2930 1054 pastoribus
2963 976 3154 1041 Israel,
3187 975 3275 1046 qui
3301 987 3476 1043 pasce-

1897 1091 2021 1144 bant
2064 1086 2383 1155 semetipsos.
2441 1080 2628 1134 Nonne
2659 1093 2833 1147 greges
2861 1080 3146 1144 pascuntur
3176 1085 3207 1121 a
3247 1064 3476 1137 pastori-

1899 1179 2032 1232 bus?
2076 1175 2183 1229 Lac
2219 1151 2590 1232 comedebatis,
2627 1175 2674 1220 et
2702 1164 2838 1217 lanis
2889 1155 3280 1231 operiebamini.
3324 1151 3477 1218 Quod

1899 1282 2135 1322 crassum
2208 1271 2339 1327 erat,
2393 1256 2725 1318 occidebotis,
2800 1266 3001 1323 gregem
3065 1256 3238 1300 autem
3303 1258 3478 1296 meum

1902 1374 2005 1411 non
2041 1354 2377 1426 pascebatis:
2420 1348 2558 1419 quod
2594 1346 2863 1414 inﬁmum
2893 1341 3014 1410 fuit,
3046 1355 3150 1392 non
3189 1333 3482 1389 consolida-

1902 1447 1994 1502 stis
2025 1459 2041 1498 :
2070 1456 2115 1499 et
2146 1442 2285 1515 quod
2322 1448 2595 1510 wgrotum,
2627 1452 2732 1490 non
2765 1430 2993 1487 sanastis
3034 1443 3051 1479 :
3080 1426 3218 1498 quod
3260 1426 3484 1490 fractum

1905 1547 2002 1601 est,
2034 1553 2136 1589 non
2161 1531 2416 1603 alligastis
2443 1543 2459 1582 :
2489 1538 2535 1582 et
2563 1526 2701 1598 quod
2727 1524 3004 1593 abjectum,
3035 1535 3137 1572 non
3159 1515 3442 1570 reduxistis
3464 1527 3482 1564 :

1904 1628 2042 1699 quod
2087 1625 2327 1697 perierat,
2379 1638 2483 1676 non
2536 1617 2797 1690 qua'sistis
2837 1611 2974 1668 :sed
3023 1626 3140 1664 cum
3187 1607 3489 1661 austeritate

1907 1715 2243 1787 imperabatis
2279 1713 2376 1778 eis,
2427 1720 2474 1765 et
2510 1725 2629 1762 cum
2670 1705 2900 1776 potentia
2933 1716 2950 1754 .'
2993 1708 3040 1756 et
3088 1700 3334 1768 dispersa:
3367 1702 3489 1749 sunt

1907 1823 2023 1862 oves
2049 1821 2198 1868 metu,
2226 1820 2285 1856 eo
2316 1801 2456 1873 quod
2489 1816 2591 1854 non
2617 1806 2747 1852 esset
2775 1803 2974 1866 pastor,
3020 1799 3068 1844 et
3097 1789 3253 1858 [actia
3281 1795 3403 1841 sunt
3429 1787 3487 1838 in

1905 1899 2296 1953 devorationem
2319 1894 2551 1956 omnium
2573 1891 2857 1944 bestiarum
2879 1885 2993 1954 agri
3015 1882 3233 1953 (Ezech.
3264 1877 3473 1947 xxnv).

1905 1989 1973 2043 Et
2020 1986 2180 2056 paulo
2223 1992 2392 2055 post:
2433 1981 2721 2050 Propterea
2765 1985 3024 2046 pastores,
3073 1969 3251 2023 audite
3284 1965 3493 2022 verbum

1907 2079 2121 2133 Domini
2148 2094 2165 2131 :
2203 2074 2328 2129 Vivo
2352 2090 2468 2144 ego,
2497 2073 2625 2125 dicit
2666 2068 2922 2122 Dominus
2965 2063 3128 2127 Deus,
3158 2061 3284 2130 quia
3312 2073 3407 2128 pro
3431 2072 3492 2110 eo

1908 2171 2046 2243 quod
2095 2169 2221 2238 facti
2250 2175 2369 2221 sunt
2401 2180 2577 2236 greges
2627 2161 2727 2216 mei
2757 2157 3108 2226 in'rapinam,
3139 2162 3186 2206 et
3217 2167 3334 2206 oves
3363 2164 3492 2203 mea:

1909 2265 1963 2317 in
1989 2262 2375 2317 devorationem
2406 2257 2638 2310 omnium
2663 2252 2945 2306 bestiarum
2974 2248 3112 2317 agri,
3134 2262 3192 2299 eo
3221 2243 3360 2315 quod
3391 2257 3496 2294 non

1911 2365 2041 2410 esset
2065 2362 2245 2424 pastor
2271 2367 2289 2404 :
2315 2364 2477 2420 neque
2515 2345 2653 2399 enim
2673 2343 2991 2413 qutesicrunt
3023 2346 3257 2407 pastores
3293 2346 3499 2403 gregem

1912 2463 2107 2510 meum,
2153 2443 2241 2498 sed
2279 2439 2559 2511 pascebant
2591 2444 2825 2505 pastores
2855 2430 3177 2498 semetipsos,
3209 2433 3258 2478 et
3292 2435 3500 2492 gregem

1917 2551 2087 2592 meum
2113 2550 2216 2586 non
2239 2529 2540 2601 pascebant.
2568 2523 2885 2592 Propterea,
2909 2527 3164 2588 pastores,
3194 2511 3372 2566 audite
3394 2524 3504 2563 ver-

1918 2629 2039 2682 bum
2091 2623 2325 2679 Domini.
2360 2618 2490 2672 Ha'c
2521 2617 2646 2670 dicit
2691 2613 2950 2667 Dominus
2987 2609 3129 2662 Deus
3168 2621 3186 2660 :
3223 2603 3361 2656 Ecce
3410 2615 3504 2670 ego

1919 2719 2026 2790 ipse
2055 2732 2210 2786 super
2245 2721 2482 2784 pastores
2515 2707 2777 2778 requiram
2813 2716 3018 2772 gregem
3045 2711 3217 2751 meum
3247 2693 3311 2746 de
3341 2705 3502 2743 manu

1920 2823 2121 2870 eorum,
2153 2797 2200 2858 et
2247 2817 2449 2855 cessare
2476 2798 2670 2868 faciam
2707 2809 2814 2857 eos,
2860 2799 2916 2842 ut
2967 2787 3109 2842 ultra
3135 2801 3238 2838 non
3289 2786 3507 2852 pascant

1922 2913 2147 2972 gregem,
2211 2910 2300 2947 nec
2353 2897 2572 2962 pascant
2643 2883 2868 2952 amplius
2921 2888 3155 2950 pastores
3209 2871 3510 2940 semetipsos

1926 2957 2141 3062 (Ibid).
2171 2982 2302 3049 Quis
2327 2957 2394 3034 ad
2425 2979 2538 3032 haec
2563 2989 2670 3029 non
2699 2966 3120 3026 contremiscat?
3141 2963 3275 3030 Quis
3302 2961 3406 3015 ista
3433 2957 3510 3012 si-

1926 3051 1996 3136 ne
2023 3072 2351 3132 intolerabili
2381 3077 2530 3124 metu
2573 3064 2769 3119 fatum
2806 3055 3237 3117 examinationis
3287 3051 3506 3119 accipit,

235 3147 364 3201 ergo
407 3133 763 3238 Judlca'.‘dl..a
796 3131 906 3238 D30
941 3140 1087 3238 sui"
1139 3148 1168 3186 a
1213 3148 1325 3238 suis
1351 3139 1560 3238 Eum-nl.
1593 3129 1825 3238 sim-dit}?
1852 3169 1896 3230 C
1929 3129 2150 3238 nisi-qui
2173 3174 2267 3221 aut
2289 3179 2395 3218 non
2422 3158 2691 3229 intelligit,
2717 3161 2812 3208 aut
2838 3153 3016 3206 futura
3047 3164 3152 3204 non
3176 3144 3385 3202 credit?
3407 3142 3515 3198 Sed

237 3241 580 3296 nequaquam
603 3224 881 3296 judicandi
909 3233 1054 3290 sunt,
1079 3223 1326 3292 exemplo
1351 3221 1586 3284 Domini,
1613 3221 1703 3289 qui
1728 3233 1824 3288 per

238 3331 297 3372 se
339 3318 634 3371 vendentes
679 3316 955 3369 columbas
985 3325 1041 3370 et
1091 3314 1577 3368 nummulariorum
1607 3323 1827 3364 mensas

236 3409 464 3479 proprio
481 3408 675 3462 evertit
697 3406 906 3476 ﬂagello
931 3406 1112 3472 (Joan.
1138 3408 1223 3471 ιι),
1245 3417 1300 3460 et
1327 3403 1555 3472 projecit
1577 3417 1608 3454 a
1629 3399 1828 3468 templo

239 3499 326 3553 vel
353 3499 520 3553 etiam
550 3499 690 3552 sicut
727 3497 859 3552 dicit
895 3496 1218 3552 Psalmista:
1249 3495 1390 3548 Deus
1424 3494 1563 3547 stetit
1589 3494 1644 3544 in
1675 3507 1831 3560 syna-

237 3604 376 3660 goga
407 3589 650 3654 deorum,
693 3589 746 3642 in
789 3589 959 3642 medio
1006 3599 1180 3643 autent
1209 3588 1331 3641 deos
1362 3588 1614 3641 discernit
1655 3582 1828 3656 (Psal.

240 3677 460 3768 DXXXI).
494 3678 648 3744 Quod
699 3679 744 3733 si
792 3695 821 3731 a
855 3680 958 3733 lide
1004 3679 1396 3734 exorbitaverit
1450 3688 1648 3743 rector,
1707 3685 1833 3730 tunc

242 3766 352 3822 erit
372 3770 682 3839 arguendus
709 3785 739 3823 a
767 3769 1018 3825 subditis.
1042 3771 1148 3825 Pro
1175 3770 1416 3824 moribus
1437 3784 1566 3822 vero
1589 3766 1834 3837 reprobis

243 3859 563 3916 tolerandas
590 3862 764 3932 magis
791 3878 954 3932 quam
993 3863 1394 3934 distringendus
1421 3879 1451 3917 a
1479 3862 1635 3933 plebe
1659 3871 1760 3917 est.

799 3975 1026 4032 CAPUT
1067 3977 1278 4032 XXXII.

318 4043 595 4119 (Prosperi
628 4045 692 4100 de
731 4044 850 4100 Vita
897 4049 1172 4118 contempt.
1224 4050 1260 4102 ι.
1298 4066 1336 4116 ι,
1371 4067 1416 4104 c.
1449 4049 1564 4121 21.)
1598 4049 1704 4104 Sed
1735 4064 1836 4105 nos

245 4141 608 4213 praesentibus
641 4139 917 4211 [Prosperi
944 4142 1191 4198 luctuosa
1219 4143 1514 4213 descriptio
1542 4143 1838 4198 carnaliter

248 4232 555 4286 viventium
577 4234 940 4299 sacerdotum,
959 4233 1066 4289 Sed
1085 4250 1182 4289 nos
1203 4237 1576 4304 praesentibus,
1602 4234 1734 4306 etc.]
1751 4237 1837 4290 de-

249 4323 460 4389 lectati,
496 4327 624 4410 dum
649 4326 705 4380 in
741 4327 843 4382 hac
873 4327 984 4382 vita
1013 4312 1296 4383 commoda
1320 4339 1503 4383 nostra
1526 4339 1580 4383 et
1602 4331 1840 4386 honores

252 4414 603 4484 inquirimus,
630 4432 737 4471 non
780 4426 842 4471 ut
867 4417 1138 4485 meliores,
1168 4419 1262 4474 sed
1293 4428 1348 4474 ut
1376 4421 1621 4486 ditiores,
1654 4437 1754 4476 nec
1781 4431 1842 4477 ut

1929 3264 2055 3335 quia
2081 3259 2263 3316 omnia
2299 3270 2418 3325 quae
2451 3253 2590 3307 Deus
2628 3246 2905 3303 observari
2950 3242 3138 3302 voluit,
3184 3248 3294 3292 tam
3328 3244 3516 3306 aperta

1929 3329 2133 3424 posuit,
2165 3357 2221 3406 et
2258 3349 2334 3402 ita
2361 3344 2442 3400 sui
2467 3340 2701 3396 nominis
2727 3335 3056 3391 auctoritate
3087 3329 3344 3391 ﬁrmavit,
3372 3333 3516 3379 utea

1929 3423 2146 3500 facilius
2199 3440 2363 3511 (quod
2397 3437 2544 3490 dictu
2582 3446 2798 3502 quoque
2849 3427 3002 3483 nefas
3041 3423 3147 3495 est)
3200 3428 3518 3477 contemna-

1932 3553 2072 3600 mus,
2100 3550 2261 3606 quam
2285 3547 2385 3587 nos
2404 3546 2512 3584 non
2537 3525 2860 3595 intelligere,
2891 3519 2977 3575 vel
3005 3534 3114 3573 non
3140 3515 3383 3576 credere,
3408 3520 3517 3567 tam

1935 3637 2124 3698 aperta
2153 3635 2207 3681 et
2236 3625 2413 3680 divina
2455 3623 2742 3692 fingamus,
2799 3613 3014 3685 quando
3059 3610 3330 3671 audimus,
3387 3603 3519 3658 Haec

1938 3720 2062 3773 dicit
2114 3718 2394 3780 Dominus,
2436 3713 2558 3782 quis
2587 3726 2694 3765 non
2725 3709 2967 3762 futurum
2996 3717 3116 3758 esse
3149 3699 3339 3756 credat
3377 3695 3523 3772 quod

1939 3811 2071 3868 dicit
2092 3807 2370 3871 Dominus,
2405 3804 2510 3859 nisi
2533 3804 2626 3874 qui
2654 3803 2765 3857 Deo
2791 3815 2896 3853 non
2927 3795 3138 3853 credit?
3165 3793 3319 3861 Quod
3339 3799 3522 3844 autem

1937 3897 2090 3961 dicit,
2116 3911 2190 3950 me
2213 3892 2530 3964 pastoribus,
2553 3890 2697 3944 istud
2732 3905 2806 3942 me
2841 3901 2939 3956 pro
2970 3882 3254 3937 maledicto
3280 3878 3433 3950 poni,
3461 3882 3521 3931 et

1937 3998 2218 4059 pastorum
2259 3984 2476 4042 nomine
2517 3997 2616 4038 nos
2657 3977 2972 4050 signiﬁcari,
3018 3975 3140 4046 quis
3172 3989 3280 4027 non
3326 3969 3526 4027 intelli-

1940 4087 2052 4150 gat,
2077 4079 2182 4132 nisi
2231 4075 2322 4144 qui
2348 4075 2590 4129 futurum
2625 4087 2732 4126 non
2777 4067 3024 4139 cogitat?
3060 4064 3265 4133 Greges
3309 4059 3526 4136 Domini

1939 4172 2242 4244 pascendos
2285 4176 2530 4239 pastores
2571 4165 2697 4220 facti
2740 4161 3088 4230 suscipimus,
3123 4165 3179 4211 et
3226 4171 3325 4210 nos
3382 4155 3528 4222 ipsos

1941 4243 2237 4332 pascimus,
2270 4259 2485 4329 quando
2507 4271 2614 4310 non
2639 4267 2862 4324 gregum
2887 4249 3108 4304 utilitati
3138 4243 3522 4315 prospicimus,

1945 4353 2041 4408 sed
2070 4352 2200 4421 quid
2225 4349 2404 4405 foveat
2429 4354 2488 4401 et
2520 4350 2712 4413 augeat
2745 4348 2958 4396 nostras
2978 4337 3306 4404 voluptates,
3348 4340 3528 4386 atten-

1945 4444 2144 4498 dimus.
2177 4439 2288 4495 Lac
2321 4446 2377 4494 et
2403 4426 2557 4492 lanas
2597 4435 2780 4489 ovium
2818 4428 3042 4491 Christi,
3081 4425 3336 4479 videlicet
3380 4421 3529 4476 obla-

253 4509 1587 4601 sanctiores,seduthonoratioressimus,caateris
1607 4521 2122 4588 praeesseDtiones
2176 4529 2524 4601 quotumas
2573 4541 2638 4581 ac
2685 4522 2927 4578 decimas
2979 4517 3238 4580 ﬁdelium,
3293 4513 3532 4586 gaude“-

255 4598 603 4656 festinamus.
627 4600 736 4657 Nec
751 4618 969 4674 gregem
992 4607 1227 4674 Domini,
1251 4609 1343 4678 qui
1367 4610 1522 4664 nobis
1537 4610 1838 4680 pascendus

256 4693 605 4762 tuendosque
645 4698 966 4751 commissus
997 4708 1101 4764 est,
1143 4701 1237 4754 sed
1267 4710 1482 4756 nostras
1513 4701 1839 4772 voluptates,

256 4784 712 4854 dominationem,
744 4790 982 4855 divitias,
1015 4801 1070 4846 et
1095 4802 1292 4847 caetera
1320 4795 1689 4851 blandimenta
1723 4812 1843 4851 car-

259 4875 460 4932 naliter
477 4878 799 4948 cogitamus.
824 4878 1077 4935 Pastores
1101 4882 1206 4935 dici
1240 4884 1506 4949 volumus,
1543 4901 1642 4940 nec
1665 4896 1845 4941 tamen

260 4982 383 5026 esse
397 4973 800 5028 contendimus.
827 4973 998 5028 Ofﬁcii
1027 4976 1196 5029 nostri
1219 4977 1730 5046 vitamuslaborem,
1753 4997 1848 5051 ap-

217 5131 219 5136 η
263 5065 508 5133 petimus
535 5065 872 5136 dignitatem.
907 5065 1310 5123 lmmundorum
1346 5071 1631 5140 spirituum
1651 5070 1850 5126 ferasa

267 5172 432 5229 grege
462 5157 809 5213 dilacerando
838 5176 944 5213 non
966 5160 1216 5230 pellimus
1242 5180 1254 5215 :
1279 5163 1501 5232 etquod
1531 5163 1610 5218 eis
1641 5180 1854 5218 reman-

269 5249 430 5314 serit,
487 5249 588 5317 ipsi
631 5251 1014 5315 consumimus,
1058 5254 1272 5322 quando
1318 5263 1607 5324 peccantes
1659 5255 1853 5312 divites

271 5341 358 5394 vel
405 5349 678 5410 potentes,
711 5357 816 5396 non
852 5342 1025 5396 solum
1074 5360 1181 5397 non
1227 5347 1522 5416 arguimus,
1562 5348 1656 5402 sed
1689 5350 1854 5404 etiam

274 5447 628 5496 veneramur,
653 5447 720 5486 ne
751 5433 906 5487 nobis
933 5442 1027 5487 aut
1067 5450 1293 5490 munera
1324 5437 1482 5492 solita
1514 5437 1705 5495 offensi
1747 5457 1855 5497 non

279 5522 539 5593 dirigant,
575 5531 666 5577 aut
712 5525 970 5593 obsequia
999 5526 1301 5582 desiderata
1333 5531 1653 5586 subducant.
1705 5531 1782 5588 Ac
1812 5534 1859 5588 si

281 5615 607 5669 muneribus
634 5630 819 5670 eorum
867 5624 921 5669 et
955 5616 1229 5686 obsequiis
1269 5621 1434 5690 capti,
1469 5621 1576 5675 imo
1603 5638 1697 5692 per
1743 5623 1859 5679 haec

286 5706 397 5763 illis
445 5707 639 5763 addicti
690 5708 885 5781 [imo...
929 5710 1146 5775 addicti,
1187 5712 1441 5786 desunt],
1495 5714 1640 5784 loqui
1684 5716 1764 5770 eis
1794 5716 1860 5772 de

288 5808 517 5872 peccato
555 5815 671 5867 suo,
719 5810 809 5856 aut
844 5801 909 5857 de
945 5801 1126 5858 futuro
1157 5802 1360 5871 judicio
1388 5803 1758 5861 formidamus.
1793 5806 1861 5864 Et

1946 4634 2030 4681 tes
2080 4624 2400 4695 accipimus,
2436 4630 2492 4676 et
2530 4633 2717 4675 curam
2760 4612 3154 4687 pascendorum
3193 4622 3415 4681 gregum
3466 4620 3531 4661 ac

1948 4716 2386 4779 reﬁciendorum,
2440 4730 2469 4768 a
2513 4712 2709 4782 quibus
2747 4720 3004 4778 perverso
3036 4704 3228 4759 ordine
3282 4700 3534 4755 volumus

1946 4806 2118 4880 pasci,
2153 4807 2468 4876 deponimus
2499 4798 2888 4874 [negligimus].
2913 4795 3052 4865 {Non
3081 4808 3339 4849 sanamus
3365 4790 3530 4859 spiri-

1952 4898 2045 4951 tali
2075 4896 2303 4952 consilio
2333 4894 2571 4962 peccatis
2613 4890 2907 4951 inﬁrmum,
2938 4902 3044 4939 non
3083 4882 3402 4938 sacerdotali
3431 4895 3534 4950 ope

1951 4987 2351 5044 consolidamus
2381 4991 2472 5036 aut
2517 4980 2792 5034 reﬁcimus
2827 4975 3057 5032 diversis
3095 4970 3535 5029 tribulationibus

1953 5077 2219 5142 fractum;
2252 5090 2360 5130 non
2389 5074 2456 5129 ad
2481 5073 2624 5128 viam
2661 5070 2851 5127 salutis
2886 5081 3204 5124 revocamus
3235 5068 3531 5126 errantem,

1954 5183 2063 5224 non
2104 5166 2436 5237 requirimus
2467 5164 2827 5221 sollicitudine
2857 5159 3117 5232 pastorali
3141 5154 3313 5211 veniae
3342 5153 3533 5222 deSpe-

1955 5262 2164 5318 ratione
2186 5258 2300 5328 jam
2337 5258 2608 5330 perditum
2643 5256 2750 5311 :ad
2775 5257 2880 5309 hoc
2922 5257 3132 5305 tantum
3168 5251 3419 5318 potentes
3457 5241 3536 5298 ef-

1954 5354 2105 5420 fecti,
2141 5361 2201 5408 ut
2235 5351 2392 5408 nobis
2440 5351 2495 5406 in
2525 5347 2798 5418 subjectos
2828 5341 3251 5398 dominationem
3292 5333 3537 5408 tyranni-

1927 5461 2077 5522 .cam
2128 5444 2484 5506 vindicemus,
2538 5457 2649 5496 non
2703 5437 2930 5493 aﬂlictos
2979 5441 3171 5490 contra
3223 5429 3537 5485 violentiam

1957 5545 2259 5608 potentum,
2293 5537 2388 5607 qui
2414 5537 2468 5590 in
2498 5549 2592 5588 eos
2619 5531 2859 5586 ferarum
2890 5541 3040 5583 more
3069 5525 3321 5589 saeviunt,
3349 5521 3537 5576 defen-

1960 5629 2170 5683 damus.
2220 5627 2349 5681 lnde
2375 5632 2461 5680 est
2489 5623 2632 5692 quod
2669 5637 2778 5676 non
2817 5629 2928 5674 tam
2957 5635 2988 5672 a
3030 5617 3340 5688 potentibus
3376 5611 3538 5683 hujus

1961 5719 2147 5774 mundi
2181 5730 2342 5786 quam
2381 5731 2412 5769 a
2442 5713 2596 5770 nobis
2619 5712 2783 5783 (quod
2813 5710 2965 5782 pejus
2993 5708 3097 5781 est)
3142 5705 3382 5765 nonnulli
3411 5719 3538 5776 gra-

1963 5809 2104 5865 viter
2151 5805 2361 5878 fatigati
2407 5805 2724 5876 depereunt,
2755 5819 2890 5875 quos
2936 5817 2993 5859 se
3037 5801 3103 5857 de
3150 5815 3310 5855 manu
3351 5804 3536 5852 nostra
