4000 6468
526 377 625 433 8⁸11

1543 374 1948 433 AMALARIUS
1981 373 2403 432 PRESBYTER
2437 371 2798 430 MELENSIS.

3685 371 3790 428 87%

525 484 830 556 despiciunt
854 492 910 538 et
931 493 1225 556 spernunt,
1268 500 1372 542 nec
1399 485 1622 542 alterius
1667 487 1952 552 delictum,
1989 495 2105 542 tan—
2131 489 2185 551 Α
2209 487 2461 554 Quotidie
2496 502 2732 556 namque
2767 497 2958 540 omnes
2987 479 3348 552 delinquimus
3375 479 3567 551 (Iacob
3597 481 3708 552 in),
3743 494 3794 539 et

525 596 689 652 quam
719 579 1017 651 proprium,
1049 581 1426 652 ingemiscunt.
1458 581 1532 634 De
1558 580 1754 635 talibus
1779 596 1877 649 per
1908 580 2101 636 Isaiam

526 671 785 728 Dominus
803 672 1156 735 comminans,
1175 673 1341 727 dicit:
1367 671 1469 738 Qui
1488 673 1688 738 dicunt,
1707 671 1905 727 Recede
1930 691 1962 727 a
1987 688 2102 727 me:

527 781 633 821 non
656 766 1034 838 appropinques
1060 765 1208 829 mihi,
1237 766 1361 836 quia
1387 766 1687 819 immundus
1710 784 1786 829 es,
1814 767 1902 820 isti
1928 766 2104 835 fumus

526 866 680 911 erunt
709 857 766 911 in
794 857 969 927 furore
998 873 1133 921 meo,
1165 857 1299 927 ignis
1329 857 1517 911 ardens
1544 865 1651 912 tota
1674 858 1758 912 die
1789 857 1924 927 (Isa.
1954 855 2104 927 va).

524 945 654 1003 Inde
674 957 760 1005 est
781 950 925 1018 quod
948 957 1003 1004 et
1024 948 1313 1018 Apostolus
1341 949 1591 1003 omnibus
1613 949 1794 1004 omnia
1826 949 2000 1002 factus
2024 955 2108 1002 est

530 1038 583 1109 (I
605 1038 728 1094 Cor.
756 1039 855 1108 ix),
889 1057 992 1094 non
1018 1040 1320 1096 imitatione
1344 1041 1568 1104 erroris,
1597 1041 1692 1095 sed
1716 1038 2106 1109 compassionis

527 1131 896 1196 miseratione,
927 1132 1130 1188 scilicet
1157 1142 1218 1188 ut
1244 1133 1318 1187 ita
1350 1133 1480 1187 vitia
1510 1133 1683 1188 a‘liena
1717 1131 1891 1196 ﬂeret,
1914 1147 2105 1200 quem-

530 1221 818 1276 admodum
865 1223 910 1277 si
945 1223 1036 1277 tali
1069 1233 1124 1279 et
1178 1225 1292 1295 ipse
1329 1225 1699 1294 implicaretur
1729 1239 1934 1278 errore.
1974 1220 2108 1276 Boni

529 1321 774 1380 pastores
813 1314 996 1384 populi
1039 1315 1236 1370 debent
1273 1315 1465 1371 delicta
1498 1315 1722 1380 deﬂere,
1765 1325 1819 1371 et
1864 1323 2005 1369 totos
2050 1330 2109 1370 se

527 1402 829 1472 planctibus
865 1405 1106 1470 tradere,
1147 1407 1422 1464 imitantes
1456 1407 1747 1463 Jeremiam
1791 1407 2108 1477 prophetam

529 1493 796 1548 dicentem
833 1513 846 1548 :
895 1496 1024 1561 Quis
1066 1496 1210 1550 dabit
1250 1498 1407 1567 capiti
1447 1514 1561 1551 meo
1597 1514 1824 1568 aquam,
1865 1506 1912 1550 et
1944 1495 2108 1550 oculis

526 1585 653 1637 meis
685 1583 879 1654 [autem
905 1585 1280 1655 lacrymurum,
1311 1596 1358 1640 et
1389 1586 1603 1658 plorabo
1629 1587 1714 1641 die
1739 1604 1802 1640 ac
1842 1596 1990 1641 nocte
2029 1587 2110 1640 in-

525 1675 765 1741 terfectos
793 1675 970 1746 populi
997 1676 1097 1729 mei
1141 1675 1274 1748 (Jer.
1307 1676 1424 1747 1x)?
1469 1678 1747 1748 Tanquam
1769 1678 1989 1748 propria
2016 1677 2110 1747 igi-

526 1772 615 1819 tur
639 1765 854 1830 delicta,
886 1766 1059 1837 plebis
1088 1776 1312 1838 peccata
1343 1770 1595 1824 sacerdos
1620 1768 1748 1824 llere
1776 1769 1934 1823 debet
1962 1787 1974 1821 :
2014 1768 2109 1822 sed

2205 578 2262 632 in
2288 579 2472 633 multis
2496 578 2775 634 erroribus
2802 576 3056 630 labimur.
3083 574 3186 641 Qui
3213 573 3358 629 enim
3387 575 3441 628 in
3473 576 3684 629 nostris
3708 576 3793 632 de-

2204 667 2346 722 lictis
2389 669 2682 724 clementes
2720 683 2929 732 sumus,
2971 667 3026 721 in
3071 666 3249 721 alieno
3289 675 3519 736 peccato
3566 669 3794 738 rigorem

2206 766 2393 815 tenere
2417 775 2755 830 nequaquam
2783 758 3063 814 debemus.
3087 756 3242 811 Multi
3264 757 3496 812 aliorum
3527 759 3666 812 vitia
3693 774 3797 814 cer-

2205 860 2370 916 nunt,
2395 849 2631 906 sua‘non
2659 849 2952 920 aspiciunt,
2976 857 3030 906 et
3056 864 3180 904 cum
3209 848 3310 919 ipsi
3337 849 3599 903 maximis
3630 850 3797 904 crimi-

2207 943 2365 996 nibus
2404 941 2626 997 obnoxii
2665 949 2971 1006 teneantur,
3019 941 3227 996 minora
3273 953 3501 1010 peccata
3545 940 3798 998 fratribus

2207 1048 2315 1087 non
2345 1033 2639 1088 dimittunt.
2682 1031 2992 1103 Hypocritae
3026 1032 3234 1086 trabem
3266 1031 3318 1085 in
3349 1032 3516 1086 oculo
3550 1047 3654 1086 suo
3685 1047 3800 1088 con-

2208 1124 2489 1180 sistentem
2533 1139 2640 1178 nou
2682 1125 2957 1190 sentiunt,
3001 1131 3057 1178 et
3102 1124 3404 1177 haerentem
3445 1122 3721 1178 festucam
3755 1124 3799 1177 in

2207 1213 2407 1269 lumine
2465 1214 2650 1268 fratris
2705 1214 3008 1269 intendunt.
3056 1211 3293 1268 Facilius
3346 1213 3801 1282 reprehendimus

2207 1305 2338 1360 vitia
2367 1305 2543 1360 aliena
2584 1321 2746 1374 quam
2806 1314 3013 1361 nostra.
3053 1303 3188 1358 Nam
3219 1319 3360 1374 smpe
3393 1319 3522 1374 qua:
3555 1317 3798 1373 perversa

2209 1395 2264 1450 in
2309 1395 2430 1450 aliis
2473 1397 2800 1467 judicamus,
2853 1396 2907 1451 in
2951 1396 3110 1452 nobis
3152 1395 3409 1450 nocibilia
3459 1409 3594 1450 esse
3637 1395 3798 1448 minus

2211 1488 2474 1542 sentimus
2515 1505 2529 1542 :
2572 1497 2626 1543 et
2667 1489 2812 1557 quod
2856 1488 2910 1543 in
2957 1487 3078 1542 aliis
3124 1485 3612 1556 reprehendimus,
3660 1499 3798 1554 agere

2210 1579 2313 1649 ipsi
2337 1578 2454 1634 'nou
2484 1580 2876 1635 erubescimus.
2914 1578 3154 1634 Facilius
3187 1579 3317 1632 vitia
3339 1574 3796 1644 uniuscujusque.

2210 1685 2372 1740 quam
2402 1670 2651 1736 virtutes,
2687 1671 3016 1725 intendimus
3047 1688 3060 1723 :
3099 1683 3202 1725 nec
3235 1669 3365 1739 quid
3402 1670 3545 1723 boni
3590 1668 3796 1736 quisque

2209 1761 2440 1832 gesserit
2482 1762 2729 1832 cupimus
2769 1773 3086 1833 agnoscere,
3128 1760 3224 1814 sed
3263 1759 3397 1829 quid
3440 1759 3587 1813 mali
3627 1757 3796 1828 egerit,

523 1856 719 1912 allectu
746 1858 1130 1926 compatiendi,
1160 1874 1264 1912 non
1293 1860 1505 1915 actione
1534 1860 1827 1914 commissi.
1856 1858 2109 1914 Nonnulli
2136 1835 2184 1896 Β
2211 1862 2638 1924 perscrutamur.
2716 1908 2719 1910 ,

523 1949 784 2018 prtesules
804 1949 1000 2019 gregis,
1027 1950 1286 2018 quosdam
1312 1967 1410 2020 pro
1430 1961 1656 2021 peccato
1679 1967 1709 2005 a
1733 1952 2114 2007 communione

524 2035 780 2104 ejiciunt,
818 2049 877 2092 ut
917 2038 1216 2108 pmuiteant
1255 2059 1266 2093 :
1311 2041 1406 2095 sed
1443 2041 1588 2109 quali
1632 2050 1778 2096 sorte
1805 2041 1991 2095 vivere
2018 2042 2112 2096 de-

522 2129 714 2194 beant,
763 2131 829 2184 ad
867 2131 1060 2185 melius
1099 2132 1436 2186 exhortando
1474 2147 1581 2186 non
1621 2133 1860 2187 visitant.
1908 2131 2114 2198 Quibus

523 2234 759 2290 congrue
789 2221 1076 2292 increpans
1116 2237 1296 2276 sermo
1322 2222 1536 2278 divinus
1566 2224 1931 2278 comminatur
1957 2241 1969 2276 :
2003 2221 2115 2276 Pa-

523 2320 686 2366 stores
722 2313 810 2382 qui
855 2322 1074 2382 pascunt
1123 2313 1371 2383 populum
1413 2331 1617 2380 meum,
1659 2331 1748 2368 vos
1795 2314 2111 2385 dispersistis

521 2417 726 2473 gregem
765 2420 933 2458 meum
962 2420 980 2458 :
1007 2404 1251 2474 ejecistis,
1297 2415 1344 2459 et
1388 2423 1491 2460 non
1531 2407 1779 2461 visitastis
1821 2423 1929 2461 eos.
1976 2406 2112 2461 Ecce

523 2509 615 2562 ego
647 2493 863 2548 visitabo
900 2511 1057 2565 super
1087 2512 1172 2550 vos
1208 2495 1467 2549 malitiam
1503 2498 1797 2551 studiorum
1825 2509 2110 2551 vestrorum

524 2581 734 2662 (lbid.).
774 2585 1043 2641 Bonorum
1078 2589 1254 2643 studia
1283 2590 1626 2643 sacerdotum
1646 2631 1661 2655 ,
1690 2590 1858 2644 multa
1883 2591 2112 2660 diligen-

521 2674 596 2728 tia
628 2676 792 2730 etiam
829 2692 993 2745 parva
1035 2678 1270 2747 plebium
1299 2679 1437 2734 facta
1474 2682 1795 2750 perquirunt
1831 2699 1845 2735 :
1889 2691 1947 2735 ut
1983 2683 2110 2736 dum

522 2765 578 2820 in
610 2767 849 2823 minimis
887 2770 1225 2824 subditorum
1257 2771 1496 2839 peccatis
1539 2786 1595 2826 se
1637 2771 1934 2826 acerrimos
1968 2788 2109 2841 prae-

523 2863 696 2918 stant,
734 2857 800 2912 de
841 2859 1137 2929 majoribus
1173 2860 1328 2914 malis
1366 2870 1554 2916 cautos
1597 2861 1699 2916 sibi
1741 2861 2002 2927 subditos,
2046 2880 2111 2919 ac

523 2947 783 3004 sollicitos
822 2948 1040 3005 faciant.
1083 2951 1237 3007 Sicut
1276 2954 1468 3008 medici
1510 2956 1728 3009 morbos
1766 2956 2110 3019 imminentes

526 3040 792 3094 curandos
823 3042 1147 3110 suscipiunt,
1181 3041 1392 3097 futuros
1419 3059 1567 3108 vero,
1599 3060 1665 3099 ne
1691 3044 1960 3115 irrepant,
1993 3062 2110 3100 me-

524 3128 716 3182 dicinae
746 3127 960 3197 objectu
994 3133 1225 3201 quadam
1254 3135 1594 3202 praescientia
1633 3137 1958 3192 antecedunt
1989 3155 1999 3190 :
2035 3139 2107 3192 ita

523 3228 581 3273 et
607 3219 856 3278 doctores
882 3224 1008 3277 boni
1049 3224 1126 3278 sic
1153 3240 1237 3287 ea,
1279 3241 1397 3295 quae
1434 3227 1574 3281 male
1610 3237 1729 3281 acta
1757 3238 1913 3296 sunt,
1956 3245 2105 3285 rese-

525 3319 672 3376 cant,
707 3321 768 3367 ut
803 3327 866 3367 ea
904 3328 1023 3382 quae
1067 3315 1276 3368 admitti
1316 3326 1562 3384 possunt,
1603 3333 1669 3372 ne
1705 3327 2105 3389 perpetrentur,

523 3401 769 3459 doctrina
819 3421 912 3460 sua
963 3416 1314 3462 succurrente
1362 3410 1709 3478 praeveniant.
1763 3410 1864 3478 Qui
1909 3411 2107 3466 blando

522 3511 772 3553 sermone
816 3500 1106 3569 castigatus
1149 3517 1254 3554 non
1299 3501 1608 3571 corrigitur,
1661 3502 1842 3557 acrius
1887 3519 2108 3559 necesse

522 3598 606 3644 est
632 3600 692 3644 ut
713 3601 989 3660 arguatur.
1014 3591 1148 3646 Cum
1181 3592 1365 3646 dolore
1394 3594 1536 3646 enim
1565 3594 1929 3650 abscindenda
1959 3606 2103 3663 sunt,

522 3693 642 3748 quae
667 3680 860 3736 leniter
883 3682 1062 3737 sanari
1094 3697 1199 3736 non
1227 3691 1469 3751 possunt.
1501 3683 1822 3741 Admonitus
1853 3689 2106 3742 secretim

413 3798 427 3810 -
523 3769 567 3823 si
598 3771 794 3840 corrigi
817 3773 881 3826 de
903 3781 1126 3841 peccato
1152 3773 1391 3843 negligit,
1422 3781 1481 3828 ut
1506 3775 1698 3830 vulnus
1725 3779 1868 3847 quod
1897 3779 2106 3835 occulte

525 3859 707 3913 sanari
734 3862 935 3927 nescit,
967 3862 1250 3916 manifeste
1277 3864 1470 3918 debeat
1495 3867 1792 3936 emendari.
1822 3866 2106 3923 Manifesta

522 3957 743 4019 peccata
801 3963 908 4006 non
973 3961 1099 4007 sunt
1151 3954 1358 4008 occulta
1415 3959 1751 4018 correctione
1802 3961 2101 4029 purganda.

523 4039 707 4094 Palam
751 4042 896 4097 enim
945 4053 1070 4099 sunt
1109 4047 1388 4116 arguendi,
1435 4049 1526 4117 qui
1569 4051 1745 4119 palam
1789 4061 2004 4119 nocent,
2045 4060 2106 4108 ut

523 4131 650 4185 dum
688 4141 872 4203 aperta
910 4134 1282 4206 objurgatione
1320 4149 1600 4205 sanantur,
1634 4142 1690 4195 hi
1720 4142 1810 4211 qui
1848 4157 1942 4198 eos
1977 4143 2102 4197 imi-

526 4223 687 4277 tando
727 4225 1095 4295 deliquerant,
1135 4230 1497 4302 corrigantur.
1538 4232 1677 4287 Dum
1707 4251 1847 4290 unus
1877 4236 2104 4306 corripi-

523 4322 630 4378 tur,
663 4315 876 4384 plurimi
914 4318 1288 4372 emendantur.
1323 4318 1553 4377 Necesse
1589 4331 1670 4378 est
1697 4325 1840 4379 enim
1862 4365 1875 4389 ,
1914 4333 1972 4380 ut
2004 4341 2103 4396 pro

523 4404 813 4458 multorum
853 4407 1150 4462 salvatione
1186 4425 1325 4464 unus
1359 4413 1769 4481 condemnetur,
1809 4430 1969 4482 quam
2002 4429 2102 4484 pro

2748 1943 2976 1999 CAPUT
3012 1939 3278 1997 XXXVII.

2283 2032 2546 2108 (Gregorii
2583 2033 2766 2089 homil.
2813 2034 2904 2099 26,
2946 2036 3000 2089 in
3034 2033 3196 2088 Joan.
3239 2031 3356 2102 xx.)
3409 2031 3798 2089 Pmdicatores

2211 2131 2384 2184 sancti
2427 2129 2746 2202 [Gregorius
2784 2129 2849 2184 de
2885 2127 3079 2183 collata
3117 2126 3402 2198 Episcopis
3439 2136 3712 2197 potestate
3745 2126 3798 2180 li-

2211 2221 2369 2290 gandi
2395 2229 2557 2291 atque
2585 2221 2848 2286 solvendi,
2875 2220 3270 2276 Praedicatores
3301 2219 3500 2285 sancti,
3528 2219 3690 2290 etc],
3717 2219 3799 2288 qui

2213 2311 2518 2366 districtum
2548 2312 2642 2366 Dei
2663 2311 2926 2382 judicium
2957 2321 3226 2378 metuunt,
3259 2313 3559 2366 animarum
3580 2311 3799 2381 iudices

2211 2402 2385 2457 ﬁunt:
2417 2412 2474 2458 et
2502 2403 2640 2459 alios
2681 2404 2940 2458 damnant
2966 2412 3020 2458 et
3047 2403 3318 2468 liberant,
3357 2403 3447 2472 qui
3472 2402 3798 2471 semetipsos

2211 2495 2458 2550 damnari
2493 2495 2830 2550 metuebant.
2864 2486 3070 2550 Horum
3093 2493 3342 2566 profecto
3371 2508 3519 2547 nunc
3544 2494 3603 2546 in
3629 2492 3796 2546 eccle-

2211 2585 2292 2640 sia
2332 2586 2574 2654 episcopi
2619 2585 2800 2640 locum
2841 2595 3072 2641 tenent:
3109 2587 3350 2642 solvendi
3396 2597 3567 2657 atque
3612 2586 3794 2658 ligandi

2211 2679 2587 2734 auctoritatem
2617 2680 2946 2750 suscipiunt,
2995 2681 3086 2749 qui
3123 2681 3348 2750 gradum
3375 2681 3668 2752 regiminis
3694 2695 3794 2735 sor-

2211 2771 2436 2824 tiuntur.
2481 2769 2712 2826 Grandis
2744 2771 2917 2825 honor
2945 2771 3302 2841 pontificalis,
3343 2771 3442 2826 sed
3479 2787 3651 2843 grave
3676 2786 3792 2841 pon-

2211 2863 2312 2916 dus
2356 2863 2514 2918 istius
2558 2871 2642 2918 est
2689 2863 2931 2918 honoris.
2982 2862 3185 2918 Durum
3227 2863 3431 2934 quippe
3467 2873 3582 2929 est,
3621 2860 3792 2932 utqui

2211 2956 2385 3010 nescit
2412 2965 2598 3010 tenere
2628 2953 3002 3009 moderamina
3027 2955 3152 3009 vitae
3181 2969 3322 3019 sure,
3354 2953 3528 3022 judex
3561 2954 3686 3008 vitae
3711 2951 3789 3006 ﬁat

2210 3047 2416 3101 alienae.
2458 3046 2780 3117 Plerumque
2819 3046 3102 3114 contingit,
3143 3055 3204 3100 ut
3238 3046 3352 3114 ipse
3391 3045 3589 3114 judicii
3632 3043 3789 3098 locum

2213 3145 2412 3196 teneat,
2462 3137 2548 3191 cui
2595 3137 2662 3190 ad
2701 3135 2881 3191 locum
2926 3136 3037 3190 vita
3083 3136 3310 3190 minime
3357 3134 3680 3189 concordat.
3723 3133 3793 3186 Ac

2215 3228 2441 3298 proinde
2481 3243 2622 3298 saepe
2653 3228 2852 3299 agitur,
2893 3236 2955 3282 ut
2983 3227 3066 3282 vel
3105 3227 3326 3282 damnet
3357 3225 3688 3288 immeritos,
3719 3224 3793 3278 vel

2214 3319 2350 3372 alios
2378 3320 2491 3388 ipse
2519 3317 2715 3387 ligatus
2742 3303 3124 3387 solvat‘Smpe
3155 3318 3210 3372 in
3241 3316 3514 3372 solvendis
3541 3332 3608 3372 ac
3635 3317 3794 3386 ligan~

2212 3409 2293 3463 dis
2330 3408 2559 3462 subditis
2596 3424 2705 3462 sua:
2729 3407 3025 3462 voluntatis
3049 3417 3252 3472 motus,
3295 3423 3402 3461 non
3435 3417 3614 3461 autem
3645 3422 3788 3462 caus

2212 3515 2397 3554 sarum
2425 3501 2617 3555 merita
2643 3500 2905 3568 sequitur.
2933 3499 3086 3555 Unde
3109 3499 3188 3564 ﬁt,
3215 3509 3274 3552 ut
3299 3499 3408 3567 ipsa
3433 3507 3484 3552 et
3507 3496 3719 3567 ligandi
3746 3505 3797 3553 et

2210 3589 2448 3644 solvendi
2490 3598 2756 3658 potestate
2797 3605 2854 3645 se
2887 3591 3091 3660 privet,
3132 3591 3224 3660 qui
3253 3590 3394 3645 hanc
3425 3604 3524 3659 pro
3561 3589 3678 3644 suis
3707 3603 3798 3644 vo-

2209 3681 2507 3735 luntatibus
2555 3679 2982 3754 [voluptatibus],
3029 3690 3086 3736 et
3129 3696 3236 3736 non
3285 3697 3385 3752 pro
3429 3680 3793 3750 subjectorum

2209 3773 2434 3835 meritis,
2469 3779 2704 3826 exercet.
2749 3770 2910 3841 Smpe
2946 3771 3038 3837 ﬁt,
3077 3782 3135 3824 ut
3176 3786 3304 3840 erga
3343 3770 3646 3839 quemlibet
3679 3785 3793 3839 pro-

2209 3863 2414 3917 ximum
2457 3862 2582 3916 odio
2620 3862 2704 3917 vel
2753 3863 2925 3932 gratia
2973 3867 3255 3915 moveatur
3292 3868 3506 3929 pastor.
3551 3857 3792 3913 Judicare

2209 3963 2387 4009 autem
2417 3954 2576 4024 digne
2611 3954 2678 4008 de
2715 3953 2944 4008 subditis
2985 3960 3289 4022 nequeunt,
3334 3952 3431 4021 qui
3465 3955 3521 4006 in
3563 3953 3793 4007 subdito-

2207 4061 2328 4100 rum
2366 4045 2545 4100 causis
2586 4061 2682 4099 sua
2720 4044 2806 4099 vel
2849 4044 2971 4099 odia
2996 4084 3009 4107 ,
3065 4043 3146 4098 vel
3187 4043 3424 4114 gratiam
3475 4054 3789 4114 sequuntur.

2209 4135 2359 4192 Unde
2407 4145 2554 4190 recte
2598 4150 2696 4205 per
2738 4135 3058 4204 pr0phetam
3099 4134 3298 4188 dicitur
3339 4153 3352 4188 :
3397 4133 3792 4204 Mortiﬁcabaat

2205 4225 2407 4279 animas
2451 4240 2569 4294 qua:
2613 4239 2713 4277 non
2755 4222 3072 4287 moriuntur,
3118 4233 3166 4276 et
3206 4223 3550 4291 vitvi/icabant
3597 4227 3792 4278 animos

2204 4332 2321 4386 quae
2343 4333 2447 4370 non
2469 4316 2641 4369 vivunt
2663 4313 2880 4386 (Ezeclt.
2903 4314 3084 4384 χχιιι).
3109 4313 3225 4368 Non
3249 4315 3584 4370 morientem
3605 4318 3791 4386 quippe

2205 4406 2516 4470 mortiﬁcat,
2544 4405 2636 4474 qui
2661 4403 2871 4472 justum
2898 4404 3120 4458 damnat
3147 4419 3161 4457 :
3194 4413 3250 4458 et
3275 4420 3384 4460 non
3419 4407 3699 4461 victurum
3723 4407 3794 4460 vi-

523 4494 683 4545 unius
730 4495 944 4548 licentia
989 4498 1141 4551 multi
1187 4499 1579 4568 periclitentur.
1625 4503 1702 4557 Ita
1745 4520 1874 4575 erga
1924 4505 2099 4559 delin-

2207 4497 2422 4552 viticare
2460 4496 2672 4560 nititur,
2711 4495 2804 4564 qui
2840 4509 2990 4550 reum
3024 4510 3055 4548 a
3090 4495 3353 4565 supplicio
3389 4497 3684 4552 absolvere
3710 4513 3795 4552 co-

525 4596 776 4652 quentem
814 4602 992 4641 sermo
1023 4597 1105 4642 est
1132 4588 1502 4658 proferendus,
1543 4593 1682 4648 sicut
1714 4595 1827 4661 ejus
1855 4596 1948 4664 qui
1979 4612 2100 4651 cor-

524 4673 721 4743 ripitur
745 4677 1050 4743 expostulat
1089 4678 1252 4732 salus.
1299 4679 1449 4745 Quod
1491 4682 1535 4735 si
1573 4698 1706 4750 opus
1745 4688 1829 4738 est
1864 4685 2098 4754 aliquam

523 4765 899 4820 medicamenti
927 4769 1155 4822 salutem
1179 4769 1344 4824 verbo
1372 4771 1757 4841 increpationis
1785 4789 2095 4845 aspergere,

490 4853 795 4921 ,lenitatem
833 4864 1010 4913 tamen
1043 4859 1204 4913 corde
1242 4875 1376 4929 opus
1417 4870 1501 4917 est
1541 4864 1794 4918 retinere.
1840 4864 2098 4923 Doctores

520 4958 904 5013 nonnunquam
928 4946 1078 5002 duris
1102 4945 1304 5002 feriunt
1330 4950 1792 5020 increpationibus
1832 4956 2094 5022 subditos,

519 5035 610 5104 qui
634 5043 808 5089 tamen
832 5051 862 5089 a
889 5036 1153 5092 charitate
1178 5053 1364 5094 eorum
1386 5055 1521 5109 quos
1542 5043 1857 5112 corripiunt,
1881 5061 1987 5100 non
2017 5063 2100 5102 re-

520 5124 733 5178 cedunt.
777 5124 930 5194 Saepe
957 5125 1198 5182 ecclesia:
1227 5144 1452 5184 censura
1483 5134 1860 5202 arrogantibus
1883 5136 2098 5190 videtur

519 5225 638 5267 esse
681 5214 930 5281 superbia
972 5213 1247 5288 [superba]
1287 5232 1300 5271 :
1346 5226 1402 5272 et
1455 5222 1594 5288 quod
1631 5238 1662 5276 a
1706 5223 1860 5279 bonis
1895 5225 1982 5294 pie
2010 5225 2091 5291 lit,

519 5304 810 5359 crudeliter
849 5305 966 5359 ﬁeri
1005 5313 1223 5376 putatur
1261 5323 1290 5360 a
1331 5310 1554 5378 pravis:
1587 5311 1709 5380 quia
1752 5329 1859 5367 non
1893 5315 2094 5369 discer-

519 5405 656 5450 nunt
680 5405 826 5451 recto
855 5398 1030 5464 oculo,
1060 5399 1204 5469 quod
1229 5416 1260 5454 a
1286 5400 1440 5455 bonis
1469 5411 1616 5456 recto
1647 5402 1707 5457 ﬁt
1743 5405 1943 5459 animo.
1987 5404 2093 5461 No-

521 5490 740 5543 tandum
768 5491 836 5545 ab
855 5491 999 5546 omni
1025 5492 1281 5562 pontiﬁce
1305 5493 1672 5561 vehementer,
1698 5503 1758 5549 ut
1788 5505 1936 5551 tanto
1964 5512 2092 5552 cau-

521 5578 631 5632 tius
663 5595 789 5650 erga
824 5583 1141 5638 commissos
1173 5591 1314 5655 agat,
1355 5597 1556 5654 quanto
1593 5586 1782 5643 durius
1809 5603 1839 5640 a
1877 5587 2092 5645 Christo

514 5670 747 5742 judicari
784 5673 1053 5730 formidat.
1095 5675 1230 5731 Nam
1271 5678 1411 5733 sicut
1452 5679 1710 5749 scriptum
1751 5689 1855 5746 est,
1896 5682 1948 5736 in
1986 5699 2091 5753 qua

519 5777 766 5817 mensura
791 5766 955 5819 mensi
983 5765 1209 5833 fueritis,
1233 5770 1527 5824 remetietur
1553 5771 1694 5827 vobis
1724 5772 1936 5844 (Matth.
1965 5773 2084 5842 vn).

2206 4594 2382 4640 natur.
2413 4583 2630 4656 (Moral.
2661 4601 2773 4650 nx,
2807 4601 2852 4637 c.
2887 4583 2998 4654 l4.)
3029 4583 3170 4638 Deus
3197 4584 3579 4653 omnipotens,
3615 4596 3680 4640 ut
3703 4599 3795 4639 nos

2205 4689 2236 4728 a
2259 4673 2593 4743 praecipitata
2616 4673 2900 4727 sententiae
2916 4671 3213 4742 prolatione
3245 4683 3656 4742 compesceret,
3679 4690 3795 4731 cum

2204 4765 2384 4818 omnia
2411 4765 2552 4818 nuda
2595 4771 2650 4818 et
2687 4772 2872 4833 aperta
2908 4763 3016 4818 sint
3044 4763 3214 4817 oculis
3241 4762 3380 4831 ejus,
3426 4765 3577 4819 mala
3623 4777 3794 4821 tamen

2205 4853 2450 4908 Sodoma:
2478 4853 2653 4908 noluit
2687 4853 2863 4907 audita
2888 4853 3154 4923 judicare,
3181 4853 3273 4922 qui
3299 4853 3417 4909 ait:
3443 4855 3676 4911 Clamor
3702 4858 3796 4912 So-

2201 4946 2476 5000 domorum
2506 4957 2554 5000 et
2581 4943 2886 5000 Gomorrlta!
2907 4946 3283 5016 multiplicatus
3311 4958 3410 5013 est,
3443 4959 3493 5003 et
3517 4961 3796 5020 peccatum

2195 5054 2374 5091 eorum
2417 5047 2754 5108 aggravatum
2795 5045 2870 5090 est
2902 5037 3076 5092 nimis.
3123 5037 3450 5092 Descendunt
3491 5050 3546 5093 et
3591 5043 3796 5105 ridebo,

2198 5139 2374 5182 utrum
2407 5129 2686 5182 clamorem
2711 5129 2800 5198 qui
2824 5130 2959 5183 venit
2986 5130 3057 5184 ad
3081 5147 3184 5196 me,
3209 5147 3362 5200 apere
3392 5134 3796 5202 compleret-int,

2197 5239 2267 5276 an
2308 5239 2412 5276 non
2451 5234 2526 5277 est
2569 5224 2672 5289 ita,
2718 5231 2776 5276 ut
2817 5223 2981 5277 sciam
3021 5221 3175 5295 (Gen.
3206 5224 3383 5294 xvnt).
3430 5228 3800 5299 Omnipotens

2196 5315 2378 5383 itaque
2417 5316 2709 5382 Dominus,
2745 5323 2800 5371 et
2835 5319 3017 5372 omnia
3047 5317 3245 5384 sciens,
3283 5333 3385 5372 cur
3423 5331 3556 5376 ante
3598 5321 3801 5392 proba-

2197 5409 2402 5464 tionem
2429 5410 2582 5478 quasi
2608 5410 2846 5476 dubitat,
2885 5411 2990 5465 nisi
3016 5419 3076 5464 ut
3111 5411 3393 5481 gravitatis
3419 5413 3587 5468 nobis
3613 5426 3808 5469 exan-

2194 5501 2343 5571 plum
2385 5512 2680 5571 proponat,
2723 5518 2791 5557 ne
2833 5503 2972 5556 mala
3015 5502 3292 5558 hominum
3325 5512 3456 5559 ante
3494 5519 3808 5575 praesuma-

2196 5608 2316 5648 mus
2347 5592 2588 5657 credere,
2622 5606 2784 5662 quam
2809 5595 3057 5663 probare.
3089 5593 3227 5660 Quid
3256 5595 3361 5650 hoc
3389 5598 3655 5667 exemplo
3697 5593 3807 5652 nisi

2195 5699 2294 5738 nos
2319 5682 2692 5748 admonemur,
2722 5699 2790 5739 ne
2815 5685 2883 5739 ad
2908 5685 3283 5756 proferendam
3315 5689 3663 5743 sententiam
3695 5703 3806 5741 un-

2195 5789 2360 5845 quam
2397 5775 2699 5845 praecipites
2737 5791 2857 5834 esse
2894 5777 3204 5849 debeamus,
3247 5796 3314 5837 ue
3361 5790 3572 5837 temere
3616 5780 3810 5837 indis-
