4000 6474
224 410 316 478 873

781 404 1063 470 REGULA
1100 404 1595 470 CANONICORUM
1630 408 1719 465 AB
1754 402 2113 465 AMALARIO
2149 402 2531 465 COLLECTA.
2570 434 2644 447 —
2680 405 2810 462 LIB.
2850 402 2890 461 I.

3342 402 3450 467 874

223 543 362 588 cussa
386 526 701 599 iudicemus,
745 542 813 581 ne
838 525 1089 597 quaelibet
1124 525 1265 583 mala
1304 526 1489 581 audita
1524 539 1624 581 nos
1657 538 1773 580 mo-
1798 524 1851 586 Α
1874 536 2060 577 sacros
2083 521 2300 578 ordines
2329 520 2543 583 tribuit,
2572 528 2703 575 tunc
2729 518 2798 574 ab
2829 518 2976 575 omni
3011 534 3235 580 munere
3260 538 3456 584 manus

220 631 388 686 veant,
424 636 491 677 ne
532 621 730 691 passim
772 621 914 677 dicta
952 624 1067 678 sine
1103 624 1424 695 probatione
1456 622 1775 679 credamus?

219 715 379 788 (Hom.
409 713 476 768 26
500 714 557 767 in
581 712 744 767 Joan.
780 714 894 786 xx.)
933 713 1121 770 Causa:
1148 729 1277 786 ergo
1309 715 1599 785 peusandae
1624 723 1771 782 sunt,

216 815 265 863 et
302 814 417 860 tunc
450 803 647 875 ligandi
688 812 849 874 atque
889 805 1127 861 solvendi
1166 813 1406 875 potestas
1446 806 1768 861 exercenda.

214 897 491 953 Videndum
523 904 609 953 est
635 912 755 967 quae
781 896 936 968 culpa
963 898 1266 967 praecessit,
1297 906 1530 969 antqua:
1563 898 1633 953 sit
1657 911 1773 967 poe-

212 988 417 1045 nitentia
457 996 645 1042 secuta
690 996 813 1057 post
852 987 1067 1058 culpam
1101 1006 1115 1039 :
1155 996 1217 1042 ut
1257 1002 1392 1059 quos
1432 988 1771 1057 omnipotens

206 1082 337 1139 Deus
362 1093 457 1151 per
482 1081 913 1150 compunctionis
943 1081 1175 1152 gratiam
1203 1081 1385 1136 visitat
1405 1123 1420 1146 ,
1448 1082 1566 1136 illos
1589 1090 1771 1152 pasto-

203 1174 274 1231 ris
302 1172 565 1230 sententia
602 1172 861 1228 absolvat.
898 1173 1048 1228 Tunc
1072 1174 1217 1229 enim
1242 1190 1366 1229 vera
1393 1185 1478 1229 est
1503 1173 1770 1230 absolutio

199 1264 545 1337 praesidentis,
575 1280 699 1319 cum
735 1266 933 1321 interni
968 1267 1253 1322 arbitrium
1282 1268 1528 1339 sequitur
1546 1266 1765 1336 judicis.

200 1355 340 1424 Quod
371 1354 506 1412 bene
552 1356 901 1426 quatriduani
936 1359 1139 1413 mortui
1184 1360 1527 1415 resuscitatio
1567 1360 1656 1414 illa
1699 1360 1770 1414 si-

196 1448 403 1520 gnificat
435 1467 448 1502 :
483 1464 604 1518 quae
630 1449 885 1505 videlicet
913 1451 1269 1516 demonstrat,
1296 1454 1421 1524 quia
1452 1456 1602 1524 prius
1630 1471 1770 1511 mor-

196 1550 335 1596 tuum
356 1541 616 1596 Dominus
640 1544 852 1597 vocavit
877 1551 932 1597 et
954 1543 1266 1609 vivifieavit,
1295 1546 1477 1602 dicens
1504 1565 1516 1600 :
1542 1547 1764 1614 Lazare,

190 1634 296 1687 veni
334 1632 478 1702 [aras
521 1631 703 1704 (Joan.
746 1634 858 1706 xi);
901 1642 958 1689 et
994 1637 1335 1705 postmodum
1378 1638 1443 1704 is,
1484 1639 1575 1709 qui
1614 1640 1767 1696 vivus

187 1739 432 1795 egressus
460 1724 669 1792 fuerat,
708 1742 739 1781 a
775 1726 1058 1796 discipulis
1087 1736 1174 1783 est
1206 1729 1437 1795 solutus,
1465 1730 1606 1786 sicut
1635 1732 1767 1786 scri-

182 1822 332 1884 ptum
371 1824 457 1870 est
492 1829 507 1868 :
548 1815 782 1887 Cumque
812 1832 1046 1886 egressus
1075 1828 1206 1871 esset
1247 1820 1334 1889 qui
1365 1819 1536 1888 fuerat
1572 1819 1764 1888 ligatus

1874 614 2112 680 excutit,
2140 613 2356 685 quando
2388 614 2442 668 in
2474 612 2671 669 divinis
2702 612 2865 667 rebus
2895 628 2999 667 non
3037 614 3209 671 solum
3250 618 3455 677 nullam

1873 709 2181 779 pecuniam,
2211 708 2306 764 sed
2324 708 2485 762 etiam
2511 708 2797 761 humanam
2823 707 3051 778 gratiam
3075 725 3178 764 non
3204 712 3452 780 requirit.

1872 799 2192 871 Plerumque
2218 802 2297 865 tit,
2322 808 2381 854 ut
2408 800 2634 869 quisque
2661 814 2847 855 eorum
2875 800 2959 855 vel
2991 802 3126 855 bona
3152 804 3454 874 corporalia

1872 893 1939 948 ab
1970 893 2277 948 hominibus
2298 893 2547 964 accipere
2574 900 2881 948 contemnat
2905 912 2917 947 :
2945 895 3039 949 sed
3061 896 3187 963 quia
3210 896 3325 952 haec
3346 913 3453 952 non

1870 984 2099 1053 accipit,
2143 983 2380 1053 majores
2419 987 2486 1040 ab
2514 985 2592 1040 eis
2622 987 2861 1055 recipere
2900 986 3089 1043 laudes
3117 997 3354 1057 quaerat;
3400 997 3458 1043 et

1870 1073 2101 1131 fortasse
2132 1092 2327 1132 munus
2356 1093 2414 1132 se
2443 1078 2718 1147 accepisse
2753 1094 2857 1134 non
2886 1081 3149 1146 :estimat,
3188 1082 3280 1152 qui
3315 1083 3455 1137 bona

1869 1170 2170 1241 corporalia
2212 1172 2461 1242 accipere
2502 1182 2737 1228 recusat.
2783 1172 2937 1228 Sicut
2964 1175 3223 1244 scriptum
3249 1185 3330 1231 est
3358 1192 3453 1231 su-

1867 1265 2072 1331 perius,
2098 1261 2389 1331 aliquando
2417 1276 2612 1317 munus
2640 1277 2671 1316 a
2700 1277 2887 1326 manu,
2916 1262 3204 1333 aliquando
3230 1280 3361 1320 vero
3387 1267 3455 1320 ab

1868 1368 1963 1409 ore
1988 1354 2299 1426 porrigitur.
2333 1353 2470 1409 Nam
2498 1355 2587 1425 qui
2621 1370 2899 1410 nummum
2930 1357 3136 1423 tribuit,
3168 1373 3363 1415 munus
3386 1374 3456 1413 ex

1868 1460 2032 1499 mam
2076 1446 2223 1501 dedit
2264 1463 2277 1500 :
2325 1447 2417 1517 qui
2463 1456 2643 1502 autem
2686 1448 2910 1503 verbum
2954 1449 3125 1504 laudis
3170 1451 3453 1521 impendit,

1869 1550 2065 1590 munus
2108 1536 2177 1590 ab
2218 1551 2314 1592 ore
2355 1538 2596 1607 protulit.
2651 1537 2976 1610 Plerumque
3027 1545 3302 1607 sacerdos,
3352 1545 3455 1599 etsi

1867 1628 2140 1682 exteriora
2160 1627 2324 1694 dona,
2348 1644 2468 1698 qua:
2491 1627 2719 1686 terrenae
2738 1630 2964 1686 forsitan
2992 1635 3301 1691 necessitati
3326 1652 3457 1692 con-

1866 1729 2096 1790 gruunt,
2135 1735 2236 1792 pro
2266 1720 2611 1790 impositione
2640 1722 2899 1778 manuum
2934 1726 3181 1796 accipere
3211 1738 3452 1797 recusat,

1864 1812 1987 1880 plus
2012 1820 2099 1868 est
2123 1815 2267 1883 quod
2296 1813 2399 1868 sibi
2427 1814 2653 1870 retribui
2694 1818 2931 1887 appetit,
2963 1832 3087 1873 cum
3119 1820 3261 1874 ultra
3291 1822 3459 1877 meri-

178 1906 392 1971 institis,
422 1917 545 1960 tunc
571 1907 705 1961 dixit
728 1907 1001 1977 discipulis
1026 1908 1136 1962 suis
1164 1925 1183 1962 :
1212 1887 1411 1963 Solvite
1435 1926 1584 1973 eum,
1614 1887 1662 1963 et
1691 1911 1764 1963 εἰ·
1789 1887 1839 1947 Β
1866 1914 1982 1961 tum
2010 1904 2217 1961 laudari
2247 1907 2585 1973 desiderans,
2602 1908 2813 1964 ‘munus
2842 1911 2911 1965 ab
2939 1924 3033 1965 ore
3058 1911 3270 1981 quaerit.

174 1998 284 2049 nite
324 1996 471 2051 abire
510 1996 720 2069 (Ibid.),
772 1998 981 2053 scilicet
1028 2008 1089 2053 ut
1133 2007 1377 2069 pastores
1413 2000 1670 2055 Ecclesiae
1711 2003 1763 2057 ei

172 2101 390 2157 pinnam
416 2086 650 2142 debeant
674 2103 929 2143 amovere
950 2103 1113 2157 quam
1138 2089 1357 2154 meruit,
1386 2089 1479 2159 qui
1506 2106 1612 2144 non
1641 2105 1762 2145 eru-

173 2178 290 2232 buit
328 2177 578 2232 conﬁteri
614 2179 757 2248 quod
796 2177 943 2233 fecit.
994 2177 1106 2233 Sub
1151 2194 1348 2249 magno
1390 2180 1760 2235 moderamine

172 2279 420 2341 pastores
460 2270 733 2336 Ecclesiae,
763 2270 849 2324 vel
891 2269 1100 2325 solvere
1128 2271 1410 2338 studeant,
1445 2270 1531 2326 vel
1566 2271 1755 2343 ligare.

172 2362 273 2419 Sed
302 2372 491 2419 utrum
525 2365 673 2435 juste
705 2381 774 2419 an
816 2366 1014 2435 injuste
1042 2365 1245 2437 obliget
1281 2374 1483 2435 pastor,
1524 2367 1758 2436 pastoris

169 2465 344 2513 tamen
375 2459 652 2514 sententia
675 2459 823 2529 gregi
856 2460 1091 2513 timenda
1116 2467 1221 2525 est,
1252 2475 1321 2514 ne
1350 2461 1396 2515 is
1423 2461 1516 2529 qui
1545 2461 1754 2527 subest,

165 2556 218 2603 et
254 2564 380 2604 cum
426 2548 633 2618 injuste
673 2549 902 2605 forsitan
933 2550 1154 2620 ligatur,
1200 2551 1371 2621 ipsam
1416 2551 1758 2623 obligationis

162 2654 270 2695 sua:
291 2641 630 2696 sententiam
652 2656 720 2697 ex
741 2641 847 2697 alia
866 2642 1023 2713 culpa
1048 2652 1340 2699 mereatur.
1362 2643 1556 2700 Pastor
1574 2646 1757 2716 itaque

160 2732 390 2804 quisque
414 2733 510 2789 vel
540 2733 824 2790 absolvere
862 2735 1155 2790 indiscrete
1194 2735 1410 2802 timeat,
1443 2736 1527 2791 vel
1566 2735 1753 2808 ligare.

155 2823 203 2881 Is
230 2834 420 2881 autem
447 2828 544 2895 qui
575 2826 674 2881 sub
701 2841 863 2881 manu
892 2827 1129 2897 pastoris
1149 2836 1254 2893 est,
1282 2827 1438 2899 ligari
1465 2829 1653 2884 timeat
1671 2829 1756 2885 vel

156 2918 379 2989 injuste,
416 2936 525 2976 nec
558 2921 794 2991 pastoris
824 2922 905 2977 sui
934 2921 1195 2992 judicium
1229 2932 1434 2979 temere
1470 2924 1756 2993 reprehen-

152 3011 275 3077 dat,
306 3028 379 3069 ne
409 3012 519 3068 etsi
558 3011 758 3081 injuste
796 3013 994 3085 ligatus
1029 3022 1135 3080 est,
1167 3029 1235 3069 ex
1264 3015 1380 3085 ipsa
1421 3015 1639 3071 tumida:
1668 3030 1755 3071 re-

152 3103 540 3183 prehensionis
564 3104 841 3174 superbia,
867 3104 1024 3175 culpa
1052 3121 1171 3175 quae
1194 3121 1301 3161 non
1326 3114 1466 3173 erat,
1493 3105 1609 3162 fiat.

682 3195 909 3253 CAPUT
948 3196 1232 3254 XXXVIII.

2423 2000 2651 2057 CAPUT
2691 1993 2931 2057 XXXIX.

1934 2088 2043 2161 (Ea:
2078 2091 2299 2146 concilio
2343 2091 2588 2159 Niceno,
2616 2111 2734 2148 can.
2766 2094 2820 2159 5,
2852 2095 2976 2149 dist.
3010 2096 3126 2168 52.)
3170 2097 3454 2155 Interdixit

1859 2195 1959 2250 per
1986 2182 2168 2236 omnia
2199 2181 2413 2254 [Incipit
2441 2198 2614 2239 canon
2640 2198 2706 2237 ex
2733 2183 2953 2241 Nicaeno
2980 2187 3211 2243 concilio
3237 2189 3302 2244 de
3328 2191 3455 2247 sub-

1861 2274 2183 2330 introductis
2220 2276 2567 2344 mulieribus,
2615 2278 2897 2334 lnterdixit
2938 2294 3034 2350 per
3071 2284 3285 2349 omnia,
3316 2284 3450 2361 etc.]

1860 2380 2056 2436 magna
2084 2369 2340 2437 synodus.
2384 2383 2490 2423 non
2522 2370 2794 2439 episcopo,
2827 2387 2934 2426 non
2974 2374 3311 2443 presbytero,
3340 2392 3451 2433 non

1861 2456 2107 2522 diacono,
2141 2472 2242 2512 nec
2284 2458 2443 2513 alicui
2487 2460 2706 2517 omnino
2745 2462 2837 2530 qui
2880 2464 2935 2516 in
2980 2463 3123 2519 clero
3149 2474 3252 2532 est,
3285 2466 3451 2524 licere

1860 2546 2328 2604 subintroductam
2370 2548 2571 2605 habere
2618 2551 2903 2608 mulierem
2956 2571 2969 2607 :
3021 2556 3126 2611 nisi
3174 2556 3312 2613 forte
3354 2568 3451 2615 aut

1812 2688 1815 2689 ν
1858 2650 2109 2707 matrem,
2153 2649 2247 2696 aut
2286 2657 2550 2710 sororem,
2579 2656 2672 2701 aut
2709 2646 2954 2714 amitam,
2987 2648 3073 2704 vel
3113 2665 3207 2707 eas
3237 2661 3448 2709 tantum

1856 2744 2138 2801 personas,
2166 2748 2289 2803 quae
2316 2734 2652 2805 suspiciones
2681 2736 2962 2808 ell‘ugiunt.

2456 2827 2683 2886 CAPUT
2723 2828 2839 2884 XL.

1929 2917 2041 2989 (Ea:
2061 2918 2241 2975 eodem
2266 2919 2516 2986 concilio,
2541 2938 2658 2975 can.
2687 2922 2772 2988 17,
2803 2922 2888 2989 14,
2910 2940 3000 2995 qu.
3026 2924 3082 2991 4,
3112 2936 3159 2980 et
3181 2927 3305 2984 dist.
3330 2929 3446 3002 47.)

1857 3008 2125 3076 Quoniam
2165 3012 2321 3066 multi
2362 3010 2516 3083 [Item
2551 3013 2606 3067 in
2641 3014 2832 3069 eodem
2870 3029 3048 3084 conc,
3088 3033 3207 3089 cap.
3250 3020 3339 3086 17,
3378 3021 3448 3077 de

1856 3100 2071 3156 clericis
2099 3116 2293 3157 usuras
2335 3102 2742 3172 accipientibus,
2786 3104 3052 3172 Quoniam
3092 3108 3281 3177 multi,
3308 3108 3444 3185 etc.]

1859 3195 1959 3251 sub
1988 3196 2175 3268 regula
2213 3197 2510 3262 constituti,
2550 3198 2835 3253 avaritiam
2874 3208 2931 3255 et
2970 3202 3147 3272 turpia
3176 3201 3327 3259 lucra
3355 3220 3445 3262 se-

218 3286 517 3358 (Ejusdem
545 3288 728 3344 homil.
757 3289 812 3353 4,
843 3290 899 3343 in
926 3289 1130 3362 Evang.
1162 3289 1355 3346 Matth.
1384 3308 1440 3358 ι,
1473 3292 1621 3349 Misit
1644 3293 1755 3349 Do-
1782 3286 1827 3312 ”
1857 3297 2092 3355 ctantur,
2128 3287 2389 3361 oblitique
2415 3288 2613 3345 divina:
2655 3289 2969 3361 Scriptura,
3019 3294 3247 3351 dicentis
3282 3314 3294 3349 :
3338 3295 3445 3362 Qui

144 3380 348 3435 minus.
369 3380 656 3452 Αει.’νιιι.)
676 3380 926 3435 Nonnulli
948 3383 1324 3453 episcoporum
1349 3383 1667 3457 [Gregorius
1687 3387 1755 3444 de

139 3471 434 3541 episcopis
461 3471 551 3540 qui
581 3485 683 3540 pro
709 3471 1050 3527 ordinatione
1088 3475 1390 3530 sacerdotis
1429 3492 1655 3532 munera
1685 3477 1752 3533 li-

136 3557 346 3615 benter
379 3560 681 3630 accipiunt.
729 3558 981 3615 Nonnulli
1010 3562 1382 3632 episcoporum
1402 3604 1419 3631 ,
1455 3566 1615 3640 etc.],
1660 3567 1756 3625 do-

131 3666 277 3706 num
322 3651 543 3720 accepti
587 3651 824 3721 Spiritus
863 3652 917 3705 in
957 3668 1113 3709 usum
1153 3655 1327 3711 solent
1370 3659 1755 3729 negotiationis

126 3740 467 3805 inﬂectere,
505 3750 560 3797 et
591 3743 975 3801 miraculorum
1014 3747 1167 3818 signa
1207 3750 1276 3805 ad
1314 3753 1558 3808 avaritia:
1597 3755 1755 3813 obse-

122 3832 339 3903 quium
370 3832 674 3889 declinare.
702 3834 839 3891 Hinc
864 3845 948 3893 est
975 3839 1120 3893 enim
1150 3842 1293 3910 quod
1320 3841 1507 3900 Simon
1533 3862 1631 3918 per
1658 3849 1754 3905 im-

123 3927 491 3996 positionem
531 3943 724 3983 manus
750 3929 893 3985 edita
934 3932 1195 3988 miracula
1236 3938 1595 4008 conspiciens,
1634 3958 1753 4013 per-

121 4019 325 4088 cipere
356 4018 568 4072 donum
609 4017 844 4087 Spiritus
884 4023 1058 4077 sancti
1094 4037 1195 4093 per
1221 4028 1503 4094 pecuniam
1534 4030 1703 4087 voluit
1732 4058 1748 4096 ε

125 4109 359 4164 scilicet
385 4117 450 4163 ut
471 4109 707 4165 deterius
728 4112 1003 4177 venderet,
1029 4116 1173 4184 quod
1196 4117 1335 4173 male
1354 4132 1745 4190 comparasset.

122 4202 275 4258 Hinc
322 4203 656 4274 redemptor
697 4215 884 4261 noster
923 4206 1133 4279 ﬂagello
1159 4212 1226 4267 de
1270 4215 1542 4272 resticulis
1581 4219 1746 4288 facto,

124 4293 193 4347 de
237 4293 468 4364 templo
511 4294 699 4350 turbas
737 4295 918 4366 ejecit,
958 4300 1242 4359 cathedras
1282 4304 1629 4363 vendentium
1657 4320 1749 4367 co-

118 4383 357 4443 lumbas
383 4386 593 4441 evertit
615 4386 798 4459 (Joan.
830 4389 914 4462 ιι).
954 4389 1247 4449 Columbas
1271 4396 1471 4466 quippe
1492 4401 1743 4469 vendere,

116 4490 206 4535 est
237 4480 671 4550 impositionem
711 4497 925 4549 manus,
947 4500 1053 4554 qua
1095 4484 1329 4557 Spiritus
1358 4500 1576 4548 sanctus
1601 4495 1746 4550 acci-

1855 3381 2131 3453 pecuniam
2169 3398 2322 3436 suam
2352 3398 2456 3436 non
2483 3381 2624 3436 dedit
2650 3382 2720 3436 ad
2746 3399 2961 3437 usuram
2983 3424 2998 3450 ,
3028 3393 3274 3440 mutuum
3314 3386 3443 3442 dan-

1854 3480 1969 3541 tes,
2013 3475 2340 3532 centesimas
2383 3476 2607 3547 exigunt
2654 3493 2668 3529 :
2711 3474 2856 3545 juste
2899 3477 3110 3533 censuit
3156 3488 3342 3535 sancta
3387 3486 3442 3535 et

1854 3582 2049 3639 magna
2071 3567 2328 3639 synodus,
2354 3576 2416 3622 ut
2442 3568 2488 3622 si
2514 3567 2637 3637 quis
2665 3567 2915 3622 inventus
2938 3566 3106 3623 fuerit
3144 3580 3267 3639 post
3300 3570 3442 3627 hanc

1854 3659 2223 3716 definitionem
2262 3674 2457 3715 usuras
2486 3658 2780 3729 accipiens,
2820 3666 2915 3714 aut
2952 3674 3020 3715 ex
3063 3660 3441 3720 adinventione

1853 3752 2053 3823 aliqua,
2086 3753 2170 3810 vel
2214 3753 2455 3824 quolibet
2482 3753 2641 3809 modo
2667 3753 2946 3825 negotium
2986 3756 3308 3827 transigens,
3345 3766 3441 3813 aut

1853 3846 2129 3913 hemiolia,
2175 3847 2230 3901 id
2272 3854 2357 3903 est
2397 3844 2662 3915 sescupla,
2695 3845 2937 3917 exigens,
2978 3846 3063 3902 vel
3089 3847 3291 3918 aliquid
3333 3850 3439 3905 tale

1851 3956 2077 4012 prorsus
2104 3939 2421 4008 excogitans
2465 3938 2639 4009 turpis
2684 3938 2821 3994 lucri
2868 3939 3065 4011 gratia,
3094 3938 3379 4010 dejiciatur
3404 3960 3438 4000 a

1851 4034 2019 4099 clero,
2048 4042 2104 4090 et
2125 4033 2335 4088 alienus
2362 4031 2563 4087 existat
2589 4036 2621 4087 a
2651 4031 2856 4103 regula.

2435 4122 2662 4180 CAPUT
2698 4123 2832 4179 XLI.

1922 4220 2032 4292 (Ea:
2058 4220 2238 4275 eodem
2259 4217 2500 4283 concilio,
2531 4235 2649 4272 can.
2680 4218 2766 4283 I8,
2791 4218 2916 4271 dist.
2940 4217 3054 4288 95.)
3086 4218 3338 4276 Pervenit
3366 4223 3435 4278 ad

1850 4320 2097 4369 sanctum
2144 4310 2307 4383 [Item
2356 4311 2423 4366 de
2475 4308 2768 4379 privilegiis
2819 4308 3290 4379 presbyterorum,
3345 4312 3430 4366 tit.

1848 4420 2004 4467 xvui,
2028 4402 2279 4457 Pervenit
2302 4403 2368 4457 ad
2396 4409 2662 4464 sanctum,
2686 4398 2828 4473 etc.]
2860 4415 3223 4472 magnumque
3245 4403 3430 4459 conci-

1847 4498 2000 4565 lium,
2022 4498 2165 4568 quod
2189 4497 2244 4551 in
2277 4496 2598 4567 quibusdam
2637 4495 2770 4552 locis
2798 4504 2853 4551 et
2878 4496 3187 4552 civitatibus
3213 4499 3432 4572 presby-

110 4570 289 4641 pitur,
327 4586 455 4627 non
484 4572 553 4627 ad
576 4572 699 4629 vitae
728 4576 983 4631 meritum
1003 4616 1017 4642 ,
1049 4579 1143 4633 sed
1179 4582 1246 4635 ad
1270 4582 1555 4651 praemium
1582 4585 1735 4643 dare.
1763 4600 1818 4661 D
1844 4592 1976 4648 teris
2002 4590 2230 4661 gratiam
2258 4604 2429 4645 sacra:
2453 4588 2851 4645 communionis
2880 4588 3094 4646 diaconi
3126 4570 3428 4664 porrigant,

113 4664 230 4720 Sed
267 4675 419 4722 sunt
452 4667 729 4736 nonnulli,
760 4671 851 4740 qui
884 4687 1225 4730 nummorum
1265 4678 1482 4746 quidem
1518 4683 1740 4750 praemia

107 4772 176 4811 ex
206 4757 588 4813 ordinatione
616 4774 722 4814 non
749 4760 1051 4831 accipiunt,
1084 4771 1140 4818 et
1175 4772 1353 4820 tamen
1385 4783 1570 4826 sacros
1594 4772 1741 4827 ordi-

106 4866 212 4907 nes
238 4866 356 4921 pro
387 4853 640 4908 humana
662 4853 837 4923 gratia
860 4852 1184 4924 largiuntur,
1212 4868 1375 4927 atque
1398 4860 1465 4916 de
1495 4862 1740 4935 largitate
1765 4864 1769 4866 ’

103 4943 319 4998 eadem
351 4942 548 4996 laudis
573 4941 909 4998 solummodo
936 4945 1348 5002 retributionem
1377 4961 1646 5017 qumrunt.
1675 4954 1739 5010 Hi

101 5034 399 5091 nimirum
417 5075 437 5101 ,
469 5035 613 5106 quod
642 5037 811 5107 gratis
841 5046 1119 5107 acceptum
1148 5050 1261 5107 est,
1301 5044 1471 5112 gratis
1496 5058 1603 5098 non
1644 5046 1739 5099 tri-

96 5122 298 5180 buunt
329 5145 343 5179 :
380 5126 522 5196 quia
548 5126 614 5180 de
639 5127 882 5197 impenso
904 5128 1082 5185 ofﬁcio
1108 5132 1430 5199 sanctitatis,
1458 5150 1738 5192 nummum

98 5210 333 5272 favoris
363 5224 662 5287 expetunt.
697 5216 850 5273 Unde
877 5219 1037 5287 bene,
1064 5236 1188 5277 cum
1210 5220 1416 5290 justum
1444 5226 1617 5283 virum
1647 5231 1740 5285 de-

97 5307 411 5362 scriberet
457 5306 624 5362 Isaias
669 5309 958 5377 propheta,
1001 5310 1077 5365 ait
1115 5330 1129 5366 :
1176 5311 1279 5379 Qui
1318 5318 1513 5370 excutit
1548 5335 1736 5375 manus

90 5414 233 5451 suas
264 5399 344 5452 ab
373 5398 534 5459 omni
555 5415 765 5454 munere
790 5399 921 5471 (Isa.
948 5402 1164 5473 χχχιιι).
1198 5402 1381 5476 Neque
1406 5408 1551 5463 enim
1579 5410 1733 5478 dicit,

94 5489 210 5556 Qui
244 5492 492 5547 excutit
519 5508 709 5547 manus
739 5509 865 5549 suas
890 5510 920 5549 a
952 5510 1194 5559 munere,
1236 5499 1329 5554 sed
1362 5499 1637 5569 adiunxit,
1667 5503 1735 5559 ab

87 5583 262 5637 omni
299 5600 319 5638 :
360 5584 509 5653 quia
539 5584 682 5639 aliud
711 5594 795 5641 est
821 5602 1014 5642 munus
1040 5589 1107 5644 ab
1132 5591 1415 5661 obsequio,
1441 5593 1586 5651 aliud
1610 5612 1731 5651 mu-

89 5686 207 5727 nus
240 5687 278 5726 a
312 5688 525 5737 manu,
550 5675 690 5730 aliud
720 5691 913 5732 munus
939 5692 968 5731 a
996 5677 1193 5751 lingua.
1227 5681 1419 5739 Munus
1442 5687 1638 5757 quippe
1664 5688 1733 5744 ab

83 5765 432 5836 obsequio,
479 5777 561 5823 est
596 5770 856 5841 subjectio
895 5771 1131 5829 indebite
1169 5775 1430 5847 impensa.
1478 5780 1671 5839 Munus
1699 5799 1730 5839 a

1844 4681 1985 4753 quod
2015 4696 2116 4737 nec
2142 4680 2347 4753 regula,
2371 4695 2473 4737 nec
2500 4682 2834 4737 consuetudo
2870 4680 3110 4748 tradidit,
3144 4690 3204 4738 ut
3246 4682 3314 4738 ab
3342 4685 3430 4739 his

1842 4775 1933 4846 qui
1977 4781 2303 4844 potestatem
2351 4788 2459 4829 non
2498 4774 2698 4828 habent
2724 4772 3005 4838 ol'l‘erendi,
3038 4774 3114 4828 illi
3162 4775 3255 4843 qui
3299 4774 3430 4830 olfe-

1842 4876 1989 4934 runt,
2010 4866 2215 4924 Christi
2243 4880 2443 4935 corpus
2472 4865 2756 4933 accipiant.
2790 4864 3010 4919 Necnon
3030 4872 3087 4919 et
3109 4864 3241 4918 illud
3270 4865 3427 4920 inno-

1843 4962 1965 5027 tuit,
1986 4961 2129 5031 quod
2151 4959 2371 5029 quidam
2394 4956 2607 5012 diaconi
2627 4964 2755 5011 ante
2774 4957 3055 5027 episcopos
3075 4972 3229 5012 sacra
3244 4955 3429 5012 oblata

1841 5052 2174 5122 contingant.
2228 5048 2356 5104 Haec
2392 5047 2558 5117 igitur
2583 5048 2766 5103 omnia
2794 5059 3133 5115 resecentur,
3157 5058 3211 5105 et
3240 5050 3294 5105 in
3326 5064 3425 5104 sua

1840 5140 2052 5196 diaconi
2083 5153 2335 5194 mensura
2379 5147 2756 5211 permaneant,
2777 5141 3012 5197 scientes
3039 5142 3184 5211 quod
3209 5142 3425 5212 episco-

1837 5248 2029 5305 porum
2057 5231 2275 5302 quidem
2296 5232 2530 5287 ministri
2544 5232 2975 5299 sint,inferiores
2990 5241 3171 5289 autem
3198 5234 3423 5306 presby-

1843 5327 1971 5382 teris
2003 5325 2323 5381 habeantur.
2352 5325 2457 5385 Pcr
2507 5328 2751 5384 ordinem
2786 5343 2938 5399 ergo,
2971 5336 3096 5398 post
3128 5328 3422 5399 presbyte-

1838 5430 1930 5472 ros
1979 5417 2207 5487 gratiam
2276 5431 2445 5473 sacra:
2497 5416 2890 5473 communionis
2959 5416 3266 5488 accipiant,
3322 5426 3418 5473 aut

1837 5506 2091 5577 episcopo
2144 5507 2254 5574 eis,
2293 5517 2390 5564 aut
2438 5508 2753 5579 presbytero
2791 5506 3119 5578 porrigente.
3168 5506 3276 5565 Sed
3316 5524 3421 5566 nec

1836 5598 2026 5654 sedere
2045 5598 2101 5654 in
2117 5600 2294 5657 medio
2317 5600 2758 5671 presbyterorum
2784 5599 3027 5656 diaconis
3055 5599 3217 5657 liceat
3242 5618 3257 5655 :
3289 5603 3418 5673 quia

1834 5692 1880 5746 si
1910 5692 2014 5749 hoc
2060 5694 2185 5760 ﬁat,
2247 5703 2442 5765 praeter
2473 5695 2712 5766 regulam
2761 5704 2818 5751 et
2862 5695 3106 5752 ordinem
3156 5699 3417 5768 probatur

1834 5786 2084 5843 existere.
2120 5788 2176 5844 Si
2205 5788 2327 5859 quis
2362 5798 2541 5844 autem
2577 5790 2741 5845 etiam
2776 5799 2900 5859 post
2939 5789 3038 5847 bas
3076 5790 3416 5849 definitiones

85 5871 310 5927 manu,
346 5858 598 5929 pecunia
626 5870 727 5916 εει.
758 5861 949 5921 Munus
972 5878 1003 5920 ἃ
1031 5864 1234 5938 lingua,
1265 5867 1434 5927 favor.
1468 5870 1567 5941 Qui
1603 5890 1730 5948 ergo
1831 5878 2053 5941 obedire
2081 5858 2332 5947 noluerit,
2360 5898 2392 5938 a
2417 5882 2717 5941 ministerio
2758 5858 2971 5940 cessare
3003 5882 3235 5939 debebit.

385 5950 672 6023 Puram.
724 5956 845 6023 CV.

1426 6060 1435 6067 α
1446 6059 1505 6070 νίας

2970 5977 3049 6041 28
