4000 6514
228 472 315 538 επ

791 577 1020 637 CAPUT
1060 576 1167 633 LII.

268 674 375 749 (ἓν
397 672 621 731 «milia
645 670 977 735 Ludit-ensi,
1006 688 1126 726 catt.
1152 669 1271 740 il.)
1296 667 1451 735 Quod
1476 681 1583 722 non
1612 680 1772 736 opor-

223 778 315 829 teat
347 768 433 841 [In
460 768 776 827 Laudiceni
823 768 1055 825 concilio
1094 766 1237 836 quod
1270 780 1379 820 non
1414 764 1530 820 sine
1575 761 1772 819 litteris

221 876 353 919 sacro
378 860 677 915 ministerio
728 859 1027 914 servientes
1072 858 1347 929 proﬁcisci
1376 857 1638 921 debeant,
1683 856 1766 910 tit.

221 972 313 1019 xvr,
336 953 483 1021 Quod
512 969 617 1008 non
644 961 913 1023 cporteat,
935 963 1041 1007 etc.
1061 944 1089 1023 ]‘
1114 953 1469 1019 sacerdotem,
1500 950 1585 1007 vel
1614 949 1772 1006 cieri—

220 1059 341 1110 cum,
365 1044 497 1100 sine
514 1044 719 1099 litteris
734 1043 1007 1113 proﬁcisci
1028 1044 1319 1099 canonicis.

789 1135 1017 1192 CAPUT
1053 1136 1183 1191 LIII.

279 1232 374 1305 (Ex
406 1232 630 1287 concilio
656 1229 979 1296 Sardicenst',
1011 1248 1128 1284 can.
1161 1228 1273 1300 l6.)
1307 1228 1465 1284 Osius
1489 1226 1773 1297 episcopus

216 1324 295 1397 [In
322 1324 546 1379 concilio
591 1322 900 1377 Sardicensi
949 1322 1016 1376 de
1062 1320 1275 1375 clericis
1315 1334 1345 1373 a
1394 1318 1775 1374 communione

214 1414 572 1470 submovendis
611 1415 678 1468 ab
710 1413 819 1467 alio
848 1428 953 1466 non
995 1412 1320 1481 recipiendis
1358 1411 1647 1479 episcOpo,
1688 1408 1769 1462 tit.

212 1522 287 1570 xv,
314 1504 468 1561 Osius
499 1505 806 1575 episcopus,
829 1501 975 1573 etc.]
1019 1502 1155 1555 dixit
1180 1520 1193 1555 :
1222 1501 1333 1554 Hoc
1362 1513 1575 1570 quoque
1598 1498 1776 1553 omni-

208 1598 297 1651 bus
315 1595 510 1666 placet,
535 1602 594 1649 ut
616 1594 730 1648 sive
754 1593 1033 1655 diaconus,
1059 1591 1173 1647 sive
1192 1591 1496 1661 presbyter,
1518 1588 1632 1644 sive
1653 1587 1778 1657 quis

205 1688 515 1743 clericorum
541 1686 611 1741 ab
636 1686 890 1755 episcopo
930 1697 1030 1738 suo
1054 1681 1434 1737 communione
1460 1678 1625 1733 fuerit
1665 1676 1779 1747 pri-

202 1790 365 1841 vatus,
391 1789 448 1835 et
476 1779 543 1833 ad
577 1779 807 1833 alterum
847 1775 1089 1847 perrexit
1132 1774 1467 1844 episcopum,
1493 1779 1548 1827 et
1593 1770 1779 1826 scierit

199 1871 283 1927 ille
329 1871 395 1925 ad
442 1884 604 1940 quem
652 1866 892 1938 confugit
919 1879 1041 1920 eum
1076 1865 1145 1919 ab
1183 1864 1437 1933 episcopo
1480 1876 1581 1918 suo
1608 1860 1777 1915 fuisse

793 467 1075 528 necum
1109 458 1609 525 cauomconuu
1640 458 1733 519 an
1765 448 2125 520 autumo
2159 448 2538 520 COLLEC'I‘A.
2577 489 2648 502 --
2681 458 2809 516 LIB.
2846 459 2890 518 ι.

1798 576 1855 641 A

3339 454 3443 519 878
3469 488 3474 492 -

2438 572 2667 632 CAPUT
2700 569 2877 628 LVIII.

1942 668 2052 741 (Ea:
2076 668 2264 725 Leonis
2293 685 2443 741 papae
2464 669 2613 739 epist.
2638 664 2728 733 82,
2758 668 2829 721 ad
2863 666 3201 723 Anastasius):
3239 669 3445 739 Thcss.,
3474 672 3477 673 ⁷

1872 778 1917 815 c.
1945 762 2003 826 9,
2032 762 2119 827 I9,
2145 778 2196 833 q.
2219 762 2300 833 2.)
2338 761 2584 817 Alienum
2639 760 2897 816 clericum
2919 798 2935 823 ,
2972 760 3140 816 invito
3193 764 3448 837 episcupo

1870 851 2060 921 ipsius,
2090 867 2249 908 nemo
2272 853 2552 923 suscipiat,
2581 866 2741 907 nemo
2770 851 3041 917 sollicitet,
3069 853 3174 908 nisi
3212 853 3353 911 forte
3377 871 3446 911 ex

1870 943 2070 1013 placito
2111 945 2391 999 charitatis
2441 944 2495 998 id
2544 944 2685 999 inter
2724 945 2941 1000 dantem
2985 945 3449 1017 accipientemque

1871 1036 2174 1091 conveniat.
2204 1035 2337 1090 Nam
2370 1033 2550 1107 gravis
2580 1034 2789 1105 injuriae
2817 1049 2941 1091 reus
2981 1044 3085 1102 est,
3118 1038 3209 1107 qui
3240 1039 3307 1093 de
3333 1037 3448 1093 fra-

1873 1124 1973 1179 tris
1996 1124 2223 1181 ecclesia
2248 1125 2323 1190 id,
2346 1128 2490 1197 quod
2517 1134 2604 1181 est
2628 1125 2816 1181 utilius
2838 1135 2931 1181 aut
2953 1130 3265 1196 pretiosius,
3288 1129 3451 1185 audet

1872 1214 1959 1273 vel
1990 1214 2227 1281 allicere,
2257 1215 2343 1271 vel
2368 1224 2567 1272 tenere.
2599 1216 2792 1285 Itaque
2835 1216 2881 1271 si
2921 1224 3061 1271 intra
3111 1219 3449 1287 provinciam

1874 1326 1962 1366 res
1995 1322 2208 1383 agatur,
2240 1311 2572 1383 transfugam
2598 1313 2851 1369 clericum
2882 1312 2951 1369 ad
2966 1329 3119 1369 suam
3140 1316 3449 1385 ecclesiam,

1873 1405 2319 1473 metropolitanus
2357 1406 2532 1461 redire
2574 1406 2877 1476 compellet.
2921 1406 2978 1461 Si
3008 1415 3188 1463 autem
3240 1409 3451 1482 longius

1875 1497 2123 1561 recessit,
2148 1498 2231 1551 sui
2273 1499 2529 1568 praecepti
2579 1500 2905 1554 auctoritate
2952 1501 3336 1569 revocabitur,
3392 1512 3452 1560 ut

1876 1603 1978 1646 nec
2003 1590 2304 1659 cupiditati,
2332 1606 2433 1647 nec
2477 1591 2758 1648 ambitioni
2786 1592 3003 1648 occasio
3030 1592 3385 1663 relinquatur.

2464 1684 2691 1742 CAPUT
2728 1685 2864 1741 LIX.

1947 1776 2057 1847 (Ea:
2095 1777 2316 1833 concilio
2343 1778 2617 1849 Africano,
2645 1798 2762 1834 can.
2795 1780 2876 1847 9.)
2916 1778 2988 1836 Ut
3021 1782 3154 1837 nulli
3189 1779 3280 1855 [In
3308 1781 3454 1838 Afri-

1876 1882 2014 1923 cano
2030 1869 2276 1934 concilio,
2304 1870 2390 1925 tit.
2415 1870 2471 1937 9,
2486 1870 2557 1927 Ut
2580 1871 2707 1925 nulli
2726 1913 2739 1937 ,
2758 1870 2890 1944 etc.]
2908 1873 3145 1944 episcopi
3166 1873 3253 1930 vel
3267 1874 3452 1932 clerici

197 1967 457 2036 abiectum
486 2005 501 2029 ,
540 1979 648 2019 non
686 1969 901 2032 oportet
950 1967 1008 2014 ut
1038 1959 1087 2014 ei
1124 1956 1559 2013 communionem
1602 1952 1777 2009 indul-
1802 1946 1853 2008 B
1877 1958 1934 2014 in
1955 1959 2183 2015 ecclesia
2211 1962 2585 2027 conviventur,
2603 1963 2709 2016 nisi
2732 1961 2874 2019 forte
2898 1972 3242 2020 transeuntes
3269 1966 3452 2036 hospi-

192 2066 332 2129 geat.
366 2056 520 2124 Quod
549 2056 603 2111 si
626 2055 816 2112 fecerit
842 2095 856 2119 ,
904 2054 1043 2108 sciat
1082 2064 1142 2105 se
1169 2049 1481 2106 convocatis
1511 2046 1776 2118 episcopis

194 2164 382 2205 causas
404 2164 524 2202 esse
548 2147 837 2202 dicturum.
866 2143 1114 2199 Universi
1143 2142 1435 2196 dixerunt:
1466 2137 1583 2194 Hoc
1606 2146 1778 2193 statu-

194 2251 301 2297 tum
324 2248 379 2296 et
402 2255 592 2311 pacem
620 2237 882 2299 servabit.
915 2241 971 2292 et
1002 2232 1349 2291 concordiam
1375 2229 1664 2287 custodiet.

682 2380 687 2383 ,
770 2324 1013 2385 CAPUT
1052 2324 1188 2381 LIV.

257 2423 366 2496 (Ea:
389 2420 611 2481 concilio
642 2417 1047 2488 Carthaginensi
1068 2457 1083 2481 ,
1126 2433 1247 2471 can.
1274 2414 1390 2488 29.)
1418 2413 1553 2471 Item
1577 2410 1780 2481 placuit

193 2512 283 2586 [la
309 2509 727 2582 Carthaginensi
758 2506 1009 2571 concilio,
1039 2505 1125 2563 tit.
1154 2520 1286 2563 xm
1304 2543 1321 2570 ,
1368 2503 1505 2559 Item
1542 2501 1777 2571 placuit,

190 2604 331 2680 etc.]
354 2605 612 2663 universo
631 2599 882 2665 concilio,
904 2607 966 2657 ut
1000 2597 1093 2667 qui
1124 2593 1626 2653 excouimuaicatus
1664 2591 1780 2647 fue-

187 2700 257 2755 rit
277 2714 379 2769 pro
404 2711 511 2755 suo
535 2694 785 2764 neglectu
813 2733 827 2757 ,
874 2692 990 2748 sive
1020 2689 1307 2760 episcopus
1330 2726 1347 2752 ,
1386 2685 1502 2743 sive
1552 2683 1787 2754 quilibet

187 2788 437 2851 clericus.
488 2794 543 2845 et
588 2793 829 2854 tempore
878 2776 1457 2839 excommunicationis
1498 2786 1611 2833 suae
1653 2781 1781 2831 aute

184 2881 525 2939 audientiam
570 2876 1010 2937 communionem
1060 2871 1512 2944 praesumpserit,
1562 2870 1677 2941 ipse
1724 2870 1781 2926 in

186 2988 244 3029 se
270 2970 648 3033 damnationis
666 2968 943 3041 iudicetur
966 2964 1259 3037 protulisse
1286 2963 1633 3023 sententiam.

767 3057 995 3117 CAPUT
1036 3056 1149 3117 LV.

254 3153 368 3227 (Em
394 3152 621 3215 concilio
665 3151 1003 3231 sustenta,
1053 3166 1173 3209 catt.
1203 3146 1319 3219 l8.)
1351 3145 1645 3205 Ianuarius
1665 3145 1781 3215 epi-

1879 2052 2075 2106 tiorum
2102 2054 2426 2109 necessitate
2452 2054 2562 2109 illic
2582 2052 2849 2109 reficiant.
2870 2053 3060 2125 Populi
3086 2056 3249 2110 etiam
3271 2058 3338 2111 ab
3360 2057 3433 2111 hu

1869 2139 2105 2212 jusmodi
2117 2142 2400 2210 conviviis,
2416 2150 2678 2214 quantum
2696 2144 2810 2199 fieri
2826 2152 3021 2215 potest,
3037 2146 3452 2218 prohibeantur.

2473 2232 2703 2291 CAPUT
2740 2233 2852 2289 LX.

1948 2322 2059 2395 (Ea:
2087 2324 2311 2379 concilio
2330 2323 2661 2393 Laodicensi,
2689 2326 2810 2381 dist.
2836 2326 2951 2399 44.)
2988 2327 3141 2395 Quod
3172 2344 3277 2383 non
3298 2345 3457 2400 opor-

1878 2422 1990 2470 teat
2031 2414 2122 2488 [In
2172 2415 2480 2472 Laodiceno
2527 2416 2801 2482 concilio,
2853 2418 2936 2472 tit.
2989 2419 3096 2485 24,
3152 2419 3304 2486 Quod
3346 2436 3456 2475 non

1877 2514 2140 2573 oporteat,
2156 2506 2297 2579 etc.]
2325 2522 2480 2562 sacro
2514 2508 2818 2563 ministerio
2844 2509 3052 2565 deditos
3075 2526 3105 2564 a
3126 2512 3459 2583 presbyteris

1878 2606 2053 2666 usque
2085 2598 2155 2653 ad
2178 2598 2456 2665 diaconos,
2487 2607 2543 2653 et
2598 2600 2864 2670 reliquum
2906 2602 3331 2659 ecclesiasticum
3369 2620 3459 2660 or-

1878 2689 2080 2757 dinem,
2105 2690 2163 2744 id
2190 2697 2294 2755 est,
2320 2704 2491 2760 usque
2522 2688 2590 2744 ad
2640 2690 3022 2756 subdiaconus,
3048 2691 3299 2760 lectores,
3330 2708 3461 2749 can-

1878 2786 2044 2846 tores,
2070 2779 2390 2845 exorcistas,
2420 2788 2477 2834 et
2516 2779 2790 2846 ostiarios,
2818 2796 2885 2836 ex
2920 2796 3149 2839 numero
3173 2784 3461 2841 continen-

1880 2870 2014 2926 tium
2043 2878 2099 2927 et
2128 2871 2539 2937 monachorum,
2569 2871 2779 2943 ingredi
2818 2872 3092 2930 tabernas.

2148 2954 2151 2955 ⁷
2444 2975 2472 3005 ι
2495 2961 2723 3019 CAPUT
2759 2961 2895 3018 LXI.

1930 3056 2061 3132 ’(Ez
2113 3057 2338 3112 concilio
2392 3056 2837 3129 Carthaginensi,
2890 3076 3010 3116 can.
3063 3060 3145 3134 5.)
3205 3058 3460 3121 Aurelius

1878 3152 2166 3222 episcopus
2191 3150 2369 3206 dixit:
2402 3149 2658 3205 Avaritia:
2703 3151 3001 3221 cupiditas,
3059 3168 3221 3223 quam
3273 3171 3458 3211 rerum

176 3264 383 3320 scopus
426 3230 519 3321 [In
549 3230 779 3303 concilio
827 3244 1136 3302 Sardicensi
1174 3244 1241 3300 de
1278 3258 1386 3298 non
1421 3241 1779 3305 sollicitandis
1807 3305 1848 3323 η
1878 3245 2119 3301 omnium
2146 3244 2409 3299 malarum
2452 3254 2685 3299 matrem
2714 3259 2836 3301 esse
2869 3261 3030 3303 nemo
3059 3257 3145 3303 est
3182 3250 3273 3323 qui
3306 3250 3464 3307 dubi-

179 3305 407 3397 clerlicis
428 3305 655 3407 Lalienis,
696 3341 779 3394 tit.
812 3355 931 3403 vin,
974 3336 1265 3393 Januarius
1293 3336 1599 3406 episcopus,
1629 3333 1773 3407 etc.]
1804 3305 1978 3402 Ctet,
2018 3333 2245 3407 proinde
2292 3335 2582 3392 inhibenda
2611 3344 2717 3402 est,
2740 3344 2797 3391 et
2830 3350 2897 3392 ne
2926 3337 3047 3408 quis
3093 3305 3299 3397 alienos

176 3433 325 3491 dixit
372 3452 387 3489 :
452 3432 587 3489 illud
626 3445 840 3502 quoque
891 3437 1097 3485 statuat
1143 3429 1402 3485 sanctitas
1447 3435 1629 3482 vestra
1655 3467 1672 3491 ,
1718 3434 1778 3481 ut

172 3527 317 3581 nulli
352 3526 617 3596 episeopo
637 3523 800 3579 liceat
841 3522 1063 3576 alterius
1088 3521 1326 3591 episcopi
1360 3518 1599 3574 civitatis
1624 3517 1780 3572 mini-

167 3628 363 3675 strum
386 3616 823 3673 ecclesiasticum
843 3614 1158 3678 sollicitare,
1185 3620 1240 3668 et
1288 3612 1344 3665 in
1369 3611 1481 3667 suis
1507 3609 1780 3682 parochiis
1830 3604 1833 3607 ⁷

163 3712 472 3768 Ordinare.
522 3707 772 3763 Universi
813 3707 1102 3761 dixerunt:
1131 3704 1353 3769 Placet,
1418 3703 1545 3773 quia
1589 3717 1658 3759 ex
1696 3701 1780 3757 his

163 3800 640 3858 contentionibus
668 3798 805 3855 solet
826 3800 976 3854 nasci
999 3797 1285 3862 discordia,
1303 3805 1358 3849 et
1384 3795 1505 3852 ideo
1527 3794 1777 3869 prohibet

156 3890 441 3947 omnium
487 3889 754 3945 sententia
792 3888 882 3961 [et
930 3889 1067 3945 ideo.
1089 3926 1104 3943 .
1129 3925 1143 3941 .
1166 3926 1181 3942 .
1212 3886 1480 3943 sententia
1526 3883 1777 3959 desunt],

158 4000 241 4042 ne
262 3984 408 4056 quis
435 3982 539 4038 hoc
572 3982 755 4038 facere
783 3982 996 4037 audeat.

791 4071 1020 4129 CAPUT
1058 4071 1187 4127 LVI.

242 4166 368 4241 (Ea:
417 4163 641 4219 concilio
666 4164 940 4234 Africano,
977 4179 1095 4217 can.
1122 4162 1237 4232 57.)
1286 4161 1420 4218 Item
1454 4162 1659 4233 placuit
1687 4161 1779 4235 [In

158 4260 425 4317 concilio
460 4256 741 4322 Africano,
769 4257 835 4311 de
856 4252 1054 4325 bisqui
1080 4254 1247 4310 semel
1274 4254 1499 4325 legerint
1524 4255 1579 4309 in
1606 4254 1778 4310 eccle-

160 4357 268 4421 sia,
317 4355 399 4409 ab
461 4351 584 4408 aliis
620 4364 727 4405 non
780 4363 941 4419 posse
978 4346 1315 4419 promoveri,
1364 4347 1447 4400 tit.
1492 4345 1595 4411 57,
1646 4346 1779 4401 Item

154 4447 411 4519 placuit,
442 4442 612 4514 etc.],
641 4450 702 4496 ut
741 4442 1049 4511 quicunque
1099 4440 1157 4493 in
1201 4438 1430 4494 ecclesia
1478 4437 1564 4492 vel
1613 4436 1781 4493 semel

156 4539 401 4611 legerit,
447 4538 517 4593 ab
548 4536 652 4591 alia
686 4533 913 4591 ecclesia
938 4534 1007 4588 ad
1030 4533 1345 4589 clericatum
1374 4548 1480 4588 non
1512 4540 1776 4588 teneatur.

152 4632 227 4687 Et
256 4631 749 4700 subscripserunt.
782 4628 1032 4683 Aurelius
1058 4627 1340 4699 episcopus
1361 4628 1616 4683 Ecclesiae
1644 4627 1781 4683 Car-

155 4724 553 4796 thaginensis,
585 4723 709 4777 huic
736 4722 954 4778 decreto
980 4721 1250 4786 consensi,
1283 4729 1339 4775 et
1375 4720 1628 4790 przelecto
1656 4721 1782 4777 sub-

147 4816 398 4888 scripsi.
435 4813 704 4870 Similiter
733 4812 997 4867 etmeteri
1045 4811 1283 4882 episcopi
1326 4812 1779 4887 subscripserunt.

780 4902 1008 4959 CAPUT
1043 4904 1199 4959 LVII.

226 4996 367 5070 (Ea:
398 4994 636 5051 concilio
661 4993 1082 5065 Carthaginensi,
1121 5011 1240 5049 ean.
1264 4995 1378 5063 51.)
1403 4995 1536 5052 Item
1582 4995 1786 5066 placuit

147 5089 252 5163 [In
279 5087 549 5146 concilio
583 5085 994 5157 Carthaginensi
1022 5085 1112 5156 qui
1142 5102 1207 5141 ex
1244 5085 1457 5142 clericis
1480 5087 1547 5141 ab
1574 5087 1786 5155 episco-

140 5184 239 5252 pis
282 5182 428 5239 suis
474 5179 709 5251 promoti
755 5180 1201 5251 contempserint,
1231 5194 1330 5234 nec
1375 5179 1484 5235 illic
1532 5188 1788 5235 maneant

141 5277 312 5332 unde
338 5272 623 5330 recedens
649 5270 957 5337 noluerunt,
992 5271 1074 5326 tit.
1101 5272 1193 5338 3i,
1216 5271 1349 5327 Item
1371 5270 1593 5342 placuit,
1616 5280 1721 5328 etc.
1739 5272 1783 5344 ],

140 5382 208 5428 ut
241 5374 607 5444 quicunque
625 5368 807 5425 clerici
832 5367 916 5424 vel
955 5368 1200 5433 diaconi,
1245 5383 1345 5438 pro
1376 5368 1787 5424 necessitatibus

136 5467 583 5529 ecclesiarum,
606 5477 715 5517 non
744 5460 1237 5533 obtemperaverint
1262 5458 1527 5530 episcopis
1556 5459 1670 5514 suis
1693 5474 1788 5515 vo-

134 5559 433 5615 lentibus
466 5571 562 5611 eos
585 5555 652 5611 ad
680 5556 942 5611 honorem
972 5552 1285 5624 ampliorem
1316 5554 1370 5607 in
1415 5568 1512 5607 sua
1558 5552 1787 5608 ecclesia

129 5660 548 5720 promovere,
583 5660 684 5702 nec
714 5646 825 5701 illic
860 5644 1168 5700 ministrent
1191 5646 1247 5700 in
1283 5643 1455 5717 gradu
1496 5659 1618 5711 suo,
1647 5643 1787 5699 unde

128 5741 463 5799 recedere
488 5737 791 5794 noluerunt.

215 5864 249 5894 II
302 5852 612 5924 Deinceps
638 5851 690 5904 in
739 5851 864 5924 cod.
893 5851 1295 5924 Vatic._desunt
1341 5849 1479 5905 tituli
1535 5851 1791 5924 capitulo-

124 5938 288 5987 rum
317 5932 391 5978 et.
443 5922 781 5979 adnotantur
797 5922 1134 5980 solummodo
1158 5924 1371 5980 numeri
1389 5922 1680 5991 canonum,
1694 5924 1788 5997 qui

1878 3435 2125 3497 usurpet,
2148 3435 2241 3481 aut
2269 3441 2368 3497 per
2389 3427 2672 3497 praemium
2695 3427 2957 3483 terminos
2982 3429 3203 3485 Patrum
3228 3439 3463 3489 statutos
3514 3442 3517 3445 '

1879 3521 2245 3576 transcendat.
2291 3519 2401 3577 Nec
2422 3521 2643 3577 omnino
2667 3521 2921 3593 cuiquam
2944 3522 3267 3579 clericorum
3297 3524 3464 3581 liceat

1879 3611 1945 3666 de
1968 3610 2209 3681 qualibet
2236 3626 2296 3667 re
2322 3610 2500 3667 foenus
2522 3612 2785 3682 accipere.
2823 3611 2975 3680 Quod
3020 3615 3063 3669 si
3092 3623 3146 3669 et
3182 3616 3463 3672 sanctitati

1879 3711 2004 3771 tuae,
2036 3714 2092 3760 et
2127 3706 2257 3761 huic
2291 3706 2519 3761 concilio
2550 3706 2814 3777 videatur,
2856 3708 3113 3778 przesenti
3138 3707 3338 3780 placito
3369 3710 3467 3765 de-

1881 3795 2141 3868 signetur.
2174 3793 2380 3869 (Carth.
2418 3814 2568 3852 conc.
2599 3798 2650 3863 l,
2695 3814 2743 3853 c.
2790 3799 2903 3870 15.)
2934 3798 3134 3856 Gratus
3180 3801 3466 3874 episcopus

1879 3887 2015 3942 dixit
2043 3904 2056 3941 :
2090 3885 2325 3943 Novella:
2355 3888 2745 3959 suggestiones,
2778 3904 2897 3960 quae
2920 3889 3003 3945 vel
3034 3890 3278 3949 obscurae
3312 3901 3462 3960 sunt,

1876 3978 1963 4034 vel
1990 3979 2090 4034 sub
2117 3993 2314 4051 genere
2340 3979 2528 4046 latent,
2557 3982 2812 4052 inspectae
2840 3997 2869 4037 a
2899 3981 3057 4039 nobis
3090 3981 3321 4040 formam
3372 4000 3464 4043 ac-

1878 4072 2098 4142 cipient.
2128 4070 2395 4128 Caeterum
2421 4071 2488 4128 de
2516 4073 2711 4143 quibus
2740 4075 3078 4144 apertissime
3107 4076 3285 4131 divina
3311 4076 3460 4133 Scri-

1877 4172 2035 4234 ptura
2063 4164 2277 4229 sanxit,
2304 4177 2411 4218 non
2439 4174 2521 4219 est
2552 4164 2845 4221 differenda
2893 4168 3159 4223 sententia
3186 4207 3201 4234 ,
3245 4169 3339 4224 sed
3365 4184 3465 4240 po-

1882 4256 1986 4311 tius
2019 4256 2382 4327 exsequenda.
2410 4255 2643 4312 Proinde
2670 4260 2813 4329 quod
2846 4260 2899 4312 in
2938 4258 3089 4313 laicis
3113 4259 3469 4329 reprehendi-

1880 4353 1990 4411 tur,
2016 4347 2071 4401 id
2119 4346 2288 4401 multo
2315 4347 2489 4417 magis
2522 4348 2682 4403 debet
2728 4349 2780 4401 in
2820 4348 3033 4404 clericis
3079 4350 3465 4419 praedamnari.

1882 4439 2203 4495 Universum
2220 4440 2508 4497 concilium
2530 4442 2665 4496 dixit
2690 4461 2702 4495 :
2733 4439 2900 4514 Nemo
2933 4450 3119 4498 contra
3140 4443 3464 4515 prophetas,

1880 4546 2040 4589 nemo
2068 4541 2259 4590 contra
2285 4533 2575 4605 Evangelia
2601 4534 2729 4590 facit
2754 4536 2871 4590 sine
2897 4535 3160 4605 periculo.

2468 4624 2696 4681 CAPUT
2733 4624 2891 4681 LXII.

1955 4714 2064 4788 (Ex
2088 4715 2337 4772 decretali
2367 4716 2397 4771 I
2441 4716 2630 4773 Leonis
2658 4736 2829 4790 papw,
2856 4718 2958 4787 M,
2998 4736 3050 4793 q.
3082 4718 3163 4795 4.)
3208 4717 3321 4777 Nec
3361 4720 3469 4779 hoc

1884 4823 2099 4882 quoque
2125 4811 2559 4879 pmtereundum
2586 4826 2708 4866 esse
2735 4812 3006 4878 duximus,
3034 4814 3296 4881 quosdam
3328 4813 3468 4870 lucri

1885 4904 2057 4974 turpis
2084 4905 2377 4974 cupiditate
2406 4912 2593 4971 captos
2616 4942 2631 4967 ,
2676 4903 2980 4956 usurariam
3005 4916 3262 4959 exercere
3301 4917 3469 4974 pecu-

1885 4995 2119 5059 niam,et
2143 4992 2350 5049 {tenore
2380 4992 2517 5046 velle
2544 4992 2831 5058 ditescere,
2854 4994 2998 5065 quod
3018 5008 3137 5061 nos,
3154 5010 3261 5051 non
3289 4995 3465 5052 dicam

1886 5084 1939 5138 in
1967 5099 2062 5139 eos
2090 5087 2180 5154 qui
2213 5092 2340 5140 sunt
2366 5084 2420 5139 in
2448 5083 2685 5140 clericali
2715 5084 2890 5144 olIlcio
2919 5088 3200 5144 constituti
3220 5128 3234 5153 ,
3285 5088 3380 5144 sed
3410 5087 3468 5145 in

1884 5172 2051 5229 iaicos
2077 5175 2290 5240 cadere,
2324 5176 2416 5246 qui
2453 5173 2789 5236 Christianos
2830 5195 2890 5237 se
2922 5179 3030 5237 dici
3056 5181 3306 5251 cupiunt,
3338 5196 3478 5236 cond

1885 5267 2147 5322 dolemus.
2199 5266 2351 5335 Quod
2388 5270 2649 5326 vindicari
2694 5271 2874 5328 acrius
2918 5273 3096 5329 ineos
3142 5271 3237 5344 qui
3264 5270 3471 5329 fuerint

1885 5360 2149 5417 confutati
2175 5363 2536 5431 decernimus,
2566 5373 2625 5420 ut
2652 5364 2830 5420 omnis
2862 5364 3123 5436 peccandi
3151 5364 3469 5440 opportuni-

1886 5462 1972 5511 tas
1995 5453 2284 5513 adimatur.

2455 5549 2683 5609 CAPUT
2718 5549 2897 5607 LXIII.

1957 5642 2065 5717 (E1:
2086 5645 2305 5700 concilio
2340 5646 2683 5715 Ancyritano,
2708 5662 2827 5699 can.
2862 5643 2971 5715 l5.)
3015 5644 3092 5701 De
3136 5645 3243 5714 his,
3267 5646 3359 5719 qui
3408 5647 3467 5703 in

1886 5737 2032 5795 clero
2086 5746 2212 5793 sunt
2264 5737 2564 5807 presbyteri
2621 5744 2674 5793 et
2726 5736 2973 5806 diaconi,
3019 5747 3074 5794 et
3126 5755 3157 5795 a
3210 5740 3469 5796 carnibus

1889 5856 1940 5910 in
1970 5855 2055 5909 bis
2081 5851 2516 5907 adnotationibus
2531 5851 2926 5908 cxhibebuntur
2945 5862 3074 5909 tunc
3094 5854 3473 5911 tantummodo

1888 5941 2017 5984 cum
2039 5926 2349 5991 discrepant
2373 5923 2440 5977 ab
2475 5923 2655 5979 editis.
2998 5939 3009 5955 '
