4000 6446
448 419 556 474 879
1473 405 1877 466 AMALABIUS
1913 397 2326 460 PRESBYTER
2355 394 2714 454 METENSIS.
3599 387 3713 447 880

449 532 738 594 abstinent,
763 528 967 601 placuit
1009 541 1104 584 eas
1134 527 1351 598 quidem
1392 527 1732 595 contingere,
1775 531 1831 578 et
1871 522 1945 576 ita
1977 521 2022 575 si
2049 523 2105 583 Α
2125 515 2345 588 proprio
2363 514 2616 584 episcopo
2639 506 3021 566 communione
3053 502 3297 576 privatus
3322 509 3427 568 est,
3442 515 3554 557 non
3581 511 3717 559 ante

448 623 732 687 voluerint,
763 593 1060 680 continere.
1097 593 1251 688 Quod
1297 621 1342 676 si
1369 620 1421 674 in
1452 593 1661 673 tantum
1692 631 1786 672 eas
1829 613 2028 668 abomi—
2128 604 2454 675 suscipiatur
2473 603 2542 658 ab
2571 600 2710 664 aliis,
2728 614 2893 671 quam
2913 611 3012 652 suo
3029 593 3711 666 reconcilieturepiscopo:

449 726 670 781 nantur,
699 724 754 770 ut
783 731 883 770 nec
905 715 1076 779 olera,
1103 727 1224 784 quae
1244 727 1364 766 cum
1394 712 1472 765 eis
1494 715 1816 778 coquuntur.
1841 703 2028 758 existi-
2063 753 2066 756 ,
2127 704 2221 751 aut
2245 703 2396 752 certe
2416 695 2483 749 ad
2511 692 2795 766 synodum,
2825 704 2946 761 quae
2973 695 3358 759 congregatur,
3394 699 3718 753 occurrens,

448 820 599 864 ment
621 809 973 872 comedenda,
989 818 1241 878 tanquam
1263 821 1368 861 non
1389 802 1788 860 consentientes
1811 797 2026 869 regulae,
2129 803 2228 858 pro
2259 803 2320 843 se
2343 785 2664 844 satisfaciat.

451 903 518 957 ab
544 903 734 958 ordine
761 869 978 958 cessare
1003 869 1287 957 debebunt.
2666 870 2894 929 CAPUT
2931 869 3164 926 LXXIII.

1019 989 1241 1046 CAPUT
1281 989 1462 1044 LXIV.
2201 973 2220 1043 (
2247 971 2329 1026 Ea:
2354 969 2531 1024 eodem
2561 965 2783 1022 concilio
2804 1006 2819 1031 ,
2856 981 2974 1019 can.
3008 963 3065 1017 Η
3090 1003 3105 1027 ,
3140 963 3240 1025 15,
3271 975 3325 1030 q.
3358 958 3460 1032 8.)
3505 958 3566 1014 Si
3599 959 3726 1029 qui:

525 1085 634 1156 (Ea:
659 1085 880 1142 concilio
912 1082 1350 1147 Neocwsariensi,
1379 1081 1459 1133 tit.
1494 1094 1614 1144 xm,
1641 1095 1758 1132 can.
1794 1076 1881 1141 M,
1905 1075 2026 1129 dist.
2133 1062 2567 1156 ςὲρὶεοορρες-ευξ
2594 1055 2898 1128 presbyter.
2927 1050 3304 1156 aut-(Iwth
3337 1049 3543 1120 regulae
3586 1049 3724 1149 ῥυδ-

452 1139 568 1247 93:)
617 1177 839 1232 Diaconi
899 1185 1101 1245 septem
1150 1188 1271 1228 esse
1319 1139 1515 1227 debent
1552 1139 1706 1239 juxta
1749 1139 1989 1238 regulam
2014 1205 2029 1229 ,
2126 1151 2306 1221 lectus
2346 1149 2622 1247 EOCIesiae,
2653 1154 2851 1218 praeter
2871 1143 3156 1247 consilium
3185 1152 3241 1198 et
3269 1141 3487 1247 litteras

454 1228 585 1324 licet
622 1278 678 1324 et
703 1268 857 1323 valde
907 1228 1098 1338 magna
1136 1266 1204 1320 sit
1243 1264 1453 1321 civitas.
1491 1228 1728 1333 Idipsum
1757 1228 1939 1314 ειῖιεω
1980 1228 2036 1310 et
2131 1257 2325 1338 porum
2353 1239 2671 1338 provinciae.
2694 1235 3039 1338 “praecipue
3067 1231 3498 1338 metropolitani.
3531 1228 3732 1284 adierit

716 1323 1077 1429 apostoloer
1105 1355 1241 1410 liber
1269 1353 1521 1408 insinuat.
1572 1323 1590 1333 ’
2135 1335 2542 1411 imperatorem,
2565 1331 2709 1386 hunc
2736 1326 3016 1399 reprohari
3046 1335 3102 1382 et
3127 1323 3287 1396 abjici
3311 1330 3596 1394 oportere,
3624 1334 3730 1373 non

1017 1445 1244 1502 CAPUT
1289 1443 1455 1498 LXV.
1602 1495 1610 1502 ι
2137 1410 2315 1483 solum
2362 1440 2393 1479 a
2423 1421 2825 1485 communione,
2856 1434 3045 1474 verum
3085 1425 3142 1472 et
3194 1416 3263 1470 ab
3312 1416 3530 1470 honore
3577 1410 3733 1480 cujus

527 1543 636 1617 (Ea:
681 1542 900 1597 concilio
929 1538 1242 1611 Cangrcnsi,
1273 1554 1392 1593 can.
1434 1536 1490 1601 2,
1519 1503 1644 1590 dist.
1672 1532 1785 1605 30.)
1816 1532 1876 1588 Si
1917 1530 2038 1601 quis

2177 1517 2410 1584 articeps
2441 1513 2655 1566 videtur
2678 1511 2936 1573 existere,
2960 1508 3087 1580 quia
3123 1506 3420 1562 venerandi
3463 1503 3736 1574 principis

2242 1607 2274 1617 ..
2486 1604 2500 1617 .
2573 1605 2604 1617 _.
2729 1612 2738 1617 -
2822 1611 2833 1617 _
2915 1601 2949 1617 .-
2993 1601 3006 1614 .
3055 1601 3095 1617 ,.,
3175 1615 3188 1617 _
3249 1596 3708 1617 ,μή-,μμέη

529 1596 588 1617 νά
620 1596 624 1597 ν
719 1596 722 1597 ⁷
1045 1596 1070 1611 ν
1227 1596 1239 1604 ’
1477 1596 1486 1601 ”
1769 1596 1778 1605 '
1935 1596 1948 1601 '

456 1651 647 1692 carnes
675 1636 945 1700 edentem,
977 1642 1174 1702 praeter
1204 1629 1522 1700 sanguinem
1549 1635 1604 1683 et
1644 1624 1800 1680 idolis
1844 1625 2038 1678 immo-

2173 1607 2363 1661 uribus
2395 1604 2696 1660 molestiam
2724 1601 2956 1658 tentavit
2992 1601 3196 1656 inferre
3236 1606 3431 1655 contra
3457 1597 3613 1668 leges
3637 1596 3734 1652 Ec-

455 1729 624 1783 latum
653 1735 708 1779 et
731 1690 1052 1780 suffocatdm
1075 1723 1214 1794 (Act.
1245 1690 1339 1791 vn)“,
1373 1735 1497 1774 cum
1539 1715 1798 1787 religione
1837 1721 1890 1768 et
1936 1712 2042 1766 [ide

2172 1697 2337 1752 lesiaa.
2377 1695 2436 1750 Si
2478 1695 2644 1766 igitur
2684 1694 2837 1749 adire
2865 1693 3166 1762 principem
3206 1690 3524 1745 necessaria
3571 1701 3735 1750 causa

457 1820 804 1881 condemnat,
820 1817 966 1872 velut
993 1780 1140 1886 spem
1169 1780 1390 1884 propter
1410 1780 1717 1880 huiusmodi
1742 1804 2041 1876 perceptio-

2172 1789 2404 1861 teposcit,
2431 1789 2537 1843 hoc
2563 1796 2758 1858 agatur
2787 1801 2910 1842 cum
2949 1792 3189 1840 tractatu
3235 1791 3293 1837 et
3333 1780 3575 1837 consilio
3626 1794 3737 1835 me-

455 1926 584 1968 nem
608 1925 716 1967 non
740 1911 1049 1974 habentem,
1074 1908 1361 1963 anathema
1385 1905 1474 1959 sit.

1020 1997 1246 2055 CAPUT
1281 1995 1464 2051 LXVI.

530 2094 640 2166 (Ex
673 2095 856 2149 eodem
891 2091 1131 2156 concilio,
1163 2107 1280 2144 can.
1324 2089 1404 2160 8.)
1441 2086 1501 2144 Si
1539 2085 1662 2158 quis
1703 2083 1914 2140 dederit
1955 2081 2042 2138 vel

459 2185 731 2254 acceperit
773 2183 986 2245 oblata,
1015 2189 1212 2251 praeter
1255 2179 1566 2248 episcopum
1595 2217 1610 2243 ,
1655 2173 1743 2229 vel
1789 2187 1910 2228 eum
1947 2169 2042 2241 qui

460 2282 784 2338 constitutus
805 2287 886 2335 est
901 2279 970 2332 ab
988 2292 1053 2332 eo
1074 2275 1140 2331 ad
1169 2273 1584 2345 dispensandam
1608 2265 2042 2326 misericordiam

458 2375 815 2446 pauperibus,
840 2379 895 2426 et
917 2370 1008 2440 qui
1038 2369 1159 2432 dat,
1184 2375 1238 2422 et
1259 2367 1350 2435 qui
1383 2363 1604 2434 accipit,
1634 2359 1922 2417 anathema
1949 2354 2040 2410 sit.

1012 2461 1236 2519 CAPUT
1277 2458 1480 2513 LXVII.

532 2561 642 2632 (Ex
670 2561 849 2615 eodem
885 2555 1125 2619 concilio,
1155 2572 1275 2608 can.
1313 2551 1399 2613 10,
1424 2550 1548 2604 dist.
1577 2545 1693 2616 50.)
1723 2543 1781 2600 Si
1809 2543 1930 2612 quis
1975 2553 2046 2596 ex

459 2654 548 2709 his
579 2654 670 2724 qui
701 2652 1066 2722 virginitatem
1115 2653 1336 2717 propter
1362 2641 1650 2696 Dominum
1684 2642 1922 2702 servant,
1953 2646 2047 2688 ex-

464 2744 674 2799 tollitur
697 2743 959 2798 adversus
995 2738 1332 2808 conjugatos,
1360 2731 1648 2788 anathema
1672 2728 1760 2784 sit.

1073 2871 1075 2874 ι
1142 2823 1373 2880 LXVIII.

537 2924 647 2994 (Ea:
673 2923 850 2978 eodem
890 2919 1131 2982 concilio,
1161 2917 1244 2970 tit.
1279 2914 1364 2975 19,
1401 2929 1521 2968 can.
1553 2910 1638 2975 18,
1669 2909 1794 2963 diu.
1824 2905 1939 2976 30.)
1988 2903 2049 2960 Si

466 3017 589 3088 quis
613 3024 836 3086 propter
861 3008 1246 3068 continentiam
1287 3020 1407 3075 qum
1446 3010 1685 3074 putatur,
1717 3008 1811 3056 aut
1857 3004 2051 3053 contu-

469 3106 721 3171 maciam,
762 3104 818 3158 in
845 3102 931 3158 die
956 3098 1237 3156 Dominico
1265 3093 1494 3165 jejunat,
1530 3092 1822 3148 anathema
1850 3089 1940 3144 sit.

1039 3188 1262 3248 CAPUT
1298 3186 1482 3243 LXIX.

538 3289 650 3363 (Ea:
685 3287 864 3344 eodem
905 3245 1145 3350 conciIt'o,
1174 3245 1298 3352 diu.
1335 3278 1449 3351 '50.)
1481 3276 1540 3333 Si
1578 3275 1700 3345 quis
1737 3287 1927 3358 eorum
1957 3269 2051 3342 qui
2078 3245 2125 3309 Ο

466 3381 813 3450 continentia:
866 3377 1121 3442 student,
1170 3374 1376 3443 absque
1405 3369 1727 3426 necessitate
1768 3379 2050 3435 corporea,
2097 3402 2099 3406 .

465 3473 666 3528 tradita
696 3472 752 3526 in
784 3482 1068 3526 commune
1089 3464 1295 3535 jejunia
1315 3475 1371 3518 et
1399 3462 1466 3517 ab
1495 3459 1734 3516 Ecclesia
1757 3456 2049 3522 custodita,

467 3561 828 3633 superbiendo
871 3558 1115 3616 dissolvit
1146 3553 1364 3613 stimulo
1411 3566 1523 3609 suae
1571 3548 1914 3622 cogitationis
1949 3547 2052 3604 im-

464 3655 655 3726 pulsus
669 3693 686 3721 ,
726 3653 1014 3710 anathema
1051 3650 1139 3705 sit.

1045 3740 1271 3797 CAPUT
1310 3737 1473 3794 LXX.

528 3817 560 3911 (
590 3839 672 3894 Ea:
721 3836 942 3892 concilio
973 3834 1313 3896 Antiocheno,
1342 3847 1462 3884 can.
1493 3828 1544 3882 2.
1572 3827 1591 3898 )
1627 3828 1826 3884 Omnes
1855 3825 1946 3894 qui
1976 3825 2053 3879 in-

470 3931 788 4003 grediuntur
817 3925 1103 4005 ecclesiam
1134 3923 1262 3986 Dei,
1290 3929 1346 3976 et
1388 3919 1704 3987 Scripturas
1737 3930 1922 3970 sacras
1957 3930 2053 3967 au-
2098 3975 2101 3980 _

470 4022 644 4085 diunt,
677 4033 778 4073 nec
801 4014 1202 4073 communicant
1248 4011 1303 4064 in
1350 4009 1594 4064 oratione
1641 4023 1763 4062 cum
1817 4004 2045 4076 pepulo,

469 4115 568 4182 sed
622 4127 721 4182 pro
766 4109 1001 4180 quadam
1050 4091 1462 4174 intemperantia
1515 4116 1573 4156 se
1622 4114 1654 4152 a
1702 4096 2050 4167 perceptione

469 4213 673 4262 sancta:
698 4197 1092 4259 communionis
1121 4203 1373 4250 avertunt
1401 4212 1413 4246 :
1444 4191 1496 4247 hi
1527 4190 1593 4252 de
1621 4188 1846 4245 ecclesia
1875 4201 2050 4240 remo-

470 4304 666 4351 veantu
676 4291 967 4363 r,quandiu
983 4305 1079 4360 per
1092 4287 1484 4344 confessionem
1497 4278 1826 4354 paenitentia:
1841 4277 1864 4330 ἵ
1867 4286 2049 4332 ructus

469 4387 791 4451 ostendant,
828 4393 883 4440 et
918 4381 1171 4453 precibus
1207 4376 1596 4448 indulgentiam
1620 4379 2044 4441 consequantur.

1043 4471 1266 4529 CAPUT
1291 4467 1480 4524 LXXI.

543 4571 656 4644 (Ea:
679 4551 857 4624 eodem
883 4565 1101 4622 concilio
1123 4604 1139 4628 ,
1161 4578 1279 4616 can.
1305 4560 1360 4622 δ,
1386 4559 1440 4624 7,
1471 4573 1526 4626 q.
1560 4556 1638 4626 ι.)
1677 4555 1733 4610 Si
1766 4554 1890 4624 quis
1920 4567 2048 4624 pre-

471 4668 680 4740 sbyter,
706 4671 800 4718 aut
835 4661 1114 4722 diaconus,
1137 4663 1193 4710 et
1235 4651 1458 4709 omnino
1499 4649 1724 4720 quilibet
1766 4664 1832 4702 ex
1877 4646 2046 4712 clero,

471 4738 788 4834 parochiam
817 4750 1092 4824 propriam
1122 4749 1401 4807 deserens,
1428 4743 1495 4798 ad
1519 4742 1681 4796 aliam
1708 4738 2045 4811 properavit,

471 4830 598 4910 dein
626 4850 846 4907 omnino
871 4844 1198 4915 demigrans,
1224 4840 1278 4895 in
1316 4837 1421 4893 alia
1447 4835 1707 4906 parochia
1753 4849 1851 4904 per
1881 4830 2048 4886 multa

471 4956 718 5012 tempora
765 4939 955 4994 nititur
998 4931 1293 4992 immorari.
1322 4926 1552 4984 ulterius
1576 4924 1775 4980 ibidem
1808 4938 1915 4978 non
1946 4923 2050 4977 mi-

469 5038 667 5092 nistret
701 5054 713 5088 :
749 5031 980 5087 maxime
1013 5027 1056 5079 si
1089 5026 1301 5078 vocanti
1329 5038 1426 5079 suo
1453 5019 1730 5092 episcopo,
1753 5027 1808 5072 et
1837 5017 2051 5088 regredi

469 5124 540 5179 ad
576 5121 855 5194 propriam
887 5116 1201 5188 parochiam
1240 5114 1624 5177 commonenti,
1649 5112 1872 5168 obedire
1921 5125 2052 5166 con—

470 5214 770 5285 tempserit.
795 5211 950 5279 Quod
976 5210 1020 5264 si
1051 5211 1106 5264 in
1131 5208 1236 5262 hac
1256 5204 1746 5274 indisciplinatione
1767 5203 2048 5272 perdurat,

467 5323 498 5361 ιι
521 5289 822 5361 tiiitiisterio
847 5302 1023 5358 modis
1043 5287 1295 5356 omnibus
1329 5305 1700 5362 removeatur,
1731 5297 1804 5350 ita
1839 5303 1898 5348 ut
1957 5308 2053 5348 ne-

466 5413 737 5467 quaquam
767 5395 944 5450 locum
976 5391 1338 5447 restitutionis
1378 5389 1636 5444 inveniat.
1685 5386 1742 5441 Si
1788 5400 1920 5441 vero
1951 5401 2050 5454 pro

467 5487 573 5542 hac
626 5502 788 5542 causa
834 5485 1151 5540 damnatum
1181 5483 1317 5538 alter
1339 5481 1623 5552 episcopus
1651 5478 1931 5547 suscipiat,
1959 5477 2048 5531 hic

466 5582 633 5637 etiam
661 5596 694 5635 a
719 5581 992 5635 communi
1028 5565 1341 5635 coerceatur
1367 5578 1575 5650 synodo
1595 5615 1610 5642 ,
1650 5572 1796 5629 velut
1821 5570 1914 5642 qui
1958 5585 2047 5625 ec-

466 5673 770 5732 clesiastica
794 5673 1086 5729 constituta
1115 5673 1391 5729 dissolvat.

1023 5764 1249 5822 CAPUT
1285 5761 1492 5818 LXXII.

542 5851 652 5927 (Ea:
688 5853 868 5914 eodem
911 5856 1292 5913 concilio.can.
1319 5855 1372 5919 6,
1405 5855 1488 5920 ll,
1514 5868 1566 5923 q.
1599 5852 1678 5925 5.)
1731 5850 1789 5908 Si
1838 5849 1961 5924 quis
2012 5862 2046 5908 a

2065 1883 2114 1946 B
2141 1879 2474 1951 tropolitani,
2505 1887 2561 1933 et
2588 1887 2909 1933 caeterorum
2931 1875 3307 1947 episcoporum
3336 1873 3433 1944 qui
3461 1873 3522 1926 in
3549 1872 3738 1927 eadem

2143 1971 2422 2044 provincia
2447 1979 2872 2026 commorantur.
2917 1968 3020 2036 Qui
3073 1967 3239 2023 etiam
3290 1965 3736 2039 proﬁciscentem

2144 2065 2260 2124 suis
2286 2071 2690 2136 prosequantur
2708 2061 2976 2134 epistolis.

2305 2219 2310 2223 ι
2679 2173 2908 2231 CAPUT
2945 2171 3164 2229 LXXIV

2217 2267 2342 2342 (Ea:
2366 2267 2545 2323 eodem
2569 2266 2812 2333 concilio,
2838 2283 2956 2321 can.
2991 2265 3090 2333 I2,
3113 2265 3205 2332 2i,
3235 2279 3292 2335 q.
3321 2265 3418 2334 5.)
3453 2263 3513 2319 Si
3541 2263 3667 2332 quis
3693 2279 3726 2317 a

2145 2359 2365 2431 proprio
2406 2359 2660 2430 episcopo
2698 2359 2984 2430 presbyter
3026 2367 3120 2412 aut
3147 2357 3428 2422 diaconus,
3450 2364 3546 2411 aut
3571 2373 3603 2410 a
3632 2370 3725 2426 sy-

2147 2453 2291 2509 nodo
2316 2450 2482 2506 t'uerit
2510 2451 2795 2520 episcopus
2834 2450 2980 2505 forte
3009 2452 3333 2514 damnatus,
3363 2459 3420 2505 et
3445 2449 3739 2518 imperato-

2151 2545 2228 2601 ris
2270 2543 2493 2599 auribus
2536 2542 2794 2598 molestus
2833 2541 3137 2609 exstiterit,
3169 2550 3386 2614 oportet
3434 2540 3506 2595 ad
3564 2539 3740 2609 majus

2151 2637 2529 2708 episcoporum
2561 2635 2804 2690 converti
2832 2635 3118 2691 concilium
3147 2653 3161 2689 :
3191 2645 3244 2691 et
3271 2650 3393 2705 qua!
3430 2633 3740 2705 putaverint

2152 2730 2357 2786 habere
2389 2727 2538 2797 justa
2560 2769 2574 2792 ,
2603 2728 2854 2799 plurimis
2883 2729 3151 2800 episcopis
3186 2738 3506 2801 suggerant,
3535 2744 3741 2784 eorum-

2067 2827 2070 2830 ’
2153 2838 2258 2893 que
2285 2821 2649 2877 discussiones
2695 2836 2761 2876 ac
2805 2821 3009 2890 judicia
3059 2821 3461 2892 praestolentur.
3515 2819 3577 2875 Si
3618 2835 3742 2874 vero

2153 2915 2270 2971 haec
2307 2915 2778 2985 parvipentlentes,
2808 2912 3022 2968 molesti
3049 2912 3252 2968 fuerint
3283 2911 3632 2983 imperatori,
3651 2911 3740 2965 bos

2153 3004 2302 3060 nulla
2334 3006 2489 3060 venia
2520 3005 2710 3076 dignos
2735 3019 2875 3070 esse,
2906 3018 3006 3059 nec
3031 3003 3208 3059 locum
3238 3001 3637 3060 satisfactionis
3657 3002 3729 3056 ha

2152 3097 2307 3164 bere,
2338 3113 2439 3154 nec
2465 3113 2617 3169 spem
2655 3097 2851 3154 futura:
2868 3097 3234 3155 restitutionis
3253 3097 3480 3168 penitus
3505 3093 3734 3168 opperiri

2157 3190 2535 3263 dijudicamus.

2707 3261 2938 3319 CAPUT
2971 3259 3184 3318 LXXV.

2227 3353 2353 3427 (Ea:
2398 3355 2620 3410 concilio
2661 3354 2994 3420 Laodicemi,
3026 3355 3107 3410 tit.
3136 3370 3191 3421 ν,
3224 3370 3346 3409 can.
3376 3354 3432 3420 6,
3457 3353 3583 3408 diu.
3615 3351 3738 3423 46.)

2155 3447 2310 3514 Quod
2340 3463 2449 3503 non
2472 3456 2722 3518 oporteat
2747 3447 3059 3504 sacerdotes
3081 3455 3138 3502 et
3161 3445 3389 3503 clericos
3427 3445 3733 3500 fenerautes

2153 3553 2370 3603 usuras,
2400 3537 2481 3594 vel
2503 3553 2624 3609 quae
2659 3538 2911 3594 dicuntur
2959 3535 3228 3608 sescupla,
3268 3537 3328 3592 id
3368 3543 3472 3600 est,
3498 3542 3556 3588 et
3580 3548 3731 3589 sum-

2151 3645 2298 3686 mam
2327 3630 2522 3702 capitis
2546 3638 2602 3688 et
2627 3631 2908 3700 dimidium
2939 3646 3164 3688 summae
3181 3671 3197 3697 ,
3224 3629 3525 3701 percipere.

2355 3791 2358 3794 ,
2455 3765 2460 3770 .
2697 3723 2924 3780 CAPUT
2953 3723 3185 3779 LXXVI.

2225 3817 2334 3889 (Ea:
2367 3817 2546 3872 eodem
2586 3817 2832 3881 concilio,
2854 3835 2974 3871 can.
3008 3817 3119 3887 15.)
3149 3816 3303 3884 Quod
3335 3830 3446 3870 non
3494 3823 3732 3886 oporteat

2155 3910 2388 3978 amplius
2408 3918 2605 3979 praater
2622 3923 2716 3965 eos
2744 3910 2833 3979 qui
2867 3909 3067 3980 regula:
3083 3910 3186 3964 iter
3204 3915 3460 3964 cantores
3481 3909 3733 3970 existunt,

2158 4001 2251 4068 qui
2278 4001 2423 4056 etde
2452 3999 2640 4056 codice
2667 4009 2890 4062 canunt,
2921 3999 3056 4055 alios
3087 4001 3143 4054 in
3173 3999 3444 4069 pulpitum
3478 4012 3732 4055 conscen-

2154 4093 2306 4158 dere,
2338 4103 2393 4149 et
2421 4095 2475 4149 in
2501 4095 2728 4151 ecclesia
2755 4095 3005 4166 psallere.

2683 4188 2910 4244 CAPUT
2943 4187 3201 4243 LXXVII.

2225 4279 2334 4352 (Ex
2373 4280 2552 4335 eodem
2597 4283 2840 4347 concilio,
2870 4299 2989 4336 cun.
3017 4281 3086 4335 20
3106 4321 3120 4346 ,
3153 4280 3276 4333 dist.
3303 4279 3420 4350 93.)
3452 4277 3612 4346 Quod
3637 4295 3735 4332 non

2153 4380 2402 4440 oporteat
2448 4372 2736 4430 diaconum
2788 4379 2976 4427 ‘coram
3025 4372 3342 4442 presbytero
3388 4369 3624 4431 sedere,
3649 4367 3735 4422 sed

2147 4458 2394 4528 jussione
2430 4463 2734 4534 presbyteri
2773 4462 2976 4518 sedeat.
3022 4461 3287 4516 Similiter
3323 4468 3507 4515 autem
3545 4468 3602 4513 et
3631 4458 3738 4513 dias

2155 4567 2325 4608 conus
2365 4554 2419 4607 in
2448 4555 2654 4609 honore
2685 4555 2951 4610 habeatur
2985 4554 3053 4608 ab
3073 4551 3526 4624 obsequentihus.
3552 4550 3609 4606 id
3635 4559 3735 4614 est,

2157 4643 2525 4711 subdiaconis,
2555 4653 2610 4700 et
2637 4645 2890 4701 omnibus
2919 4645 3152 4701 clericis.

2671 4737 2899 4792 CAPUT
2937 4736 3212 4792 LXXVIII.

2231 4827 2340 4901 (Ea:
2364 4824 2547 4883 eodem
2571 4829 2816 4894 concilio,
2843 4845 2964 4884 can.
2994 4828 3086 4896 25,
3124 4829 3247 4884 dist.
3278 4827 3394 4898 93.)
3442 4827 3604 4894 Quod
3639 4842 3740 4883 non

2158 4929 2407 4991 oporteat
2432 4921 2793 4978 subdiaconos
2811 4936 3008 4991 panem
3033 4923 3183 4990 dare,
3204 4920 3292 4977 vel
3319 4919 3558 4978 calicem
3580 4921 3742 4978 bene-

2159 5012 2359 5069 dicere.

2688 5080 2914 5141 CAPUT
2961 5082 3198 5140 LXXIX.

2233 5195 2341 5267 (Ea:
2364 5196 2544 5252 eodem
2572 5195 2814 5262 concilio,
2831 5213 2953 5251 can.
2978 5195 3069 5261 26,
3094 5196 3220 5251 diu.
3250 5193 3364 5267 60.)
3391 5193 3552 5262 Quod
3575 5194 3632 5250 hi
3656 5193 3746 5263 qui

2158 5301 2267 5340 non
2303 5295 2428 5342 sunt
2472 5287 2539 5341 ab
2582 5287 2850 5357 episcopis
2899 5287 3158 5350 ordinati,
3204 5287 3418 5352 tamin
3463 5284 3739 5348 ecclesiis,

2158 5392 2322 5447 quam
2350 5376 2403 5430 in
2430 5376 2697 5441 domibus,
2723 5377 3034 5432 exorcizare
3059 5391 3164 5430 non
3190 5374 3401 5447 possint

2710 5470 2938 5529 CAPUT
2968 5469 3182 5526 LXXX.

2233 5571 2342 5645 (Ea:
2375 5570 2554 5626 eodem
2591 5568 2838 5634 concilio,
2868 5586 2986 5624 can.
3016 5569 3107 5634 28,
3129 5568 3256 5622 dist.
3278 5565 3393 5638 42.)
3432 5563 3591 5633 Quod
3635 5575 3748 5617 non

2159 5673 2408 5735 oporteat
2437 5663 2490 5717 in
2519 5659 2810 5716 domiciliis
2836 5660 3062 5727 divinis,
3089 5658 3140 5714 id
3170 5667 3276 5722 est,
3297 5658 3353 5712 in
3389 5654 3606 5710 Domini
3653 5665 3744 5706 ec-

2156 5757 2339 5816 clesiis
2363 5754 2630 5818 convivia,
2649 5769 2769 5824 qua:
2792 5761 3054 5808 vocantur
3074 5765 3277 5824 agapm,
3304 5747 3442 5812 ﬁeri,
3470 5763 3573 5802 nec
3599 5745 3744 5800 intra

2119 5921 2126 5930 l
2157 5851 2375 5910 domum
2405 5847 2501 5906 Dei
2530 5846 2834 5917 comedere,
2867 5845 2952 5905 vel
2980 5844 3258 5904 accubitus
3289 5850 3557 5898 sternere.
