4000 6456
250 458 340 516 881

771 569 997 628 CAPUT
1049 571 1284 627 LXXXI.

318 659 422 736 (Ex
461 659 636 714 eodem
682 659 923 724 concilio,
969 677 1084 713 can.
1137 661 1250 732 η.)
1302 660 1455 728 Quod
1488 675 1595 715 non
1651 675 1813 730 opor-

250 761 358 813 teat
384 753 740 817 sacerdotem,
769 752 857 806 vel
887 752 1145 807 clericum
1190 761 1388 822 praeter
1405 752 1706 823 jussionem
1731 754 1814 810 sui

246 844 509 920 pontiﬁcis
533 843 822 916 proﬁcisci.

761 936 988 994 CAPUT
1008 935 1282 997 ,LXXXII.

310 1029 414 1103 (Ex
443 1031 622 1085 eodem
649 1032 891 1108 concilio,
923 1050 1042 1086 can.
1068 1032 1183 1103 44.)
1224 1030 1379 1098 Quod
1427 1047 1536 1087 non
1565 1039 1814 1103 oporteat

242 1124 444 1195 ingredi
469 1123 722 1180 mulieres
749 1127 814 1181 ad
844 1125 1032 1181 altare.
1785 1150 1788 1152 τ

751 1216 976 1273 CAPUT
1014 1215 1295 1272 LXXXIII.

306 1310 428 1383 (Ex
457 1310 638 1365 eodem
667 1311 914 1375 concilio,
947 1326 1066 1364 can.
1100 1309 1188 1374 54,
1217 1310 1342 1364 dist.
1367 1310 1420 1364 5.
1445 1309 1464 1381 )
1505 1308 1658 1376 Quod
1702 1323 1810 1364 non

237 1410 484 1473 oporteat
542 1402 891 1468 sacerdotes,
938 1409 1032 1456 aut
1080 1401 1346 1464 clericos,
1403 1400 1811 1470 quibuscunque

235 1497 556 1570 spectaculis
583 1499 638 1552 in
667 1498 866 1561 scenis,
897 1505 989 1552 aut
1018 1498 1074 1552 in
1121 1497 1323 1567 nuptiis
1372 1497 1639 1553 interesse
1670 1516 1684 1550 :
1715 1496 1811 1552 sed

231 1597 518 1658 antequam
541 1588 817 1660 thymelici
844 1587 1239 1658 ingrediantur,
1255 1601 1544 1657 exsurgere
1563 1601 1658 1642 eos
1681 1600 1809 1641 con-

231 1679 392 1741 venit,
421 1688 584 1748 atque
606 1680 734 1735 inde
758 1679 1055 1734 discedere.
1083 1677 1194 1733 Nec
1212 1686 1461 1748 Oporteat
1480 1676 1805 1743 sacerdotes,

227 1777 318 1823 aut
346 1769 591 1832 clericos,
623 1785 691 1825 ex
711 1769 921 1825 collatis
941 1769 1026 1825 vel
1053 1770 1535 1825 comessationibus
1559 1768 1806 1824 convivia

224 1858 522 1915 celebrare.
547 1859 662 1916 Hoc
691 1870 872 1916 autem
907 1876 1007 1916 nec
1035 1860 1188 1916 laicis
1218 1875 1378 1930 posse
1413 1875 1730 1933 congruere.

747 1953 972 2008 CAPUT
1001 1951 1280 2008 LXXXIV.

297 2037 409 2107 (Ex
435 2041 613 2095 eodem
642 2041 883 2104 concilio,
911 2058 1028 2095 can.
1062 2041 1152 2106 54,
1181 2042 1303 2096 dist.
1335 2041 1450 2112 44.)
1496 2040 1648 2108 Quod
1690 2056 1800 2097 non

217 2137 468 2199 oporteat
504 2131 560 2184 in
589 2131 840 2187 domibus
869 2132 1167 2188 oblationes
1198 2131 1460 2188 celebrari
1496 2132 1566 2187 ab
1591 2131 1800 2202 episco-

218 2221 300 2290 pis
326 2222 411 2276 vel
437 2224 792 2294 presbyteris.

542 2373 544 2376 ,
737 2314 963 2372 CAPUT
999 2317 1264 2374 LXXXV.

284 2400 394 2472 (Ex
415 2403 639 2458 concilio
667 2403 1103 2476 Cltalcedonensi,
1121 2410 1203 2464 tit.
1233 2425 1503 2476 Lvn,can.
1531 2410 1586 2474 7,
1613 2427 1702 2481 qu.
1718 2409 1797 2482 5.)

216 2489 314 2560 Qui
358 2495 528 2549 semel
577 2495 631 2552 in
670 2497 818 2552 clero
847 2498 1086 2570 deputati
1115 2508 1259 2563 sunt,
1289 2509 1382 2556 aut
1409 2502 1798 2556 monachorum
1879 2525 1886 2529 ·

217 2583 375 2638 vitam
423 2589 838 2657 expetiverunt,
870 2592 1187 2657 statuimus,
1217 2608 1391 2663 neque
1439 2594 1507 2648 ad
1552 2594 1794 2649 militiam

213 2690 383 2746 neque
415 2679 488 2733 ad
523 2679 840 2751 dignitatem
875 2683 1112 2754 aliquam
1166 2686 1351 2742 venire
1395 2686 1726 2741 mundanam
1779 2703 1793 2743 :

218 2777 309 2822 aut
335 2769 441 2825 hoc
475 2779 769 2839 tentantes,
795 2786 851 2831 et
876 2792 985 2833 non
1014 2787 1235 2850 agentes
1263 2779 1667 2851 pmnitentiam,
1687 2797 1795 2852 quo

212 2861 387 2918 minus
413 2865 644 2922 redeant
667 2871 734 2924 ad
760 2867 866 2926 hoc
894 2873 1038 2941 quod
1083 2881 1305 2944 propter
1352 2871 1642 2930 Dominum
1685 2875 1796 2946 pri-

213 2953 376 3010 mitus
415 2956 716 3029 elegerunt,
741 2963 1231 3020 anathematizari-

724 3052 952 3112 CAPUT
991 3055 1276 3115 LXXXVI.

280 3137 388 3210 (Ex
429 3142 611 3197 eodem
658 3145 902 3215 concilio,
928 3150 1010 3202 tit.
1035 3166 1111 3215 ix,
1140 3168 1257 3206 can.
1290 3153 1343 3219 9,
1379 3154 1469 3219 II,
1495 3171 1584 3227 qu.
1613 3154 1690 3230 i.)
1731 3155 1791 3212 Si

210 3231 328 3300 quis
352 3233 583 3290 clericus
610 3237 872 3295 adversus
891 3241 1147 3298 clericum
1176 3245 1342 3300 habet
1365 3248 1664 3318 negotium.
1680 3264 1786 3304 non
1814 3282 1862 3348 ο

213 3323 419 3348 .l---..-.
458 3327 754 3348 -_:--___A-
792 3347 813 3348 ρ
846 3347 849 3348 ,
958 3333 971 3345 ο
1159 3345 1167 3348 .
1271 3337 1286 3348 1
1483 3337 1497 3348 .
1571 3339 1582 3348 .

211 3323 423 3380 deserat
451 3327 763 3398 episcopum
791 3333 1088 3402 proprium,
1121 3345 1184 3389 et
1218 3337 1289 3391 ad
1337 3337 1620 3394 saecularia
1659 3354 1786 3410 per-

207 3426 393 3470 currat
407 3417 608 3487 judicia
640 3439 652 3472 :
680 3421 775 3476 sed
808 3423 960 3490 prius
992 3425 1134 3480 actio
1170 3427 1461 3484 ventiletur
1489 3431 1630 3500 apud
1673 3431 1788 3501 epi-

207 3521 431 3577 scopum
460 3511 770 3580 proprium,
799 3514 885 3568 vel
929 3526 1077 3571 certe
1123 3519 1350 3574 consilio
1394 3521 1636 3588 ejusdem
1673 3524 1788 3594 epi-

204 3598 378 3667 scopi,
401 3601 540 3668 apud
567 3617 704 3670 quos
737 3613 978 3676 utrinque
1005 3616 1190 3677 partes
1214 3609 1501 3674 voluerint,
1522 3610 1786 3679 judicium

205 3690 543 3744 obtinebunt.
579 3691 634 3747 Si
665 3695 784 3762 quis
812 3706 990 3751 autem
1020 3708 1216 3768 praeter
1245 3701 1356 3755 haec
1387 3700 1596 3768 fecerit,
1623 3720 1788 3758 cano-

202 3779 344 3834 nicis
392 3785 823 3854 correptionibus
875 3788 1190 3856 subjacebit.
1246 3791 1396 3860 Quod
1459 3795 1501 3848 si
1552 3795 1784 3852 clericus

201 3873 367 3929 habet
425 3891 639 3932 mulsam
704 3883 965 3937 adversus
1009 3885 1319 3954 episcopum
1355 3888 1665 3956 propriun,
1702 3890 1785 3943 vel

201 3965 464 4020 adversus
497 3967 747 4030 uberum,
777 3975 914 4040 apud
943 3975 1206 4043 synodum
1249 3978 1544 4046 provincia:
1566 3978 1784 4046 judice-

204 4061 307 4109 tur.
337 4056 490 4123 Quoi
516 4060 561 4115 si
589 4061 848 4118 adversus
874 4065 1115 4134 ejusdem
1150 4069 1439 4137 provinciae
1471 4072 1784 4141 metropoli-

205 4152 388 4202 tanum
425 4150 710 4220 episcopus
738 4153 821 4207 vel
853 4154 1082 4210 clericus
1110 4158 1274 4212 habet
1311 4161 1606 4228 querelam,
1633 4169 1782 4231 petat

205 4246 294 4290 aut
341 4239 628 4307 primatem
681 4242 998 4309 diteceseos,
1045 4256 1138 4301 aut
1195 4264 1253 4302 se
1277 4249 1377 4304 ‘em
1419 4251 1582 4320 regiae
1635 4251 1784 4307 urbis

205 4325 828 4402 Constantinopolitanae,
853 4344 908 4390 et
931 4339 1071 4407 apud
1095 4340 1270 4408 ipsum
1289 4341 1584 4411 judicetur.

698 4425 925 4484 CAPUT
963 4430 1266 4488 LXXXVII.

270 4511 377 4583 (Ex
402 4515 587 4570 eodem
616 4518 858 4586 concilio,
876 4538 996 4576 can.
1024 4525 1114 4590 20,
1147 4526 1268 4580 dist.
1307 4526 1420 4599 7i.)
1447 4526 1687 4586 Clericos
1723 4530 1778 4585 in

810 451 1089 513 REGULA
1128 455 1622 516 CANONICORUM
1657 457 1746 514 AB
1782 457 2140 518 AMALARIO
2177 443 2556 518 COLLECTA.
2596 494 2665 504 --
2702 453 2923 522 LIB.“I.

3384 472 3446 529 88
3462 469 3492 525 2

1841 577 1892 638 Α
1920 580 2172 644 seopatus
2199 573 2284 627 vel
2335 573 2617 630 clericatus
2667 577 2748 630 sui
2799 593 2978 650 agros,
3024 581 3107 636 vel
3151 562 3498 657 quaecunque

1917 666 2149 735 praedia,
2199 665 2416 720 nomine
2461 683 2558 722 suo
2609 678 2958 740 comparant,
3006 682 3261 744 tanquam
3311 693 3494 736 rerum

1915 757 2322 813 Dominicarum
2349 759 2644 816 invasionis
2669 762 2897 817 crimine
2926 772 3234 836 teneantur,
3265 771 3368 825 nisi
3399 771 3496 828 ad-

1914 850 2108 904 moniti
2145 851 2198 905 in
2233 852 2459 908 ecclesia
2487 855 2673 908 eadem
2711 855 2824 924 ipsa
2853 858 3199 914 contulerint.
3233 861 3289 916 Si
3313 875 3494 922 autem

1913 936 2047 1008 ipsis
2070 941 2285 1010 proprie
2308 940 2512 1012 aliquid
2538 943 2863 1000 liberalitate
2886 947 3134 1018 alicujus,
3166 951 3251 1005 vel
3279 967 3495 1010 succes-

1914 1027 2067 1083 sione
2095 1033 2430 1102 cognationis
2454 1035 2754 1102 obvenerit,
2768 1036 2969 1092 faciant
2988 1040 3113 1096 inde
3137 1043 3282 1112 quod
3305 1059 3495 1104 eorum

1912 1122 2188 1191 proposito
2218 1126 2484 1196 congruit.
2523 1127 2678 1195 Quod
2716 1129 2761 1184 si
2794 1145 2826 1184 a
2857 1124 3260 1203 suo‘proposito
3289 1146 3497 1195 retror-

1912 1226 2032 1267 sum
2079 1215 2504 1273 exorbitaverint
2530 1260 2545 1284 ,
2584 1220 2789 1277 honore
2833 1223 3203 1282 ecclesiastico
3253 1227 3493 1301 indigni,

1910 1313 2171 1374 tanquam
2200 1308 2413 1378 reprobi
2432 1310 2763 1381 iudicentur.

1978 1417 1980 1420 '
2338 1439 2342 1444 -
2509 1400 2734 1460 CAPUT
2773 1404 2886 1461 XC.

1983 1485 2092 1559 (Ex
2115 1490 2335 1545 concilio
2364 1491 2636 1562 Africano,
2665 1513 2783 1550 can.
2814 1494 2868 1561 7,
2899 1497 3019 1553 dist.
3053 1498 3168 1573 44.)
3200 1500 3273 1555 Ut
3307 1501 3494 1560 clerici

1909 1579 2102 1635 edendi
2131 1582 2216 1636 vel
2243 1582 2457 1639 bibendi
2484 1601 2648 1641 causa
2673 1589 2928 1644 tabernas
2957 1582 3066 1645 non
3093 1591 3490 1664 ingrediantur,

1907 1672 2012 1727 nisi
2037 1675 2486 1745 peregrinationis
2512 1681 2834 1738 necessitate
2855 1684 3136 1756 compulsi.

2501 1795 2730 1854 CAPUT
2769 1798 2902 1855 XCI.

1827 1925 1876 1985 Β
1977 1881 2086 1955 (Ex
2110 1886 2289 1940 eodem
2312 1888 2553 1955 concilio,
2585 1909 2703 1946 can.
2739 1893 2854 1964 2i.)
2883 1894 3178 1965 Epigonius
3209 1895 3493 1968 episcopus

1905 1973 2072 2028 dixit:
2088 1991 2143 2029 tn
2166 1977 2351 2032 multis
2365 1981 2614 2037 conciliis
2627 1983 2730 2037 hoc
2741 1993 3002 2039 statutum
3022 1995 3129 2050 est,
3157 1988 3322 2042 etiam
3343 2003 3491 2044 nunc

1904 2064 2009 2120 hoc
2025 2065 2450 2123 confirmandum
2479 2079 2564 2126 est
2589 2087 2620 2126 a
2639 2081 2820 2128 vestra
2845 2077 3152 2144 prudentia,
3177 2079 3484 2135 beatissimi

1901 2160 2120 2226 fratres,
2153 2170 2216 2218 ut
2255 2164 2515 2221 clericum
2563 2167 2797 2224 alienum
2840 2169 3018 2226 nullus
3064 2171 3166 2227 sibi
3207 2172 3486 2243 praeripiat

1902 2251 2207 2323 episcopus,
2221 2264 2420 2324 printer
2439 2255 2556 2326 ejus
2575 2261 2858 2315 arbitrium
2877 2262 3030 2333 cujus
3045 2262 3212 2320 fuerit
3232 2265 3487 2336 clericus.

2473 2367 2702 2426 CAPUT
2741 2372 2901 2428 XCII.
3472 2420 3478 2430 .

1974 2455 2082 2528 (Ex
2112 2458 2364 2514 decretali
2396 2459 2587 2518 Leonis
2626 2480 2807 2533 papae,
2841 2467 2992 2536 epist.
3034 2468 3060 2522 1
3083 2508 3098 2534 ,
3143 2485 3190 2523 ε.
3221 2469 3301 2542 4.)
3352 2470 3488 2527 Illud

1901 2550 2063 2606 etiam
2089 2552 2344 2610 duximus
2372 2559 2840 2625 praemonendum,
2869 2567 2929 2616 ut
2957 2561 3097 2616 sicut
3130 2577 3238 2618 non
3265 2578 3386 2629 suo,
3414 2564 3488 2620 ita

1900 2656 2005 2698 nec
2031 2642 2208 2698 alieno
2232 2645 2452 2702 nomine
2481 2646 2677 2718 aliquis
2698 2649 3018 2707 clericorum
3045 2667 3304 2710 exercere
3327 2654 3487 2713 fenus

1899 2740 2148 2788 attentet.
2181 2735 2441 2793 lndecens
2467 2739 2614 2794 enim
2651 2749 2736 2796 est
2764 2743 2969 2799 crimen
3000 2759 3157 2799 suum
3185 2745 3486 2804 commodis

1897 2823 2089 2880 alienis
2125 2827 2456 2897 impendere.
2481 2829 2660 2888 Fenus
2690 2842 2870 2889 autem
2901 2837 3006 2892 hoc
3038 2836 3486 2916 solum_aspicere

1896 2924 1951 2972 et
1989 2931 2245 2974 exercere
2289 2921 2568 2988 debemus,
2617 2930 2678 2976 ut
2725 2925 2869 2993 quod
2915 2926 3006 2982 hic
3055 2927 3486 2984 misericorditer

1895 3005 2207 3076 tribuimus,
2229 3009 2300 3065 ab
2323 3027 2390 3068 eo
2417 3012 2668 3081 Domino,
2683 3016 2775 3085 qui
2803 3016 3177 3087 multipliciter
3197 3027 3252 3074 et
3279 3019 3337 3074 in
3361 3033 3484 3090 per-

1892 3111 2113 3176 petuum
2141 3121 2400 3163 mansura
2427 3110 2710 3172 retribuet.
2742 3114 2984 3182 recipere
3009 3112 3306 3171 valeamus.

2461 3223 2689 3282 CAPUT
2717 3225 2896 3282 XCIII.
3473 3261 3478 3266 -

1964 3313 2074 3387 (Ex
2093 3315 2344 3372 decretali
2367 3316 2566 3374 Cetarii
2593 3335 2742 3389 papa:
2771 3321 2920 3392 epist.
2953 3338 2992 3386 ι,
3016 3338 3065 3376 c.
3096 3321 3179 3385 15,
3213 3322 3333 3377 dist.
3361 3321 3477 3395 88.)

1890 3407 2241 3479 Consequens
2264 3409 2368 3466 fuit
2396 3418 2457 3466 ut
2481 3411 2569 3466 illa
2600 3427 2814 3482 quoque
2837 3428 2958 3483 qua:
2983 3415 3051 3470 de
3077 3413 3257 3470 Piceni
3301 3414 3478 3486 parti--

1887 3500 1992 3556 bus
2014 3516 2186 3570 nuper
2210 3502 2280 3557 ad
2308 3516 2408 3557 nos
2433 3503 2596 3559 missa
2642 3503 2834 3560 relatio
2876 3504 3166 3569 nuntiavit,
3197 3519 3300 3560 nec
3328 3519 3474 3563 nunc

1821 3591 1825 3600 '
1887 3592 2263 3660 praetereunda
2283 3600 2617 3661 putaremus,
2644 3594 2696 3648 id
2727 3602 2829 3660 est,
2858 3594 3122 3664 plurimos
3145 3594 3470 3650 clericorum

1890 3684 2346 3751 negotiationibus
2388 3686 2689 3741 inhonestis
2733 3694 2788 3742 et
2824 3686 2990 3741 lucris
3018 3687 3263 3758 turpibus
3289 3687 3474 3743 immi-

1889 3790 2040 3838 nere,
2062 3776 2208 3830 nullo
2234 3777 2436 3845 pudore
2465 3787 2749 3836 cernentes
2772 3780 3138 3851 evangelicam
3160 3781 3468 3845 lectionem,

1887 3881 1990 3936 qua
2023 3869 2134 3937 ipse
2160 3869 2418 3925 hominus
2453 3879 2639 3927 noster
2667 3871 3032 3943 negotiatores
3061 3885 3091 3926 e
3118 3872 3319 3943 templo
3347 3887 3470 3926 ver-

1887 3962 2106 4018 beratm
2138 3963 2364 4029 ﬂagellis
2389 3965 2649 4020 asseritur
2677 3965 2948 4035 expulisse
2972 3963 3185 4036 (Matth.
3219 3963 3336 4036 Ἥ),
3369 3978 3472 4020 nec

1883 4051 2125 4123 Aposioll
2173 4054 2331 4109 verba
2372 4055 2693 4120 recolt'ntes,
2718 4055 2913 4126 quibus
2945 4057 3023 4111 ait
3061 4075 3074 4110 :
3112 4055 3280 4110 Nemo
3330 4054 3473 4109 mili-

1885 4155 2001 4200 tam
2017 4147 2152 4210 Deo,
2170 4146 2402 4216 implicat
2425 4164 2479 4202 se
2502 4149 2719 4215 negotiis
2745 4147 3089 4202 sa’cularibus
3113 4145 3196 4217 (II
3217 4145 3350 4199 Tim.
3372 4145 3468 4216 n);

1883 4233 2227 4290 Psaltuistam
2263 4251 2478 4305 quoque
2507 4237 2674 4290 David
2702 4238 2865 4292 surda
2905 4237 3306 4291 dissimulantes
3335 4249 3469 4290 aure

1884 4331 2193 4379 cantantem
2222 4343 2235 4379 :
2273 4325 2536 4390 Quoniam
2568 4342 2672 4379 non
2701 4327 2917 4396 cognovi
2958 4327 3354 4398 negotiationes,
3384 4327 3470 4380 in-

1883 4414 2051 4468 troibo
2074 4415 2143 4469 ad
2161 4418 2416 4486 potentias
2445 4416 2656 4472 Domini
2685 4415 2857 4490 (Psal.
2890 4417 3040 4489 ιιι).
3075 4417 3305 4474 Proinde
3358 4417 3434 4472 hu
3453 4444 3468 4460 ε

1875 4502 2178 4573 juscemodi
2209 4515 2302 4560 ant
2325 4507 2394 4562 ab
2423 4507 2659 4579 indignis
2689 4517 2811 4578 post
2836 4509 2952 4564 haec
2982 4510 3278 4578 quaestibus
3301 4523 3467 4564 nove—

203 4605 418 4662 ecclesia
446 4609 819 4668 ministrantes
837 4655 851 4679 ,
880 4615 1020 4671 sicut
1043 4618 1156 4687 jam
1187 4595 1592 4688 constituimus,
1625 4623 1677 4678 in
1704 4623 1782 4679 al-
1807 4629 1860 4691 D
1887 4595 2418 4691 ’_i"‘_“b_5““e¥‘_d“m'
2439 4606 2507 4691 ,δέ
2530 4598 2600 4653 ab
2628 4599 2878 4654 omnibus
2909 4597 3199 4669 cuius'ibe‘
3224 4600 3468 4670 ⁸³⁸8θῆ³⁸

205 4695 363 4751 terius
390 4698 633 4755 civitatis
659 4702 941 4758 ecclesiam
968 4714 1201 4764 statutos
1238 4708 1356 4763 ﬁeri
1386 4726 1492 4765 non
1536 4721 1771 4782 oportet,

202 4785 288 4839 sed
309 4797 596 4846 contentos
619 4807 759 4857 esse,
782 4794 836 4847 in
859 4796 1053 4865 quibus
1065 4799 1133 4852 ab
1158 4800 1312 4854 initio
1337 4801 1648 4857 ministrare
1662 4818 1775 4858 me-

201 4889 448 4943 ruerunt,
485 4884 730 4952 exceptis
763 4885 888 4950 illis,
916 4889 1007 4956 qui
1034 4891 1284 4966 proprias
1309 4893 1620 4948 amittentes
1643 4909 1772 4964 pro-

201 4962 416 5037 vincias,
441 4989 510 5030 ex
527 4977 848 5032 necessitate
859 4980 925 5032 ad
940 4963 1096 5034 aliam
1114 4983 1400 5038 ecclesiam
1418 4985 1768 5040 transierunt.

687 5066 912 5124 CAPUT
951 5069 1280 5128 LXXXVIII.

265 5151 369 5221 (Ex
390 5156 574 5210 eodem
598 5159 839 5224 concilio,
856 5178 973 5214 can.
1007 5161 1210 5229 22,12,
1243 5181 1298 5235 q.
1331 5165 1410 5237 2.)
1453 5166 1568 5222 Non
1608 5167 1773 5223 licere

201 5239 406 5301 clericis
435 5257 556 5317 post
583 5250 786 5306 obitum
830 5253 911 5307 sui
942 5255 1201 5326 episcopi,
1231 5273 1320 5312 res
1348 5259 1414 5312 ad
1454 5275 1574 5315 eum
1604 5261 1772 5331 perti-

201 5344 383 5393 nentes
412 5340 669 5409 diripere,
701 5343 841 5398 sicut
883 5346 1118 5416 antiquis
1169 5364 1382 5418 quoque
1426 5358 1511 5403 est
1547 5350 1771 5404 canoni~

201 5420 293 5478 bus
336 5430 685 5487 constitutum
737 5433 888 5500 Quod
945 5437 989 5490 si
1035 5437 1135 5492 hoc
1190 5438 1368 5495 facere
1420 5441 1764 5507 tentavcrint,

201 5516 456 5583 graduum
485 5537 704 5579 suorum
734 5528 973 5595 periculo
997 5529 1366 5598 subjacebunt.

431 5626 434 5628 '
657 5667 662 5674 ,
705 5617 930 5675 CAPUT
965 5620 1251 5678 LXXXIX.

1886 4687 2050 4743 tionis
2075 4687 2306 4758 ingeniis
2332 4689 2732 4760 cupiditateque
2755 4691 3096 4756 cessandum,
3128 4700 3222 4746 aut
3247 4691 3302 4746 in
3333 4706 3470 4760 quo-

1884 4795 2097 4851 cunque
2137 4782 2307 4851 gradu
2344 4782 2453 4836 sint
2476 4783 2658 4852 positi,
2691 4799 2813 4838 mox
2843 4800 2874 4838 a
2903 4783 3246 4838 clericalibus
3273 4784 3470 4840 oﬂiciis

1883 4877 2156 4931 abstinere
2182 4884 2466 4946 cogantur,
2482 4877 2740 4944 quoniam
2770 4875 2962 4929 domus
2993 4875 3087 4929 Dei
3121 4877 3311 4930 domus
3336 4891 3463 4930 οη-

1882 4967 2044 5022 tionis
2069 4974 2124 5020 et
2154 4981 2274 5021 esse
2303 4965 2464 5020 debet
2496 4973 2551 5019 et
2580 4965 2684 5019 dici
2703 5005 2718 5030 ,
2745 4980 2813 5019 ne
2839 4963 3050 5021 oﬂicina
3078 4965 3461 5037 negotiationis

1879 5066 1934 5114 et
1959 5055 2216 5125 spelunca
2236 5055 2417 5124 potius
2451 5055 2522 5111 sit
2554 5054 2822 5110 latronum
2854 5055 3069 5130 (Matth.
3099 5053 3234 5126 χχι).

2444 5165 2670 5222 CAPUT
2708 5166 2889 5223 XCIV.

1946 5262 2286 5335 (Excerptum
2313 5277 2377 5316 ex
2401 5260 2616 5333 epistola
2651 5261 2712 5316 S.
2745 5260 2964 5314 Hieron.
2990 5259 3060 5313 ad
3099 5257 3458 5329 Nepotianum

1874 5357 1939 5412 de
1977 5353 2095 5407 Vita
2125 5353 2478 5425 doricorum.)
2522 5352 2669 5408 Petis
2696 5368 2726 5407 a
2763 5367 2882 5413 me,
2906 5349 3205 5421 Nepotiane
3243 5351 3455 5408 charis-

1872 5449 2029 5510 sime,
2056 5445 2254 5500 litteris
2297 5443 2704 5513 trapsmarinis,
2736 5454 2792 5496 et
2833 5441 3024 5496 crebro
3058 5441 3218 5512 petis,
3251 5448 3312 5496 ut
3356 5442 3455 5498 tibi

1870 5537 2020 5594 brevi
2047 5536 2318 5591 volumine
2340 5536 2578 5605 digeram
2615 5542 2883 5603 praecepta
2922 5534 3061 5588 bene
3107 5533 3355 5599 vivendi;
3396 5541 3455 5588 et

1773 5627 1778 5630 ’
1870 5645 1975 5700 qua
2008 5629 2218 5684 ratione
2257 5628 2302 5681 is
2331 5626 2445 5695 qui,
2477 5625 2658 5680 szeculi
2690 5625 2884 5680 militia
2917 5624 3195 5689 derelicta,
3221 5622 3308 5678 vel
3333 5637 3452 5679 mo-

265 5699 390 5773 (Ex
433 5710 650 5765 concilio
714 5710 960 5786 Carthag.
1007 5733 1125 5771 can.
1182 5717 1315 5790 52.)
1369 5718 1503 5774 Item
1567 5720 1768 5792 placuit
1867 5721 2074 5775 nachus
2105 5717 2332 5787 eruperit
2376 5729 2496 5771 esse
2547 5715 2634 5770 vel
2691 5715 2940 5779 clericus,
2983 5724 3190 5771 rectum
3243 5713 3448 5770 Christi

200 5801 257 5848 ut
283 5799 541 5873 episcopi,
575 5805 892 5880 presbyteri,
922 5808 1158 5876 diaconi,
1184 5811 1270 5865 vel
1315 5811 1622 5883 quicunque
1657 5814 1763 5869 cle-

201 5884 318 5954 rici,
343 5893 436 5961 qui
460 5895 592 5952 nihil
628 5898 886 5957 habentes
923 5901 1266 5969 ordinantur,
1296 5910 1350 5960 et
1375 5910 1619 5975 tempore
1643 5906 1760 5976 epi-

1867 5810 2136 5865 tramitem
2168 5816 2370 5872 teneat,
2396 5821 2466 5862 ne
2499 5805 2568 5861 ad
2592 5806 2806 5862 diversa
2828 5806 3085 5861 vitiorum
3121 5804 3444 5863 diverticula

1862 5903 2126 5972 rapiatur.
2155 5899 2316 5975 (Ibid.
2339 5909 2453 5971 post
2474 5898 2684 5974 multa.)
2707 5899 2832 5958 Scio
2845 5901 3064 5972 quidem
3087 5899 3157 5955 ab
3175 5895 3444 5955 avunculo
