4000 6446
483 403 597 477 885

1517 413 1921 472 AMALARIUS
1955 411 2370 474 PRESBYTER
2404 417 2764 476 METENSIS.

490 542 589 591 tuo
609 532 673 588 B.
703 527 1030 595 Heliodoro,
1071 527 1165 599 qui
1205 541 1348 582 nunc
1376 527 1617 598 pontifex
1644 527 1846 583 Christi
1873 536 1991 593 est,
2021 535 2076 582 te
2100 528 2156 592 Α
2179 530 2323 586 solus
2343 531 2603 598 introeas,
2629 533 2872 602 talesque
2912 529 3110 586 habeto
3141 531 3341 599 socios,
3371 546 3608 603 quorum
3639 551 3774 592 con-

489 637 548 687 et
592 626 847 684 didicisse
891 637 1011 696 quae
1053 630 1241 678 sancta
1286 628 1435 688 sunt,
1462 630 1518 677 et
1559 621 1803 691 quotidie
1840 621 2070 686 discere,

487 734 849 792 normamque
875 719 1000 774 vitae
1025 716 1143 787 ejus
1187 717 1495 788 exemplum
1539 716 1745 772 habere
1787 716 2070 772 virtutum.

485 817 600 876 Sed
627 826 684 873 et
703 822 913 880 nostra,
943 812 1340 884 qualiacunque
1363 819 1508 876 sunt,
1538 809 1784 881 suscipe;
1836 819 1893 865 et
1917 809 2072 868 libel-

481 911 601 968 lum
635 910 780 966 hunc
808 906 996 964 libello
1025 904 1169 961 illius
1199 903 1473 973 copulato,
1498 912 1560 958 ut
1587 917 1712 959 cum
1740 901 1831 958 ille
1860 912 1916 958 te
1959 917 2074 958 mo-

483 1005 725 1072 nachum
752 1002 1045 1066 erudierit,
1080 1000 1168 1056 hic
1196 999 1456 1056 clericum
1487 999 1679 1055 doceat
1727 1015 1848 1056 esse
1894 997 2075 1069 perfe-

489 1104 659 1153 ctum.
685 1095 853 1167 igitur
875 1093 1110 1150 clericus
1132 1092 1226 1163 qui
1256 1089 1457 1148 Christi
1491 1092 1662 1148 servit
1679 1091 1968 1158 Ecclesiae,
1996 1091 2075 1148 iu-

480 1196 820 1268 terpretetur
842 1187 1022 1256 primo
1049 1183 1372 1242 vocabulum
1400 1199 1580 1250 suum,
1604 1192 1660 1240 et
1700 1184 1937 1239 nominis
1979 1185 2075 1240 de-

490 1280 734 1344 finitione
756 1277 986 1348 prolata,
1021 1277 1225 1331 nitatur
1245 1291 1368 1332 esse
1397 1277 1542 1346 quod
1571 1276 1788 1332 dicitur.
1825 1274 1885 1331 Si
1926 1276 2074 1332 enim

489 1370 664 1426 cleros
693 1368 900 1432 Graece,
927 1367 1121 1422 Latine
1155 1382 1275 1424 sora
1305 1367 1604 1438 appellatur
1624 1408 1638 1432 ,
1668 1373 1953 1437 propterea
1981 1382 2076 1422 vo-

486 1472 681 1518 cantur
708 1461 914 1529 clerici,
946 1462 1031 1520 vel
1077 1461 1203 1532 quia
1254 1461 1320 1516 de
1359 1469 1504 1516 sorte
1551 1467 1679 1515 sunt
1723 1458 1956 1522 Domini,
1987 1459 2075 1515 vel

489 1556 615 1624 quia
641 1552 900 1608 Dominus
935 1553 1050 1623 ipse
1078 1568 1218 1616 sors,
1261 1553 1315 1608 id
1335 1565 1420 1608 est
1445 1565 1572 1622 pars
1609 1552 1935 1608 clericorum
1964 1559 2070 1608 est.

488 1647 592 1714 Qui
627 1654 808 1702 autem
843 1647 928 1701 vel
956 1647 1070 1718 ipse
1100 1660 1226 1714 pars
1256 1645 1468 1702 Domini
1513 1655 1616 1710 est,
1655 1645 1741 1702 vel
1785 1645 2075 1702 Dominum

487 1749 698 1811 partem
727 1740 914 1805 habet,
943 1739 1106 1795 talem
1141 1755 1201 1794 se
1226 1740 1483 1794 exhibere
1513 1739 1690 1803 debet,
1715 1748 1773 1793 ut
1805 1740 1920 1810 ipse
1954 1755 2079 1809 pos-

488 1832 663 1886 sideat
687 1831 1002 1896 Dominum,
1025 1840 1080 1887 et
1108 1831 1222 1901 ipse
1253 1830 1594 1902 possideatur
1623 1847 1653 1886 a
1692 1830 1941 1887 Domino.
1973 1831 2073 1899 Qui

485 1922 730 1994 possidet
753 1923 1061 1988 Dominum,
1093 1931 1146 1978 et
1175 1939 1298 1979 cum
1328 1921 1599 1991 Propheta
1622 1921 1770 1984 dicit,
1799 1919 1936 1976 Pars
1959 1939 2074 1976 mea

489 2010 746 2068 Dominus
775 2013 947 2087 (Psal.
978 2013 1170 2083 Lxxn),
1199 2015 1334 2069 nihil
1374 2026 1526 2070 extra
1554 2015 1840 2070 Dominum
1873 2015 2075 2072 habere

488 2116 688 2180 potest.
724 2107 876 2178 Quod
910 2107 952 2162 si
977 2107 1252 2179 quippiam
1286 2108 1428 2162 aliud
1472 2093 1942 2177 habueritprteter
1963 2108 2072 2163 Do—

490 2195 726 2259 minum,
753 2211 880 2268 pars
908 2195 1023 2264 ejus
1049 2213 1154 2252 non
1181 2196 1287 2252 erit
1317 2195 1596 2252 Dominus.
1636 2193 1798 2254 Verbi
1848 2189 2024 2268 gratia
2057 2216 2072 2251 :

491 2282 549 2341 Si
579 2303 768 2341 aurum
789 2329 804 2353 ,
833 2288 878 2342 si
911 2297 1214 2359 argentum,
1243 2289 1288 2358 si
1337 2289 1730 2358 possessiones,
1772 2288 1820 2342 si
1866 2289 2073 2342 Variam

492 2379 904 2449 supellectilem,
935 2396 1058 2435 cum
1087 2379 1208 2436 iStis
1242 2375 1488 2450 partibus
1511 2380 1771 2434 Dominus
1807 2394 1936 2449 pars
1957 2377 2076 2446 ejus

489 2469 609 2524 ﬁeri
634 2479 738 2525 non
764 2467 1035 2542 dignatur.
1081 2469 1138 2526 Si
1184 2479 1361 2526 autem
1397 2481 1496 2543 ego
1519 2483 1648 2542 pars
1677 2467 1890 2526 Domini
1920 2481 2072 2535 sum,

488 2569 544 2617 et
582 2561 852 2618 funiculus
899 2561 1232 2620 hmreditatis
1285 2563 1441 2633 ejus:
1475 2579 1576 2620 nec
1615 2562 1822 2634 accipio
1862 2569 2074 2633 partem

488 2651 634 2708 inter
666 2661 890 2710 caeteras
938 2651 1133 2720 tribus,
1179 2656 1272 2711 sed
1317 2657 1470 2725 quasi
1522 2652 1681 2710 levita
1711 2663 1767 2710 et
1793 2653 2070 2718 sacerdos,

485 2745 613 2800 vivo
633 2745 699 2801 de
728 2746 982 2814 decimis;
1021 2753 1075 2800 et
1103 2745 1260 2802 altari
1290 2747 1552 2813 serviens,
1587 2743 1774 2801 altaris
1801 2745 2074 2800 oblatione

489 2844 795 2904 Sustentor;
829 2838 1037 2894 habens
1060 2839 1262 2894 victum
1289 2847 1344 2893 et
1365 2841 1639 2901 vestitum,
1670 2837 1755 2892 his
1784 2845 2074 2892 contentus

490 2931 608 2992 ero,
635 2936 689 2982 et
716 2927 913 2984 nudam
946 2942 1165 2986 crucem
1199 2931 1373 2985 nudus
1393 2945 1606 3000 sequar.
1626 2928 1865 2986 Obsecro
1893 2928 2075 2999 itaque

490 3029 564 3086 te,
597 3028 650 3076 et
681 3030 933 3093 repetens
960 3021 1158 3078 iterum
1203 3021 1510 3092 iterumque
1548 3017 1801 3085 monebo,
1833 3033 1901 3075 ne
1959 3013 2076 3075 oili-

489 3113 633 3170 cium
685 3115 1011 3181 clericatus,
1039 3129 1207 3187 genus
1252 3117 1488 3186 antiqua:
1527 3111 1733 3171 militiae
1782 3121 1940 3186 putes
1971 3129 1984 3167 :
2019 3107 2074 3168 id

489 3217 590 3271 est,
627 3224 694 3263 ne
722 3209 868 3264 lucra
921 3209 1104 3263 saeculi
1141 3208 1194 3264 in
1223 3208 1428 3266 Christi
1456 3217 1668 3278 quaeras
1699 3207 1923 3272 militia;
1972 3221 2074 3262 nec

487 3300 612 3373 plus
639 3301 843 3356 habeas
869 3316 1030 3372 quam
1066 3301 1282 3371 quando
1310 3301 1546 3358 clericus
1589 3311 1711 3356 esse
1759 3296 1994 3369 coepisti,
2022 3306 2077 3352 et

491 3392 705 3447 dicatur
729 3391 861 3447 tibi:
883 3387 1024 3446 Cleri
1041 3409 1222 3446 eorum
1251 3409 1356 3447 non
1381 3393 1668 3464 proderunt
1695 3393 1770 3448 eis
1800 3389 2074 3464 (lenita).

491 3483 792 3541 Mensulam
823 3494 970 3541 tuam
1001 3501 1268 3557 pauperes
1292 3497 1348 3542 et
1378 3487 1683 3559 peregrini,
1712 3496 1769 3544 et
1796 3501 1918 3543 cum
1970 3486 2078 3543 illis

492 3578 738 3635 Christus
753 3581 978 3636 conviva
1009 3586 1238 3637 noverit.
1278 3579 1682 3650 Negotiatorem
1711 3581 1990 3647 clericum,
2021 3589 2078 3637 et

493 3688 560 3726 ex
591 3675 750 3744 inepe
775 3673 1020 3742 divitem,
1045 3688 1111 3730 ex
1132 3670 1350 3747 ignobili
1376 3676 1694 3745 gloriosum,
1711 3675 1865 3746 quasi
1888 3691 2078 3745 quatu-

494 3767 618 3822 dam
665 3777 872 3836 pestem
921 3768 1063 3836 fuge.
1110 3767 1464 3836 Corrumpunt
1501 3781 1672 3820 mores
1705 3768 1863 3822 bonos
1895 3768 2079 3837 confa-

496 3859 787 3913 bulationes
825 3863 1062 3930 pessima:
1094 3857 1175 3930 (11
1206 3857 1327 3914 Cor.
1359 3861 1473 3932 xv).
1507 3861 1587 3914 Tu
1615 3873 1807 3914 aurum
1831 3868 2072 3914 eontem-

493 3951 603 4012 nis,
634 3947 769 4002 alius
811 3949 1006 4018 (Ιὶιίεἰι.
1044 3950 1123 4003 Tu
1167 3951 1344 4005 calcas
1373 3966 1523 4020 opes,
1552 3951 1639 4006 ille
1668 3957 1925 4006 sectatur.
1956 3951 2075 4006 Tibi

493 4037 643 4093 cordi
684 4047 769 4093 est
806 4041 1185 4103 mansuetudo,
1220 4041 1511 4106 silentium,
1543 4051 1812 4098 secretum
1841 4059 1854 4095 :
1885 4041 1958 4096 illi
2001 4042 2074 4098 lo-

492 4133 762 4202 quacitas,
785 4135 972 4190 attrita
1016 4135 1186 4201 frons,
1241 4137 1355 4192 fora
1402 4137 1639 4206 placent,
1668 4145 1724 4192 et
1763 4138 1976 4208 platea,
2022 4146 2079 4192 et

490 4224 827 4281 medicorum
861 4227 1120 4282 tabernte.
1155 4228 1211 4282 in
1241 4235 1390 4282 tanta
1421 4243 1633 4284 morum
1662 4229 1932 4284 discordia
1955 4243 2077 4299 quae

489 4326 668 4387 potest
710 4332 831 4374 esse
868 4308 1197 4374 concordia?
1244 4319 1600 4390 Hospitiolum
1626 4326 1776 4375 tuum
1805 4329 1900 4375 aut
1928 4331 2072 4388 raro,

490 4415 587 4463 aut
611 4419 885 4479 nunquam
913 4410 1199 4466 mulierum
1223 4412 1389 4481 pedes
1419 4418 1614 4467 terant.
1645 4411 1845 4469 Omnes
1869 4414 2075 4482 puellas

491 4506 548 4555 et
570 4499 809 4571 virgines
832 4500 1057 4567 Christi,
1091 4510 1185 4557 aut
1219 4502 1500 4572 inqualiter
1529 4504 1714 4576 ignora
1733 4545 1746 4570 ,
1772 4508 1865 4558 aut
1894 4515 2076 4574 mqua-

489 4588 618 4646 liter
643 4591 823 4659 dilige.
865 4590 942 4647 Ne
987 4595 1088 4648 sub
1132 4595 1320 4648 eodem
1365 4603 1505 4649 tecto
1551 4597 1835 4660 manseris,
1867 4611 1970 4651 nec
2019 4594 2073 4651 in

2102 4641 2155 4708 D

2179 623 2430 680 tubernio
2473 637 2581 680 non
2630 623 2930 682 infameris.
2967 621 3026 678 Si
3063 622 3258 687 lector,
3301 625 3348 680 si
3395 610 3669 696 acolytin,
3723 631 3771 687 si

2175 715 2378 788 psaltes
2404 724 2459 773 te
2494 717 2742 788 sequitur
2764 756 2781 783 ,
2817 731 2927 774 non
2965 725 3234 772 ornentur
3259 726 3441 784 veste,
3466 720 3566 775 sed
3598 723 3774 778 mori-

2177 811 2308 877 bus;
2336 826 2437 867 nec
2464 812 2776 868 calamistro
2800 810 3044 882 crispent
3067 822 3275 877 comas,
3303 814 3399 867 sed
3441 813 3774 882 pudicitiam

2177 903 2364 961 habitu
2393 905 2772 976 polliceantur.
2789 903 2952 962 Solus
2972 914 3097 959 cum
3118 903 3231 959 sola
3254 915 3470 961 secrete
3490 915 3549 961 et
3563 907 3775 977 absque

2177 1001 2386 1058 arbitro
2415 1002 2498 1058 vel
2541 1010 2680 1058 teste
2709 1013 2819 1057 non
2847 1001 3061 1057 sedeas.
3095 999 3154 1081 Si
3199 999 3532 1056 familiarius
3552 1009 3646 1058 est
3672 1005 3773 1058 ali-

2177 1097 2306 1168 quid
2336 1097 2682 1168 loquendum,
2712 1097 2876 1152 habet
2901 1097 3174 1153 nutricem
3223 1097 3496 1168 majorem
3549 1097 3773 1163 domus,

2175 1191 2464 1262 virginem,
2488 1191 2730 1256 viduam,
2760 1190 3071 1246 maritatam
3105 1207 3120 1246 :
3151 1203 3259 1246 non
3313 1201 3397 1247 est
3448 1199 3566 1246 tam
3611 1193 3774 1246 inhu-

2175 1291 2359 1348 mana,
2392 1289 2455 1338 ut
2504 1283 2710 1338 nullum
2754 1292 2954 1353 prmter
3000 1291 3056 1339 te
3111 1283 3312 1339 habeat
3356 1283 3446 1338 cui
3483 1298 3550 1339 se
3575 1283 3776 1338 audeat

2177 1384 2420 1439 credere.
2475 1381 2677 1438 Caveto
2730 1393 2920 1438 ornues
2971 1383 3357 1453 suspiciones:
3393 1391 3450 1438 et
3505 1382 3772 1452 quidquid

2169 1475 2531 1547 probabiliter
2575 1473 2704 1546 fingi
2738 1483 2937 1546 potest,
2970 1489 3040 1531 ne
3073 1476 3330 1547 ﬁngatur,
3380 1482 3518 1530 ante
3574 1475 3775 1530 devita.

2175 1567 2381 1624 Crebra
2411 1567 2754 1632 munuscula,
2780 1575 2837 1623 et
2866 1567 3165 1633 sudariolo,
3195 1573 3251 1622 et
3284 1566 3575 1633 fasciolas,
3606 1577 3666 1622 et
3693 1583 3780 1623 ve-

2170 1669 2288 1716 stes
2333 1661 2416 1715 ori
2466 1659 2780 1731 applicitas,
2801 1667 2863 1714 et
2912 1659 3124 1714 oblatos
3151 1673 3218 1714 ac
3243 1658 3576 1731 degustatos
3607 1658 3774 1724 cibos,

2176 1753 2510 1823 blandasque
2555 1769 2619 1809 ac
2665 1753 2850 1808 dulces
2897 1749 3168 1807 litterulas
3211 1759 3434 1807 sanctus
3475 1765 3647 1806 amor
3674 1763 3778 1807 non

2101 1896 2152 1958 Β
2178 1847 2359 1902 habet.
2404 1846 2503 1901 Mel
2527 1859 2726 1907 meum,
2755 1845 2940 1900 lumen
2983 1855 3187 1909 meum,
3217 1854 3519 1914 meumque
3567 1843 3779 1901 demde-

2180 1939 2314 1958 s_!___-
2376 1937 2619 1958 nl__!-.-_-
2663 1943 2739 1958 Α-.
2801 1931 2970 1958 ‘1‘“.--
3011 1935 3060 1958 ι..
3113 1947 3347 1958 -x--_-_-
3390 1937 3548 1958 .a-...-
3623 1947 3667 1958 _.
3729 1938 3771 1958 ξ-

2180 1939 2344 2004 rium,
2375 1937 2623 1994 Christus
2657 1943 2760 1992 est.
2801 1931 2972 1992 Natus
3011 1935 3064 1991 in
3113 1947 3352 2007 paupere
3383 1937 3578 2000 domo,
3615 1947 3672 1993 et
3729 1938 3778 1992 in

2176 2028 2398 2100 tugurio
2428 2029 2730 2094 rusticano,
2762 2028 2978 2098 qui’vix
3004 2027 3158 2082 milio
3185 2035 3237 2082 et
3270 2028 3487 2083 cibario
3513 2043 3665 2098 pane
3691 2045 3781 2083 ru-

2175 2119 2413 2192 gientem
2451 2121 2654 2175 satiare
2680 2127 2926 2174 ventrem
2958 2127 3232 2189 poteram,
3262 2131 3411 2173 nunc
3450 2120 3698 2174 similam
3725 2128 3780 2174 et

2177 2211 2336 2265 mella
2370 2211 2607 2267 fastidio.
2636 2210 2768 2266 Novi
2799 2219 2854 2267 et
2881 2225 3083 2282 genera
3110 2219 3166 2265 et
3189 2210 3414 2265 nomina
3438 2211 3696 2280 piscium,
3719 2211 3775 2267 ia

2178 2318 2286 2373 quo
2330 2303 2514 2359 littore
2586 2299 2810 2358 conchae
2859 2298 3013 2358 lecta:
3062 2303 3173 2356 sint
3230 2302 3429 2364 calleo,
3474 2303 3768 2371 saporibus

2176 2393 2361 2452 avium
2387 2391 2641 2450 discerno
2665 2393 2996 2464 provincias,
3022 2400 3078 2449 et
3095 2394 3344 2449 ciborum
3373 2405 3456 2448 me
3474 2394 3683 2448 raritas
3707 2409 3775 2448 ac

2175 2485 2472 2542 novissime
2499 2486 2698 2542 damna
2726 2487 2842 2556 ipsa
2873 2483 3164 2543 delectant.
3191 2488 3273 2542 Tu
3304 2487 3533 2559 quidem
3566 2487 3776 2543 divinas

2179 2575 2493 2647 Seripturas
2526 2578 2724 2648 smptus
2763 2578 2900 2650 lege,
2942 2575 3052 2633 imo
3081 2591 3359 2650 nunquam
3408 2580 3478 2634 tle
3530 2579 3778 2634 manibus

2181 2669 2288 2725 tuis
2307 2683 2461 2724 sacra
2484 2669 2647 2724 lectio
2666 2669 2984 2742 depanatur.
3006 2669 3162 2726 Disce
3184 2669 3328 2742 quod
3352 2671 3586 2735 doceas,
3602 2672 3777 2726 obtine

2178 2774 2325 2826 eum,
2356 2760 2446 2830 qui
2475 2762 2776 2816 secundum
2809 2761 3114 2819 doctrinam
3157 2772 3264 2829 est,
3294 2761 3525 2819 ﬁdelem
3575 2778 3777 2819 sermo-

2180 2859 2402 2912 nem,ut
2427 2850 2603 2919 pessis
2624 2851 2901 2906 exhortari
2935 2851 2989 2906 in
3024 2853 3271 2908 doctrina
3297 2865 3460 2914 sana,
3487 2864 3547 2908 et
3572 2863 3777 2909 eontra-

2181 2941 2422 2997 dicentes
2451 2943 2751 2999 revincere.
2789 2941 3059 2999 Permane
3087 2943 3140 2998 in
3171 2945 3258 2999 his
3287 2957 3414 3014 qum
3451 2945 3695 3001 didicisti
3718 2953 3775 3000 se

2179 3033 2381 3088 credita
2414 3042 2535 3088 sunt
2565 3034 2680 3098 tibi,
2700 3035 2880 3090 sciens
2903 3041 2933 3089 Δ
2952 3043 3058 3105 quo
3082 3034 3359 3101 didiceris,
3379 3045 3622 3108 paratus
3643 3053 3774 3092 sem-

2179 3137 2278 3197 per
2311 3126 2383 3182 ad
2428 3125 2855 3188 satisfactionem
2902 3128 3050 3183 omni
3103 3129 3346 3198 poscenti
3399 3138 3458 3184 te
3515 3131 3772 3184 rationem

2103 3255 2150 3322 ο
2180 3218 2248 3276 de
2291 3233 2378 3283 ea,
2422 3233 2544 3288 quae
2589 3220 2643 3274 in
2684 3228 2740 3274 te
2783 3227 2900 3286 est,
2932 3236 3048 3289 spe.
3095 3221 3212 3276 Non
3239 3221 3593 3276 confundant
3617 3235 3772 3292 opera

2136 3313 2486 3368 'sormonem
2523 3322 2698 3375 tuum,
2728 3329 2797 3368 ne
2843 3329 2968 3368 cum
3014 3313 3070 3368 in
3117 3313 3349 3370 ecclesia
3402 3314 3668 3385 loqueris.
3699 3322 3774 3367 ιιι

2179 3404 2318 3459 citus
2345 3402 2572 3474 quilibet
2604 3403 2929 3472 respondeat
2955 3421 2968 3456 ς
2990 3402 3100 3459 Car
3129 3419 3261 3475 ergo
3290 3405 3410 3459 hzec
3437 3418 3557 3474 quae
3609 3405 3771 3469 dicis,

2180 3497 2295 3565 ipse
2349 3511 2455 3550 non
2511 3493 2688 3550 facis?
2737 3495 3012 3551 Delicatus
3057 3497 3318 3565 magister
3341 3505 3439 3559 est,
3467 3495 3562 3564 qui
3601 3494 3770 3564 pleno

2177 3593 2371 3643 ventre
2405 3587 2470 3642 de
2494 3585 2717 3656 jejuniis
2766 3587 3023 3657 disputat.
3069 3587 3351 3641 Accusare
3389 3585 3673 3641 avaritiam
3713 3594 3773 3642 et

2177 3679 2320 3735 latro
2361 3688 2558 3750 potest.
2594 3678 2908 3734 Sacerdotis
2955 3678 3156 3734 Christi
3210 3694 3305 3743 os,
3341 3694 3517 3743 mens,
3551 3694 3768 3734 manus-

2178 3790 2285 3846 que
2327 3775 2681 3830 cdncordent.
2743 3773 2874 3829 Esto
2916 3770 3191 3840 subjectus
3240 3770 3492 3843 pontifici
3540 3779 3670 3837 tuo,
3715 3779 3768 3826 et

2177 3867 2333 3938 quasi
2388 3867 2581 3921 animae
2627 3874 2908 3936 parentem
2945 3865 3177 3934 suspice.
3229 3863 3453 3927 Amare,
3501 3863 3764 3926 ﬁliorum;

2179 3961 2391 4026 timere,
2422 3975 2702 4015 servorum
2732 3967 2833 4013 est.
2892 3955 2954 4012 Si
2985 3968 3136 4028 pater
3167 3971 3305 4019 sum,
3338 3957 3542 4026 inquit,
3582 3957 3667 4009 ubi
3697 3964 3769 4009 at

2177 4051 2346 4106 honor
2370 4050 2565 4104 meus?
2611 4048 2668 4104 Si
2711 4048 2964 4102 Dominus
3003 4063 3096 4117 ego
3125 4062 3264 4109 sum,
3303 4046 3393 4099 ubi
3433 4047 3598 4100 (inter
3627 4061 3767 4099 meas

2177 4153 2250 4196 est
2276 4140 2532 4212 (Malach.
2569 4138 2651 4212 t)?
2704 4138 2895 4193 Melius
2925 4143 3030 4202 est,
3063 4137 3406 4200 charissime,
3437 4152 3550 4192 non
3575 4139 3770 4192 habere

2177 4235 2320 4305 quod
2364 4233 2594 4297 tribuas,
2643 4245 2805 4301 quam
2857 4230 3196 4300 impudenter
3235 4236 3426 4298 petere
3453 4229 3620 4298 quod
3658 4230 3766 4283 des.

2179 4325 2286 4382 Sed
2331 4333 2385 4380 et
2421 4339 2592 4395 genus
2621 4322 2944 4391 arrogantiae
2975 4329 3058 4376 est
3102 4319 3514 4376 clementiorem
3549 4329 3607 4375 te
3636 4319 3769 4375 velle

2177 4419 2346 4473 videri
2372 4432 2532 4485 quam
2565 4413 2804 4486 pontifex
2829 4412 3030 4469 Christi
3061 4417 3163 4468 est.
3214 4409 3330 4465 Non
3365 4413 3551 4466 omnia
3584 4427 3767 4482 possu-

2178 4517 2300 4563 mus
2349 4517 2558 4562 omnes.
2618 4505 2772 4561 Alius
2829 4506 2882 4559 in
2929 4504 3173 4560 Ecclesia
3227 4503 3418 4559 oculus
3466 4513 3584 4568 est,
3637 4502 3767 4558 alius

2178 4598 2386 4670 lingua,
2427 4598 2564 4653 alius
2604 4613 2826 4663 manus,
2877 4597 3014 4651 alius
3056 4611 3185 4667 pes,
3243 4596 3423 4662 auris,
3480 4603 3674 4652 venter
3717 4605 3770 4650 et

488 4683 769 4755 praeterita
793 4683 1042 4740 castitate
1064 4686 1326 4740 confidas.
1359 4684 1470 4743 Nec
1499 4687 1667 4743 David
1693 4688 1950 4752 sanctior,
1977 4703 2076 4745 nec
2102 4683 2154 4747 ‘.’
2180 4697 2394 4749 castora.
2454 4686 2593 4759 Lege
2627 4687 2779 4742 Pauli
2823 4687 3113 4758 Epistolam
3141 4686 3208 4742 ad
3225 4686 3546 4742 Corinthios
3572 4687 3624 4760 (Ι
3647 4685 3766 4742 Car.

493 4774 785 4832 Salomone
821 4783 976 4846 potes
1023 4787 1142 4832 esse
1185 4776 1500 4848 sapientior.
1547 4778 1815 4835 Memento
1861 4793 2080 4850 semper

491 4871 638 4944 quod
663 4865 901 4943 paradisi
932 4868 1180 4925 colentim
1229 4869 1296 4926 de
1339 4871 1683 4942 possessione
1733 4883 1828 4928 sua
1877 4869 2079 4929 mulier

490 4962 711 5035 eiecerit
749 4957 899 5036 (Gen.
930 4959 1033 5032 ut).
1076 4959 1382 5032 Egrotanti
1427 4962 1525 5017 tibi
1577 4968 1798 5018 sanctus
1847 4962 2076 5033 quilibet

491 5058 664 5114 frater
689 5053 928 5120 assistat,
953 5064 1008 5110 et
1053 5067 1328 5126 germana,
1362 5057 1447 5110 vel
1488 5065 1681 5123 mater,
1713 5066 1806 5114 aut
1833 5061 2076 5130 probatae

493 5150 746 5221 quaelibet
776 5149 914 5218 apud
946 5161 1135 5202 omnes
1162 5146 1308 5202 fidei.
1340 5145 1494 5215 Quod
1530 5150 1574 5203 si
1605 5149 1913 5218 hujusmodi
1966 5168 2074 5207 non

494 5241 696 5296 fuerint
752 5239 1241 5310 consanguinitatis
1289 5241 1732 5312 castimoniaeque
1785 5258 2072 5314 personae,

494 5335 694 5390 multas
719 5347 856 5389 anus
899 5333 1070 5388 nutrit
1106 5333 1360 5398 ecclesia,
1397 5347 1517 5403 quae
1557 5342 1614 5390 et
1657 5334 1893 5391 ofﬁcium
1939 5352 2078 5409 prte-

493 5425 677 5489 lteaut,
710 5433 767 5480 et
793 5423 1118 5480 beneficium
1149 5424 1420 5494 accipiant
1461 5423 1824 5490 ministrando
1847 5467 1862 5492 ,
1887 5435 1949 5481 ut
1996 5427 2078 5481 in-

498 5514 729 5571 firmitas
775 5530 989 5587 quoque
1031 5524 1120 5571 tua
1167 5517 1404 5572 fructum
1451 5517 1650 5572 habeat
1694 5516 2068 5590 eleemosynae.

497 5604 625 5662 Scio
649 5610 911 5676 quosdam
941 5609 1277 5666 convaluisse
1319 5625 1578 5681 corpore,
1601 5618 1656 5665 et
1684 5610 1867 5664 animo
1899 5625 2073 5680 aegro-

496 5703 611 5752 tare
637 5698 885 5764 coepisse.
916 5700 1224 5756 Periculose
1247 5702 1342 5757 tibi
1373 5701 1670 5764 ministrat,
1688 5701 1844 5770 cujus
1862 5700 2071 5755 vultum

495 5789 809 5858 frequenter
838 5792 1088 5847 attendis.
1125 5793 1184 5848 Si
1213 5802 1436 5863 prepter
1472 5793 1710 5849 otiicium
1755 5794 2066 5857 clericatus,

499 5887 589 5931 aut
634 5880 793 5936 vidua
840 5879 1112 5944 visitatur,
1139 5889 1236 5934 aut
1274 5882 1464 5950 virgo,
1515 5895 1794 5952 nunquam
1848 5885 2067 5940 domum

2181 4781 2305 4854 xu),
2351 4780 2620 4852 quomodo
2659 4781 2870 4836 diversa
2915 4782 3157 4837 membra
3201 4794 3365 4836 unum
3409 4793 3619 4850 corpus
3661 4779 3772 4836 elﬁ-

2182 4874 2350 4929 oiunt.
2401 4871 2512 4927 Nec
2541 4873 2774 4928 rusticus
2805 4880 2984 4928 tamen
3011 4881 3067 4928 et
3091 4871 3318 4943 simplex
3346 4870 3523 4927 frater
3561 4871 3684 4928 ideo
3714 4885 3772 4926 se

2181 4974 2425 5023 sanctum
2461 4974 2613 5035 putet
2645 4965 2688 5020 si
2723 4963 2855 5018 nihil
2889 4963 3134 5030 noverit,
3175 4977 3273 5019 nec
3306 4965 3520 5033 peritus
3561 4973 3622 5021 et
3655 4965 3768 5020 elo-

2181 5071 2352 5126 quens
2385 5056 2565 5127 lingua
2602 5057 2833 5111 testimet
2864 5057 3243 5110 sanctitatem:
3269 5055 3551 5125 multoque
3579 5057 3770 5114 melius

2181 5155 2264 5202 est
2301 5162 2331 5200 e
2368 5146 2577 5202 duobus
2623 5145 2956 5217 imperfectis
3001 5147 3359 5202 rusticitatem
3402 5142 3616 5205 habere
3651 5163 3771 5204 san-

2180 5248 2322 5295 ctam
2347 5253 2508 5308 quam
2530 5238 2890 5308 eloquentiam
2912 5236 3287 5308 peccatricem.
3320 5237 3474 5293 Multi
3495 5241 3771 5296 aediﬁcant

2178 5327 2438 5396 parietes,
2466 5337 2522 5383 et
2548 5327 2828 5383 columnas
2851 5327 3092 5383 ecclesia:
3117 5329 3456 5394 substruont,
3493 5345 3768 5387 marmora

2181 5420 2376 5484 nitent,
2407 5435 2540 5475 auro
2568 5418 2855 5489 splendent
2882 5419 3176 5489 laquearia,
3202 5421 3435 5492 gemmis
3459 5421 3642 5478 altare
3661 5424 3772 5478 dis-

2182 5511 2478 5583 tinguitur,
2512 5519 2567 5565 et
2599 5511 2972 5566 ministrorum
3003 5509 3207 5568 Christi
3255 5513 3400 5567 nulla
3433 5513 3637 5570 electio
3661 5523 3768 5569 est.

2177 5602 2334 5659 Nunc
2370 5620 2500 5660 vero
2536 5613 2816 5674 portemus
2841 5613 3060 5659 crucem
3094 5603 3316 5669 Christi,
3347 5613 3403 5660 et
3437 5606 3660 5660 divitias
3688 5604 3774 5659 lu-

2177 5706 2291 5754 tum
2329 5697 2657 5768 putabimus.
2713 5696 2852 5764 Quid
2891 5698 3156 5753 miramur
3191 5697 3336 5769 quod
3374 5696 3633 5753 Christus
3673 5712 3773 5754 vo-

2175 5797 2266 5844 cat
2292 5790 2533 5858 iniquum
2564 5802 2873 5846 mammona
2913 5786 3063 5859 (Luc.
3095 5788 3252 5859 tu)?
3279 5789 3408 5858 quid
3431 5789 3778 5859 suspiciam

2173 5889 2230 5939 et
2253 5895 2516 5948 amamus,
2538 5881 2682 5950 quod
2703 5879 2898 5937 Petrus
2921 5889 2982 5936 se
3005 5895 3115 5936 non
3141 5880 3340 5937 habere
3365 5889 3604 5938 testatur
3623 5881 3778 5955 (Aa.
