4000 6450
494 381 598 442 887

1516 378 1917 439 AMALABIUS
1953 377 2367 437 PRESBYTER
2401 381 2763 441 METENSIS.
2792 393 2798 400 '
2823 393 2852 426 ί

3315 306 3346 315 νο
3375 306 3492 318 ,Μ

3657 385 3774 445 888

491 514 672 567 nosse,
713 499 998 558 adversum
1040 514 1141 559 nos
1181 509 1499 559 cunctorum
1541 502 1923 556 maledicorum
1967 499 2073 555 tela
2098 497 2151 560 Δ
2176 499 2380 566 vivere,
2407 499 2728 557 laborabant
2748 500 3000 559 manibus
3021 502 3135 559 suis
3155 518 3224 559 ne
3243 515 3403 573 quem
3427 514 3770 576 gravarent:

489 608 614 650 esse
657 592 978 664 torquenda.
1020 594 1167 654 Ouos
1199 597 1427 652 obsecro
1458 603 1514 650 ut
1543 594 1826 665 quiescant
1849 601 1905 647 et
1936 591 2072 647 desi-

487 693 625 743 nant
637 684 977 741 maledicere.
1009 683 1128 740 Non
1143 686 1286 741 enim
1301 697 1362 742 ut
1373 686 1719 752 adversariis,
1735 685 1830 741 sed
1856 694 1916 739 ut
1939 684 2073 740 ami-

487 777 570 834 cis
589 777 928 848 scripsimus.
963 774 1074 832 Nec
1099 777 1298 832 invecti
1323 792 1508 833 sumus
1528 777 1583 832 in
1607 791 1702 833 eos
1714 778 1806 847 qui
1821 784 2068 848 peccant,

484 868 582 922 sed
615 881 684 922 ne
722 874 969 938 peccent,
1003 867 1345 923 monuimus:
1371 883 1548 938 neque
1587 868 1642 923 in
1679 867 1798 924 illos
1838 876 2066 934 tantum,

483 942 584 1014 sed
607 957 663 1012 in
694 958 952 1028 nosipsos
965 958 1137 1013 severi
1159 957 1368 1028 judices
1390 957 1610 1024 fuimus,
1624 959 1971 1030 volenteSque
1991 958 2071 1014 fe-

484 1055 696 1103 stucam
711 1048 778 1103 de
794 1048 951 1103 oculo
971 1047 1195 1104 alterius
1208 1048 1416 1115 tollere,
1431 1059 1675 1106 nostram
1693 1051 1845 1120 prius
1859 1052 2068 1106 trabem

483 1137 763 1206 eiecimus.
787 1139 1002 1194 Nullum
1033 1140 1143 1196 laesi
1161 1181 1176 1204 ,
1199 1141 1401 1197 nullius
1427 1157 1622 1197 nomen
1655 1158 1775 1197 mea
1796 1144 2066 1214 scriptura

483 1234 824 1306 designatum
845 1243 947 1291 est.
963 1234 1246 1292 Neminem
1261 1237 1570 1307 specialiter
1587 1251 1739 1292 meus
1751 1251 1932 1291 sermo
1945 1235 2067 1307 pul-

480 1328 644 1383 savit.
677 1325 962 1384 Generalis
987 1329 1054 1383 de
1068 1328 1214 1384 vitiis
1235 1329 1528 1400 disputatio
1540 1336 1642 1384 est.
1663 1327 1766 1396 Qui
1796 1327 1931 1382 mihi
1958 1327 2068 1382 ira-

478 1415 561 1474 sci
573 1415 821 1484 voluerit,
837 1419 989 1491 prius
1002 1420 1119 1492 ipse
1133 1419 1202 1476 de
1213 1434 1292 1488 se,
1303 1421 1448 1490 quod
1463 1421 1588 1477 talis
1596 1419 2064 1488 sit,contitebitur.

1046 1560 1275 1620 CAPUT
1327 1561 1491 1618 xcv.
1553 1535 1556 1539 ’

548 1695 890 1770 (Excerptum
939 1697 1078 1753 beati
1113 1697 1422 1770 Hieronymi
1456 1698 1520 1752 de
1555 1699 1882 1755 institutione
1920 1697 2069 1754 cleri-

476 1807 679 1847 eorum.
734 1790 821 1848 Ea:
845 1791 1064 1863 epistola
1085 1792 1156 1847 ad
1192 1790 1476 1847 Paulinum
1512 1792 1913 1865 presbyterum.)
1954 1792 2066 1849 Ob-

475 1891 751 1950 secrete,
785 1884 1124 1950 charissime,
1164 1891 1227 1940 ut
1265 1884 1635 1942 multitudines
1671 1885 1968 1947 hominum,
2015 1892 2070 1940 et
2096 1865 2146 1926 Β

476 1972 679 2039 oflicia,
717 1983 774 2031 et
810 1975 1187 2041 salutationes,
1225 1984 1282 2031 et
1312 1976 1579 2042 convivia,
1611 1975 1777 2032 veluti
1805 1976 2067 2046 quasdam

476 2067 904 2140 catenasfugias
934 2069 1288 2139 voluptatum.
1351 2069 1436 2125 Sit
1464 2069 1586 2125 vilis
1616 2069 1711 2124 tibi
1746 2076 1804 2124 et
1846 2083 2068 2138 vesper-

475 2134 624 2214 tinus
653 2134 826 2214 cibus.
864 2157 1026 2215 Olera
1058 2134 1118 2214 et
1156 2160 1448 2230 legumina,
1489 2159 1870 2228 interdumque
1910 2134 2070 2229 pisci-

475 2248 652 2313 culos,
680 2264 780 2319 pro
809 2249 1036 2304 summis
1065 2250 1232 2306 ducas
1261 2251 1487 2306 deliciis.
1545 2249 1648 2318 Qui
1673 2249 1948 2306 Christum
1977 2248 2070 2305 dc-

475 2338 702 2404 siderat,
730 2347 787 2395 et
813 2339 904 2394 illo
922 2354 1062 2410 pane
1094 2341 1346 2405 vescitur,
1371 2355 1478 2396 non
1504 2341 1701 2411 quaerit
1719 2354 2066 2411 magnopere,

445 2446 447 2448 ·
475 2428 542 2484 de
577 2444 740 2498 quam
778 2431 1031 2500 pretiosis
1067 2431 1202 2488 cibis
1230 2441 1440 2488 stercus
1467 2431 1742 2487 conficiat.
1799 2431 2071 2500 Quidquid

474 2525 598 2588 post
623 2519 802 2588 gulam
828 2536 937 2576 non
967 2523 1229 2587 sentitur,
1259 2522 1400 2577 idem
1441 2522 1536 2576 tibi
1566 2522 1638 2577 sit
1662 2521 1804 2592 quod
1831 2521 2070 2590 panis'et

473 2608 764 2680 legumina.
807 2611 1034 2683 Semper
1063 2615 1118 2669 in
1147 2630 1310 2669 manu
1339 2623 1428 2668 tua
1457 2629 1611 2669 sacra
1636 2614 1798 2668 lectio
1821 2614 1911 2668 sit.
1940 2613 2072 2668 Fre-

471 2710 710 2770 quenter
737 2705 1025 2770 orandum,
1050 2714 1106 2760 et
1125 2705 1264 2760 flexo
1289 2719 1517 2774 corpore
1541 2719 1696 2759 mens
1716 2705 1970 2775 erigenda
2002 2705 2071 2759 ad

474 2792 786 2849 Dominum.
836 2793 1056 2851 Crebrae
1101 2795 1319 2864 vigiliae,
1353 2803 1410 2850 et
1443 2805 1632 2850 ventre
1670 2809 1840 2850 vacuo
1875 2795 2070 2866 saepius

476 2886 874 2941 dormiendum.
898 2910 903 2938 :
935 2886 1294 2943 Rumusculos
1322 2899 1379 2945 et
1399 2887 1676 2958 gloriolas,
1707 2897 1763 2944 et
1790 2889 2070 2959 palpantes

473 2972 790 3032 adulatores
809 2976 966 3046 quasi
991 2975 1176 3032 hostes
1196 2977 1340 3049 fuge.
1378 2978 1711 3049 Pauperibus
1731 2987 1786 3035 et
1812 2979 2070 3035 fratribus

472 3062 764 3133 refrigeria
812 3075 1125 3137 sumptuum
1164 3084 1324 3124 manu
1364 3070 1582 3142 propria
1617 3071 1898 3127 distribue.
1961 3070 2070 3126 liu-

473 3154 764 3214 militatem
801 3159 1032 3213 vestium
1070 3160 1297 3216 tumenti
1325 3160 1507 3216 animo
1545 3177 1653 3217 non
1681 3171 1922 3232 appetas.
1957 3161 2070 3217 Sae-

2173 607 2229 648 et
2255 592 2376 648 aliis
2404 593 2714 649 tribuebant
2737 592 3038 666 refrigeria,
3068 611 3297 666 quorum
3334 612 3433 664 pro
3467 597 3774 664 spiritali-

2169 683 2273 740 bus
2295 684 2560 740 debebant
2585 693 2790 759 metere
2813 685 3049 742 carnalia
3073 686 3220 749 (Cor.
3240 687 3341 754 ix).
3380 687 3456 739 lla
3479 701 3618 756 ergo
3647 701 3769 757 age,

2170 782 2226 830 et
2258 774 2378 829 vive
2403 774 2456 829 in
2481 776 2832 841 monasterio,
2879 784 2940 830 ut
2969 775 3202 830 clericus
3226 790 3348 830 esse
3377 776 3652 830 merearis
3670 815 3686 840 ,
3717 785 3774 829 ut

2170 865 2588 922 adotescenttam
2615 875 2763 921 tuam
2799 866 2943 921 nulla
2973 866 3132 922 sorde
3171 867 3562 948 commacules,
3604 875 3666 920 ut
3708 870 3774 921 ad

2169 958 2342 1014 altane
2377 957 2579 1015 Christi
2613 959 2772 1029 quasi
2806 960 2873 1015 de
2913 959 3150 1038 thalamo
3186 960 3340 1030 virgo
3371 959 3683 1029 procedas,
3723 968 3776 1014 et

2169 1049 2372 1106 habeas
2413 1050 2615 1106 deforis
2656 1051 2855 1106 bonum
2902 1051 3290 1107 testimonium.
3357 1051 3610 1108 Femina:
3658 1067 3775 1123 qua:

2169 1157 2365 1198 nomen
2413 1151 2562 1198 tuum
2614 1143 2902 1210 noverint,
2941 1143 3151 1199 vultum
3195 1144 3467 1200 nesciant.
3521 1143 3669 1200 Cum
3711 1145 3776 1199 ad

2167 1235 2462 1306 perfectam
2500 1243 2716 1291 aetatem
2754 1235 2985 1302 veneris,
3018 1236 3065 1292 si
3097 1244 3279 1292 tamen
3303 1238 3415 1292 vita
3438 1251 3638 1294 comes
3667 1235 3778 1292 fue-

2168 1327 2257 1391 rit,
2288 1335 2344 1382 et
2372 1333 2426 1382 te
2451 1327 2537 1383 vel
2566 1328 2800 1399 populus
2824 1328 2910 1384 vel
2937 1328 3180 1399 pontifex
3223 1328 3469 1385 civitatis
3508 1330 3583 1383 ad
3619 1327 3780 1384 cleri-

2168 1433 2290 1473 cum
2313 1418 2632 1490 adlegerint,
2661 1420 2806 1492 agito
2835 1435 2957 1492 quae
2980 1421 3169 1477 clerici
3195 1429 3341 1487 sunt,
3365 1429 3424 1488 et
3457 1422 3612 1476 inter
3635 1421 3778 1491 md;

2169 1517 2380 1564 sectare
2411 1509 2684 1576 meliores,
2717 1511 2844 1581 quia
2884 1511 2938 1566 iu
2978 1512 3126 1568 omni
3163 1511 3480 1568 conditione
3517 1519 3578 1566 et
3609 1513 3777 1582 gradu

2167 1600 2388 1670 optimis
2421 1602 2591 1656 mixta
2625 1611 2753 1658 sunt
2789 1603 3049 1673 pessima.
3113 1603 3280 1659 Multo
3325 1612 3587 1674 tempore
3632 1603 3778 1660 disce

2142 1689 2311 1760 quod
2347 1690 2564 1746 doceas.
2618 1690 2696 1747 Ne
2729 1693 2922 1749 credas
2956 1692 3331 1750 laudatoribus
3352 1696 3489 1763 tuis,
3522 1697 3642 1752 imo
3662 1697 3780 1753 irri-

2169 1779 2383 1837 soribus
2406 1797 2595 1838 aurem
2623 1797 2694 1838 ne
2717 1783 2955 1842 libenter
2979 1787 3378 1843 accommodes.

2728 1872 2960 1930 CAPUT
3004 1875 3210 1932 XCVII.

2242 1965 2540 2040 (Ejusdem,
2574 1983 2640 2022 ea:
2676 1967 2897 2039 epistola
2930 1969 3000 2023 ad
3029 1968 3399 2024 Heliodorum.
3441 1970 3598 2038 Quid
3628 1973 3778 2028 distet

2169 2059 2308 2113 inter
2357 2057 2605 2113 clericum
2663 2067 2713 2113 et
2767 2060 3132 2129 monachum.)
3200 2061 3536 2118 Monachum
3598 2074 3778 2120 autem

2169 2155 2469 2228 perfectum
2516 2171 2636 2213 esse
2679 2155 2838 2221 nolle,
2885 2156 3200 2227 delinquere
3239 2168 3343 2214 est.
3391 2157 3500 2214 Sed
3557 2161 3628 2216 de
3676 2162 3779 2216 hoc

2171 2248 2343 2320 gradu
2367 2247 2576 2318 pulsus,
2607 2247 2931 2318 provocabis
2960 2246 3029 2301 ad
3051 2248 3298 2302 clericos.
3348 2249 3426 2302 An
3449 2251 3516 2304 de
3546 2249 3636 2304 his
3662 2249 3776 2304 ali-

2170 2341 2301 2410 quid
2333 2341 2560 2397 audeam
2598 2341 2803 2406 dicere,
2830 2341 2925 2410 qui
2957 2349 3107 2397 certe
3135 2341 3192 2395 in
3218 2343 3336 2397 suis
3361 2343 3586 2399 urbibus
3611 2358 3774 2398 com-

2171 2432 2497 2487 morantur?
2531 2431 2690 2502 Absit
2724 2439 2908 2486 antem
2952 2439 3013 2486 ut
3053 2432 3348 2502 quidquam
3393 2433 3460 2488 de
3503 2433 3597 2488 his
3645 2434 3780 2489 sini-

2170 2529 2342 2576 strum
2393 2521 2602 2591 loquar,
2653 2520 2746 2590 qui
2801 2521 3096 2592 apostolico
3143 2523 3334 2594 gradui
3390 2524 3773 2587 succedentes,

2170 2613 2376 2670 Christi
2412 2629 2613 2684 corpus
2657 2629 2814 2670 sacro
2854 2629 2951 2671 ore
2985 2615 3280 2670 conficiunt
3304 2634 3318 2669 :
3341 2630 3443 2686 per
3493 2631 3778 2687 quosnos

2170 2706 2337 2760 etiam
2377 2704 2673 2761 Christiani
2713 2721 2939 2761 sumus:
2972 2706 3064 2776 qui
3097 2706 3276 2762 claves
3310 2708 3465 2778 regni
3511 2707 3774 2764 etnlorum

2172 2796 2456 2858 habentes,
2504 2805 2631 2850 ante
2659 2795 2848 2866 judicii
2887 2795 3030 2850 diem
3056 2793 3326 2864 iudicant,
3372 2797 3468 2866 qui
3514 2813 3771 2869 sponsam

2172 2888 2386 2944 Domini
2417 2888 2597 2942 sobria
2627 2887 2879 2942 castitate
2923 2896 3261 2943 conservant.
3319 2886 3435 2943 Sed
3467 2897 3530 2944 et
3564 2888 3691 2952 alia,
3721 2895 3772 2942 ut

2143 2994 2298 3040 ante
2337 2983 2654 3054 perstrinxi,
2692 2983 3081 3038 monachorum
3123 2997 3287 3038 causa
3319 2993 3430 3049 est,
3467 2982 3580 3037 alia
3624 2982 3771 3038 cleri-

2173 3091 2380 3132 corum.
2437 3073 2634 3132 Clerici
2673 3081 2902 3144 pascunt
2943 3087 3090 3140 oves,
3142 3089 3244 3145 ego
3294 3089 3520 3145 pascor.
3575 3073 3656 3128 Illi
3709 3071 3772 3128 de

2172 3168 2366 3223 altario
2402 3168 2634 3222 vivunt:
2668 3167 2798 3222 mihi
2838 3167 2993 3237 quasi
3032 3168 3386 3222 infructuosae
3432 3168 3653 3223 arboris
3694 3182 3764 3222 se.

475 3249 743 3305 culari'tm
786 3261 842 3307 et
877 3254 1115 3310 maxime
1150 3255 1448 3324 potentium
1488 3256 1822 3311 consortium
1865 3255 2062 3310 devita.
2094 3227 2140 3289 (ἶ
2171 3261 2317 3316 curis
2351 3261 2575 3330 ponitur
2611 3261 2678 3315 ad
2717 3260 2975 3326 radicem,
3019 3261 3065 3316 si
3107 3276 3306 3316 munus
3344 3262 3416 3315 ad
3458 3259 3637 3316 altare
3667 3275 3769 3315 non

475 3337 690 3398 Habeto
725 3341 1127 3412 simplicitatem
1156 3345 1437 3411 columbae,
1469 3361 1538 3400 ne
1576 3347 1828 3416 cuiquam
1863 3345 2070 3401 machi-

476 3432 629 3489 neris
666 3434 838 3501 dolos,
879 3443 936 3491 et
975 3438 1244 3509 serpentis
1283 3437 1556 3503 astutiam,
1587 3453 1655 3492 ne
1687 3437 1913 3492 aliorum
1943 3453 2070 3506 sup-

476 3527 742 3598 plauteris
783 3529 1014 3586 ’usidiis.
1062 3530 1182 3586 Non
1216 3531 1446 3586 multum
1484 3531 1650 3585 distat
1693 3531 1746 3584 in
1789 3530 1939 3594 vitio,
1983 3529 2070 3584 vel

478 3619 731 3689 decipere
754 3635 933 3691 posse,
967 3620 1055 3676 vel
1088 3622 1264 3691 decipi
1289 3637 1448 3692 posse
1473 3620 1861 3684 Christianum.
1917 3620 2072 3675 Tem-

479 3707 626 3780 plum
670 3725 861 3770 verum
902 3709 1143 3778 Christi,
1198 3712 1376 3768 anima
1421 3711 1692 3784 credentis
1737 3719 1820 3766 est
1863 3729 1876 3764 :
1922 3709 2070 3764 illam

478 3815 706 3870 exorna,
740 3804 883 3862 illam
922 3806 1082 3871 vesti,
1124 3806 1201 3861 illi
1233 3805 1369 3862 offer
1401 3805 1650 3869 donaria,
1693 3805 1744 3860 in
1788 3803 1877 3858 illa
1910 3802 2071 3859 Chri-

479 3904 626 3954 stum
673 3899 904 3968 suscipe.
960 3899 1153 3955 Nescio
1200 3900 1345 3954 enim
1383 3898 1654 3970 quomodo
1691 3897 1812 3968 plus
1860 3897 2074 3967 placeat

479 3989 708 4056 mundo,
728 3991 819 4061 qui
849 3989 1068 4048 Christo
1089 3991 1358 4066 displicet.

833 4103 838 4107 '
1049 4081 1276 4138 CAPUT
1323 4081 1502 4138 XCVI.

553 4143 854 4248 (Ejusdem,
878 4194 944 4232 ea;
963 4175 1184 4248 epistola
1205 4181 1275 4230 ad
1298 4175 1602 4241 Rusticum,
1635 4177 1716 4230 tit.
1748 4175 1884 4248 xvi.)
1939 4175 2073 4232 Dico
2115 4219 2118 4222 .

480 4276 684 4333 autem,
714 4267 1073 4344 siclericatus
1096 4268 1278 4324 titillat
1304 4277 1357 4324 te
1389 4267 1735 4334 desiderium.
1761 4267 1907 4323 disce
1930 4267 2073 4338 quod

479 4360 657 4429 possis
686 4359 904 4427 docere,
939 4369 994 4416 et
1031 4361 1353 4417 rationalem
1393 4361 1626 4417 hostiam
1661 4359 1796 4416 olfer
1833 4360 2068 4417 Christo.

479 4447 561 4502 Ne
603 4450 679 4504 sis
721 4451 876 4505 miles
917 4443 1210 4520 antequam
1243 4453 1387 4507 tiro:
1411 4443 1482 4506 ne
1521 4453 1672 4520 prius
1709 4453 1971 4524 magister
1998 4453 2074 4508 sis

2170 3349 2356 3407 defero
2387 3349 2601 3423 (Matth.
2630 3367 2720 3404 XVI
2752 3360 2799 3404 et
2826 3350 3008 3420 xvm).
3060 3349 3170 3407 Nec
3207 3366 3433 3420 possum
3470 3350 3772 3406 obtendere

2168 3449 2570 3512 paupertatem,
2603 3456 2725 3496 cum
2767 3441 2820 3495 in
2862 3440 3151 3512 Evangelio
3185 3455 3350 3495 anum
3385 3440 3596 3496 viduam
3631 3439 3772 3499 duo.

2171 3549 2293 3603 quae
2321 3532 2420 3588 sibi
2449 3533 2562 3588 sola
2593 3541 2936 3604 supererant,
2978 3547 3088 3586 tera
3127 3531 3430 3587 mittentem
3463 3529 3771 3586 laudaverit

2124 3673 2126 3676 ,
2169 3623 2432 3680 Dominus
2453 3624 2632 3696 (Deut.
2663 3621 2819 3695 xvn).
2861 3621 2990 3677 Mihi
3018 3631 3145 3678 ante
3168 3623 3554 3693 presbyterum
3578 3622 3775 3677 sedere

2170 3731 2280 3771 non
2308 3715 2463 3778 licet;
2493 3713 2591 3780 illi,
2624 3715 2670 3769 si
2693 3728 3012 3784 peccavero,
3045 3712 3169 3768 licet
3195 3713 3411 3768 tradere
3435 3728 3524 3768 me
3551 3711 3769 3770 Satanz

2171 3808 2226 3862 in
2259 3808 2538 3863 interitum
2569 3807 2777 3871 carnis,
2817 3819 2876 3861 ut
2908 3806 3133 3877 spiritus
3153 3805 3348 3869 salvus
3375 3805 3451 3861 sit
3473 3806 3530 3860 in
3558 3807 3644 3861 die
3669 3805 3762 3860 Do-

2172 3899 2304 3954 mini
2331 3897 2479 3954 Jesu.
2523 3897 2590 3952 Et
2620 3898 2674 3952 in
2707 3898 2878 3952 veteri
2909 3897 3128 3966 quidem
3159 3896 3298 3967 lege,
3337 3896 3655 3966 quicunque
3688 3911 3746 3951 sa

2173 3990 2483 4048 cerdotibus
2510 4005 2619 4045 non
2645 3991 3077 4059 obtemperasset
3101 4029 3116 4052 ,
3145 3995 3240 4042 aut
3267 3997 3428 4057 extra
3462 3997 3640 4042 castra
3677 4002 3767 4055 po-

2173 4082 2309 4138 situs
2339 4080 2682 4150 lapidabatur
2707 4096 2740 4135 a
2773 4081 2994 4152 populo,
3029 4089 3124 4135 aut
3153 4079 3330 4151 gladio
3358 4079 3581 4134 cervice
3603 4077 3761 4147 subje-

2173 4183 2280 4239 cta,
2306 4181 2675 4243 contemptum
2700 4173 2952 4243 expiabat
2978 4187 3194 4228 cruore.
3235 4170 3392 4227 Nunc
3429 4188 3565 4228 vero
3593 4173 3766 4226 inobs-

2173 4269 2345 4328 diens.
2392 4267 2620 4338 spiritali
2663 4281 2923 4322 mucrone
2969 4273 3291 4321 truncatur:
3320 4273 3419 4318 aut
3458 4263 3672 4333 eiectus
3706 4262 3765 4316 de

2173 4359 2424 4426 ecclesia,
2457 4359 2648 4415 rabido
2675 4359 2977 4415 daemonum
3008 4373 3105 4413 ore
3134 4357 3482 4429 discerpitur.

2719 4474 2949 4531 CAPUT
2995 4474 3220 4530 XCVIII.

417 4591 426 4594 _
484 4546 775 4607 antequam
801 4540 1119 4609 discipulus.
1159 4540 1275 4596 Non
1315 4549 1401 4596 est
1436 4542 1754 4598 humilitatis
1784 4559 1931 4611 mea:
1973 4559 2070 4599 ne-
2097 4582 2152 4642 Β
2251 4547 2550 4618 (Ejusdem,
2581 4561 2647 4600 ea:
2675 4545 2893 4617 epistola
2919 4546 2990 4599 ad
3014 4543 3316 4610 Oceanum,
3347 4545 3413 4598 de
3455 4543 3581 4599 Vita
3623 4543 3768 4599 cleri-

483 4645 592 4701 que
617 4644 883 4685 mensurae
901 4631 1147 4702 judicare
1172 4632 1239 4688 de
1265 4632 1500 4700 clericis,
1529 4643 1583 4689 et
1614 4637 1679 4690 de
1702 4635 1968 4691 ministris
1989 4651 2075 4691 ec-

483 4723 774 4780 clesiarum
799 4723 1100 4781 sinistrum
1141 4727 1416 4798 quippiam
1456 4728 1657 4784 dicere.
1707 4727 1956 4784 Habeant
1995 4727 2072 4783 illi

481 4803 726 4871 ordinem
763 4825 820 4872 et
852 4815 1080 4888 gradum
1117 4833 1295 4874 suum.
1331 4817 1501 4886 Quem
1541 4818 1587 4874 si
1635 4818 1898 4884 tenueris,
1939 4834 2074 4889 quo-

415 4975 418 4978 .
481 4909 644 4964 modo
672 4909 768 4964 tibi
800 4909 853 4964 in
882 4925 948 4964 eo
978 4911 1265 4966 vivendum
1293 4912 1383 4977 sit,
1412 4911 1591 4967 editus
1620 4911 1686 4966 ad
1711 4909 2073 4980 Nepotianum

480 4999 621 5056 liber
643 5001 837 5058 docere
857 5003 1072 5071 poterit.
1113 5004 1248 5069 Volo
1271 5019 1401 5075 ergo
1431 5014 1489 5058 ut
1520 5003 1638 5059 sine
1671 5001 2075 5057 intermissione

481 5091 682 5155 oratio,
707 5099 762 5146 et
781 5091 908 5163 vigil
936 5091 1031 5146 tibi
1067 5093 1139 5148 sit
1171 5109 1387 5158 sensus,
1413 5110 1515 5150 nec
1541 5095 1692 5167 vagis
1721 5093 2070 5165 cogitationi-

481 5182 586 5238 bus
623 5191 835 5256 patens,
879 5199 1078 5254 corpus
1119 5186 1328 5254 pariter
1369 5195 1424 5241 et
1471 5187 1685 5242 animus
1719 5188 1971 5242 tendatur
2006 5185 2072 5240 ad

482 5272 791 5329 Dominum.
859 5275 999 5330 Iram
1049 5277 1202 5333 vince
1258 5278 1536 5347 patientia.
1598 5278 1736 5332 Ama
1788 5278 2110 5348 scientiam_

485 5362 910 5436 Scripturarum,
943 5378 996 5424 et
1030 5371 1210 5426 carnis
1233 5371 1366 5426 vitia
1389 5387 1494 5426 non
1523 5371 1748 5427 amabis.
1785 5371 1894 5426 Nec
1919 5379 2075 5426 vacet

484 5469 639 5511 mens
679 5467 771 5513 tua
823 5460 989 5515 variis
1034 5461 1720 5533 perturbationibuszqute
1771 5463 1816 5518 si
1866 5462 2072 5532 pectori

487 5545 808 5615 insederint,
841 5551 1266 5608 dominabuntur
1294 5554 1392 5620 tui,
1421 5563 1476 5609 ct
1503 5563 1556 5609 te
1594 5554 1859 5610 deducent
1887 5554 1955 5608 ad
1979 5555 2073 5609 de-

487 5634 676 5691 lictum
717 5643 1032 5698 maximum.
1079 5643 1270 5700 Facito
1303 5645 1508 5716 aliquid
1537 5645 1738 5717 cperis,
1773 5654 1832 5700 ut
1861 5660 2074 5716 semper

489 5735 546 5784 te
586 5728 828 5786 diabolus
870 5735 1106 5790 inveniat
1153 5746 1493 5807 occupatum.
1546 5737 1813 5793 Memento
1855 5738 1981 5808 quia
2019 5746 2074 5793 et

493 5820 720 5889 apostoli
760 5821 980 5892 ChriSIi,
1018 5826 1278 5904 habentes
1322 5837 1645 5898 potestatem
1675 5831 1744 5887 de
1777 5829 2072 5904 Evangelio

2177 4639 2404 4708 eorum.)
2444 4639 2776 4708 Deprecatus
2803 4653 2863 4693 es
2885 4678 2901 4703 ,
2933 4644 2992 4692 ut
3019 4635 3119 4691 tibi
3148 4635 3387 4692 breviter
3416 4650 3764 4706 exponerem,

2178 4732 2412 4804 qualiter
2435 4730 2617 4786 clerici
2647 4729 2899 4785 victitare
2937 4729 3187 4784 debeant.
3240 4727 3378 4783 Hinc
3407 4743 3497 4783 me
3525 4727 3768 4798 plerique

2177 4839 2210 4879 e
2240 4821 2543 4878 maledictis
2590 4820 2801 4876 aemulis
2841 4819 3257 4891 praestolamur,
3307 4818 3439 4889 quia
3478 4834 3595 4874 non
3643 4819 3770 4874 sileo

2177 4913 2484 4968 veritatem.
2544 4908 2742 4990 Prima.
2779 4908 2998 4979 quidem
3035 4915 3372 4963 teutamenta
3423 4915 3561 4964 sunt
3611 4907 3769 4963 cleri-

2179 5004 2731 5070 corum,feminarum
2777 4999 3090 5070 frequentes
3138 5014 3410 5054 accessus.
3471 4997 3584 5054 Iste
3615 5013 3774 5054 sexus

2174 5095 2630 5168 reprehensibiles
2676 5093 2897 5148 exhibet
2931 5091 3178 5147 clericos.
3238 5089 3375 5158 Quid
3424 5089 3525 5145 tibi
3583 5105 3772 5145 revera

2173 5204 2297 5245 cum
2327 5186 2565 5252 feminis,
2601 5185 2692 5256 qui
2731 5184 2800 5239 ad
2838 5183 3006 5239 altare
3046 5198 3171 5238 cum
3201 5182 3429 5236 Domino
3459 5180 3774 5236 fabularis!

2174 5281 2251 5336 Te
2280 5279 2458 5335 cuncti
2500 5281 2551 5334 in
2589 5277 2833 5349 publico,
2868 5285 2921 5331 te
2951 5276 3006 5330 in
3031 5291 3162 5347 agro
3189 5275 3376 5330 rustici
3419 5283 3677 5330 aratores
3709 5289 3774 5328 ac

2172 5374 2438 5429 vinitores
2467 5370 2706 5441 quotidie
2736 5369 2975 5440 graviter
3005 5367 3340 5432 lacerabunt,
3370 5367 3416 5422 si
3446 5377 3643 5421 contra
3669 5366 3778 5421 dis—

2171 5463 2409 5536 positum
2448 5461 2571 5518 ﬁdei
2610 5477 2736 5516 cum
2785 5461 3000 5515 feminis
3055 5461 3297 5515 habitare
3341 5460 3651 5516 contendis.
3703 5459 3775 5515 Et

2169 5555 2298 5626 quia
2326 5555 2409 5626 (ut
2435 5553 2694 5624 arbitror)
2723 5552 3060 5621 concupiscis
3088 5551 3585 5621 irrepreheusibilis
3621 5552 3779 5606 inve-

2169 5647 2306 5713 niri,
2358 5645 2668 5701 testimonio
2709 5646 2850 5699 bono
2893 5643 3123 5697 munire.
3189 5641 3443 5711 Nunquid
3490 5641 3541 5694 in
3596 5643 3774 5696 choro

2169 5737 2534 5809 apostolorum
2561 5735 2776 5790 femina:
2802 5732 3107 5788 alfuerunt?
3140 5731 3373 5788 Prohibe
3407 5729 3648 5801 virgines
3680 5741 3773 5787 te-

2167 5845 2292 5887 cum
2317 5826 2662 5895 commorari,
2687 5825 2850 5882 etiam
2875 5839 2995 5896 qua:
3027 5823 3094 5880 de
3123 5837 3320 5894 genere
3349 5829 3441 5876 tuo
3478 5827 3627 5878 sunt.
3671 5819 3775 5875 Dio
