4000 6458
780 402 1061 467 REGULA
1098 409 1595 474 CANONICORUM
1627 412 1719 471 ΑΒ
1752 411 2110 473 AMALARIO
2144 411 2521 475 COLLECTA.
2564 445 2635 461 -
2667 414 2796 476 LIB.
2835 405 2881 478 l.

2954 342 3090 355 -v\..~

3349 423 3452 482 890

224 518 339 592 ligis
361 515 488 572 eas?
509 516 748 574 exterius
783 521 1002 589 ordina,
1030 521 1342 595 frequenter
1367 527 1530 585 visita
1553 526 1776 597 junctus
1801 532 1854 594 Α
1880 529 1996 594 dos,
2035 547 2208 602 pauca
2250 533 2318 588 de
2356 532 2579 604 reliquis
2611 533 2854 604 Apostoli
2895 536 3239 606 testimoniis,
3280 555 3455 612 quan-

221 610 468 680 obsequio
509 610 854 680 clericorum,
893 631 962 670 ne
996 618 1121 672 dum
1159 621 1494 676 secretaliter
1534 637 1598 678 ac
1636 622 1782 679 solus
1879 639 1992 688 tum
2025 632 2282 688 Dominus
2305 633 2491 699 donat,
2520 649 2810 705 exponam.
2844 634 3122 692 Salaciam
3147 610 3456 708 superiores

219 701 523 774 ingrederis,
551 704 787 760 macules
823 708 1186 764 testimonium
1221 720 1387 766 tuum.
1427 712 1598 769 Aliter
1630 730 1782 770 nam-

218 811 316 866 que
353 794 648 866 conjugati,
690 798 848 853 aliter
885 801 1224 858 continentes
1265 804 1560 860 edocentur
1603 809 1778 863 eccle-

217 884 482 941 siasticum
518 885 709 941 subire
748 887 1104 945 ministerium
1144 900 1199 947 et
1234 907 1390 948 onus.
1433 893 1780 950 Feminarum

214 963 330 1031 cum
367 973 585 1031 clericis
608 977 752 1034 nullo
787 989 945 1049 pacto
977 982 1262 1052 conjuncta
1301 986 1613 1057 praecipitur
1646 1003 1777 1044 con-

211 1065 457 1121 versatio.
500 1064 671 1122 Janua
719 1069 940 1138 diaboli,
983 1073 1069 1127 via
1119 1075 1440 1145 iniquitatis,
1477 1078 1779 1148 scorpionis

208 1158 497 1229 percussio,
529 1160 886 1232 nocivumque
913 1180 1082 1235 genus
1107 1176 1194 1220 est
1219 1165 1437 1224 femina.
1489 1169 1622 1225 Cum
1653 1187 1779 1241 pro-

208 1249 369 1303 ximat
419 1250 620 1319 stipula
647 1292 662 1317 ,
714 1252 950 1310 incendit
991 1257 1188 1328 ignem.
1249 1258 1608 1331 Flammigero
1657 1261 1779 1332 igne

205 1340 427 1412 percutit
491 1340 691 1398 femina
744 1346 1136 1402 conscientiam
1177 1349 1385 1421 pariter
1441 1350 1776 1419 habitantis,

204 1429 481 1499 exuritque
508 1428 855 1487 fundamenta
886 1435 1168 1490 montium.
1215 1435 1548 1508 Egojudico,
1577 1439 1622 1494 si
1654 1456 1778 1497 cum

201 1519 327 1574 viris
353 1517 567 1575 femina:
597 1521 862 1588 habitent,
889 1524 1181 1580 viscarium
1210 1542 1316 1582 non
1349 1529 1521 1583 deerit
1555 1529 1775 1598 diaboli,

199 1612 284 1680 qui
307 1626 372 1666 ex
396 1612 474 1668 eis
495 1623 792 1685 aucupatus
816 1623 899 1670 est
925 1617 992 1672 ab
1015 1617 1170 1673 initio
1198 1629 1500 1688 peccatum.
1551 1621 1778 1681 Ferreas

199 1710 402 1758 mentes
445 1703 607 1760 libido
651 1705 833 1760 domat
860 1725 872 1758 :
898 1708 945 1762 si
986 1708 1287 1780 alligaverit
1325 1714 1448 1782 quis
1497 1715 1676 1787 ignem
1719 1717 1775 1772 in

194 1794 310 1846 sinu
344 1809 463 1858 suo,
502 1793 827 1850 vestimenta
857 1795 972 1865 ejus
997 1815 1101 1853 non
1133 1803 1556 1859 comburentur?
1590 1806 1699 1860 Aut
1729 1807 1775 1862 si

1877 739 2078 788 causa),
2126 739 2246 794 qua:
2289 724 2446 781 dicta:
2485 735 2630 781 sunt.
2679 727 2880 802 Verum
2925 744 2996 784 ne
3033 729 3227 799 aliquis
3269 731 3454 788 minus

1879 811 2184 884 intelligens
2229 814 2298 868 ad
2341 815 2621 886 episcopos
2666 817 2862 873 sentiat
2916 817 3236 888 Apostolum
3282 821 3458 878 fuisse

1877 902 2136 971 locutum,
2180 907 2310 976 quid
2356 907 2425 963 de
2464 909 2777 966 diaconibus
2822 913 2889 968 ad
2931 913 3272 969 Timotheum
3316 929 3459 986 prae,-

1877 1003 2094 1064 ceptum
2141 1005 2242 1062 est,
2277 998 2406 1068 quid
2428 999 2495 1054 de
2523 1000 2854 1074 presbyteris
2887 1003 2954 1058 ad
2981 1003 3184 1071 Titum,
3214 1019 3457 1061 comme»

1873 1101 2092 1141 morare
2141 1085 2393 1142 delectat.
2428 1087 2537 1144 Sed
2573 1093 3006 1160 praetereundum
3045 1109 3152 1150 non
3179 1103 3263 1150 est
3296 1111 3464 1166 super

1877 1176 2077 1232 riorem
2123 1178 2418 1247 explanare
2451 1182 2800 1238 sententiam.
2841 1183 3013 1241 Unius
3043 1186 3228 1241 uxoris
3271 1187 3450 1243 virum

1875 1276 1930 1324 et
1958 1285 2099 1326 nova
2125 1278 2180 1326 et
2217 1280 2372 1329 vetus
2404 1276 2694 1344 praeceptio
2738 1276 3075 1333 sacerdotem
3118 1281 3327 1335 censuit
3356 1281 3464 1336 eli-

1876 1365 2131 1433 gendum.
2183 1363 2319 1432 Quia
2371 1367 2618 1440 digamos
2674 1372 2742 1426 ad
2801 1371 3159 1426 ministerium
3209 1374 3476 1443 plerique

1877 1454 2116 1525 episcopi
2162 1457 2556 1527 applicuerunt,
2601 1459 2682 1515 sic
2716 1470 3109 1517 asseruerunt:
3143 1461 3460 1519 Concuhina

1876 1540 1980 1596 fuit
2014 1543 2126 1609 illa,
2152 1545 2267 1600 haec
2290 1562 2446 1602 uxor.
2479 1547 2641 1616 Quasi
2672 1564 2782 1604 non
2816 1553 2930 1607 hzec
2952 1553 3139 1608 eadem
3169 1553 3280 1607 sint
3306 1568 3463 1607 com-

1876 1635 2080 1689 mercia
2125 1634 2388 1693 foeditatis
2424 1639 2480 1693 in
2529 1639 2639 1705 illa,
2685 1656 2806 1710 quae
2855 1641 2909 1697 in
2951 1643 3052 1698 hac
3095 1651 3451 1708 exercentur,

1877 1741 1998 1796 quae
2024 1743 2162 1784 uxor
2212 1731 2499 1796 asseritur,
2541 1741 2636 1788 aut
2656 1735 2784 1805 quia
2826 1734 3060 1807 coniugii
3090 1735 3304 1792 tabulas
3343 1752 3453 1792 non

1875 1816 2039 1884 fecit,
2077 1822 2518 1890 concupiscentia
2545 1824 2650 1879 alia
2687 1826 2944 1883 nonfuit.
2986 1826 3143 1882 Nullo
3184 1835 3345 1898 pacto
3372 1827 3456 1882 di-

191 1884 312 1952 quis
348 1885 707 1939 ambulaverit
752 1902 914 1956 super
945 1891 1209 1947 carbones
1252 1893 1406 1964 ignis,
1450 1897 1612 1964 pedes
1645 1913 1772 1954 suos
1798 1890 1848 1949 B
1873 1923 2085 1980 gamos’
2131 1911 2215 1965 νει
2253 1884 2684 1970 ᾉοηριιιήηπυω
2729 1917 2936 1972 catenis
2986 1884 3244 1982 ίηεειοιοέ,
3297 1917 3456 1973 dem

188 1991 298 2029 non
340 1976 662 2031 comburet?
699 1977 826 2032 Mihi
867 1979 1047 2047 crede,
1085 1998 1191 2036 non
1234 1994 1412 2054 potest
1455 1995 1564 2042 toto
1608 1990 1771 2045 corde

187 2065 438 2121 habitare
486 2083 608 2122 cum
651 2071 878 2126 Domino
903 2112 918 2137 ,
973 2075 1063 2143 qui
1102 2074 1427 2131 feminarum
1461 2080 1771 2137 accessibus

190 2157 488 2227 copulatur.
549 2158 664 2218 Sed.
692 2161 862 2216 dicit:
898 2163 1001 2228 Qui
1036 2166 1291 2233 ambulat,
1333 2169 1527 2238 inquit,
1566 2170 1769 2242 simpli-

189 2247 331 2311 citer,
358 2247 593 2301 ambulat
617 2251 937 2318 conﬁdenter
966 2251 1146 2324 (Prov.
1183 2255 1258 2328 Χ).
1297 2257 1440 2313 Bene
1470 2268 1523 2314 et
1545 2271 1765 2332 argute;

188 2339 276 2393 sed
297 2347 512 2410 oportet
535 2343 899 2398 testimonium
924 2347 1124 2402 bonum
1147 2349 1348 2405 habere
1370 2353 1440 2406 ab
1465 2353 1548 2407 his
1573 2355 1665 2424 qui
1687 2356 1770 2410 fo-

188 2432 260 2487 ris
295 2443 438 2488 sunt.
492 2436 644 2492 Licet
683 2453 867 2494 coram
907 2439 1135 2498 Domino
1177 2444 1418 2513 incedas,
1458 2456 1635 2502 tamen
1679 2465 1770 2505 co-

189 2538 299 2578 ram
326 2527 641 2585 hominihus
677 2532 816 2586 bona
847 2535 1174 2602 providenda
1205 2547 1367 2593 sunt:
1391 2541 1517 2611 quia
1546 2543 1771 2598 astutio-

187 2629 270 2671 res
305 2627 429 2673 sunt
475 2619 572 2674 lilii
608 2624 959 2679 tenebrarum
998 2642 1160 2697 super
1191 2627 1331 2684 filios
1369 2631 1524 2687 lucis.
1575 2632 1708 2690 Cum
1736 2651 1770 2692 a

186 2712 235 2762 te
257 2708 355 2764 hoc
382 2725 558 2781 genus
576 2727 684 2767 non
707 2724 1040 2784 amputatur,
1060 2719 1158 2774 das
1179 2724 1695 2791 reprehendentibus
1713 2737 1770 2784 te

186 2795 374 2854 locum.
413 2801 539 2871 Ipse
569 2811 620 2857 te
649 2803 1051 2862 detrahentium
1081 2812 1353 2867 morsibus
1390 2813 1692 2882 tradidisti,
1723 2818 1769 2872 si

188 2899 533 2959 agapetarum
589 2897 922 2952 consortium
977 2914 1084 2954 non
1139 2902 1432 2960 dimiseris.
1497 2907 1768 2979 Benignus

186 2981 542 3053 es?gaudeo.
604 2985 882 3042 Pudicus?
931 2987 1125 3046 falsum
1180 3001 1284 3048 est.
1337 2992 1394 3048 Si
1451 2997 1767 3066 pudicitiam

186 3075 398 3143 quaeris,
427 3073 711 3144 feminam,
741 3094 905 3148 quam
933 3081 1134 3137 videris
1162 3083 1300 3140 bene
1330 3098 1764 3155 conversantem,

187 3174 359 3221 mente
394 3167 580 3239 dilige,
624 3185 733 3224 non
762 3172 1031 3241 corporali
1059 3171 1368 3243 frequentes
1395 3185 1610 3233 ornatu.
1644 3179 1761 3233 Non

1871 1999 2054 2054 subire
2083 2002 2374 2056 sacerdotii
2400 2003 2783 2060 ministerium.
2829 2006 2888 2060 ln
2918 2005 3159 2061 Levitico
3187 2006 3452 2075 scriptum

1868 2097 1953 2145 est
1996 2104 2058 2143 ac
2087 2090 2439 2160 praefinitum,
2472 2095 2662 2164 quales
2691 2096 2818 2166 eligi
2852 2097 3084 2152 debeant
3119 2099 3456 2154 sacerdotes.

1871 2177 1930 2233 Si
1955 2194 2085 2248 ergo
2123 2180 2352 2236 clericus
2381 2198 2735 2255 monogamus
2763 2184 2948 2252 fuerit,
2977 2195 3032 2241 et
3057 2203 3192 2244 uxor
3217 2186 3335 2256 ejus
3372 2188 3462 2245 di-

1870 2286 2046 2340 gama,
2075 2271 2182 2326 noli
2212 2287 2337 2328 eum
2364 2275 2432 2328 ad
2454 2276 2816 2332 ministerium
2843 2280 3113 2349 applicare
3133 2278 3287 2351 (Cap.
3312 2280 3456 2351 xxi).

1870 2359 1996 2418 Hac
2032 2363 2154 2418 Tito
2193 2375 2465 2436 praecepta
2512 2368 2655 2422 idem
2695 2369 2986 2438 Apostolus
3030 2372 3098 2426 de
3137 2371 3454 2427 ortlinandis

1871 2453 2084 2510 clericis
2113 2455 2265 2510 dedit
2289 2455 2428 2528 (Tit.
2455 2455 2532 2521 ι).
2560 2458 2626 2513 Ει
2653 2461 2780 2529 quia
2799 2459 2936 2516 liber
2965 2461 3128 2516 finem
3151 2468 3450 2534 exspectat,

1870 2545 1939 2598 ad
1966 2544 2020 2598 id
2064 2545 2352 2602 redeamus
2395 2549 2538 2603 unde
2581 2549 2809 2620 digressi
2857 2566 3064 2607 sumus.
3112 2551 3224 2608 Nec
3259 2551 3305 2606 si
3333 2553 3453 2607 duae

1870 2642 1964 2688 aut
2013 2643 2124 2691 tres
2160 2637 2368 2707 pariter
2419 2637 2516 2694 Dei
2559 2640 2768 2696 ancilla:
2809 2653 3114 2708 morentur,
3161 2642 3338 2698 solum
3382 2643 3454 2699 ad

1869 2740 1962 2782 eas
2007 2727 2164 2782 decet
2211 2728 2418 2798 ingre'di
2470 2731 2829 2788 sacerdotem.
2886 2731 2941 2787 Si
2997 2734 3121 2803 quis
3165 2734 3282 2788 haec
3319 2747 3454 2803 prae-

1870 2827 2021 2889 cepta
2053 2836 2159 2874 non
2180 2822 2571 2888 observaverit,
2597 2823 2769 2879 hostis
2797 2832 2882 2879 est
2910 2825 3107 2880 animae
3131 2840 3264 2881 suae.
3294 2823 3450 2892 Quod

1868 2909 1913 2963 si
1942 2917 2065 2977 post
2091 2921 2278 2975 nostra
2317 2913 2523 2968 monita
2555 2913 2751 2984 aliquis
2775 2915 3004 2971 clericus
3040 2923 3296 2987 agapetas
3331 2930 3450 2970 am-

1866 2997 2014 3068 plius
2055 3000 2332 3069 quaesierit
2373 3017 2559 3058 amare
2597 3019 2759 3072 quam
2787 3003 3096 3071 Christum,
3149 3005 3448 3062 secundum

1867 3089 2181 3159 synodalem
2232 3091 2474 3160 regulam
2510 3095 2884 3158 conveniatur,
2931 3105 2986 3151 et
3020 3103 3291 3166 praecepta
3341 3094 3452 3149 Pa-

1869 3183 2011 3232 trum
2056 3179 2113 3233 in
2155 3180 2334 3236 Nicaea
2375 3183 2596 3239 deﬁnita
2630 3182 2884 3255 (Concilii
2916 3184 3130 3242 Nicteni
3155 3204 3275 3242 can.
3308 3188 3364 3258 5)
3396 3186 3451 3242 ei

183 3261 346 3315 vestis
389 3270 578 3318 tenera
610 3263 868 3320 clericum
915 3266 1066 3332 facit,
1117 3276 1212 3323 aut
1259 3271 1618 3337 sacerdotem,
1667 3273 1763 3328 sed
1790 3251 1836 3316 ο
1865 3271 2132 3342 legantur.
2177 3271 2298 3329 Jam
2321 3289 2452 3330 vero
2479 3275 2526 3329 si
2555 3251 2850 3332 conventus
2871 3277 3127 3347 praedicta
3169 3277 3369 3349 fugerit
3393 3285 3454 3332 et

184 3361 332 3409 casta
371 3356 569 3410 mentis
598 3357 847 3412 intentio.
879 3357 1006 3414 Haec
1049 3361 1196 3415 enim
1226 3363 1564 3437 devotionem
1595 3365 1766 3420 hono-

183 3441 256 3496 ris
285 3442 339 3497 in
385 3454 436 3498 te
477 3446 730 3500 custodit.
763 3446 1037 3502 Honorem
1076 3450 1293 3519 quidem
1322 3453 1609 3522 gloriosius
1637 3456 1763 3511 boni

183 3533 362 3602 operis
389 3532 533 3590 fama
562 3544 867 3590 conservat.
901 3536 1223 3594 Sacerdotes
1251 3543 1449 3612 quippe
1476 3545 1647 3608 decet,
1681 3546 1764 3599 vel

180 3633 410 3678 caeteros
431 3625 648 3693 quidem
677 3626 1001 3682 clericorum
1032 3631 1253 3700 gradus,
1282 3642 1341 3686 ut
1363 3649 1527 3704 supra
1557 3635 1763 3692 dictum

178 3721 280 3775 est,
315 3729 346 3766 a
381 3711 595 3772 feminis
627 3719 917 3789 segregari.
969 3720 1027 3775 Si
1053 3721 1214 3792 igitur
1242 3725 1457 3794 generis
1479 3727 1650 3796 gratia
1675 3726 1763 3795 ju-

178 3801 333 3857 dicas
353 3805 569 3860 easdem
601 3807 746 3862 nullo
775 3818 933 3879 pacto
969 3811 1274 3878 dimittere,
1318 3825 1590 3870 memento
1620 3818 1764 3887 quod

178 3892 418 3948 Thamar
448 3896 516 3950 ab
544 3897 756 3952 Amnon
804 3898 971 3956 fratre
1012 3917 1110 3957 suo
1141 3914 1394 3975 corrupta
1423 3906 1493 3961 sit
1524 3906 1542 3978 (
1572 3909 1598 3960 Ι
1629 3907 1758 3979 Reg.

177 3987 332 4048 xm).
375 3987 613 4057 ldipsum
651 4006 979 4060 persequor,
1025 3995 1379 4053 dilectissime
1419 4000 1550 4054 :ubi
1598 4002 1760 4057 unius

181 4085 264 4130 est
297 4077 634 4135 tabernaculi
664 4083 1028 4149 conversatio,
1061 4087 1244 4142 carnis
1287 4104 1392 4143 non
1429 4088 1588 4145 facile
1619 4092 1760 4147 tolli-

185 4173 270 4221 tur
295 4168 605 4225 delectatio.
635 4171 712 4226 De
741 4173 950 4229 duobus
977 4176 1121 4230 enim
1142 4218 1157 4242 ,
1203 4179 1345 4248 quod
1387 4197 1525 4236 unus
1553 4184 1762 4238 deside-

184 4268 282 4320 rat,
311 4259 355 4312 si
387 4259 532 4329 loqui
555 4275 662 4316 non
685 4271 886 4330 potest,
910 4265 992 4319 vel
1023 4274 1280 4321 tentatur.
1323 4267 1571 4325 Remotio
1598 4272 1762 4342 igitur

184 4348 278 4401 viri
311 4349 577 4406 castitatis
605 4350 830 4407 collocat
857 4369 1031 4420 arma,
1064 4358 1329 4412 construit
1362 4358 1415 4412 in
1447 4359 1762 4416 melioribus

185 4451 374 4509 castra,
404 4446 628 4514 pudoris
653 4447 914 4504 honorem
935 4450 1265 4506 consolatur.
1312 4453 1494 4508 Potuit
1529 4455 1673 4510 enim
1707 4463 1764 4511 et

186 4533 344 4592 Maria
407 4548 585 4594 mater
635 4538 846 4596 Domini
896 4543 964 4597 de
1009 4543 1176 4601 choro
1231 4547 1598 4615 apostolorum
1651 4563 1758 4604 non

188 4630 479 4699 discedere,
528 4635 572 4689 si
608 4634 816 4691 liceret.
863 4637 1060 4694 Thecla
1087 4649 1211 4711 post
1254 4645 1605 4700 tentationem
1637 4659 1762 4716 pas-

186 4721 344 4779 sionis
369 4724 674 4782 Antiochiae
697 4742 727 4780 a
751 4727 919 4782 Paulo
938 4731 1253 4798 prohibetur
1276 4734 1484 4802 pariter
1510 4751 1758 4808 pergere.

186 4809 345 4870 Nemo
375 4816 536 4872 miles
557 4833 680 4872 cum
723 4833 894 4872 uxore
920 4821 1095 4889 pergit
1121 4821 1189 4875 ad
1212 4823 1432 4878 bellum.
1478 4824 1594 4880 Non
1625 4828 1764 4882 invi-

193 4902 285 4959 deo
313 4908 603 4962 charitati:
635 4910 706 4962 sit
735 4908 830 4964 tibi
861 4923 982 4963 cum
1008 4911 1174 4966 castis
1203 4913 1502 4983 virginibus
1524 4915 1763 4986 longaeva

188 4992 415 5060 dilectio.
457 5006 588 5053 tunc
613 4999 666 5053 in
692 5000 835 5054 bono
858 5001 1109 5056 meritum
1141 5002 1452 5070 collocabis,
1482 5015 1538 5060 et
1563 5005 1762 5062 famam

188 5087 508 5145 meliorabis.
538 5089 646 5145 Sed
675 5091 740 5146 de
767 5093 1184 5163 congregatione
1207 5095 1510 5164 puellarum
1538 5096 1763 5166 pulchre

189 5191 397 5246 censeo,
445 5184 498 5236 in
527 5182 862 5238 bebdomada
897 5184 1132 5239 secunda
1157 5184 1462 5240 visitatione
1495 5186 1563 5241 ad
1599 5187 1764 5242 bene-

190 5265 462 5327 dicendam
491 5273 965 5344 congregationem
995 5275 1309 5342 convenias,
1343 5277 1439 5332 sed
1465 5293 1571 5334 non
1593 5278 1760 5345 solus,

189 5369 253 5413 ne
272 5362 585 5434 rumigeruli
609 5363 805 5434 linguis
828 5375 878 5418 te
903 5364 1268 5420 lacerantibus
1293 5376 1589 5423 macerent.
1617 5367 1765 5425 Alie-

191 5461 306 5503 nam
329 5455 474 5508 enim
499 5456 720 5524 cupiunt
741 5455 904 5510 vicini
933 5455 1201 5511 discutere
1228 5459 1417 5524 vitam,
1447 5475 1552 5514 non
1584 5475 1758 5516 suam.

191 5535 476 5613 Propterea
505 5547 664 5618 digne
704 5549 889 5617 accipe
933 5557 1240 5605 nostrorum
1280 5562 1547 5623 praecepta
1574 5554 1767 5610 verbo-

193 5647 431 5700 rum,tet
477 5640 680 5694 monita
730 5639 1073 5706 humilitatis,
1124 5657 1245 5713 qua:
1274 5641 1514 5698 fraterno
1567 5642 1762 5702 affectu

193 5725 396 5783 calamo
429 5729 732 5800 imperante
778 5732 1162 5800 expressimus,
1213 5733 1442 5789 dulciter
1475 5735 1609 5806 lege.
1639 5734 1759 5792 Jam

192 5828 316 5873 vero
343 5829 400 5875 ut
441 5823 876 5894 reprehensibilis
915 5823 1082 5880 divini
1113 5825 1301 5882 altaris
1332 5842 1440 5884 non
1469 5827 1542 5882 sit
1578 5842 1760 5885 sacer-

1864 3361 2162 3431 ieliquerit,
2195 3365 2472 3419 consecuti
2495 3380 2682 3420 sumus
2710 3365 3006 3420 maximum
3041 3367 3270 3423 lucrum.
3295 3365 3448 3421 Alio—

1864 3452 1994 3520 quin
2027 3451 2148 3506 talis
2181 3453 2250 3507 ab
2291 3453 2536 3509 Ecclesia
2583 3455 3124 3512 anathematizandus
3169 3464 3274 3511 est.
3317 3454 3451 3513 Ger-

1866 3542 2077 3596 minant
2105 3543 2248 3597 enim
2275 3541 2488 3598 feminae
2517 3545 2703 3614 spinas
2725 3561 2847 3600 cum
2874 3546 3007 3601 viris
3032 3546 3362 3611 habitantes,
3394 3553 3450 3602 et

1866 3647 2066 3687 arcana
2113 3633 2378 3702 mentium
2419 3641 2580 3688 acuto
2619 3649 2878 3690 mucrone
2919 3636 3249 3704 percutiunt.
3300 3634 3448 3720 Proh

1865 3722 2054 3778 nefas!
2109 3723 2263 3778 dolor
2290 3733 2374 3778 est
2407 3724 2610 3789 dicere,
2658 3724 2753 3779 sed
2792 3725 3073 3795 praeterire
3114 3741 3222 3779 non
3269 3725 3449 3789 decet.

1866 3813 2082 3871 Christo
2127 3816 2244 3871 ista:
2289 3825 2558 3871 noverunt
2596 3819 2818 3881 nubere,
2855 3832 2965 3873 non
2993 3816 3227 3872 clericis.
3275 3816 3447 3883 Cleri-

1867 3923 1991 3964 cum
2021 3908 2253 3964 solitudo
2288 3907 2440 3974 facit,
2477 3924 2584 3964 non
2632 3910 2927 3978 publicum.
2979 3908 3122 3981 Lege
3163 3909 3289 3980 quia
3327 3909 3453 3966 talis

1864 3999 2023 4056 debet
2061 4016 2180 4057 esse
2216 4001 2491 4056 solitarius
2539 4001 2754 4072 qualem
2803 4001 3066 4058 Jeremias
3108 4003 3396 4072 descripsit
3429 4020 3445 4055 :

1865 4091 2072 4147 Sedebit
2097 4092 2390 4158 solitarius,
2445 4103 2492 4147 et
2545 4093 2733 4147 tacebit
2779 4092 3006 4163 (Thren.
3061 4093 3179 4164 ιιι).
3222 4093 3289 4148 Ει
3319 4094 3445 4162 quia

1862 4182 2040 4250 Jesus,
2099 4185 2305 4240 relictis
2333 4185 2610 4255 apostolis,
2665 4185 2810 4240 solus
2864 4186 2978 4240 ibat
3017 4199 3174 4239 orare
3215 4184 3442 4256 (Matth.

1863 4289 1955 4328 xiv
1996 4274 2038 4344 ).
2070 4274 2294 4330 Mariam
2325 4277 2380 4330 in
2410 4276 2775 4346 penetralibus
2807 4277 3030 4348 angelus
3078 4276 3248 4331 solam
3294 4276 3447 4331 inve-

1863 4365 1967 4426 nit,
1996 4381 2104 4420 non
2135 4381 2257 4422 cum
2287 4376 2512 4438 agapeta
2543 4368 2873 4437 loquentem,
2901 4375 2956 4421 et
2990 4367 3077 4421 illa
3115 4367 3325 4421 virilem
3368 4367 3446 4421 in-

1867 4456 2087 4511 troitum
2127 4458 2431 4528 trepidavit.
2486 4458 2813 4526 lIOSpitalem
2852 4458 3109 4528 praecepit
3154 4457 3444 4530 Ap'istolus

1867 4548 2123 4605 clericum
2152 4551 2507 4606 ordinandum
2541 4551 2676 4622 (Tit.
2708 4553 2784 4623 ι).
2837 4551 2952 4608 Hoc
2980 4561 3252 4623 prmcepto
3294 4563 3464 4624 pater,

1862 4639 2139 4696 Abraham
2168 4650 2224 4697 et
2243 4641 2380 4696 Loth
2405 4643 2625 4714 angelos
2650 4652 3029 4714 susceperunt,
3059 4643 3185 4714 quia
3210 4643 3448 4712 hospites

1833 4732 2173 4793 dilexerunt
2208 4733 2374 4805 (Cen.
2401 4735 2567 4807 xvnt)
2593 4752 2608 4800 ;
2638 4736 2718 4790 sic
2737 4743 2788 4790 et
2823 4735 3190 4805 Onesiphorus
3218 4734 3444 4790 Paulum

1862 4825 2124 4880 doctrinae
2179 4824 2385 4880 fontem
2448 4826 2703 4894 suscepit.
2765 4826 2890 4880 llaec
2951 4825 3282 4879 imitationes
3337 4827 3448 4880 sint

1860 4925 2076 4980 vestrae,
2129 4924 2182 4972 et
2232 4931 2302 4970 ne
2346 4916 2538 4970 sinatis
2576 4915 2806 4968 incolam
2837 4914 3134 4982 praeterire,
3183 4913 3275 4983 qui
3304 4914 3470 4982 apud.

1827 5059 1830 5064 .
1861 5023 1961 5064 vos
1986 5024 2096 5063 non
2146 5007 2442 5062 comederit
2487 5021 2704 5075 panem.
2740 5004 2998 5075 Sequitur
3029 5025 3042 5060 ;
3073 5004 3198 5060 Νοη
3235 5021 3447 5071 percus-

1865 5115 2056 5154 sorem.
2093 5097 2209 5151 Non
2234 5098 2378 5152 enim
2409 5097 2648 5168 pugilem
2694 5097 2952 5153 describit
2998 5095 3304 5167 Apostolus,
3353 5095 3448 5150 sed

1866 5189 1960 5258 qui
1989 5188 2350 5243 conscientias
2376 5204 2483 5243 non
2510 5189 2783 5260 percutiat
2811 5189 3166 5259 singulorum.
3209 5186 3292 5241 Sit
3331 5202 3448 5242 mo-

1866 5279 2072 5343 destus,
2125 5294 2231 5334 non
2267 5278 2512 5348 infletur,
2555 5296 2663 5336 non
2719 5278 3054 5344 inebrietur,
3084 5275 3215 5333 sua:
3266 5276 3448 5333 domui

1819 5429 1825 5434 _
1867 5369 2007 5425 bene
2031 5371 2216 5440 praesit
2247 5389 2258 5422 :
2296 5386 2559 5442 perquam
2593 5371 2698 5428 erit
2737 5368 3015 5432 horribile,
3043 5369 3089 5423 si
3117 5367 3300 5423 domui
3340 5367 3449 5424 cle-

1866 5461 1968 5516 rici
2026 5463 2362 5519 detrahatur.
2431 5463 2603 5518 Lredit
2668 5461 2967 5517 sacerdotis
3022 5462 3330 5532 opinionem
3393 5463 3446 5518 in

1863 5553 2037 5624 plebe,
2067 5555 2282 5624 quando
2321 5555 2386 5610 de
2417 5554 2681 5624 proximis
2706 5552 2825 5623 ejus
2851 5552 2991 5606 male
3017 5552 3252 5622 loquitur
3279 5568 3446 5625 popu-

1815 5685 1821 5689 .
1862 5643 1968 5701 lus.
1998 5645 2173 5718 Super
2192 5647 2374 5701 omnia
2400 5645 2534 5710 haec,
2561 5643 3118 5715 prtecipitApostolus
3146 5645 3272 5700 boni
3293 5645 3447 5700 testi-

1805 5792 1816 5798 -
1862 5737 2034 5794 monii
2080 5735 2279 5792 clerico
2299 5734 2663 5800 :fundamenta
2691 5749 3053 5805 componere,
3097 5743 3155 5790 ut
3181 5735 3444 5792 bonorum

1809 5895 1812 5900 _
1860 5845 2106 5905 operum
2126 5827 2437 5908 testificatio
2459 5836 2615 5909 casto.
2641 5828 2998 5914 confirmetur
3011 5827 3239 5912 adfectu.
