4000 6484
567 401 670 466 09‘

1129 520 1356 579 CAPUT
1394 520 1580 579 XCIX.

647 617 669 686 (
695 613 915 679 Iside-ri,
945 620 1012 668 ea?
1040 613 1172 669 libro
1203 613 1523 686 Oﬁoiorunt.
1554 615 1632 670 De
1661 614 1884 670 clericis.
1915 614 1933 687 )
1960 613 2145 685 Itaque

565 709 760 764 omnes
785 707 876 777 qui
900 707 958 761 in
989 706 1345 764 ecclesiastici
1385 707 1668 762 ministerii
1710 706 1968 777 gradibus
1997 705 2146 761 ordi-

562 801 682 855 nati
733 808 892 864 sunt,
933 799 1258 869 generaliter
1307 797 1493 853 clerici
1542 798 1910 854 nominantur.
1959 795 2148 856 Clerot

557 900 748 948 autem
788 890 874 946 vel
901 891 1128 946 clericos
1167 890 1297 944 hinc
1337 887 1634 958 appellatos
1679 885 1930 950 doctores
1972 886 2144 944 nostri

561 983 774 1046 dicunt,
819 982 943 1051 quia
971 980 1227 1036 lilattbias
1261 985 1413 1035 sorte
1453 978 1660 1035 electus
1704 985 1806 1042 est,
1846 991 2006 1045 quem
2034 976 2146 1047 pri-

561 1089 717 1132 mum
746 1081 842 1146 per
863 1075 1135 1146 apostolos
1173 1073 1402 1143 legimus
1443 1072 1753 1128 ordinatum
1781 1070 1915 1141 (Act.
1950 1069 2021 1140 ι).
2051 1067 2145 1126 Sic

563 1173 622 1222 et
646 1166 854 1232 omnes,
883 1180 1019 1236 quos
1053 1165 1164 1221 illis
1193 1165 1525 1234 temporibus
1548 1162 1900 1220 ecclesiarum
1941 1161 2144 1230 princi-

555 1276 660 1333 pes
704 1261 1046 1325 ordinabant,
1093 1269 1244 1317 sorte
1273 1259 1564 1329 eligebant.
1615 1257 1753 1312 Nam
1794 1256 1971 1312 cleros
2021 1269 2143 1312 sors

558 1355 973 1423 interpretatur.
1007 1353 1159 1409 Unde
1185 1360 1245 1407 et
1267 1351 1556 1407 hereditas
1583 1346 1772 1404 Graece
1809 1346 2140 1404 cleronumia

557 1447 881 1516 appellatur,
923 1453 977 1502 et
1005 1447 1180 1502 haeres
1217 1445 1578 1515 clemnomos.
1613 1441 1851 1497 Proinde
1875 1451 2006 1511 ergo
2029 1440 2140 1498 cle~

551 1537 704 1592 ricos
750 1537 933 1592 vocari
983 1537 1168 1601 aiunt,
1217 1549 1284 1589 eo
1327 1534 1474 1603 quod
1513 1533 1576 1587 in
1615 1541 1767 1587 sorte
1810 1530 2140 1587 haereditatis

555 1630 773 1688 Domini
809 1630 1024 1694 dentur,
1069 1625 1154 1682 vel
1185 1641 1285 1698 pro
1309 1641 1380 1680 eo
1418 1623 1708 1694 quod‘ip'se
1734 1623 1996 1679 Dominus
2019 1637 2140 1679 sors

555 1731 746 1780 eorum
777 1720 867 1787 sit,
916 1719 1059 1776 sicut
1095 1721 1161 1774 de
1193 1719 1274 1774 eis
1318 1717 1579 1786 scriptum
1602 1723 1704 1780 est,
1756 1714 2008 1782 loquente
2036 1713 2141 1770 Do-

553 1809 745 1866 mino:
777 1809 891 1880 Ego
939 1809 1220 1864 hereditas
1269 1817 1454 1862 eorum
1499 1805 1694 1876 (Nunt.
1753 1804 1941 1874 xvm).
1987 1803 2140 1861 Unde

548 1910 795 1972 oportet,
815 1921 818 1924 ~
835 1910 898 1957 ut
919 1901 1012 1972 qui
1041 1901 1211 1956 Deum
1235 1899 1554 1954 haereditate
1583 1896 1879 1968 possident,
1935 1897 2140 1965 absque
2167 1889 2215 1954 Β

553 1992 666 2047 ullo
711 1988 1100 2062 impedimento
1139 1990 1323 2046 Saeculi
1359 1991 1469 2044 Deo
1516 1988 1724 2044 servire
1769 1988 2046 2052 studeant,
2085 1995 2141 2042 et

549 2093 820 2152 pauperes
867 2083 1063 2152 spiritu
1115 2095 1237 2137 esse
1281 2079 1612 2136 contendant
1641 2077 2020 2150 (Mannum),
2080 2086 2139 2132 ut

547 2183 789 2245 congrue
836 2174 969 2228 illud
1024 2172 1328 2228 Psalmista:
1362 2171 1546 2226 dicere
1576 2169 1796 2239 possint
1824 2181 1840 2221 :
1875 2166 2137 2221 Dominus

550 2277 676 2323 cars
699 2265 1022 2321 hereditatis
1042 2280 1170 2318 mea
1201 2260 1375 2333 (Psat.
1430 2258 1543 2329 xv).

1181 2351 1410 2409 CAPUT
1464 2350 1524 2406 C.

624 2446 932 2520 (Ejusdem,
965 2444 1045 2500 De
1087 2444 1267 2514 oﬁiciis
1302 2441 1394 2495 lib.
1440 2456 1502 2505 ιι,
1545 2451 1664 2509 cap.
1707 2435 1798 2508 9..)
1840 2435 1936 2490 His
1977 2434 2140 2505 igitur

551 2541 671 2613 iege
707 2541 928 2596 Patrum
967 2547 1213 2603 cnvewr,
1261 2543 1322 2590 ut
1366 2550 1397 2589 a
1435 2533 1643 2603 vulgari
1693 2530 1804 2585 vita
1844 2528 2066 2592 seclusi,
2106 2544 2138 2582 a

549 2636 738 2690 mundi
763 2633 1130 2705 voluptatibus
1153 2645 1272 2686 sese
1292 2627 1620 2683 abstineant.
1643 2623 1762 2680 Non
1784 2622 2136 2695 spectaculis.

551 2743 659 2782 non
710 2726 923 2797 pompis
968 2726 1259 2784 intersint,
1319 2719 1566 2774 convivia
1623 2715 1836 2785 publica
1883 2714 2132 2784 fugiant:

547 2818 755 2888 privata
788 2826 895 2870 non
933 2822 1142 2868 tantum
1185 2811 1402 2881 pudica.
1453 2807 1549 2862 sed
1592 2815 1650 2861 et
1696 2806 1878 2861 sobria
1925 2805 2130 2860 colant.

543 2906 743 2962 'Usuris
767 2915 1110 2975 nequaquam
1139 2903 1478 2969 incumbant,
1507 2915 1679 2972 neque
1711 2900 1948 2970 turpium
1975 2915 2136 2955 occu-

546 2995 799 3069 potiones
848 2998 1144 3064 lucrorum,
1195 2997 1468 3052 fraudisve
1510 2996 1828 3066 cujusquam
1884 2995 2128 3050 studium

547 3099 828 3159 appetant.
874 3089 1127 3145 Amorem
1163 3090 1422 3159 pecunia,
1470 3085 1627 3159 quasi
1667 3086 1951 3143 materiam
1999 3101 2133 3140 cun~

543 3191 763 3239 ctorum
787 3183 1077 3239 criminum
1109 3183 1338 3254 iugiant,
1375 3179 1651 3238 saecularia
1679 3179 1855 3235 oilicia
1889 3179 2131 3248 negotia-

541 3289 656 3345 que
681 3273 959 3344 abjiciant,
1011 3275 1277 3330 bonorum
1305 3275 1504 3350 gradus
1539 3287 1640 3342 per
1666 3268 1990 3325 ambitiones
2019 3283 2125 3322 non

549 3366 797 3433 subeant,
839 3375 939 3437 pm
964 3367 1238 3422 beneﬁciis
1283 3367 1563 3422 medicina:
1603 3364 1715 3426 Dei,
1749 3375 1977 3417 munera
2023 3375 2130 3414 non

548 3455 839 3527 accipiant.
880 3456 1038 3514 Dolos
1067 3466 1123 3514 et
1150 3457 1552 3528 coniurationes
1583 3463 1834 3519 cat-eant,
1865 3454 2048 3509 odium
2077 3463 2133 3508 et

547 3549 970 3618 aemulationem,
1024 3549 1474 3607 obtrectationem
1525 3559 1687 3619 atque
1737 3549 1996 3602 invidiam
2047 3546 2134 3601 fu-

552 3639 885 3714 giantznon
933 3642 1083 3714 vagis
1137 3643 1328 3705 oculis,
1387 3655 1492 3695 non
1545 3640 1756 3696 infraeni
1808 3641 1987 3711 lingua
2041 3647 2134 3692 aut

549 3735 810 3807 petulanti
855 3735 1168 3805 tumidoque
1207 3747 1358 3806 gestu
1403 3730 1683 3798 incedant,
1741 3733 1834 3788 sed
1871 3734 2132 3802 pudorem

549 3841 612 3884 ac
643 3828 1023 3884 verenttndiam
1067 3829 1264 3883 mentis
1302 3825 1534 3898 simplici
1578 3827 1766 3882 habitu
1813 3827 2134 3896 incessuque

551 3916 861 3984 ostendant,
905 3917 1298 3974 0b5cenitatem
1333 3922 1498 3972 etiam
1531 3918 1843 3980 verborum,
1889 3917 2034 3971 sicut
2080 3925 2137 3972 et

550 4023 799 4079 operum,
821 4015 1038 4082 penitus
1059 4018 1413 4065 exsecrentur
1430 4025 1442 4061 :
1461 4007 1744 4062 viduarum
1774 4021 1838 4060 ac
1865 4007 2133 4076 virginum

547 4102 886 4162 visitationes
937 4103 1408 4174 frequentissimas
1472 4099 1698 4171 iugiaut.
1769 4098 2136 4152 Contubernia

549 4195 928 4254 extranearum
964 4197 1287 4254 feminarum
1319 4193 1624 4251 nullatenus
1652 4200 1928 4263 appetant.
1961 4191 2137 4246 Casti-

549 4292 787 4346 moniam
813 4305 1029 4363 quoque
1067 4289 1309 4346 inviolati
1339 4287 1588 4357 corporis
1621 4293 1884 4355 perpetuo
1913 4295 2139 4340 conser-

549 4397 680 4438 vare
709 4382 980 4448 studeant,
1033 4392 1128 4437 aut
1174 4388 1322 4437 certe
1353 4380 1512 4434 unius
1549 4376 1882 4431 matrimonii
1920 4374 2138 4429 vinculo

552 4472 904 4529 laederentur.
959 4473 1275 4530 Senioribus
1323 4485 1540 4542 quoque
1584 4469 1818 4525 debitam
1857 4467 2140 4539 pmbeant

552 4561 933 4627 obedientiam,
966 4577 1141 4633 neque
1169 4563 1277 4617 ullo
1305 4560 1585 4633 jactantite
1610 4561 1789 4616 studio
1813 4559 2136 4628 semetipsos

2153 3252 2201 3315 (ἶ

1566 403 1972 470 'MIALARIUS
2007 405 2422 465 PRESBYTER
2458 405 2822 466 METENSIS.

2171 525 2225 586 Α
2245 522 2525 592 explenda:
2571 521 2865 593 voluptatis
2917 536 3030 578 suae
3084 521 3361 580 licentiam
3407 531 3815 598 consectam,

2243 614 2404 685 quasi
2443 614 2702 670 animalia
2743 615 2926 680 bruta,
2959 613 3210 670 libertate
3233 630 3299 672 ac
3331 617 3611 675 desiderio
3633 621 3818 679 confes

2238 714 2460 771 runtur,
2505 706 2766 762 habentes
2800 705 3013 777 signum
3036 706 3338 778 religionis,
3387 725 3500 766 non
3550 712 3814 784 religionis

2239 795 2498 861 cilicium,
2545 797 2988 868 bippoeentauris
3025 797 3256 864 similes,
3303 813 3408 864 nec
3426 801 3590 871 equi,
3617 817 3715 858 nec
3736 805 3816 859 ha-

2241 888 2440 953 mines,
2487 890 2831 961 mixtumque,
2882 897 2944 946 ut
2975 891 3055 946 ait
3101 894 3264 962 poeta
3306 891 3576 965 (Eadd.
3603 896 3715 966 vr),
3743 914 3813 968 ge

2239 997 2345 1036 una
2369 1021 2385 1047 ,
2431 982 2702 1053 prolesque
2755 983 2995 1053 bifomis
3026 997 3046 1036 ε
3073 993 3304 1054 quorum
3348 985 3585 1056 quidem
3621 987 3812 1042 Iudith

2239 1081 2407 1143 atque
2451 1073 2639 1130 infami
2686 1075 3096 1138 numerositate,
3141 1076 3281 1131 satis
3323 1087 3610 1148 supeer
3652 1088 3810 1134 nam

2235 1180 2370 1237 pars
2403 1167 2631 1222 occidua
2651 1167 2818 1238 pollet
2840 1165 2948 1239 [AL
2981 1167 3282 1241 polluitur].

2838 1295 3065 1353 CAPUT
3108 1295 3215 1354 CII.

2315 1385 2606 1462 (Gregorii,
2643 1387 2838 1456 Quales
2877 1401 3112 1463 oporteat
3140 1410 3248 1448 esse
3275 1392 3570 1468 clericos.)
3602 1393 3804 1453 Clericus

2237 1477 2616 1537 admonendus
2672 1489 2795 1549 est,
2849 1481 3117 1553 quatenus
3164 1484 3242 1542 sic
3285 1481 3462 1554 vivat,
3529 1497 3594 1543 ut
3643 1490 3804 1545 bonum

2237 1570 2544 1642 "exemplum
2577 1571 2701 1628 vitae
2736 1590 2846 1629 sua:
2877 1573 3223 1632 saecularibus
3249 1575 3518 1648 praebeat.
3561 1575 3630 1634 Et
3654 1579 3700 1635 in
3719 1577 3802 1635 cle-

2242 1663 2377 1729 rico,
2410 1657 2454 1719 si
2479 1665 2606 1735 quid
2631 1665 2777 1728 juste
2821 1667 3255 1740 reprehenditur,
3299 1686 3367 1742 ex
3406 1670 3540 1739 ejus
3570 1673 3691 1728 vitio
3712 1675 3799 1744 ipsa

2241 1755 2519 1826 religionis
2542 1767 2740 1813 nostra:
2765 1759 3051 1814 aestimatio
3072 1772 3347 1832 gravatur.
3370 1757 3586 1819 Clerici
3608 1765 3799 1830 discant,

2242 1856 2302 1902 ut
2331 1864 2451 1918 quae
2478 1865 2508 1902 a
2539 1851 2844 1906 senioribus
2872 1851 2984 1906 suis
3005 1849 3281 1922 iubentur,
3329 1847 3626 1925 impleant,
3654 1833 3705 1910 ut
3724 1857 3802 1911 hn-

2244 1939 2448 1994 militer
2480 1955 2668 1996 eorum
2699 1941 2942 2010 imperiis
2969 1940 3305 2010 subiaceant,
3348 1953 3411 1998 ut
3436 1961 3552 2001 nec
3580 1947 3801 2016 sultjectio

2241 2046 2336 2087 eos
2372 2040 2650 2096 conterat,
2692 2049 2794 2089 nec
2841 2033 2994 2089 locus
3045 2035 3296 2106 superior
3345 2038 3601 2094 extollat.
3641 2035 3800 2096 Clerici

2241 2121 2454 2178 discant
2480 2123 2749 2193 quomodo
2779 2133 2904 2179 ante
2926 2125 3125 2179 occulti
3158 2121 3363 2182 Arbitri
3392 2127 3586 2184 oculos
3608 2145 3701 2200 per
3723 2131 3802 2185 bn-

2241 2216 2523 2279 militatcm
2557 2223 2610 2270 et
2645 2213 3009 2272 obedientiam
3053 2221 3149 2271 sua
3189 2215 3451 2274 interiora
3478 2229 3802 2291 componant,

2240 2315 2508 2376 quatenus
2559 2323 2666 2361 non
2715 2322 2839 2361 cum
2889 2308 3134 2378 reprobis
3188 2310 3495 2380 puniantur,
3548 2313 3642 2366 sed
3686 2327 3804 2366 cum

2240 2397 2427 2452 electis
2458 2406 2661 2453 aeterna
2691 2399 2914 2470 praemia
2956 2401 3271 2456 sortiantur.
3316 2399 3642 2459 Admonendi
3681 2412 3805 2459 sunt

2242 2489 2445 2556 clerici,
2477 2498 2536 2544 ut
2567 2499 2719 2545 tanto
2764 2492 2911 2547 circa
2949 2507 3009 2548 se
3041 2493 3326 2551 sollicitius
3372 2495 3579 2560 vivant,
3622 2506 3805 2568 quanto

2240 2598 2333 2638 eos
2370 2583 2543 2638 aliena
2574 2598 2707 2638 cura
2739 2600 2846 2640 non
2878 2582 3138 2654 implicat.
3170 2581 3472 2642 Dicendum
3501 2597 3586 2644 est
3617 2587 3805 2644 clericis

2240 2688 2307 2727 ne
2334 2673 2747 2742 prmpositorum
2777 2679 2998 2729 'suorum
3033 2675 3200 2730 vitam
3240 2685 3450 2732 temere
3487 2675 3744 2746 judicent,
3768 2679 3804 2732 si

2239 2763 2368 2834 quid
2391 2777 2484 2818 eos
2516 2763 2745 2818 fortasse
2777 2778 2939 2834 agerc
2982 2765 3488 2835 reprehensibiliter
3516 2767 3694 2822 vident
3715 2786 3726 2819 :
3747 2781 3803 2820 ne

2238 2857 2382 2912 unde
2434 2865 2581 2913 recte
2638 2855 2784 2912 mala
2835 2859 3199 2930 redarguunt,
3257 2859 3383 2914 inde
3443 2875 3546 2929 per
3591 2858 3806 2914 elationis

2237 2953 2528 3024 impulsum
2548 2955 2601 3008 in
2619 2953 2967 3026 profundiora
2992 2963 3324 3027 mergantur.
3341 2955 3684 3011 Admonendi
3703 2953 3805 3009 sunt

2237 3047 2442 3110 clerici,
2466 3062 2532 3102 ne
2554 3062 2676 3102 cum
2718 3045 2929 3117 culpam
2957 3061 3176 3102 suorum
3215 3048 3636 3117 praepositorum
3656 3045 3808 3100 consi-

2237 3135 2451 3204 derant,
2479 3148 2670 3193 contra
2701 3154 2794 3194 eos
2821 3140 3138 3195 audaciores
3179 3139 3310 3193 ﬁant
3341 3158 3353 3193 :
3391 3141 3490 3195 sed
3533 3142 3612 3196 sic
3646 3153 3808 3194 eorum

2235 3243 2399 3298 prava
2418 3227 2556 3298 apud
2585 3227 2902 3299 semetipsos
2926 3225 3240 3296 diiudicent,
3271 3239 3330 3283 ut
3355 3240 3544 3284 tamen
3569 3229 3738 3284 divino
3753 3227 3812 3283 ti-

2236 3333 2388 3374 more
2419 3319 2724 3384 constricti,
2756 3319 2896 3373 ferre
2929 3319 3028 3373 sub
3053 3320 3132 3374 eis
3155 3318 3346 3390 jugum
3382 3320 3702 3374 reverentia:
3722 3334 3811 3373 non

2239 3420 2490 3466 recusent
2523 3431 2535 3465 :
2571 3412 2698 3482 quia
2729 3411 2869 3465 facta
2913 3413 3356 3482 prmposilorum,
3401 3413 3512 3467 oris
3541 3411 3718 3483 gladio
3751 3409 3818 3466 fe-

2237 3503 2425 3557 rienda
2452 3520 2557 3558 non
2585 3513 2732 3568 sunt,
2761 3503 2923 3558 etiam
2951 3520 3072 3558 cum
3107 3511 3251 3560 recte
3283 3503 3717 3574 reprehendenda
3739 3501 3820 3571 ju-

2239 3595 2512 3650 dicantur.
2553 3595 2845 3667 Plerosque
2874 3597 3122 3662 clericos,
3157 3595 3504 3668 impudentiae
3529 3597 3685 3662 vitio,
3719 3611 3819 3652 non

2198 3747 2207 3756 κ
2241 3689 2340 3743 nisi
2376 3687 2675 3759 increpatio
2715 3689 2849 3746 dura
2885 3695 3181 3763 compescit
3210 3713 3221 3747 :
3246 3696 3372 3764 quia
3411 3697 3540 3750 dum
3580 3711 3641 3751 se
3667 3693 3816 3749 delin-

2239 3799 2407 3855 quere
2428 3786 2698 3852 nesciunt,
2726 3802 2947 3843 necesse
2963 3797 3045 3841 est
3061 3797 3118 3842 ut
3136 3806 3162 3842 a
3187 3790 3443 3860 plurimis
3465 3792 3813 3864 increpentnr.

2841 3897 3069 3954 CAPUT
3106 3897 3234 3954 CIII.

2310 4011 2328 4081 (
2351 4009 2606 4080 Ejusdem
2663 4008 2876 4065 Pastor.
2909 4009 3002 4065 lib.
3031 4023 3116 4077 tu,
3141 4012 3357 4067 admoti.
3384 4013 3470 4082 ὅ.)
3497 4013 3814 4069 Admonutdi

2239 4107 2368 4156 sunt
2402 4101 2626 4168 subditi,
2659 4115 2728 4156 ne
2751 4103 3168 4172 praepositorum
3189 4115 3416 4160 suorum
3440 4107 3612 4160 vitam
3639 4115 3815 4161 temere

2235 4193 2498 4264 judicent,
2523 4193 2568 4248 si
2600 4194 2728 4263 quid
2757 4209 2853 4249 eos
2877 4193 3106 4250 fortasse
3138 4207 3297 4265 agere
3326 4197 3816 4262 reptehensibilitcr

2241 4283 2445 4349 vident,
2493 4297 2562 4339 ne
2605 4285 2748 4339 unde
2793 4293 2942 4340 recte
2986 4285 3127 4340 mala
3176 4287 3538 4356 redarguunt,
3593 4291 3713 4343 inde
3739 4302 3816 4358 per

2243 4376 2494 4432 elationis
2530 4376 2819 4448 impulsum
2850 4377 2906 4431 in
2942 4378 3291 4448 profundiora
3335 4391 3684 4451 mergantur.
3727 4380 3815 4434 Ad-

2241 4467 2495 4521 monendi
2526 4461 2654 4522 sunt
2688 4468 2912 4534 subditi,
2938 4481 3008 4523 ne
3036 4479 3160 4523 cum
3197 4467 3387 4540 culpas
3424 4472 3818 4542 [imm-um

2243 4557 2616 4624 considerant,
2666 4567 2854 4614 contra
2895 4575 2992 4616 eos
3031 4557 3351 4616 audaciores
3388 4561 3532 4616 fiant
3565 4581 3581 4616 :
3615 4565 3707 4619 sed
3733 4561 3816 4624 sic,

553 4651 824 4708 attollant.
855 4609 1137 4709 Postrean
1163 4654 1218 4707 in
1246 4609 1512 4716 do'ctrina,
1547 4649 1599 4708 in
1627 4651 1970 4715 lectionibus,
1993 4609 2140 4720 psal-
2163 4609 2217 4674 Β
2242 4651 2288 4706 si
2316 4665 2424 4720 qua
2453 4650 2609 4708 valde
2627 4661 2757 4708 sunt
2779 4667 2968 4709 eorum
3003 4663 3192 4724 prava,
3226 4651 3366 4723 apud
3394 4657 3724 4727 semetipsos
3745 4653 3819 4709 ti-

554 4743 682 4811 mis,
733 4741 979 4817 hymnis,
1036 4745 1284 4810 canticis,
1335 4741 1596 4800 exercitio
1631 4742 1746 4814 jugi
1799 4741 2134 4796 incumbant.

553 4835 716 4892 Tales
760 4837 904 4891 enim
934 4849 1054 4892 esse
1089 4835 1285 4891 debent
1311 4836 1622 4905 quicunque
1665 4832 1864 4888 divinis
1901 4831 2140 4888 cultibus

553 4941 673 4984 sese
702 4925 1090 4997 mancipandos
1113 4925 1356 4991 Student,
1405 4923 1613 4982 scilicet
1643 4932 1702 4978 ut
1728 4925 1856 4978 dum
1894 4923 2142 4979 scientia:

554 5031 778 5090 cperam
799 5013 950 5086 dant,
975 5017 1233 5072 doctrina:
1254 5017 1486 5086 gratiam
1501 5015 1716 5086 populis
1735 5013 2138 5070 administrent.

1162 5108 1392 5164 CAPUT
1431 5108 1514 5163 CI.

626 5199 942 5272 (Ejusdem,
992 5197 1071 5253 De
1103 5199 1282 5271 ofﬁciis
1317 5197 1408 5252 lib.
1439 5215 1502 5264 η,
1541 5213 1587 5252 c.
1624 5197 1706 5268 ὅ.)
1756 5197 1872 5252 Duo
1902 5206 2028 5253 sunt
2054 5207 2144 5270 ge-

554 5305 687 5351 nera
713 5287 1040 5358 clericorum
1061 5331 1075 5358 ,
1123 5304 1292 5345 unum
1327 5289 1821 5345 ecclesiasticorum
1860 5290 1962 5346 sub
2001 5289 2143 5360 regi-

555 5389 701 5443 mine
737 5384 1026 5456 episcopali
1056 5384 1401 5455 degentium,
1437 5382 1668 5439 alterum
1722 5384 2139 5456 acephalorum,

557 5481 611 5535 id
648 5488 730 5533 est
777 5478 893 5532 sine
933 5476 1108 5545 capite
1132 5518 1146 5542 ,
1191 5475 1283 5545 qui
1329 5490 1490 5546 quem
1531 5479 1830 5544 sequantur
1867 5475 2138 5545 ignorant.

556 5565 669 5626 IIos
698 5584 873 5638 neque
910 5569 1052 5623 inter
1093 5567 1264 5622 laicos
1310 5567 1655 5624 saecularium
1687 5564 1987 5622 ciliciorum
2023 5574 2140 5620 stu-

559 5659 668 5729 dia,
725 5678 898 5733 neque
941 5659 1085 5717 inter
1123 5661 1353 5718 clericos
1405 5661 1597 5734 religio
1642 5667 1880 5718 retentat
1917 5659 2138 5716 divina:

560 5755 653 5811 sed
701 5753 907 5812 solutos
939 5763 1100 5826 atque
1143 5755 1460 5813 oberrantes
1495 5755 1609 5814 sola
1652 5757 1826 5830 turpis
1851 5757 1959 5818 vita
1997 5769 2146 5812 com-

559 5845 820 5915 plectitur
847 5853 902 5900 et
941 5860 1079 5916 vaga
1112 5863 1127 5901 :
1155 5847 1355 5917 quique
1393 5848 1519 5904 dum
1560 5849 1767 5905 nullum
1813 5855 2142 5915 metuentes,

2238 4742 2507 4813 judicent,
2557 4752 2620 4799 ut
2665 4753 2847 4800 tamen
2893 4743 3078 4800 divino
3119 4757 3308 4800 amore
3344 4747 3660 4808 constricti.
3699 4746 3821 4801 ferre

2235 4835 2346 4890 sub
2383 4836 2464 4891 eis
2486 4835 2675 4908 jugum
2710 4837 3028 4893 reverentiae
3057 4851 3164 4893 non
3205 4847 3482 4893 recusent.
3537 4839 3695 4907 Quod
3725 4851 3823 4893 le-

2246 4924 2354 4980 lius
2381 4927 2742 4994 ostendimus,
2772 4929 2817 4983 si
2860 4928 3080 4985 Davidis
3125 4926 3330 4986 factum
3355 4931 3425 4984 ad
3460 4932 3707 4986 med
3747 4929 3824 4984 de-

2246 5017 2530 5074 ducamus.
2560 5017 2690 5074 Saul
2715 5021 2912 5090 quippe
2949 5030 3287 5090 persecutor,
3331 5036 3456 5076 cum
3489 5023 3565 5077 ad
3610 5037 3830 5092 purgan-

2248 5110 2377 5164 dum
2428 5117 2672 5164 ventrem
2725 5111 3039 5180 speluncam
3095 5111 3290 5167 fuisset
3349 5112 3670 5182 ingressus,
3726 5111 3822 5165 ilic

2245 5209 2371 5253 cum
2398 5199 2530 5253 viris
2553 5199 2668 5254 suis
2694 5199 2862 5254 David
2889 5200 3085 5265 inerat,
3107 5201 3200 5270 qui
3219 5198 3334 5267 jam
3365 5210 3477 5254 tam
3511 5201 3685 5272 longo
3707 5211 3829 5256 teu-

2245 5299 2379 5362 pore
2425 5293 2820 5362 persecutionis
2867 5293 2986 5364 ejus
3041 5293 3182 5347 mala
3234 5293 3527 5348 solet-abst.
3598 5293 3830 5362 Canaque

2245 5401 2370 5442 eum
2397 5386 2501 5440 viri
2527 5387 2609 5441 sui
2647 5385 2712 5440 ad
2743 5385 3045 5442 feriendum
3074 5383 3204 5441 Saul
3235 5387 3631 5452 accenderent,
3681 5384 3836 5456 fregit

2244 5492 2336 5534 eos
2359 5478 2887 5550 reprehensionibus,
2917 5477 3045 5549 quia
3088 5493 3306 5533 manum
3339 5479 3564 5533 mittere
3595 5479 3652 5533 in
3695 5475 3836 5530 diri-

2244 5578 2389 5624 stum
2425 5569 2636 5625 Domini
2672 5583 2779 5626 non
2818 5571 3100 5626 deberent.
3131 5569 3232 5637 Qui
3255 5580 3436 5625 tamen
3462 5570 3682 5626 occulte
3711 5583 3837 5622 sur-

2246 5663 2407 5727 rexit,
2461 5670 2517 5718 et
2559 5675 2714 5717 oram
2763 5663 3066 5734 chlamydis
3111 5661 3228 5731 ejus
3268 5661 3500 5717 abscidit
3547 5660 3660 5734 (ll
3707 5660 3838 5730 8ος.

2247 5753 2416 5824 xxiv).
2461 5753 2604 5820 Quid
2643 5767 2741 5824 per
2773 5753 2922 5820 Saul,
2955 5754 3061 5809 nisi
3097 5753 3224 5808 mali
3260 5749 3537 5808 rectores!
3564 5752 3703 5821 quid
3739 5762 3837 5820 per

2246 5845 2440 5914 David,
2472 5849 2577 5904 nisi
2600 5849 2726 5905 boni
2755 5847 2956 5904 subditi
2985 5846 3376 5919 designantur?
3413 5845 3634 5904 Saulem
3668 5845 3845 5917 igitur

3322 6472 3364 6478 ἡ·
3426 6472 3472 6478 ⁷-
3536 6472 3574 6480 ἠ·-
3624 6472 3684 6484 ‘Hu
3721 6471 3934 6484 m—
