4000 6456
207 420 307 481 895

751 416 1033 476 REGULA
1071 414 1573 475 CANONIGORUM
1605 416 1709 472 AB
1732 417 2094 478 MARIO
2124 408 2526 481 COLLECTA.‘
2549 452 2620 467 -
2656 423 2784 480 LIB.
2823 419 2863 479 ῐ.

3288 424 3447 485 ν894

203 543 435 595 ventrem
473 545 705 604 purgare
729 540 832 597 est,
868 548 1066 602 pravos
1092 531 1409 604 praepositos
1451 542 1768 601 conceptam
1794 534 1841 596 A
1874 536 2204 603 libertatem,
2234 541 2319 596 his
2351 541 2757 597 misericordias
2784 542 2987 613 irroget
3008 528 3344 599 servitutem.
3375 544 3446 601 Et

201 626 254 685 in
297 622 455 682 corde
506 624 769 679 malitiam
817 639 986 693 usque
1040 624 1107 679 ad
1145 639 1307 695 opera
1362 623 1545 678 miseri
1586 624 1765 680 odoris

200 714 495 780 ostendere,
525 722 581 770 et
606 712 839 785 cogitata
880 713 1021 783 apud
1055 728 1113 769 se
1144 714 1305 768 noxia
1338 711 1497 768 factis
1530 713 1766 769 exterio-

200 809 340 867 ribus
363 808 707 879 exsequendo
730 814 1053 863 monstrare.
1082 806 1251 860 David
1280 820 1516 876 namque
1547 806 1764 861 Saulem

198 898 350 957 ferire
381 901 594 965 metuit,
618 898 743 970 quia
768 900 871 970 piae
891 899 1232 955 subditorum
1259 910 1489 965 mentes,
1514 901 1583 955 ab
1615 901 1764 956 omni

196 1007 251 1049 se
293 998 441 1063 peste
494 991 907 1048 obtrectationis
950 991 1304 1055 abstinentes,
1352 991 1764 1061 praepositorum

195 1082 354 1137 vitam
382 1079 528 1137 nullo
558 1081 755 1155 linguze
781 1083 960 1154 gladio
986 1083 1320 1153 percutiunt,
1357 1084 1523 1139 etiam
1550 1099 1670 1138 cum
1697 1084 1765 1141 de

195 1172 593 1244 imperfectione
634 1175 1054 1246 reprehendunt.
1106 1176 1243 1230 Boni
1280 1176 1502 1242 subditi,
1547 1176 1764 1247 quando

193 1281 283 1337 pro
314 1262 627 1322 infirmitate
674 1282 796 1324 sese
837 1268 1112 1324 abstinere
1138 1269 1230 1323 vix
1271 1278 1521 1340 possunt,
1564 1278 1625 1325 ut
1664 1284 1762 1329 ex-

194 1366 357 1411 trema
385 1356 628 1427 quaedam
660 1366 822 1429 atque
853 1360 1129 1416 exteriora
1154 1362 1570 1432 praepositorum
1602 1363 1760 1428 mala,

190 1446 279 1502 sed
310 1455 487 1503 tamen
514 1446 827 1527 humiliter,
877 1451 1197 1521 loquantur,
1236 1454 1389 1522 quasi
1424 1468 1580 1508 oram
1617 1453 1766 1508 chla-

189 1535 355 1610 mydis
383 1537 606 1595 silenter
634 1539 899 1597 incidunt.
928 1540 1064 1608 Quia
1088 1543 1340 1599 videlicet
1367 1544 1498 1600 dum
1526 1544 1765 1616 praelatae

186 1622 451 1699 dignitati,
480 1626 671 1686 saltem
702 1632 921 1689 innoxie
946 1641 1001 1689 et
1022 1634 1275 1703 latenter,
1299 1637 1583 1707 derogant,
1606 1638 1762 1709 quasi

183 1720 321 1789 regis
368 1722 693 1794 superpositi
722 1733 928 1780 vestem
967 1735 1172 1782 secant.
1225 1726 1333 1782 Sed
1370 1736 1550 1784 tamen
1576 1728 1644 1782 ad
1679 1743 1763 1785 se-

180 1815 436 1885 metipsos
483 1816 732 1883 redeunt,
766 1833 932 1888 seque
960 1819 1437 1875 vehementissime
1464 1818 1549 1874 vel
1591 1819 1655 1873 de
1684 1826 1763 1873 te-

176 1904 438 1962 nuissima
467 1907 619 1963 verbi
645 1908 973 1965 laceratione
1000 1911 1422 1981 reprehendunt.
1448 1902 1602 1965 Unde
1622 1910 1761 1965 bene
1784 1898 1836 1958 Β

173 2002 229 2051 et
263 1996 373 2052 illic
415 2000 676 2069 scriptum
707 2010 792 2056 est
820 2020 832 2056 :
870 2001 998 2057 Post
1031 2003 1143 2057 Itwc
1175 2002 1348 2056 David
1381 2003 1636 2072 percussit
1669 2018 1761 2056 cor

174 2104 346 2153 suum,
390 2106 450 2143 eo
475 2092 615 2161 quod
645 2092 951 2147 abscidisset
989 2109 1137 2147 oram
1185 2093 1476 2163 chlamydis
1515 2091 1648 2148 Saul
1678 2094 1697 2165 (
1725 2093 1759 2147 Ι

178 2172 303 2248 Reg.
336 2178 506 2251 xxiv).
547 2179 710 2237 Facta
746 2183 945 2254 quippe
983 2185 1396 2253 praepositorum
1437 2184 1549 2239 oris
1577 2185 1758 2255 gladio

176 2265 411 2326 ferienda
453 2287 559 2327 non
601 2282 747 2341 sunt,
791 2275 956 2329 etiam
985 2258 1107 2330 cum
1143 2275 1590 2347 reprehendenda
1611 2276 1759 2348 judi-

174 2369 381 2418 cantur.
437 2361 495 2419 Si
528 2364 742 2436 quando
776 2381 907 2421 vero
942 2375 1134 2422 contra
1175 2382 1269 2424 eos
1306 2367 1393 2422 vel
1426 2368 1483 2424 in
1518 2368 1759 2424 minimis

174 2450 348 2526 lingua
383 2455 607 2523 labitur,
639 2473 862 2515 necesse
896 2467 1065 2515 estut
1091 2474 1190 2529 per
1215 2458 1559 2516 aﬂlictionem
1587 2461 1761 2531 patui-

175 2548 348 2602 tentiae
395 2563 495 2604 cor
531 2557 830 2619 prematur,
883 2558 1152 2621 quatenus
1179 2552 1248 2606 ad
1277 2552 1629 2622 semetipsum
1671 2568 1760 2608 re-

176 2640 309 2697 deat.
359 2634 430 2698 Et
479 2658 601 2698 cum
651 2642 774 2713 quis
818 2645 1122 2715 prtepositze
1153 2647 1408 2715 potestati
1449 2647 1755 2716 deliquerit,

173 2728 284 2800 ejus
313 2740 507 2787 contra
532 2732 891 2801 sejudicium,
924 2750 955 2789 a
978 2748 1087 2806 quo
1120 2737 1224 2791 sibi
1254 2738 1478 2807 praelata
1500 2748 1603 2804 est,
1634 2754 1759 2809 per-

173 2821 475 2879 horrescat.
508 2823 645 2879 Nam
691 2840 815 2880 cum
846 2826 900 2881 in
927 2826 1247 2897 praepositos
1285 2829 1591 2899 delinquis,
1640 2829 1759 2899 ejus

174 2914 521 2981 ordinationi,
548 2916 640 2987 qui
677 2932 772 2973 eos
791 2919 948 2974 nobis
974 2920 1229 2990 praetulit,
1266 2921 1568 2978 obviamus.
1606 2922 1759 2980 Unde

176 3002 366 3074 Moses,
390 3025 519 3065 cum
545 3019 735 3067 contra
784 3028 863 3078 se,
908 3021 965 3067 et
984 3012 1166 3069 Aaron
1204 3000 1463 3085 conqueri
1501 3017 1758 3087 populum

172 3102 535 3171 cognovisset,
560 3102 635 3156 ait
663 3120 674 3155 :
710 3101 823 3158 Nos
861 3104 1001 3159 enim
1023 3105 1151 3176 quid
1172 3107 1401 3160 sumus?
1436 3106 1759 3169 Neccontra

172 3205 263 3245 nos
320 3202 395 3247 est
467 3210 706 3249 murmur
758 3206 1007 3263 vestrum,

177 3280 393 3353 (Exod.
432 3286 565 3359 xw).
612 3287 949 3345 Admonendi
996 3298 1123 3346 sunt
1150 3291 1395 3348 benevoli
1429 3293 1655 3359 subditi,
1696 3303 1759 3350 ut

170 3376 247 3433 sic
294 3378 490 3436 alienis
518 3381 675 3438 bonis
720 3384 1115 3454 congaudeaot,
1165 3396 1433 3455 quatenus
1471 3387 1673 3442 habere
1700 3398 1758 3445 et

167 3472 389 3541 propria
440 3473 863 3542 concupiscant:
914 3476 994 3531 sic
1029 3478 1403 3544 proximorum
1453 3478 1596 3534 facta
1637 3480 1759 3534 dili-

164 3561 343 3635 gendo
384 3562 625 3628 laudent,
652 3572 707 3617 ut
738 3579 804 3619 ea
833 3565 1000 3621 etiam
1046 3567 1310 3623 imitando
1349 3568 1708 3641 multiplicent
1737 3587 1752 3624 :

164 3664 233 3705 ne
265 3651 313 3706 si
333 3650 388 3705 in
409 3651 514 3706 hoc
538 3655 823 3723 praesentis
846 3654 969 3710 vitae
992 3656 1169 3711 stadio
1196 3658 1263 3711 ad
1287 3667 1561 3713 certamen
1591 3658 1756 3713 alium

165 3738 349 3799 devoti
382 3738 643 3807 fautores,
692 3742 785 3797 sed
813 3743 951 3813 pigri
983 3752 1339 3815 spectatores,
1379 3747 1666 3813 adsistunt,
1702 3755 1759 3802 et

161 3837 288 3899 post
314 3838 597 3887 certamen
631 3834 748 3888 sine
775 3834 967 3889 bravio
994 3843 1333 3901 remaneant,
1378 3838 1469 3906 qui
1510 3852 1655 3892 nunc
1699 3837 1756 3892 in

165 3922 467 3978 certamine
505 3940 609 3979 non
641 3925 889 3981 laborant
919 3941 933 3980 :
967 3935 1022 3983 et
1051 3938 1181 3984 tunc
1205 3944 1392 3985 eorum
1436 3930 1645 3999 palmas
1674 3928 1756 3985 af.

166 4013 294 4070 ilicti
344 4017 656 4086 respiciant,
706 4018 761 4072 in
806 4034 1037 4089 quorum
1083 4038 1228 4078 nunc
1268 4023 1548 4079 laboribus
1591 4024 1754 4080 otiosi

168 4108 485 4176 perdurant.
526 4109 693 4165 Valde
719 4112 918 4183 quippe
945 4127 1260 4183 peccamus,
1311 4116 1358 4170 si
1403 4116 1583 4171 aliena
1614 4116 1753 4172 bene

168 4209 314 4270 gesta
347 4212 455 4257 non
495 4202 764 4271 diligimus
796 4221 808 4257 :
844 4204 941 4259 sed
966 4205 1098 4260 nihil
1128 4206 1397 4262 mercedis
1427 4207 1659 4277 agimus,
1698 4207 1751 4262 si

170 4309 229 4347 ea
253 4310 371 4364 qua:
402 4296 700 4368 diligimus,
727 4297 782 4351 in
810 4304 1073 4368 quantum
1098 4311 1411 4367 possumus,
1442 4314 1549 4355 non
1574 4300 1755 4353 imita-

169 4401 305 4441 mur.
350 4387 653 4443 Dicendum
698 4398 781 4444 est
802 4388 1085 4444 benevolis
1112 4390 1363 4457 subditis,
1393 4391 1521 4460 quia
1548 4392 1593 4446 si
1626 4392 1753 4445 imi-

171 4478 269 4532 tari
294 4476 439 4535 bona
488 4480 710 4536 minime
755 4480 1035 4547 festinant,
1082 4497 1202 4552 quae
1239 4481 1525 4539 laudantes
1555 4498 1755 4554 appro-

170 4567 293 4625 bant
311 4612 325 4636 ,
357 4572 437 4628 sic
468 4569 549 4627 eis
587 4573 845 4628 virtutum
875 4574 1134 4630 sanctitas
1161 4575 1301 4631 sicut
1325 4575 1506 4633 stultis
1534 4586 1748 4648 specta-

172 4662 371 4720 toribus
413 4665 751 4720 ludicrarum
793 4668 993 4722 artium
1018 4670 1228 4724 vanitas
1267 4669 1462 4738 placet.
1492 4670 1571 4725 llli
1595 4682 1751 4727 nam-

170 4765 269 4821 que
313 4757 633 4828 aurigarum
674 4772 739 4813 ac
775 4758 1096 4814 histrionum
1125 4768 1277 4830 gesta
1306 4760 1584 4817 favoribus
1622 4761 1753 4819 εσθ-

172 4854 291 4899 runt
317 4861 333 4900 :
362 4863 474 4909 nec
502 4856 680 4905 tamen
712 4849 848 4905 tales
874 4866 996 4906 esse
1035 4852 1364 4915 desiderant,
1404 4854 1592 4922 quales
1628 4854 1752 4911 illos

172 4937 509 5007 conspiciunt
532 4953 652 4994 esse
688 4955 824 5011 quos
864 4940 1108 4995 laudant.
1142 4941 1408 4997 Mirantur
1433 4959 1528 4999 eos
1552 4944 1751 5013 placita

172 5026 361 5097 egisse,
387 5031 489 5087 sed
514 5038 695 5087 tatnen
724 5033 969 5088 devitant
992 5033 1247 5089 similiter
1271 5035 1511 5104 placere.
1551 5036 1747 5092 Dicen-

175 5114 295 5173 dum
341 5132 429 5179 est
480 5124 757 5181 benevolis
807 5126 1068 5193 subditis',
1120 5135 1182 5182 ut
1207 5142 1331 5182 cum
1379 5130 1749 5199 proximorum

175 5208 310 5267 facta
338 5216 703 5286 conspiciunt,
735 5218 804 5273 ad
830 5230 988 5274 suum
1016 5234 1113 5275 cor
1142 5220 1370 5275 redeant
1403 5235 1418 5275 :
1444 5230 1502 5278 et
1524 5222 1592 5277 de
1622 5220 1754 5277 alie-

176 5302 255 5357 nis
303 5306 518 5362 actibus
564 5321 673 5363 non
717 5316 1066 5377 praesumant,
1124 5323 1193 5364 ne
1243 5309 1384 5365 bona
1428 5312 1651 5367 laudent
1699 5318 1756 5367 et

175 5408 330 5466 agere
367 5409 644 5457 recusent.
688 5399 919 5457 Gravius
944 5402 1141 5475 quippe
1165 5410 1412 5458 extrema
1438 5404 1644 5459 ultione
1670 5404 1753 5460 fe-

179 5488 346 5546 riendi
388 5502 540 5560 sunt,
567 5495 761 5565 quibus
788 5494 990 5564 placuit
1010 5496 1153 5564 quod
1176 5495 1381 5551 imitari
1403 5496 1712 5552 noluerunt.

762 5586 989 5643 CAPUT
1016 5586 1148 5643 CIV.

245 5674 471 5745 (Isidori
501 5680 593 5735 lib.
623 5695 684 5736 ut
714 5678 973 5747 Sentent.,
998 5697 1044 5735 c.
1074 5679 1437 5754 17.),Propter
1468 5688 1751 5751 peccatum

178 5765 335 5835 primi
376 5769 612 5827 hominis
638 5771 873 5827 humano
901 5770 1087 5843 generi
1126 5786 1288 5843 pinna
1316 5772 1575 5827 divinitus
1602 5771 1749 5827 illata

179 5865 263 5913 ω
305 5863 605 5931 servitutis,
650 5866 723 5921 ita
754 5872 814 5921 ut
838 5864 1038 5935 quibus
1066 5865 1261 5936 aspicit
1300 5878 1407 5922 non
1447 5878 1748 5936 congruere

1069 3197 1161 3252 sed
1218 3207 1404 3254 contra
1469 3199 1757 3256 Dominum
1780 3260 1783 3263 _

1782 3264 1831 3330 Ο
1862 3302 2125 3366 creditur,
2157 3300 2286 3354 inde
2324 3295 2475 3353 utilis
2501 3296 2748 3352 confusio
2777 3264 3173 3365 subsequatur:
3193 3264 3446 3347 Nonnun-

1867 629 1994 686 licet
2020 641 2298 701 peccatum
2347 634 2595 689 humanae
2623 634 2870 704 originis,
2920 651 3019 706 per
3040 637 3293 705 baptismi
3316 651 3442 709 gra-

1869 721 1998 776 tiam
2038 724 2250 779 cunctis
2289 722 2535 781 fidelibus
2576 724 2859 781 dimissum
2904 728 3007 794 sit,
3040 736 3221 784 tamen
3248 743 3437 799 tequus

1865 813 2011 872 Deus
2046 815 2168 871 ideo
2208 816 2467 871 discrevit
2497 818 2806 873 hominibus
2836 819 3025 883 vitam,
3076 819 3212 874 alios
3256 835 3441 876 servos

1864 908 2229 976 constituens,
2262 910 2395 966 alios
2424 912 2670 966 dominos
2698 953 2713 977 ,
2740 918 2802 965 ut
2834 911 3054 967 licentia
3084 910 3223 966 male
3249 913 3442 984 agendi

1862 1012 2145 1057 servorum
2166 1010 2438 1071 potestate
2464 1003 2859 1059 dominantium
2884 1004 3264 1074 restringatur.
3300 998 3435 1057 Nam

1864 1094 1912 1149 si
1932 1108 2123 1149 omnes
2146 1094 2264 1149 sine
2306 1102 2452 1150 metu
2496 1095 2746 1162 fuissent,
2778 1095 2901 1165 quis
2930 1104 3075 1150 esset
3109 1095 3200 1165 qui
3230 1108 3262 1148 a
3288 1091 3447 1150 malis

1863 1186 2174 1257 quempiam
2220 1188 2573 1258 prohiberet?
2620 1188 2747 1243 Inde
2793 1193 2848 1242 et
2889 1187 2946 1241 in
2993 1188 3243 1256 gentibus
3287 1201 3445 1259 reges

1860 1278 2246 1349 principesque
2291 1276 2447 1333 electi
2490 1288 2636 1344 sunt,
2680 1286 2744 1333 ut
2791 1286 3001 1333 terrore
3032 1290 3133 1332 suo
3158 1276 3384 1349 populos
3411 1293 3445 1334 a

1864 1369 2009 1424 malo
2049 1378 2363 1424 coercerent
2397 1378 2561 1439 atque
2602 1370 2674 1424 ad
2711 1378 2860 1425 recte
2898 1370 3188 1425 vivendum
3236 1369 3445 1441 legibus

1864 1461 2177 1518 subderent.
2231 1462 2504 1529 Quantum
2538 1460 2732 1518 attinet
2763 1464 2831 1518 ad
2868 1465 3159 1529 ratioaem,
3208 1476 3313 1517 non
3361 1472 3477 1520 est.

1865 1570 2214 1626 personarum
2248 1558 2489 1627 acceptio
2524 1558 2662 1629 apud
2702 1558 2902 1623 Deum;
2941 1558 3033 1627 qui
3064 1556 3249 1611 mundi
3281 1555 3447 1628 elegit

1836 1647 2121 1717 ignobilia
2162 1658 2220 1704 et
2256 1650 2707 1721 contemptibilis.
2739 1657 2794 1705 et
2822 1662 2943 1720 qum
2969 1662 3075 1704 non
3122 1656 3270 1713 sunt,
3294 1656 3357 1703 ut
3382 1658 3446 1704 ea

1862 1754 1983 1808 qia
2023 1750 2150 1795 sunt
2181 1742 2505 1806 destrueret,
2535 1756 2604 1797 ne
2644 1742 2904 1813 glorietur
2933 1742 3112 1797 omnis
3140 1756 3290 1805 caro,
3337 1740 3445 1796 hoc

1861 1839 1967 1896 est,
1998 1832 2235 1887 carnalis
2254 1834 2497 1902 potentia
2537 1846 2719 1888 coram
2750 1834 2863 1889 illo.
2910 1833 3061 1889 Unus
3092 1832 3236 1887 enim
3261 1830 3444 1885 Domi-

1864 1937 1968 1977 nus
1990 1922 2294 1992 aequaliter,
2324 1931 2380 1978 et
2408 1924 2643 1978 dominis
2670 1923 2777 1978 fert
2806 1922 3132 1986 consultum,
3163 1929 3216 1977 et
3243 1921 3438 1976 servis.

1864 2014 2052 2069 Melior
2097 2023 2183 2069 est
2232 2015 2472 2083 subjecta
2519 2017 2753 2071 servitus
2798 2031 2961 2085 quam
3008 2014 3148 2069 elata
3197 2012 3442 2068 libertas.

1863 2105 2015 2160 Multi
2046 2106 2193 2161 enim
2230 2107 2583 2163 inveniuntur
2625 2108 2739 2163 Deo
2782 2107 2952 2162 libere
2982 2105 3306 2171 servientes,
3347 2103 3447 2158 sub

1863 2200 2097 2256 dominis
2128 2199 2410 2255 constituti
2456 2198 2777 2270 flagitiosis:
2810 2198 2903 2268 qui
2928 2196 3031 2252 etsi
3060 2193 3291 2266 subjecti
3320 2199 3449 2248 sunt

1864 2290 1971 2346 illis
1987 2305 2239 2360 corpore,
2264 2289 2473 2359 prmlati
2504 2297 2683 2343 tamen
2710 2296 2839 2342 sunt
2873 2295 3074 2342 mente.

2463 2378 2692 2435 CAPUT
2729 2375 2845 2432 CV.

1935 2474 2199 2544 (Gregorii
2251 2471 2468 2527 Pastor.
2520 2490 2573 2542 p.
2606 2486 2692 2536 tu,
2744 2470 2960 2525 admoti.
3008 2467 3088 2540 9.)
3118 2466 3446 2535 Plerumque

1862 2566 2067 2622 subditi
2098 2564 2199 2620 sub
2225 2562 2483 2635 pastorali
2512 2562 2776 2633 regimine
2806 2560 3108 2622 constituti,
3141 2558 3268 2613 dum
3293 2556 3449 2611 valde

1862 2657 1931 2713 de
1970 2672 2034 2711 se
2063 2655 2189 2710 elati
2220 2659 2572 2724 prasuniunt,
2620 2650 3005 2721 exprobrando
3044 2655 3272 2703 caeteros
3297 2645 3449 2700 dedi-

1846 2756 2123 2821 gnantur,
2159 2747 2288 2801 dum
2311 2744 2661 2817 singulariter
2682 2756 2893 2798 summa
2914 2740 3231 2797 existimant
3254 2744 3447 2793 cuncta

1863 2856 1985 2912 qua:
2007 2848 2191 2911 agunt.
2221 2838 2505 2893 Subtiliter
2529 2837 2714 2907 itaque
2736 2837 2805 2890 ab
2829 2842 3089 2905 arguente
3115 2830 3449 2888 discutienda

1863 2939 1995 2987 sunt
2046 2943 2210 3000 opera
2258 2936 2660 2999 protervorum,
2696 2934 2758 2981 ut
2800 2927 2855 2980 in
2900 2939 3011 2995 quo
3042 2924 3146 2980 sibi
3182 2923 3403 2993 placent
3429 2961 3446 2989 ,

1863 3025 2225 3082 ostendantur
2266 3023 2395 3093 quia
2438 3020 2552 3076 Deo
2598 3019 2906 3090 displicent.
2964 3018 3117 3072 Tunc
3160 3020 3444 3086 protervos

1862 3116 2059 3172 melius
2092 3104 2438 3185 corrigimus,
2473 3124 2597 3167 cum
2626 3125 2689 3166 ea
2715 3110 2837 3180 quae
2861 3111 3001 3165 bene
3034 3109 3213 3180 egisse
3243 3122 3303 3163 se
3318 3120 3449 3174 ,cre-

1861 3208 1998 3263 dunt
2025 3208 2166 3263 male
2194 3215 2316 3263 acta
2345 3213 2714 3261 monstramus
2740 3222 2755 3258 ε
2788 3211 2851 3258 ut
2876 3203 3020 3257 unde
3054 3202 3247 3272 adepta
3278 3199 3447 3270 gloria

1861 3408 2027 3465 quam
2057 3392 2285 3457 subditi,
2310 3405 2435 3447 cum
2462 3400 2521 3446 se
2548 3391 2741 3444 vitium
2767 3386 3055 3459 proterviae
3085 3384 3310 3440 minime
3326 3396 3447 3454 per-

1859 3495 2081 3558 petrare
2109 3492 2465 3556 cognoscunt,
2498 3474 2940 3552 compendiosius
2961 3478 3027 3535 ad
3054 3479 3446 3534 correctionem

1861 3577 2108 3640 veniunt,
2142 3575 2187 3629 si
2218 3574 2441 3629 alterius
2464 3574 2635 3643 culpae,
2662 3569 3077 3643 manifestioris,
3110 3576 3166 3624 et
3185 3582 3253 3622 ex
3276 3565 3446 3621 latere

1862 3667 2159 3738 requisitaa,
2204 3665 2535 3735 improperio
2554 3639 2993 3727 conﬁndantur,
3034 3668 3096 3715 ut
3120 3676 3189 3714 ex
3217 3674 3283 3714 eo
3307 3657 3446 3727 quod

1860 3759 2152 3816 defendere
2192 3767 2488 3829 nequeunt,
2521 3763 2854 3829 cognoscant
2899 3769 2958 3809 se
2987 3760 3176 3808 tenere
3204 3749 3445 3821 improbe

1859 3852 2005 3923 quod
2050 3850 2365 3908 defendunt.
2414 3850 2549 3906 Cum
2600 3856 2853 3920 proterve
2902 3844 3103 3900 Paulus
3138 3839 3446 3898 Corinthios

1856 3944 2146 3999 adversum
2192 3958 2252 3999 se
2306 3952 2510 3999 temere
2555 3942 2797 4011 invicem;
2830 3939 3040 3995 videret
3091 3934 3340 3999 inflatos,
3386 3940 3447 3986 ut

1857 4038 1998 4093 alius
2026 4037 2237 4107 Apollo,
2272 4035 2410 4090 alios
2442 4018 2615 4101 Pauli,
2647 4033 2785 4088 alius
2816 4032 3034 4103 (Iephte,
3071 4029 3210 4083 alius
3235 4023 3445 4081 Christi

1854 4144 1917 4185 se
1942 4143 2065 4183 esse
2081 4128 2285 4183 diceret
2309 4142 2327 4181 :
2354 4127 2599 4181 incestus
2618 4125 2835 4194 culpam
2858 4125 2914 4178 in
2936 4121 3174 4177 medium
3197 4116 3442 4181 deduxit,

1856 4235 1978 4289 quae
2016 4218 2156 4288 apud
2193 4232 2288 4274 eos
2312 4225 2368 4272 et
2400 4221 2728 4288 perpetrata,
2762 4222 2819 4269 et
2848 4214 3158 4280 incorrepta
3189 4214 3437 4263 remane-

1855 4310 1969 4374 bat,
2018 4309 2246 4365 dicens:
2289 4308 2520 4363 Auditur
2557 4308 2695 4362 inter
2743 4322 2831 4361 vos
2882 4302 3184 4375 fornicatio,
3237 4289 3439 4355 et'talis

1855 4399 2160 4470 fornicatio,
2209 4398 2382 4471 qualis
2434 4413 2528 4455 nec
2582 4401 2723 4454 inter
2766 4406 2965 4471 gentes,
3002 4398 3078 4451 ita
3126 4403 3184 4450 ut
3222 4408 3439 4449 umorem

1856 4494 2024 4564 patris
2051 4496 2170 4564 quis
2197 4496 2408 4550 habeat.
2440 4495 2507 4549 Et
2546 4512 2634 4549 vos
2677 4494 2853 4565 inﬂati
2890 4494 3014 4549 estis
3061 4501 3108 4546 et
3139 4506 3243 4547 non
3273 4489 3440 4561 magis

1856 4583 2056 4638 luctum
2082 4585 2361 4651 habuistis,
2406 4594 2462 4640 ut
2495 4586 2773 4641 tolleretur
2796 4586 2861 4641 de
2891 4583 3062 4640 medio
3094 4591 3322 4638 vestrum
3351 4576 3441 4651 qui

1852 4678 1950 4731 hoc
1997 4692 2126 4748 opus
2178 4676 2301 4747 fecit
2367 4678 2420 4751 (ι
2487 4678 2610 4733 Cor.
2667 4676 2879 4748 v)..Ac
2937 4677 2983 4733 si
3036 4681 3224 4747 aperte
3252 4670 3438 4729 dicat;

1852 4769 1991 4837 Quid
2047 4782 2144 4825 vos
2193 4782 2292 4841 per
2315 4772 2647 4842 proterviam
2688 4770 2848 4839 hujus
2891 4770 2979 4825 vel
3030 4767 3172 4823 illius
3223 4764 3437 4829 dicitis,

1852 4861 1945 4932 qui
2014 4876 2114 4931 per
2197 4861 2608 4916 dissolutionem
2678 4859 3018 4929 negligentiae
3082 4856 3281 4910 nullius
3345 4867 3442 4908 vos

1851 4966 1973 5007 esse
2012 4952 2371 5007 monstratis?
2418 4950 2758 5003 Admonendi
2810 4956 2938 5002 sunt
2978 4945 3136 5001 inviti
3193 4942 3435 5009 subditi,

1852 5048 1914 5093 ut
1959 5040 2301 5108 perpendant
2348 5047 2565 5107 quantae
2611 5037 2872 5093 excitatis
2922 5036 3053 5102 sint,
3108 5033 3199 5105 qui
3260 5031 3439 5086 alieno

1853 5130 2099 5201 profectu
2160 5130 2458 5196 deficiunt,
2526 5127 2702 5186 aliena
2780 5129 3113 5186 exaltatione
3180 5123 3438 5181 contabe-

1854 5230 2012 5278 scunt
2056 5230 2321 5292 :quantaz
2347 5222 2683 5279 infelicitatis
2737 5222 2884 5288 sint,
2916 5221 3009 5291 qui
3060 5216 3440 5273 melioratione

1854 5314 2086 5386 proximi
2117 5315 2417 5371 deteriores
2446 5316 2582 5372 fiunt
2614 5334 2627 5371 :
2660 5317 3225 5385 dumque'augmeuta
3253 5309 3440 5365 alienae

1854 5407 2235 5476 prOSperitatis
2259 5408 2552 5477 aspiciunt,
2585 5407 2727 5477 apud
2755 5406 3076 5474 semetipsos
3119 5404 3280 5457 anxie
3306 5399 3439 5457 aim-

1860 5500 1954 5563 cti,
1994 5500 2176 5557 cordis
2212 5500 2297 5555 sui
2326 5509 2478 5569 peste
2505 5501 2834 5555 moriuntur.
2864 5498 3004 5565 Quid
3030 5496 3230 5551 invidis
3260 5493 3437 5551 infeli-

1859 5593 1992 5657 cius,
2026 5607 2161 5663 quos
2193 5594 2319 5648 dum
2347 5600 2637 5661 conspecta
2670 5590 2903 5646 felicitas
2934 5586 3116 5654 aiilcit,
3146 5594 3308 5658 ptena
3336 5601 3431 5641 ne-

1857 5687 2077 5757 quiores
2105 5685 2317 5742 reddit?
2343 5684 2586 5739 Aliorum
2608 5697 2738 5738 vero
2768 5681 2930 5746 bona,
2955 5695 3075 5751 quae
3104 5680 3305 5735 habere
3325 5693 3433 5733 non

1856 5784 2099 5847 possunt,
2128 5777 2177 5831 si
2207 5774 2511 5846 diligerent,
2545 5788 2643 5829 sua
2672 5772 2925 5830 fecissent
2951 5770 3115 5845 (Ibid.
3149 5774 3199 5825 et
3230 5760 3429 5823 Horat.

1852 5866 1892 5922 Ι.
1919 5883 1995 5934 vt,
2026 5884 2083 5953 ο.)
2119 5867 2199 5938 4).
2254 5864 2451 5922 Nostra
2496 5862 2752 5921 nimirum
2801 5873 2926 5921 sunt
2988 5862 3126 5920 bona
3178 5856 3429 5923 aliorum,
