4000 6512
512 441 625 504 095

1436 440 1441 447 ν
1512 434 1916 497 amamus
1950 430 2368 495 unusunus
2402 403 2765 490 narcissus.

2192 334 2239 345 ν-
2292 326 2373 339 μ,

3622 400 3631 409 4

514 564 638 622 quae
663 545 767 605 etsi
796 546 1003 603 imitari
1029 562 1138 605 non
1171 561 1481 620 possumus,
1528 564 1775 605 amamus
1815 549 1885 604 in'
1912 549 2035 605 aliis
2067 564 2084 604 :
2112 558 2165 617 Α
2189 548 2489 605 evidentius
2517 546 2622 602 alio
2644 548 2762 603 loco
2788 545 3157 618 prosequitur,
3184 545 3409 603 dicens:
3432 543 3788 617 iSpeculator

512 649 572 698 et
613 641 908 697 amantium
938 640 1109 708 ﬁunt,
1144 654 1479 714 quascunque
1513 651 1777 699 amantur.
1805 644 1863 699 in
1909 644 2086 699 nobis.

515 731 653 789 Hinc
682 748 812 803 ergo
854 741 1087 803 pensent
1115 734 1306 799 invidi,
1353 736 1594 791 cbaritas
1619 736 1835 805 quanta:
1872 728 2091 791 virtutis

513 830 618 886 est,
644 837 785 895 quae
834 822 994 876 alieni
1026 822 1249 880 laboris
1288 840 1471 895 opera.
1526 834 1711 881 nostra
1744 827 1860 881 sine
1907 826 2091 881 labore

517 913 667 970 facit.
698 914 834 968 Dum
856 924 926 986 ﬁse
954 915 1121 969 invidi
1150 931 1181 970 a
1214 915 1385 973 livore
1411 917 1633 975 minime
1673 918 2004 984 custodiunt,
2034 919 2092 973 in

515 1006 792 1076 antiquam
816 1007 1025 1062 versuti
1056 1008 1228 1064 hostis
1256 1009 1555 1079 nequitiam
1581 1010 1988 1081 demerguntur.
2016 1010 2095 1065 De

519 1096 612 1152 illo
638 1113 872 1167 namque
900 1098 1157 1167 scriptum
1198 1108 1283 1157 est
1312 1100 1580 1156 :‘Invidia
1598 1102 1813 1157 diaboli
1839 1119 1979 1157 mors
2004 1102 2088 1156 in-

517 1189 675 1244 trauit
704 1190 760 1242 in
783 1189 958 1242 orbem
995 1198 1260 1245 terrarum
1286 1190 1443 1262 (Sap.
1493 1190 1576 1263 ιι).
1603 1190 1740 1258 Quia
1787 1193 1931 1247 enim
1975 1191 2093 1263 ipse

520 1277 714 1334 caelum
741 1277 998 1348 perdidit,
1024 1280 1240 1335 condito
1268 1281 1372 1336 hoc
1394 1282 1600 1337 homini
1627 1283 1846 1350 invidit,
1868 1291 1926 1338 et
1945 1283 2094 1338 dam-

519 1370 793 1427 nationem
823 1384 979 1433 suam
1000 1436 1005 1441 γ
1030 1373 1275 1442 perditus
1304 1374 1482 1431 adhuc
1509 1376 1647 1432 alios
1684 1377 1961 1448 perdenda
1998 1392 2094 1433 cu-

517 1467 761 1523 mulavit.
802 1467 1144 1540 Cognoscant
1188 1471 1358 1528 invidi
1403 1474 1622 1543 quantis
1664 1474 1908 1545 lapsibus
1961 1474 2093 1529 sub-

514 1559 815 1614 crescentis
853 1559 1029 1615 ruina:
1068 1560 1426 1632 subiaceant:
1468 1563 1599 1633 quia
1643 1564 1770 1620 dum
1806 1565 2030 1620 livorem
2060 1579 2093 1620 a

518 1651 685 1706 corde
726 1666 833 1706 non
863 1651 1174 1722 proﬁciunt,
1219 1656 1289 1711 ad
1325 1664 1543 1725 apertas
1570 1673 1795 1728 operum
1823 1657 2093 1729 nequitias

519 1740 897 1821 devolvuntur.
950 1742 1066 1800 Nisi
1118 1747 1263 1801 enim
1317 1746 1448 1803 Cain
1487 1748 1770 1806 invidisset
1816 1757 2094 1821 acceptam

517 1828 706 1887 fratris
733 1833 993 1901 hostiam,
1040 1836 1264 1892 minime
1288 1840 1629 1908 pervenisset
1651 1841 1719 1895 ad
1741 1842 1859 1911 ejus
1888 1842 2096 1897 exstin-

2191 656 2309 694 cum
2336 640 2518 695 viderit
2548 638 2784 711 gladium
2813 640 3285 709 uenientem-super
3312 646 3515 693 terram
3558 648 3612 692 et
3640 639 3787 692 ceci-

2148 748 2151 751 '
2192 732 2325 786 nerit
2354 732 2594 796 buccina,
2636 742 2686 784 et
2712 730 3093 784 annuntiauerit
3120 729 3311 799 populo
3344 746 3363 783 :
3397 729 3637 783 audiens
3685 746 3785 782 a-

2191 832 2312 888 tem,
2349 822 2582 894 quisquis
2616 820 2708 875 ille
2750 831 2846 886 est,
2885 821 3115 875 sonitum
3143 820 3419 886 buccinae,
3471 830 3526 875 et
3582 837 3693 875 non
3732 838 3786 876 se

2156 906 2161 913 ’
2193 916 2553 980 observaverit,
2585 915 2881 984 veneritque
2923 913 3131 985 gladius
3157 923 3206 968 et
3234 914 3416 967 tulerit
3457 931 3612 976 eum,
3661 930 3787 968 san-

2156 1016 2161 1023 '
2192 1008 2307 1078 guis
2330 1008 2498 1078 ipsius
2523 1022 2682 1077 super
2709 1014 2864 1076 caput
2885 1006 3000 1076 ejus
3024 1005 3141 1060 erit.
3177 1003 3375 1059 Sonam
3412 1005 3665 1058 buccina
3691 1022 3785 1058 cl-

2191 1101 2342 1166 divit,
2396 1109 2445 1154 et
2502 1115 2608 1153 non
2652 1115 2707 1152 se
2747 1098 3033 1152 obseruari!
3063 1138 3076 1159 ,
3136 1098 3352 1165 sanguis
3404 1097 3530 1165 ejus
3576 1096 3637 1147 in
3674 1097 3783 1166 ipso

2194 1191 2312 1245 erit.
2352 1189 2413 1246 Si
2450 1198 2627 1244 autem
2659 1205 2714 1243 se
2759 1189 3099 1254 custodierit,
3142 1192 3374 1241 animum
3417 1202 3589 1240 suem
3618 1186 3785 1240 salsa-

2162 1282 2267 1336 bit
2304 1281 2522 1351 (Bacch.
2561 1282 2781 1353 xxxnu).
2826 1280 2928 1336 Hic
2950 1295 3164 1351 quoque
3184 1279 3313 1349 quid
3353 1294 3529 1350 agere
3570 1278 3780 1344 debeat,

2162 1377 2286 1448 vqui
2328 1376 2572 1446 fungitur
2607 1378 2965 1448 speculatoris
2986 1375 3178 1437 oﬁicio.
3222 1376 3449 1432 divim's
3490 1391 3780 1431 sermosa-

2194 1475 2266 1529 tis
2300 1475 2537 1529 ostendit
2577 1489 2592 1528 :
2633 1474 2843 1530 scilicet
2880 1482 2943 1528 ut
2970 1472 3187 1544 quando
3223 1473 3430 1528 viderit
3468 1473 3778 1526 venientem

2195 1565 2432 1636 gladium
2466 1580 2631 1636 super
2673 1574 2894 1628 terram,
2920 1564 3026 1619 hoc
3044 1572 3131 1620 est
3150 1563 3286 1618 iram
3324 1561 3424 1618 Dei
3469 1576 3781 1634 super-pee-

2197 1669 2431 1726 catores,
2484 1659 2738 1731 operibus
2795 1658 3028 1713 terrenis
3071 1657 3353 1723 addictos,
3401 1659 3644 1713 omnino
3679 1673 3777 1713 non

2168 1760 2410 1819 taceat,
2469 1760 2631 1823 atque
2668 1752 2769 1818 eis,
2810 1751 3048 1821 quandiu
3107 1750 3427 1807 inhaeserint
3483 1750 3780 1820 iniquitati-

2197 1845 2302 1901 bus
2340 1844 2473 1910 suis,
2517 1843 2801 1898 imminere
2845 1842 3040 1898 divinas
3072 1842 3461 1913 indignationis
3501 1842 3777 1898 interitum

514 1920 786 1997 guendam
828 1928 1023 1983 vitam.
1068 1928 1222 1985 Unde
1263 1932 1527 2001 scriptum
1568 1942 1655 1989 est
1693 1951 1707 1989 :
1763 1909 1832 1989 Et
1873 1937 2095 2006 respexit
2123 1909 2174 1969 Β
2200 1909 2519 1993 denuntiare
2570 1949 2679 1988 non
2713 1932 2946 1998 desinat,
2992 1932 3087 1987 sed
3133 1909 3280 1986 clare
3314 1947 3381 1987 ac
3424 1931 3653 2003 publice
3701 1947 3780 1987 ar-

517 2018 879 2075 Dominusiad
904 2023 1033 2078 Abel
1061 2034 1109 2078 et
1135 2023 1205 2079 ad
1235 2040 1453 2082 munera
1484 2027 1622 2097 ejus,
1651 2027 1721 2081 ad
1747 2028 1878 2082 Cain
1902 2044 2024 2083 uero
2043 2037 2095 2083 et

514 2111 586 2164 ad
612 2129 829 2167 munera
846 2115 962 2184 ejus
983 2131 1090 2170 non
1116 2119 1361 2187 respexit.
1381 2117 1415 2171 4
1422 2128 1671 2189 ratusque
1690 2122 1770 2173 est
1795 2118 1928 2173 Cain
1946 2118 2097 2173 velte-

517 2214 735 2270 menter,
760 2215 809 2259 et
833 2208 1064 2261 concidit
1096 2208 1267 2264 uultus
1291 2210 1407 2280 ejus
1432 2207 1589 2281 (Gen.
1620 2209 1717 2282 tv).
1747 2211 1935 2280 itaque
1958 2209 2097 2265 livor

520 2296 795 2361 sacriiicii,
849 2297 1135 2363 [ratricitiii
1187 2301 1542 2357 seminarium
1572 2300 1693 2356 fuit.
1745 2301 1879 2356 Nam
1935 2315 2095 2371 quem

518 2388 795 2444 meliorem
827 2405 886 2445 se
913 2407 1033 2449 esse
1068 2393 1259 2456 doluit,
1312 2410 1381 2451 ne
1410 2403 1682 2465 utcunque
1710 2403 1876 2459 esset,
1905 2410 2097 2465 ampu-

517 2481 670 2536 tavit.
707 2482 1006 2539 Dicendum
1044 2493 1132 2540 est
1170 2485 1405 2552 invidis,
1445 2487 1573 2556 quia
1613 2486 1741 2541 dum
1787 2502 1844 2540 se
1887 2487 1988 2542 ista
2016 2487 2097 2543 iu-

2172 2032 2326 2100 guat
2351 2046 2364 2082 :
2390 2025 2517 2096 quia
2543 2023 2916 2097 hocvbuccinte
2936 2011 3135 2078 nomen
3154 2022 3412 2085 insinuat,
3438 2031 3502 2078 ut
3527 2037 3591 2079 se
3614 2038 3648 2077 a
3673 2023 3779 2078 suis

2197 2117 2518 2174 criminibus
2537 2104 2911 2180 emendantes,
2930 2112 3255 2185 supplicium
3267 2111 3459 2168 futura:
3475 2113 3782 2169 damnatio-

2196 2209 2285 2264 nis
2303 2207 2580 2277 eﬁ‘ugiant.
2606 2206 2760 2275 Quod
2781 2206 2828 2261 si
2848 2205 3256 2276 eorripientem,
3279 2203 3325 2259 si
3351 2203 3479 2258 iram
3503 2204 3784 2269 fumum,

2197 2312 2319 2370 quas
2353 2299 2815 2369 contemptoribus
2846 2296 2963 2366 jam
3002 2297 3275 2361 imminet,
3300 2297 3627 2351 nuntiantem
3671 2297 3788 2350 ho-

2196 2391 2372 2447 mines
2411 2390 2616 2445 terreni
2662 2389 2997 2460 despiciunt,
3046 2388 3271 2457 sanguis
3316 2402 3488 2442 eorum
3528 2387 3587 2441 in
3631 2386 3788 2455 ipsis

2197 2481 2323 2546 erit,
2356 2488 2414 2536 et
2450 2480 2725 2545 sacerdos,
2748 2480 2841 2552 qui
2863 2480 2945 2536 eis
2980 2487 3201 2550 peccata
3226 2493 3413 2534 eorum
3436 2493 3547 2533 non
3575 2478 3783 2544 tacuit,

518 2570 796 2636 trinsecus
837 2582 990 2644 peste
1036 2572 1385 2641 consumunt,
1420 2577 1599 2631 etiam
1641 2577 1903 2646 quidquid
1941 2579 1996 2633 in
2040 2594 2099 2634 se

518 2661 664 2717 aliud
691 2664 819 2719 boni
850 2664 1051 2721 habere
1086 2666 1341 2722 videntur
1375 2666 1716 2721 interimunt.
1765 2668 1916 2723 Unde
1964 2667 2101 2724 scri-

517 2760 674 2822 ptum
704 2763 787 2811 est
813 2770 829 2807 :
871 2752 993 2808 Vita
1020 2755 1264 2810 carnium
1292 2756 1491 2811 sanitas
1517 2756 1691 2810 cordis
1722 2771 1742 2810 :
1768 2758 1989 2827 putredo
2015 2775 2099 2812 os-

517 2840 662 2893 sium
690 2841 889 2897 invidia
916 2842 1101 2914 (Prov.
1130 2843 1263 2915 xw).
1291 2844 1396 2900 Per
1424 2844 1609 2901 livoris
1632 2845 1825 2901 vitium
1850 2856 1978 2903 ante
2002 2847 2099 2903 Dei

506 2932 712 3005 oculos
738 2943 991 3003 pereunt,
1019 2936 1187 2990 etiam
1213 2952 1334 3006 quae
1357 2937 1612 2994 humanis
1632 2939 1804 2994 oculis
1831 2938 1994 2996 fortia
2019 2940 2102 2995 vi-

519 3023 743 3079 dentur.
790 3025 927 3082 Ossa
970 3028 1170 3098 quippe
1214 3042 1312 3099 per
1351 3030 1608 3086 invidiam
1636 3041 1950 3103 putrescere
1992 3040 2099 3098 est,

2196 2583 2395 2642 pinnae,
2417 2586 2544 2656 quas
2557 2585 2650 2627 eos
2668 2579 2970 2643 exspectat,
2990 2572 3398 2643 particepsesse
3420 2585 3531 2625 non
3553 2568 3782 2629 notet-it.

2788 2724 3016 2783 CAPUT
3052 2723 3208 2781 CVII.

2274 2834 2574 2907 (Ejusdem,
2601 2832 2665 2890 de
2691 2833 2815 2891 Vita
2840 2836 3139 2909 contempl.,
3166 2836 3205 2891 ι.
3233 2852 3293 2901 ιι,
3320 2855 3368 2892 c.
3404 2836 3520 2908 10.)
3548 2835 3667 2893 Nec
3688 2836 3781 2903 illi,

2201 2926 2296 2996 qui
2327 2941 2425 2983 sua
2452 2927 2809 3000 possidentes,
2844 2928 2963 2985 dari
3008 2928 3111 2985 sibi
3151 2929 3357 3001 aliquid
3397 2930 3628 2996 volunt,
3669 2933 3783 2988 sine

2201 3019 2392 3090 grandi
2424 3020 2648 3088 peccato
2689 3034 2809 3086 suo,
2854 3020 2998 3076 unde
3026 3035 3233 3092 pauper
3262 3021 3441 3077 victus
3470 3032 3606 3085 erat,
3648 3025 3789 3079 acci-

523 3116 768 3186 quaedam
795 3117 962 3173 etiam
992 3120 1218 3175 robusta
1244 3121 1509 3192 deperire.
1537 3121 1630 3178 Ille
1655 3131 1740 3178 est
1767 3138 1897 3178 vere
1919 3122 2095 3178 humi-

2201 3112 2394 3183 piunt..
2427 3113 2504 3169 De
2551 3113 2764 3170 clericis
2797 3114 3014 3184 quidem
3063 3114 3299 3185 Spiritus
3346 3124 3573 3170 sanctus
3598 3115 3729 3170 dicit
3764 3135 3780 3170 :

521 3206 595 3262 lis
622 3209 898 3280 subjectus
942 3212 996 3267 in
1030 3213 1211 3280 bonis,
1241 3215 1335 3284 qui
1360 3230 1465 3271 non
1496 3223 1581 3271 est
1607 3215 1859 3272 defensor
1884 3218 1939 3272 in
1981 3232 2095 3273 ma-

2208 3199 2435 3258 Peccata
2464 3203 2642 3275 populi
2668 3206 2772 3260 ntei
2813 3205 3089 3260 comedunt
3129 3202 3305 3275 (Osee,
3344 3209 3445 3265 iv).
3496 3205 3603 3261 Sed
3648 3206 3789 3261 sicut

525 3298 616 3355 lis.
664 3300 802 3357 Nam
833 3302 962 3358 dum
989 3305 1059 3359 de
1088 3305 1247 3361 malis
1274 3306 1388 3363 suis
1426 3307 1707 3378 subjectus
1733 3309 2002 3379 arguitur,
2048 3317 2104 3364 et
2130 3294 2176 3324 υ
2200 3294 2343 3361 Nihil
2367 3294 2629 3352 habt?an
2653 3296 2951 3368 Proprium:
2983 3310 3091 3351 ηοη
3112 3307 3359 3364 ι’θοοειιαν
3385 3297 3477 3352 εθά
3505 3297 3789 3363 alimenti.

526 3398 719 3446 contra
746 3393 915 3450 verba
942 3396 1222 3465 arguentis
1249 3398 1587 3464 accenditur,
1613 3399 1832 3469 quando
1855 3398 1924 3453 de
1946 3399 2095 3455 bonis

2207 3387 2406 3459 quibus
2462 3387 2708 3459 indigere
2742 3388 3015 3455 videntur,
3064 3389 3357 3459 accipiunt,
3397 3390 3470 3444 ita
3506 3404 3794 3458 possesso-

526 3481 642 3537 suis
672 3484 833 3557 quasi
860 3486 1142 3544 humiliter
1173 3489 1393 3556 titubat,
1418 3506 1517 3561 per
1558 3491 1882 3548 humilitatis
1922 3506 2108 3549 vocem
2209 3493 2298 3535 res
2336 3493 2444 3537 ηοη
2472 3478 2732 3534 alimenta
2773 3479 2969 3550 quibus
2994 3478 3293 3547 abundant!
3333 3480 3424 3535 ⁵εά
3452 3479 3623 3534 διδοίη
3654 3496 3793 3550 Ροε-

526 3575 716 3631 ornari
742 3579 970 3649 appetit,
998 3594 1105 3636 non
1134 3581 1336 3637 doceri.
1464 3614 1469 3621 -

2204 3577 2329 3625 cata
2358 3571 2677 3641 suscipiunt.
2706 3570 2812 3642 ipsi
2858 3583 3073 3641 quoque
3098 3584 3368 3642 pauperes
3402 3571 3449 3627 si
3485 3586 3548 3626 se
3569 3572 3793 3639 po§int

678 3710 681 3719 μ
986 3710 989 3715 γ
1115 3668 1341 3727 CAPUT
1381 3669 1511 3727 CVI.
2208 3663 2323 3719 suis
2369 3663 2635 3729 artiﬁciis,
2667 3672 2762 3718 aut
2800 3661 3079 3719 laboribus
3106 3663 3385 3734 expedire.
3444 3678 3555 3719 non
3580 3678 3789 3733 prima-

599 3754 893 3829 (Prospei-5,
945 3761 1010 3815 de
1054 3760 1176 3816 Vita
1223 3764 1584 3835 contemplat"
1630 3766 1670 3820 ι,
1704 3782 1746 3833 ι,
1794 3786 1843 3824 ο,
1880 3768 1998 3842 22,)
2024 3770 2110 3827 Ad
2207 3764 2361 3811 mant
2407 3757 2551 3826 quod
2581 3756 2741 3813 debet
2766 3754 2961 3812 debilis
2992 3763 3048 3812 et
3090 3754 3342 3811 inﬁrmus
3384 3755 3639 3827 accipere
3665 3774 3683 3809 :
3727 3771 3790 3811 ne

527 3846 810 3922 hancque:
854 3854 1113 3923 praedicta
1152 3864 1299 3920 sunt,
1345 3871 1447 3927 ego
1490 3867 1659 3916 tunc:
1698 3860 1807 3920 Sic.
1863 3863 2103 3931 inquam,
2208 3848 2352 3905 forte
2394 3849 2654 3916 Ecclesia,
2702 3865 2827 3921 quae
2874 3855 3054 3921 potest
3080 3848 3229 3905 omni
3275 3848 3476 3905 solatio
3523 3848 3791 3903 destitutis

528 3941 636 3995 ista
687 3942 968 3998 invidiosis
1010 3947 1292 4013 questibus
1331 3946 1530 4015 iactas,
1567 3958 1630 4005 et
1672 3952 1726 4006 in
1773 3952 2107 4022 suggillatio—
2207 3944 2519 4002 necessaria
2564 3945 2901 4012 ministrare.
2949 3940 2997 4001 εἰ
3030 3941 3235 4003 'omnes
3270 3947 3443 4002 etiam
3473 3945 3613 4001 nihil
3658 3944 3793 4001 indi-

526 4046 656 4086 nem
696 4032 1039 4103 pontiﬁcum,
1070 4037 1155 4090 vel
1201 4046 1350 4093 certe
1375 4039 1546 4108 ipsius
1569 4041 1917 4111 pontiﬁcatus
1940 4057 2095 4116 exag-

2208 4043 2401 4104 gentes
2428 4035 2712 4106 accipiant,
2736 4044 2986 4107 “gravata,
3037 4035 3147 4092 illis
3170 4036 3370 4108 quibus
3402 4037 3577 4092 debet
3601 4036 3791 4092 subve-

528 4137 710 4195 geras,
752 4125 912 4194 quasi
954 4140 1061 4181 non
1110 4128 1201 4183 ubi
1247 4127 1351 4183 ista
1395 4129 1600 4200 legisti,
1641 4132 1838 4200 quibus
1877 4133 2110 4191 rationa-
2207 4125 2329 4180 ηῖΐθ
2357 4140 2464 4180 non
2491 4126 2685 4182 νθιεθι·
2716 4127 2820 4194 Qui
2845 4135 3024 4183 autem
3048 4125 3306 4183 Εαιῐεείκ
3331 4127 3616 4192 Servilii“.
3642 4134 3697 4183 α
3724 4126 3792 4181 ιι·

527 4213 714 4273 biliter
742 4218 1103 4286 permoveris,
1131 4218 1205 4274 ibi
1233 4219 1398 4275 etiam
1429 4219 1520 4275 illa
1565 4221 1695 4287 sint,
1720 4236 1841 4292 qua:
1882 4239 1921 4279 a'
1953 4225 2107 4281 vobis
2206 4215 2328 4272 δονί
2358 4230 2457 4272 8110
2478 4216 2628 4272 νειαι
2657 4217 2836 4273 debila
2875 4217 3028 4272 reddi
3079 4225 3334 4289 οροτιετε
3369 4218 3696 4283 ementes.
3732 4232 3789 4274 οι

520 4306 913 4375 printermissa,
962 4308 1201 4364 breviter
1241 4309 1295 4364 in
1345 4311 1749 4368 excusationem
1806 4311 1970 4369 oilicii
2020 4329 2108 4370 sa-
2208 4309 2406 4379 quibus
2447 4323 2585 4380 opus
2625 4322 2731 4366 non
2769 4308 2991 4374 habent.
3047 4317 3141 4364 aut
3186 4308 3468 4379 accipiunt
3520 4309 3787 4374 libenter.

527 4402 819 4458 cerdntalis
848 4406 1198 4479 attingemus.
1231 4406 1364 4463 Post
1391 4406 1485 4462 illa
1510 4407 1698 4472 verba,
1724 4410 1923 4479 quibus
1942 4411 2108 4482 negli~
2208 4408 2305 4457 alii
2357 4401 2599 4472 exigunt.
2658 4401 2821 4456 ηἰηιὶε
2875 4400 3166 4456 ωηιθιίιθι·
3211 4399 3456 4471 sapiunt.
3505 4400 3562 4455 Si
3614 4408 3792 4471 wh!!!

528 4492 768 4561 gentium
816 4492 941 4550 ﬁnis
988 4496 1337 4552 sacerdotum
1378 4498 1704 4562 ostenditur,
1749 4499 1818 4555 de
1850 4501 2107 4571 pontiﬁce
2209 4492 2352 4564 (11106
2392 4490 2649 4548 Εῦοιθθίω
2694 4490 2928 4548 “deni”
2981 4492 3313 4557 θθτνίθηῑθεν
3373 4491 3666 4562 stipendia
3697 4500 3794 4546 ια’·

527 4579 761 4636 cilicium
800 4598 960 4640 suum
1002 4598 1247 4646 curante.
1282 4586 1556 4658 Propheta
1596 4590 1676 4646 sic
1711 4590 1990 4660 loquitur:
2043 4592 2106 4650 Si
2132 4622 2185 4683 Β
2209 4601 2340 4642 rena
2370 4601 2434 4643 ac
2466 4600 2573 4640 non
2618 4587 2801 4658 potius
2830 4587 3051 4657 praemia
3081 4593 3281 4641 aeterna
3328 4585 3671 4656 percipiant.
3701 4583 3796 4639 Sa-

527 4682 701 4725 autem
729 4675 1076 4730 annuntiante
1096 4686 1152 4731 te
1185 4677 1256 4731 ad
1294 4679 1536 4749 impium,
1565 4688 1621 4733 ut
1649 4697 1682 4735 a
1709 4682 1807 4736 uiis
1834 4682 1945 4738 suis
1976 4699 2100 4737 ουκ-
2134 4675 2176 4683 ⁷
2209 4679 2409 4735 celaris
2434 4680 2632 4750 quippe
2654 4679 2872 4743 militia,
2898 4693 3020 4751 qua:
3044 4678 3287 4735 cmlestia
3314 4694 3423 4733 non
3458 4679 3657 4744 habet.
3705 4688 3795 4735 W-

528 4770 779 4826 vertatur,
812 4778 915 4816 non
944 4762 1101 4831 fuerit
1133 4781 1409 4823 conversus
1451 4784 1486 4820 a
1524 4769 1607 4823 eia
1626 4785 1750 4834 sua,
1776 4770 1885 4840 ipse
1908 4770 2102 4841 impius
2208 4784 2340 4826 rena
2384 4777 2605 4826 strenue
2629 4769 2996 4825 militantibus
3022 4778 3266 4840 praestat.
3320 4768 3479 4827 Unde
3502 4769 3653 4825 satis
3678 4767 3799 4825 indi-

528 4850 582 4905 in
609 4850 882 4922 iniquitate
901 4869 999 4908 sua
1022 4855 1296 4919 morietur,
1325 4866 1374 4911 et
1394 4867 1452 4911 tu
1475 4859 1713 4913 animum
1737 4867 1885 4914 tuam
1909 4859 2105 4916 libera-
2209 4876 2373 4934 gnum
2411 4869 2516 4925 est,
2549 4861 2596 4915 si
2629 4860 2802 4916 ﬁdelis
2827 4870 2882 4917 et
2906 4876 3137 4931 operosa
3168 4861 3386 4917 devotio
3428 4858 3797 4921 clericorum.

525 4942 595 4996 sti
627 4940 841 5014 (Ezech.
876 4944 1083 5020 χχιιι).
1115 4944 1211 5002 Hic
1255 4956 1403 5005 certe
1449 4949 1585 5005 satis
1612 4949 1896 5017 evidenter
1917 4960 2102 5008 osten-
2207 4954 2429 5022 propter
2461 4950 2787 5021 stipendium
2838 4950 3132 5019 temporale
3190 4948 3411 5021 praemia
3462 4950 3797 5020 sempiterna

528 5032 694 5098 ditur,
738 5034 880 5103 quod
924 5035 1054 5109 _sive
1111 5036 1433 5107 proﬁciant,
1495 5040 1611 5096 sive
1668 5056 1774 5097 non
1817 5040 2105 5112 proﬁciant
2210 5050 2538 5099 contemnat.
2565 5040 2719 5108 Quod
2765 5041 2812 5096 si
2853 5041 3079 5111 quilibet
3102 5041 3351 5097 minister
3397 5039 3675 5097 Ecclesia:
3701 5054 3801 5094 non

528 5125 828 5191 auditores,
852 5134 1032 5185 tacere
1075 5129 1155 5184 eis
1207 5145 1316 5186 non
1355 5130 1588 5187 debeant
1626 5135 1940 5191 sacerdotes
1966 5153 1979 5188 :
2002 5149 2108 5190 nec
2209 5133 2406 5188 habeat
2437 5132 2585 5186 unde
2622 5132 2769 5186 vivat
2785 5140 2811 5196 ,‘
2848 5146 2955 5187 non
3000 5131 3051 5187 ei
3092 5132 3285 5187 reddat
3324 5130 3433 5196 hic,
3466 5131 3570 5187 sed
3619 5144 3803 5187 neca-

528 5218 652 5277 ideo
681 5219 762 5279 rei
791 5219 919 5288 sint,
954 5222 999 5277 si
1039 5220 1180 5279 forte
1215 5238 1406 5280 eorum
1436 5225 1603 5281 verba
1629 5228 1810 5299 populi
1855 5244 1963 5287 non
2009 5243 2108 5283 au-
2208 5225 2350 5280 saria
2377 5230 2599 5292 prestet
2627 5222 2887 5287 Ecclesia,
2913 5231 2972 5277 ut
2993 5223 3047 5277 in
3071 5222 3255 5277 futuro
3280 5221 3573 5293 praemium
3600 5220 3803 5276 laboris

528 5308 708 5376 diunt,
740 5311 823 5367 vel
859 5314 1043 5391 audita
1084 5324 1460 5383 contemnunt,
1489 5318 1585 5373 sed
1614 5318 1659 5373 si
1704 5320 1773 5375 ab
1811 5318 1894 5374 eis
1933 5320 2105 5374 corri-
2206 5315 2454 5385 recipiat,
2501 5314 2644 5384 quod
2673 5314 2728 5368 in
2765 5314 2868 5369 hac
2890 5314 2999 5369 vita
3042 5314 3155 5385 jam
3189 5326 3285 5384 spe
3326 5312 3642 5369 Dominicse
3682 5326 3803 5385 pro-

529 5400 721 5470 gendis
745 5401 1032 5459 absistunt.
1065 5404 1204 5472 Quia
1235 5406 1282 5461 si
1326 5421 1428 5463 nec
1453 5408 1700 5479 exemplo
1728 5408 1852 5464 vitae
1892 5423 2106 5479 prmpo-
2207 5406 2483 5463 missionis
2523 5413 2821 5478 exspectat.
2871 5405 2952 5460 iiii
2996 5418 3230 5477 quoque,
3272 5405 3367 5475 qui
3397 5404 3555 5459 velut
3595 5402 3799 5467 idonei.

533 5491 762 5569 sitorum
798 5509 1061 5562 suorum,
1102 5512 1205 5553 nec
1245 5500 1416 5555 verbo
1460 5499 1720 5555 doctrinae
1761 5499 1945 5569 populi
1977 5514 2105 5555 con-
2211 5497 2345 5553 nihil
2374 5497 2479 5552 sibi
2505 5498 2725 5568 quidem
2771 5497 2887 5553 dari
2919 5497 3068 5552 velut
3100 5497 3338 5553 debitum
3378 5505 3664 5568 poscunt,
3712 5493 3804 5551 sed

533 5589 776 5639 tumaces
821 5587 1091 5644 emendati
1140 5590 1464 5659 proﬁciunt,
1516 5592 1620 5662 ipsi
1645 5590 1748 5646 sibi
1787 5605 1952 5646 causa
1978 5595 2109 5647 sua:
2208 5595 2391 5643 tamen
2421 5587 2678 5643 Ecclesia:
2705 5587 3013 5659 sumptibus
3047 5587 3273 5651 vivunt;
3317 5599 3426 5641 non
3478 5594 3570 5641 est
3615 5597 3802 5640 meum

533 5670 851 5739 perditionis
866 5677 1138 5753 existunt.
1162 5688 1218 5735 et
1245 5672 1498 5738 doctores
1520 5696 1647 5737 suos
1674 5695 1906 5753 quorum
1927 5694 2110 5736 exem-
2211 5679 2413 5745 dicere,
2444 5680 2592 5753 quali
2621 5689 2844 5752 peccato
2884 5681 3035 5737 cibos
3068 5680 3370 5751 pauperum
3411 5675 3804 5749 pnesumendo

536 5760 627 5833 pla
660 5760 818 5817 simul
845 5779 908 5821 ac
932 5768 1096 5824 verba
1123 5770 1450 5839 despiciunt,
1493 5772 1766 5829 involvere
1792 5772 2108 5828 criminibus
2211 5772 2530 5843 suscipiant,
2564 5773 2665 5842 qui
2693 5770 3016 5837 Ecclesium,
3040 5785 3204 5841 quam
3232 5768 3429 5839 iuvare
3454 5766 3525 5823 de
3551 5764 3805 5839 propriis

542 5853 657 5910 suis
703 5857 922 5913 omnino
963 5874 1070 5916 non
1121 5870 1398 5931 poterunt.
1453 5865 1610 5933 Quod
1662 5867 1802 5923 idem
1842 5866 2108 5938 propheta
2209 5863 2559 5921 iacultatibus
2600 5864 2919 5929 debuerant,
2961 5863 3077 5919 suis
3116 5858 3373 5932 expensis
3415 5850 3651 5929 insuper
3672 5868 3805 5929 εηδ
