4000 6460
171 441 263 504 897

739 434 1020 499 REGULA
1059 439 1556 500 CANONICORUM
1593 441 1681 497 AB
1716 438 2073 498 AMALARIO
2108 437 2483 498 COLLECTA.
2525 468 2596 481 —
2629 439 2756 497 LIB.
2797 440 2839 494 Ι.

3277 437 3384 496 898

171 563 286 614 vant
308 567 323 608 :
348 557 566 624 propter
591 548 696 607 hoc
720 551 969 608 fortassis
993 553 1046 609 in
1071 554 1516 626 congregationes
1535 552 1722 608 viven-
1747 561 1800 623 Α
1825 555 2060 626 gaudere
2094 553 2310 625 quidem
2341 554 2539 609 bonum
2565 559 2650 608 est
2677 571 2689 605 :
2721 551 2814 606 sed
2844 550 2935 620 qui
2963 551 3179 622 gaudet,
3209 551 3388 606 sinon

170 659 262 714 tes,
309 661 376 701 ne
421 643 629 716 aliquos
655 658 920 716 pauperes
963 655 1212 716 pascant,
1261 661 1328 701 ne
1371 643 1719 701 advenientes

168 738 440 808 excipiant,
483 745 577 794 aut
624 752 693 794 ne
718 755 876 796 suum
900 755 1126 797 censum
1167 740 1418 811 expensis
1453 741 1721 812 quotidia-

169 832 244 888 nis
287 828 625 885 imminuant.
678 829 830 899 Quod
880 833 927 889 si
958 832 1160 902 aliquid
1202 833 1270 888 de
1301 832 1566 888 fructibus
1607 832 1720 888 suis

167 922 402 980 Ecclesia:
447 922 594 979 velut
637 939 737 995 pro
781 925 896 995 ipsa
940 940 1175 1009 expensa
1225 939 1324 981 sua
1371 925 1716 989 contulerint,

165 1031 261 1071 non
297 1030 353 1071 se
399 1015 694 1086 praeferant
745 1019 893 1074 inani
924 1019 1190 1090 iactantia
1233 1017 1340 1073 illis
1387 1032 1524 1088 quos
1583 1016 1720 1072 nihil
1759 1033 1763 1040 ’

165 1104 406 1161 habentes
443 1107 612 1176 pascit
654 1115 709 1163 et
747 1108 908 1164 vestit
947 1106 1190 1164 Ecclesia
1220 1127 1234 1162 :
1275 1108 1400 1178 quia
1427 1107 1720 1178 perfectior

163 1205 240 1253 est
273 1196 359 1253 ille
399 1199 489 1271 qui
517 1213 576 1254 se
621 1200 806 1254 mundi
855 1200 1017 1256 rebus
1037 1199 1323 1270 ex5poliat,
1351 1206 1441 1254 aut
1475 1199 1567 1269 qui
1596 1213 1720 1254 cum

163 1285 290 1342 nihil
337 1287 613 1354 litbuerit,
655 1304 756 1344 nec
800 1289 1000 1344 habere
1050 1289 1358 1353 desiderat,
1415 1303 1579 1359 quam
1630 1288 1722 1344 ille

164 1377 248 1446 qui
272 1389 337 1430 ex
364 1376 549 1431 multis
588 1392 708 1446 quae
743 1379 1020 1448 possidet,
1056 1377 1314 1434 Ecclesia}
1353 1377 1554 1447 aliquid
1582 1393 1722 1447 prte-

159 1474 278 1532 stat,
320 1482 384 1522 ac
423 1481 483 1523 se
524 1459 591 1523 de
631 1484 696 1524 eo
733 1470 872 1538 quod
903 1470 1236 1538 priestiterit,
1279 1469 1503 1524 forsitan
1526 1468 1716 1538 iactat.

160 1561 292 1616 Dura
340 1569 466 1616 sunt
513 1575 632 1630 qua:
659 1563 802 1626 dico,
838 1576 939 1616 nec
967 1575 1067 1632 ego
1115 1559 1374 1627 dilﬁteor;
1410 1563 1543 1615 dura
1573 1567 1717 1626 sunt,

159 1653 246 1708 sed
268 1655 557 1709 observare
580 1653 908 1710 nolentibus.
932 1653 1199 1709 Caeterum
1223 1653 1268 1708 si
1299 1653 1430 1708 ﬁant
1449 1654 1572 1717 ista,
1602 1666 1723 1722 quae

155 1743 380 1798 difﬁcilia
403 1759 510 1798 non
550 1743 871 1800 facientibus
893 1754 1040 1809 sunt,
1068 1744 1248 1799 statim
1278 1743 1456 1798 facilia
1477 1743 1723 1799 facienti-

153 1832 247 1886 bus
275 1832 432 1888 fiunt.
477 1831 596 1888 Non
620 1849 748 1904 ergo
770 1850 832 1889 ea
854 1849 974 1904 qua:
1003 1833 1254 1888 nolumus
1282 1835 1594 1900 observare,
1622 1834 1722 1888 im-

1817 647 1943 702 inde
1996 647 2190 718 gaudet
2236 646 2378 702 unde
2418 645 2597 709 debet,
2645 658 2752 697 non
2805 649 2985 712 potest
3023 641 3225 696 bonum
3269 656 3390 696 esse

1817 738 1959 808 quod
1984 740 2198 810 gaudet.
2233 737 2510 808 Siquidem
2539 736 2734 807 gaudet
2778 743 2832 788 et
2859 741 3063 804 raptor,
3092 748 3214 788 cum
3249 730 3391 787 desi-

1819 829 2008 883 derata
2035 829 2274 899 rapuerit
2301 847 2314 881 :
2344 826 2541 897 gaudet
2574 834 2629 882 et
2655 825 2920 890 ebriosus,
2967 837 3090 878 cum
3121 830 3392 892 exoptata:

1818 918 2160 973 occasionem
2189 918 2479 988 potationis
2510 916 2775 971 invenerit
2805 933 2817 968 :
2853 914 3044 985 gaudet
3074 919 3129 968 et
3153 912 3386 976 adulter,

1818 1022 1943 1062 cum
1986 1006 2055 1061 ad
2089 1007 2515 1064 delectationem
2570 1006 2781 1062 fruendi
2829 1005 3071 1075 corporis
3122 1001 3392 1071 concupiti

1818 1103 2150 1174 pervenerit.
2185 1103 2293 1159 Sed
2323 1120 2445 1159 cum
2477 1104 2548 1158 sit
2586 1089 2821 1174 gaudere
2859 1101 3082 1164 bonum,
3113 1097 3290 1152 dehis
3314 1103 3394 1148 at-

1820 1208 1925 1263 que
1971 1195 2038 1250 de
2097 1194 2466 1264 hujuscemodi
2513 1194 2766 1264 gaudere,
2814 1190 3016 1261 grande
3057 1196 3142 1244 est
3172 1187 3392 1242 malum.

1821 1288 1947 1345 Haec
1971 1298 2028 1344 et
2053 1289 2138 1345 his
2162 1289 2358 1344 similia
2387 1296 2534 1353 sunt,
2567 1289 2707 1343 unde
2737 1301 2836 1342 nos
2855 1284 3086 1356 gaudere
3108 1281 3224 1336 vult
3245 1295 3396 1334 mun-

1821 1381 1942 1445 dus,
1975 1395 2097 1435 cum
2124 1379 2237 1434 suis
2262 1379 2598 1433 amatoribus
2626 1377 2920 1446 periturus.
2953 1372 3080 1427 Haec
3125 1377 3250 1426 sunt
3279 1381 3398 1437 quas

1821 1470 2107 1540 repudiare
2135 1471 2414 1535 debemus,
2444 1477 2504 1522 ut
2541 1469 2606 1523 de
2639 1467 2780 1522 bona
2811 1461 3165 1526 conscientia,
3202 1458 3400 1514 sancti-

1824 1571 1938 1617 tate
1969 1577 2201 1636 morum,
2231 1562 2296 1617 de
2333 1560 2690 1630 acquisitione
2717 1558 2998 1620 virtutum,
3032 1555 3097 1609 de
3135 1553 3276 1608 dono
3306 1550 3399 1604 Dei

1822 1665 1880 1712 et
1917 1656 1983 1711 de
2018 1655 2379 1726 promissione
2434 1653 2602 1708 futuri
2650 1651 2837 1722 regni,
2886 1646 3228 1704 ineﬂ‘abiliter
3272 1659 3403 1715 gau-

1824 1749 2068 1805 deamus.
2105 1749 2276 1804 Ditari
2305 1762 2519 1819 quoque
2567 1743 2789 1807 divitiis,
2823 1741 3026 1812 grande
3051 1747 3136 1794 est
3176 1737 3399 1791 bonum.

1795 1839 1934 1894 Sed
1974 1839 2101 1895 inde
2143 1839 2304 1894 ditari
2343 1837 2486 1892 unde
2517 1852 2626 1891 non
2656 1836 2876 1898 debeas,
2915 1846 3020 1887 non
3047 1837 3130 1885 est
3156 1828 3404 1884 habenda

149 1925 478 1994 possibilitas
504 1926 660 1982 nobis
692 1925 821 1982 facit
855 1927 1011 1994 dura,
1047 1927 1143 1983 sed
1183 1927 1415 1981 novitas.
1464 1926 1523 1981 In
1562 1942 1722 1982 usum
1750 1927 1798 1988 B
1826 1931 2079 1998 facultas,
2115 1931 2210 1986 sed
2249 1930 2565 1987 detestanda
2613 1926 2917 1982 calamitas.
2947 1922 3094 1977 Nihil
3143 1930 3227 1976 est
3255 1919 3404 1974 enim

151 2016 388 2082 veniant,
408 2026 461 2072 et
484 2018 754 2073 neminem
778 2018 1116 2088 frequentata
1135 2019 1555 2075 conturbabunt.
1581 2017 1720 2074 Nam

150 2120 328 2175 quaero
355 2107 487 2177 quid
527 2109 595 2163 sit
643 2124 830 2164 eorum
877 2125 997 2182 qua:
1042 2110 1152 2165 dixi
1199 2109 1444 2167 difﬁcile?
1469 2118 1529 2164 ut
1557 2111 1719 2167 homo
1755 2135 1758 2138 ’

151 2196 198 2250 id
221 2197 363 2267 quod
389 2213 524 2268 opus
559 2215 663 2254 non
704 2200 887 2266 habet,
925 2203 1002 2266 ab
1029 2200 1270 2256 Ecclesia
1297 2216 1404 2256 non
1442 2202 1673 2271 accipiat
1701 2221 1714 2256 :

156 2302 239 2350 an,
267 2296 326 2342 ut
351 2289 494 2358 quod
522 2304 657 2361 opus
684 2307 788 2348 non
820 2291 1000 2359 habet,
1029 2292 1146 2347 sine
1169 2307 1333 2347 causa
1375 2295 1720 2348 contemnat?

163 2377 213 2433 Si
254 2389 480 2450 propter
513 2381 616 2438 hoc
651 2398 757 2438 non
785 2381 899 2437 vult
925 2398 1023 2437 sua
1053 2383 1280 2451 quisque
1306 2382 1632 2452 relinquere,
1659 2389 1720 2437 ut

157 2470 345 2525 haheat
393 2472 539 2528 unde
566 2475 750 2540 vivat;
779 2484 840 2529 nt
887 2475 1014 2545 quid
1045 2474 1264 2544 accipit,
1287 2475 1432 2529 unde
1457 2476 1721 2530 rationem

150 2560 363 2618 reddat?
385 2570 449 2618 ut
483 2563 612 2636 quid
653 2563 891 2636 peccatis
916 2562 1108 2619 alienis
1134 2578 1231 2618 sua
1257 2563 1614 2636 multiplicat?

704 2677 930 2736 CAPUT
969 2674 1144 2733 CVIII.

210 2784 516 2859 (Ejusdem,
544 2791 620 2845 de’
640 2789 761 2844 Vita
786 2791 1083 2862 contempl.,
1106 2788 1194 2848 lib.
1221 2803 1281 2854 ii,
1311 2810 1359 2848 ε.
1401 2789 1514 2863 ll.)
1535 2791 1722 2863 Itaque

146 2881 411 2948 sacerdos,
447 2881 538 2938 cui
567 2882 980 2938 dispensationis
1002 2898 1133 2938 cura
1160 2885 1452 2942 commissa
1479 2893 1584 2951 est,
1604 2887 1721 2938 'non

147 2968 309 3026 solum
339 2973 461 3028 sine
490 2973 804 3044 cupiditate,
835 2975 930 3031 sed
952 2975 1117 3031 etiam
1153 2993 1276 3033 cum
1300 2976 1457 3031 laude
1480 2975 1715 3046 pietatis,

147 3064 334 3133 accipit
359 3082 391 3122 a
415 3065 614 3137 populo
644 3067 1028 3138 dispensanda,
1080 3078 1136 3124 et
1179 3069 1413 3125 ﬁdeliter
1445 3069 1722 3139 dispensat

147 3164 384 3226 accepta,
436 3159 532 3227 qui
558 3160 738 3214 omnia
785 3175 881 3214 sua
925 3167 1020 3214 aut
1049 3161 1287 3232 reliquit,
1337 3170 1430 3215 aut
1459 3159 1720 3216 Ecclesiae

1825 2023 2214 2086 calamitosius,
2245 2022 2486 2092 nihilque
2510 2020 2761 2075 miserius
2784 2032 2850 2072 eo
2874 2017 2966 2086 qui
2995 2014 3199 2083 iniquis
3227 2012 3406 2082 acqui-

1823 2115 2112 2172 sitionibus
2152 2114 2382 2177 crescit,
2409 2126 2569 2182 quem
2595 2110 2918 2178 locupletem
2952 2106 3172 2161 fraudes
3198 2105 3406 2159 faciunt

1823 2222 1890 2263 ac
1937 2207 2158 2276 rapinae.
2206 2205 2316 2260 Illas
2363 2205 2520 2260 nobis
2555 2211 2681 2259 sunt
2707 2199 3005 2256 ambiendae
3032 2197 3253 2262 divitias,
3283 2211 3404 2266 qua:

1823 2312 1923 2353 nos
1967 2313 2164 2351 ornare
2204 2303 2432 2366 possunt
2465 2295 2671 2365 pariter
2709 2300 2766 2347 et
2823 2291 3035 2345 munire
3066 2330 3080 2354 ,
3121 2303 3258 2359 quas
3304 2303 3405 2343 nec

1824 2387 2108 2456 acquirere
2147 2397 2434 2455 possumus
2477 2385 2649 2448 inviti,
2696 2399 2797 2439 nec
2829 2384 3057 2453 perdere
3089 2397 3103 2434 :
3141 2397 3262 2452 quae
3308 2396 3408 2434 nos

1824 2487 2014 2534 contra
2058 2479 2292 2547 impetus
2331 2475 2557 2531 hostiles
2595 2484 2847 2539 armant,
2887 2490 2918 2528 a
2963 2472 3162 2527 mundo
3209 2473 3405 2526 dister-

1822 2567 2056 2633 minant,
2085 2567 2196 2621 Deo
2224 2567 2623 2631 commendant,
2654 2565 2828 2620 ditant
2850 2556 3062 2620 animos
3086 2572 3302 2617 nostros
3327 2571 3407 2615 at-

1822 2672 1930 2727 que
1979 2656 2268 2712 nobilitant
2322 2675 2334 2709 :
2383 2656 2664 2710 nobiscum
2713 2663 2881 2720 sunt,
2924 2655 3068 2707 intra
3113 2667 3212 2708 nos
3255 2661 3401 2707 sunt.

1821 2747 2038 2803 Divitias
2066 2755 2269 2802 nostris
2313 2746 2599 2802 credenda:
2632 2754 2777 2810 sunt,
2825 2745 3106 2816 pudicitia,
3140 2759 3260 2814 qua:
3306 2759 3406 2799 nos

1822 2839 2082 2910 pudicos;
2107 2839 2341 2908 iustitia,
2375 2851 2495 2908 quae
2517 2837 2730 2908 iustos;
2759 2837 2956 2907 pietas,
2985 2851 3106 2906 quae
3134 2837 3284 2906 pios;
3311 2835 3406 2889 hu-

1822 2930 2047 2996 militas,
2067 2947 2188 3001 quin
2217 2929 2481 2995 humiles;
2507 2930 2884 2994 mansuetudo,
2916 2943 3036 2998 qua:
3052 2936 3399 2992 mansuetos;

1825 3022 2154 3083 innocentia,
2211 3036 2331 3091 qum
2371 3021 2717 3086 innocentes;
2770 3021 3000 3090 paritas,
3052 3035 3172 3090 quae
3203 3034 3401 3090 puros;

1822 3113 2129 3180 prudentia,
2158 3125 2280 3181 quae
2323 3111 2648 3182 prudentes;
2678 3110 3058 3181 temperantia,
3108 3125 3229 3180 qua:
3263 3112 3398 3164 tem-

1822 3209 2107 3273 perantes;
2138 3210 2194 3256 et
2222 3200 2479 3266 charitas,
2517 3215 2638 3270 qua:
2665 3215 2766 3256 nos
2791 3199 2922 3256 facit
2956 3200 3067 3256 Deo
3095 3208 3153 3255 et
3176 3199 3390 3255 homini

147 3247 302 3302 rebus
351 3250 629 3319 azljunxrt,
675 3260 729 3305 et
773 3267 832 3306 se
870 3252 923 3306 in
965 3267 1194 3308 numero
1238 3267 1535 3324 pauperum
1577 3266 1714 3322 pau-
1823 3247 2107 3273 ""'""’
2141 3247 2194 3256 "
2225 3247 2479 3305 “’ῖ“”’“”’
2520 3247 2638 3270 ““””
2666 3247 2764 3256 ”’”
2791 3247 2922 3256 ’““’
2956 3247 3063 3305 ’ἷν
3099 3247 3152 3255 ’⁷

147 3340 564 3363 “nudum”
907 3342 973 3363 ιη
1005 3343 1212 3363 ημψμ
1240 3342 1681 3363 μηηηῃωηηι
1746 3277 1794 3342 C
1824 3294 1926 3350 bus
1966 3295 2184 3360 charos,
2230 3302 2492 3348 Virtutum
2528 3301 2795 3363 potentes,
2849 3293 3030 3349 saeculi
3063 3301 3402 3363 contempto.

144 3340 366 3406 pertatis
381 3357 568 3396 amore
589 3357 682 3396 tor-
693 3343 888 3406 stituit,
906 3342 980 3396 ita
1005 3343 1217 3398 utunde
1240 3343 1572 3412 pauperibus
1584 3342 1712 3396 sub-

145 3429 436 3497 ministrat,
464 3433 517 3486 in
543 3434 587 3487 le
618 3443 673 3488 ct
709 3433 820 3501 ipse
849 3444 1105 3502 tanquam
1135 3448 1339 3503 pauper
1368 3431 1715 3487 voluntarius

142 3521 302 3575 vivat.
347 3522 548 3578 Ωιι,Γέοί
574 3539 806 3592 qioq-Je,
843 3538 978 3592 quos
1007 3539 1276 3593 pauperes
1314 3531 1410 3578 aut
1448 3521 1713 3586 voluntas,

139 3625 229 3669 aut
251 3618 515 3673 nativitas
545 3618 692 3685 fecit,
719 3635 840 3674 cum
870 3619 1203 3688 perfectione
1225 3621 1460 3685 virtutis,
1477 3619 1601 3673 vitae
1621 3633 1714 3672 ne-

137 3707 406 3770 cessaria,
435 3708 548 3761 sive
575 3708 628 3761 in
646 3708 890 3762 domibus
917 3709 1049 3772 suis,
1075 3708 1188 3765 sive
1213 3709 1265 3763 in
1298 3708 1718 3780 congregatione

134 3796 412 3862 viventes,
459 3800 731 3870 accipiunt
764 3813 778 3852 :
810 3800 938 3869 quia
966 3800 1032 3854 ad
1063 3815 1126 3854 ea
1154 3799 1465 3870 accipienda
1498 3815 1604 3854 non
1625 3812 1716 3853 cos

141 3887 385 3944 habendi
408 3889 677 3960 cupiditas
701 3889 869 3956 ducit,
897 3889 990 3945 sed
1010 3879 1385 3962 cogit'vivendi
1401 3890 1714 3946 necessitas.

728 4005 956 4062 CAPUT
993 4006 1125 4064 CIX.

211 4117 596 4190 (Ejusdem,de
624 4117 749 4173 Vita
778 4119 1080 4190 contempl.,
1105 4119 1270 4183 lib.lt,
1304 4136 1349 4173 c.
1381 4118 1494 4189 12.)
1515 4119 1594 4173 llli
1622 4133 1718 4173 au-

145 4213 270 4273 tem,
308 4209 402 4278 qui
449 4216 562 4264 tam
607 4207 809 4263 infirmi
858 4219 1004 4275 sunt,
1051 4218 1112 4264 ut
1145 4209 1577 4280 possessionibus
1605 4209 1719 4264 suis

144 4300 454 4355 renuntiare
483 4315 590 4355 non
620 4301 849 4371 possint,
881 4301 928 4356 si
957 4315 1020 4356 ea
1048 4315 1169 4371 quae.
1212 4301 1485 4370 accepturi
1528 4307 1715 4367 erant,

145 4391 503 4462 dispensatori
525 4393 848 4464 relinquant,
867 4394 1001 4450 nihil
1024 4393 1347 4450 habentibus
1367 4392 1712 4460 conferenda,

145 4482 254 4538 sine
281 4493 512 4555 peccato
537 4487 815 4556 possident
840 4502 936 4542 sua
963 4485 1018 4558 (Ι
1043 4486 1166 4542 Cor.
1196 4487 1276 4558 ix)
1309 4500 1326 4540 :
1365 4486 1492 4556 quia
1522 4494 1578 4541 et
1612 4486 1715 4557 ipsi
1753 4527 1756 4529 λ

145 4575 538 4642 quodammodo
563 4591 658 4631 sua
695 4576 1020 4647 relinquunt,
1064 4577 1279 4647 quando
1309 4575 1543 4647 propriis
1585 4590 1715 4633 con-

145 4640 272 4720 tenti
305 4668 497 4733 rebus,
534 4666 666 4721 nihil
706 4640 894 4722 eorum
935 4683 1056 4738 qua:
1080 4640 1267 4722 labori
1298 4640 1383 4722 vel
1406 4640 1585 4722 ordini
1614 4683 1712 4723 suo
1737 4640 1792 4700 D

142 4754 320 4813 deberi
365 4759 724 4822 arbitrantur,
758 4759 1048 4830 accipiunt.
1077 4759 1251 4827 'Quod
1279 4760 1327 4815 si
1371 4769 1566 4830 putant
1593 4758 1716 4816 ideo
1751 4811 1754 4814 .

143 4849 305 4920 accipi
327 4851 534 4908 debere
557 4865 745 4906 eorum
771 4865 892 4920 quae
914 4849 1268 4905 conferuntur
1289 4849 1568 4916 Ecclesiae,
1590 4866 1716 4920 por-
1751 4897 1756 4904 .

143 4937 358 5009 tionem,
412 4957 486 4997 ne
533 4956 655 4997 eam
707 4940 991 4997 videantur
1037 4940 1292 5010 abiicere,
1336 4955 1396 4996 se
1435 4956 1564 4996 vero
1604 4956 1716 4996 non

140 5041 291 5096 posse
314 5046 416 5086 sua
443 5030 773 5102 relinquere,
798 5031 942 5101 quod
964 5030 1044 5086 eis
1068 5027 1311 5085 deforme
1335 5028 1407 5084 sit
1426 5028 1568 5083 inter
1587 5042 1716 5084 suos
1751 5054 1755 5058 -

139 5131 400 5192 pauperes
423 5122 601 5190 reddi,
630 5122 882 5178 noverint
907 5137 1028 5178 esse
1052 5119 1348 5178 deformius
1374 5111 1715 5190 possessores

141 5210 203 5270 de
225 5211 587 5285 eleetnosynis
615 5226 911 5284 pauperum
940 5213 1110 5284 pasci.

673 5357 678 5360 -
733 5324 958 5383 CAPUT
995 5325 1109 5382 CX.

210 5437 520 5510 (Ejusdem,
548 5439 612 5495 de
648 5438 770 5494 Vita
815 5436 1116 5510 contempl.,
1149 5436 1239 5492 lib.
1270 5452 1330 5502 ll,
1377 5453 1423 5491 c.
1455 5436 1567 5509 l5.)
1596 5434 1713 5491 Heu

139 5539 297 5598 quam
345 5529 621 5587 subtiliter
667 5545 767 5586 nos
815 5529 904 5584 ille
954 5529 1254 5600 decipiendi
1291 5526 1489 5582 artifex
1530 5525 1711 5580 fallit!

141 5629 334 5688 quanta
365 5623 610 5680 cmcitate
653 5621 838 5678 oculos
864 5628 1065 5677 nostra:
1106 5620 1308 5677 mentis
1339 5620 1598 5686 obducit,
1647 5633 1716 5675 ne

141 5709 510 5769 discernamus
543 5713 809 5786 gaudendi
857 5711 1020 5778 avidi,
1069 5711 1211 5766 unde
1245 5709 1444 5782 iustius
1474 5708 1713 5780 gaudea-

141 5815 297 5858 mus:
329 5812 430 5858 aut
475 5818 541 5860 ne
577 5804 856 5874 cupientes
884 5801 1073 5872 augeri
1119 5801 1354 5866 divitiis,
1404 5799 1715 5856 noverimus

141 5905 276 5967 quas
325 5897 525 5969 quibus
547 5901 551 5906 '
573 5895 1065 5970 incomparabiliter
1116 5892 1470 5969 praeferamus
1511 5894 1525 5949 !
1575 5890 1714 5951 Nam

1823 3403 1931 3455 res,
1962 3404 2026 3444 ac
2055 3388 2321 3443 bonorum
2345 3387 2586 3442 omnium
2615 3394 2929 3441 sectatores.
2969 3385 3094 3441 Haec
3125 3393 3251 3440 sunt
3294 3399 3400 3439 non

1823 3481 2083 3543 omnium,
2116 3480 2210 3534 scd
2240 3487 2550 3534 sanctorum
2579 3486 2780 3533 sanctie
2813 3478 3044 3533 virtutes
3073 3497 3086 3531 :
3117 3491 3222 3532 non
3264 3477 3403 3531 divi-

1824 3581 1937 3628 tum
1968 3570 2348 3642 superborum,
2377 3570 2471 3624 sed
2523 3568 2805 3624 humilium
2834 3583 3136 3639 pauperum
3181 3567 3394 3622 faculta-

1824 3673 1905 3719 tes
1943 3683 1955 3718 :
1999 3663 2385 3735 patrimonium
2417 3662 2682 3727 cordium,
2729 3662 2933 3716 divitia:
2964 3659 3402 3730 incorruptibiles

1824 3771 2036 3811 morum
2066 3771 2081 3808 :
2113 3756 2310 3826 quibus
2339 3771 2446 3810 non
2477 3755 2774 3820 abundant,
2820 3753 2924 3808 nisi
2955 3755 3048 3823 qui
3077 3752 3181 3808 illis
3209 3768 3400 3808 carna-

1823 3852 1964 3906 libus
1988 3867 2055 3906 ex
2087 3852 2250 3906 corde
2275 3851 2606 3905 renuntiant.
2637 3849 2767 3917 Quae
2795 3847 3045 3918 quamvis
3067 3857 3122 3903 et
3155 3848 3269 3918 ipsa
3293 3846 3403 3902 sint

1820 3947 1988 4012 bona,
2017 3954 2206 4017 utpote
2233 3961 2264 4000 a
2310 3947 2455 4002 bono
2484 3945 2596 4001 Deo
2621 3952 2828 4009 creata,
2872 3954 3055 3999 tamen
3100 3943 3227 4014 quia
3277 3950 3404 3996 sunt

1820 4039 1978 4094 bonis
2006 4039 2271 4108 malisque
2299 4036 2632 4102 communia,
2668 4036 2886 4092 student
2912 4051 2974 4090 ea
3002 4033 3274 4105 spiritales
3299 4033 3400 4089 viri
3435 4063 3439 4067 τ

1821 4137 2190 4193 contemnere,
2237 4144 2346 4198 quo
2387 4128 2601 4198 possint
2639 4127 2707 4180 ad
2759 4127 2849 4180 illa
2899 4124 3402 4195 incomparabiliter

1820 4221 2064 4285 meliora,
2097 4235 2226 4290 quae.
2243 4226 2372 4274 sunt
2400 4220 2664 4273 bonorum
2685 4216 2928 4271 omnium
2955 4215 3190 4285 propria,
3214 4227 3403 4284 perve-

1821 4314 1958 4368 nire.
1988 4312 2257 4379 Quoniam
2289 4327 2396 4367 non
2436 4317 2521 4366 est
2566 4307 2672 4363 tale
2698 4309 2896 4363 bonum
2925 4307 3068 4375 quod
3109 4303 3310 4359 habent
3347 4311 3405 4358 et

1820 4406 1975 4472 mali,
2007 4405 2168 4476 quale
2196 4404 2326 4460 illud
2365 4411 2451 4459 est
2502 4402 2646 4472 quod
2690 4416 2798 4456 non
2849 4398 3050 4454 habent
3099 4396 3202 4452 nisi
3251 4397 3400 4452 boni.

1821 4500 2112 4572 Corporale
2159 4501 2358 4556 bonum
2401 4498 2620 4570 quando
2668 4498 2872 4552 habent
2914 4493 3107 4565 iniqui,
3159 4493 3425 4561 ipsorum.

1819 4604 1903 4651 est
1931 4594 2211 4666 premium
2242 4611 2254 4646 :
2293 4592 2510 4662 quando
2539 4591 2743 4646 habent
2767 4587 2922 4658 justi,
2949 4594 3068 4641 non
3095 4591 3181 4639 est
3211 4595 3401 4637 eorum

1816 4689 2122 4762 praemium,
2174 4687 2268 4744 sed
2297 4686 2593 4757 temporale
2621 4683 2892 4742 solatium.
2938 4679 3073 4735 Item
3103 4675 3233 4762 boni
3266 4683 3403 4730 tem-

1815 4783 2016 4855 poralis
2050 4783 2274 4838 amissio
2301 4781 2361 4836 lit
2388 4778 2711 4836 exercitium
2730 4776 2881 4846 iusti,
2909 4783 2965 4828 et
2987 4771 3170 4840 iniusti
3197 4767 3401 4837 suppli-

1817 4876 2000 4931 cium:
2042 4874 2170 4944 quia
2217 4881 2273 4928 et
2295 4873 2478 4940 iustus
2507 4868 2778 4925 desiderio
2822 4865 3126 4921 caelestium
3175 4867 3398 4927 captus,

1818 4967 1999 5022 omnia
2021 4962 2361 5034 temporalia,
2386 4961 2500 5016 sive
2525 4959 2744 5022 habeat,
2773 4956 2889 5010 sive
2913 4952 3150 5015 amittat,
3176 4947 3400 5003 omnino

1821 5056 2177 5114 non'sentit:
2213 5061 2268 5109 et
2315 5052 2537 5121 iniquus
2586 5049 2640 5105 id
2674 5047 2818 5118 quod
2870 5059 2992 5101 cum
3043 5037 3400 5098 delectatione

1819 5150 2028 5213 habuit,
2058 5149 2176 5202 sine
2201 5145 2386 5201 dolore
2409 5159 2517 5200 non
2542 5142 2736 5214 perdit.
2775 5139 3071 5208 Propterea
3114 5131 3279 5203 igitur
3317 5125 3400 5182 eis

1819 5241 1913 5312 qui
1943 5237 2175 5294 militant
2206 5237 2334 5303 Deo,
2374 5234 2644 5306 fugienda:
2671 5239 2888 5288 suntex
2916 5234 3034 5281 toto
3076 5220 3241 5279 corde
3262 5216 3399 5272 divi-

1818 5335 1929 5389 tiae.
1963 5331 2109 5398 Quas
2137 5329 2229 5399 qui
2266 5327 2471 5384 habere
2498 5326 2707 5390 volunt,
2745 5323 2862 5379 sine
2899 5319 3086 5373 labore
3111 5328 3219 5369 non
3251 5325 3400 5380 «ιαπ-
3441 5327 3444 5331 ’

1819 5434 1966 5489 runt,
2000 5423 2118 5480 sine
2143 5420 2453 5477 ditlicultate
2481 5434 2590 5474 non
2630 5414 2930 5478 inveniunt,
2974 5409 3091 5466 sine
3118 5419 3249 5462 cura
3289 5415 3398 5458 non
3443 5427 3447 5434 -

1820 5524 2058 5579 servant,
2092 5516 2210 5572 sine
2239 5514 2398 5569 anxia
2427 5508 2786 5566 delectatione
2813 5517 2919 5558 non
2945 5497 3249 5572 possident,
3279 5494 3399 5550 sine

1817 5611 2006 5666 dolore
2035 5625 2139 5664 non
2174 5607 2425 5677 perdunt.
2473 5599 2766 5672 Apostolus
2796 5587 3228 5650 autem‘Christi
3253 5583 3398 5677 mili-

1815 5703 1960 5758 tibus
1990 5702 2122 5757 dicit
2150 5675 2334 5754 {Vota
2371 5710 2458 5750 vos
2501 5693 2613 5748 sine
2639 5686 2992 5745 sollicitudine
3027 5697 3138 5737 esse
3186 5678 3236 5752 (ι
3268 5675 3394 5733 Cor.
3443 5709 3446 5712 η

1814 5795 1955 5868 vn):
2011 5803 2084 5858 et,
2137 5789 2316 5844 Radix
2357 5787 2589 5842 omnium
2624 5781 2885 5837 malorum
2933 5775 3159 5832 avaritia
3185 5790 3210 5840 ,'
3245 5784 3396 5842 quem
3443 5829 3448 5838 I

1816 5889 2030 5962 quidam
2053 5893 2344 5959 appetentes
2368 5887 2672 5939 erraverunt
2700 5893 2732 5932 α
2758 5873 2962 5948 βαεηει
2987 5870 3318 5927 inseruerunt
3341 5874 3399 5919 se
