4000 6468
512 394 619 454 899
1509 389 1916 460 AIALARWS
1945 386 2092 450 RBE:

2240 378 2360 446 PER
2399 376 2764 452 METENSIS.
3698 373 3820 442 θα)

513 511 783 582 doloribus
807 508 988 566 multis
1013 507 1066 581 (ι
1101 507 1240 566 Tim.
1278 506 1378 578 VI).
1417 507 1498 566 Ac
1523 509 1602 568 sic
1626 521 1822 568 cenaus
1851 507 1953 564 iste
1981 511 2089 568 ter-
2117 501 2170 570 Α
2193 498 2377 560 Nostis
2401 512 2610 564 omnes,
2637 504 2732 556 aut
2758 506 2899 567 pene
2921 503 3112 576 omnes
3130 533 3145 557 ,
3179 484 3259 550 sic
3283 505 3387 554 nos
3413 483 3616 554 vivere
3649 494 3716 555 in
3744 510 3820 556 ea

514 621 679 665 renus
709 606 810 673 eis,
852 619 884 658 a
915 603 1113 674 quibus
1155 603 1351 658 vitiose
1398 601 1663 672 diligitur,
1695 615 1806 656 non
1834 608 1921 658 est
1947 600 2098 658 volu—
2201 595 2388 659 domo,
2431 607 2551 664 quae
2593 591 2792 648 dicitur
2832 588 3023 646 domus
3066 585 3358 658 episcopii,
3393 594 3492 651 ut,
3522 594 3817 660 quantum

512 707 726 773 ptatum
769 696 1020 762 materia,
1070 695 1168 751 sed
1202 695 1471 750 dolorum.
1501 693 1843 765 Quapropter
1881 693 2100 768 expedit
2199 704 2521 761 possumus,
2560 686 2837 744 imitemur
2873 698 2968 742 eos
2992 691 3238 773 sanctos,
3280 679 3347 736 de
3378 681 3580 752 quibus
3612 680 3815 752 loqui-

516 771 803 853 i‘aeultates
824 793 1080 852 Ecclesiae
1100 793 1392 863 possideri,
1415 800 1478 850 ut
1503 792 1630 847 inde
1651 790 1851 854 vivant,
1877 791 1971 860 qui
1992 805 2100 846 non
2202 791 2289 852 tur
2316 782 2451 838 liber
2473 781 2710 844 Actuum
2735 775 3134 848 apostolorum:
3157 771 3325 829 Nemo
3351 772 3559 830 dicebat
3585 773 3813 844 aliquid

518 887 740 952 saeculo,
773 886 926 957 cujus
973 885 1167 958 gaudia
1220 883 1446 955 fugitiva
1488 881 1796 953 repudiarit,
1845 881 1942 938 sed
1987 880 2100 939 Deo
2200 878 2508 951 proprium,
2557 876 2647 932 sed
2693 880 2843 932 erant
2887 869 2993 934 illis
3030 869 3206 928 omnia
3231 867 3533 928 communia
3557 866 3734 940 (Cap.
3772 885 3811 924 n

520 979 850 1045 daerviunt,
887 976 1040 1047 cuius
1067 974 1361 1033 ineffabilia
1386 976 1528 1031 bona
1555 974 1882 1034 desiderant.
2200 980 2251 1025 et
2275 971 2373 1042 tv).
2414 969 2558 1042 Quia
2593 965 2733 1022 forte
2771 962 2939 1034 aliqui
2964 973 3208 1018 vestrum
3230 975 3339 1018 non
3368 967 3499 1018 sunt
3529 968 3651 1016 tam
3683 961 3811 1016 dili-

1247 1066 1382 1123 CXI.
2202 1069 2392 1134 gentes
2418 1060 2544 1115 vitae
2574 1066 2773 1116 nostra:
2801 1063 3156 1118 scrutatores,
3183 1060 3242 1107 ut
3267 1052 3372 1108 huc
3402 1051 3480 1106 sic
3513 1051 3808 1118 noverint,

593 1162 910 1236 (Pi-asperi.)
953 1161 1030 1217 De
1056 1159 1255 1220 talibus
1295 1159 1477 1218 dicere
1517 1158 1732 1214 videtur
1765 1155 2097 1227 Apostolus:
2202 1152 2474 1222 quomodo
2493 1150 2616 1208 volo
2646 1163 2742 1204 vos
2773 1161 2974 1202 nosse:
3008 1141 3586 1236 dico‘quid-sit,_quod
3610 1144 3808 1200 brevi-

525 1232 631 1324 Qui
673 1257 729 1312 in
755 1232 1007 1310 sacrario
1054 1262 1360 1324 operantur,
1405 1268 1523 1322 qua:
1553 1250 1620 1304 de
1665 1247 1901 1304 sacrario
1942 1256 2099 1312 sunt,
2204 1250 2286 1296 ter
2313 1241 2444 1298 dixi.
2477 1241 2618 1316 Ego,
2650 1253 2812 1310 quem
2847 1236 2959 1290 Deo
2997 1233 3234 1306 pr0pitio
3253 1232 3450 1313 videtis
3472 1233 3806 1302 episcopum

522 1346 683 1402 edunt
725 1359 741 1398 :
773 1354 820 1400 et
843 1345 936 1415 qui
974 1342 1168 1398 altario
1197 1343 1514 1407 deserviunt,
1548 1357 1667 1395 cum
1698 1339 1859 1394 altari
1886 1338 2102 1409 partici-
2202 1341 2464 1400 vestrum,
2489 1331 2704 1402 juvenis
2745 1329 2868 1390 veni
2906 1329 2975 1383 ad
3005 1327 3166 1384 istam
3194 1326 3499 1415 civitatem,
3531 1334 3600 1382 ut
3645 1324 3804 1385 multi

521 1446 668 1510 pani.
717 1437 820 1504 Qui
856 1414 974 1492 nisi
1025 1436 1128 1492 hoc
1161 1435 1230 1497 de
1277 1432 1740 1503 contemptoribus
1785 1431 2104 1488 facultatum
2202 1433 2442 1480 vestrum
2469 1427 2757 1480 noverunt.
2797 1417 3118 1486 Qumreham
3136 1414 3664 1510 ubiconstiluerem
3689 1430 3805 1470 mo—

522 1505 744 1583 suarum
772 1523 932 1582 vellet
979 1521 1230 1593 intelligi,
1262 1536 1538 1590 nunquam
1581 1535 1806 1578 securus
1847 1517 2102 1588 adjunge-
2203 1515 2536 1586 nasterium,
2586 1523 2646 1570 et
2681 1511 2926 1568 viverem
2960 1524 3086 1567 cum
3128 1505 3388 1566 fratribus
3428 1508 3595 1564 meis.
3637 1507 3806 1576 Spem

521 1625 648 1677 ret:
681 1616 769 1670 Ila
813 1626 862 1671 et
893 1615 1150 1681 Dominus
1201 1615 1463 1672 ordinavit
1505 1614 1585 1668 Itis
1626 1614 1717 1684 qui
1764 1610 2106 1683 Euangelium
2205 1605 2401 1682 quippe
2423 1617 2638 1664 omnem
2673 1601 2858 1666 saeculi
2891 1600 3253 1678 reliqueram,
3287 1606 3344 1658 et
3369 1599 3524 1668 Quod
3550 1614 3677 1657 esse
3703 1615 3798 1674 νος

523 1708 872 1772 animalium,
925 1707 989 1762 de
1028 1705 1313 1776 Evangelia
1357 1705 1542 1759 vivere.
1589 1703 1666 1772 De
1708 1701 2000 1774 Evangelio
2026 1699 2105 1756 vi—
2208 1697 2314 1764 tui,
2348 1695 2497 1760 nolui
2532 1712 2546 1750 ε
2579 1708 2688 1752 non
2727 1692 2950 1764 quaesivi
2983 1700 3164 1748 tamen
3197 1691 3341 1762 quod
3369 1706 3519 1750 sum.
3563 1691 3720 1762 Elogi
3747 1692 3799 1750 in

521 1809 677 1863 vunt,
707 1800 801 1868 qui
826 1799 961 1854 nihil
985 1799 1266 1869 proprium
1291 1798 1493 1854 habere
1516 1796 1740 1858 volunt:
1767 1795 1858 1866 qui
1886 1809 1988 1854 nec
2010 1794 2104 1848 ha-
2132 1861 2175 1869 _
2209 1791 2368 1852 domo
2409 1788 2505 1848 Dei
2542 1787 2785 1860 abjectus
2823 1801 2946 1844 esse
3028 1785 3202 1856 magis
3245 1800 3412 1858 quam
3451 1784 3713 1846 habitare
3746 1787 3799 1842 in

522 1861 674 1958 bent,
721 1861 824 1948 nec
862 1861 1065 1950 habere
1088 1861 1323 1959 aliquid
1383 1861 1814 1959 concupiscunt,
1856 1902 1964 1944 non
1987 1900 2105 1948 suo-
2132 1861 2184 1923 Β
2211 1880 2575 1940 tabernaculis
2607 1887 2973 1952 peccatorum.
3015 1874 3098 1931 Ab
3128 1876 3207 1934 eis
3239 1877 3331 1948 qui
3362 1876 3608 1947 diligunt
3631 1893 3795 1938 δίδως

522 2000 644 2040 rum
674 2025 688 2048 ,
771 1985 866 2040 sed
939 1983 1308 2040 communium
1376 1997 1740 2054 possessores.
1809 1979 1948 2048 Quid
2019 1985 2105 2036 est
2208 1974 2340 2040 lum,
2370 1971 2578 2032 secrevi
2608 1987 2693 2034 me
2731 1989 2743 2026 :
2780 1969 2874 2026 sed
2901 1969 2981 2024 eis
3013 1969 3106 2040 qui
3135 1976 3380 2040 praesunt
3407 1970 3656 2042 pepulis,
3696 1986 3796 2027 non

524 2072 668 2128 aliud
709 2073 776 2129 de
826 2073 1118 2143 Evangelia
1148 2073 1354 2139 vivere,
1409 2073 1516 2129 nisi
1565 2073 1904 2130 laborantem
1953 2071 2100 2137 inde,
2207 2084 2296 2130 me
2325 2065 2598 2140 coaequavi
2640 2082 2654 2118 :
2703 2077 2804 2120 nec
2845 2062 2899 2124 in
2942 2060 3190 2118 convivio
3229 2059 3449 2118 Domini
3491 2061 3607 2118 mei
3650 2076 3801 2132 supe-

523 2164 614 2218 uhi
644 2163 882 2226 laborat,
923 2164 1231 2230 necessaria
1279 2163 1406 2218 vitae
1449 2161 1768 2239 percipere?
1813 2159 2102 2230 Apostolus
2207 2163 2406 2232 riorem
2436 2160 2617 2218 locum
2637 2157 2806 2230 elegi,
2839 2155 2936 2214 sed
2956 2153 3271 2210 inferiorem
3297 2161 3356 2210 et
3383 2151 3681 2226 abiectum.
3733 2154 3802 2210 Et

523 2265 736 2325 tamen,
774 2256 866 2326 qui
897 2257 978 2312 sic
1015 2256 1366 2327 Evangelium
1420 2255 1754 2328 praedicavit,
1802 2261 1864 2308 ut
1891 2269 1991 2310 nec
2035 2254 2104 2310 de
2204 2253 2408 2323 placuit
2447 2251 2524 2310 illi
2567 2250 2750 2306 dicere.
2779 2247 2911 2304 mihi
2949 2265 2962 2298 :
2997 2245 3247 2303 Ascende
3289 2259 3521 2302 sursum.
3611 2243 3803 2328 Usque

522 2349 820 2421 Evangelia
848 2350 1079 2417 viveret,
1113 2326 1208 2408 sed
1242 2326 1554 2408 necessaria
1583 2350 1689 2418 sibi
1712 2349 1826 2412 suis
1851 2346 2104 2404 manibus
2206 2344 2341 2404 adeo
2367 2351 2545 2410 autem
2577 2342 2834 2398 timebam
2859 2340 3229 2412 episcopatum
3254 2379 3269 2404 ,
3303 2347 3364 2394 ut
3384 2326 3795 2410 quoniamut);-

523 2441 878 2502 ministraret.
910 2441 975 2496 de
995 2455 1054 2495 se
1079 2441 1418 2496 conﬁdenter
1446 2440 1716 2510 eloquitur
1744 2453 1759 2493 :
1783 2437 1900 2509 Ego
1926 2447 2101 2492 autem
2204 2445 2364 2508 perat
2387 2451 2510 2494 esse
2535 2435 2648 2506 jam
2672 2432 2928 2494 momenti
2960 2431 3099 2488 inter
3120 2429 3221 2488 Dei
3247 2444 3436 2486 servos
3469 2427 3618 2490 iama
3644 2444 3800 2496 mea,

525 2533 669 2587 nullo
697 2533 884 2590 horum
905 2547 1030 2599 usus
1053 2551 1188 2590 sum.
1220 2534 1290 2590 Et
1311 2549 1482 2604 quare
1507 2535 1610 2588 hoc
1637 2532 1856 2598 dixerit,
1880 2545 2107 2598 securus
2205 2530 2262 2584 in
2289 2543 2398 2600 quo
2446 2527 2568 2588 loco
2598 2523 2837 2592 sciebam
2866 2538 2978 2582 non
3010 2537 3134 2582 esse
3175 2522 3494 2594 episcopum
3511 2560 3529 2585 ,
3574 2535 3692 2576 non.
3711 2520 3800 2576 illo

523 2626 753 2694 aperuit,
795 2626 1022 2689 dicens:
1055 2626 1278 2696 Expedit
1307 2626 1436 2682 mihi
1460 2627 1616 2691 mori,
1648 2625 1815 2694 magis
1845 2639 2004 2694 quam
2045 2632 2102 2678 ut
2206 2620 2541 2676 accederem.
2596 2616 2865 2671 Cavebam
2892 2615 2996 2670 hoc
3023 2621 3080 2670 et
3113 2612 3340 2688 agebam
3360 2652 3376 2676 ,
3413 2619 3688 2680 quantum
3714 2626 3799 2679 po-

523 2714 748 2786 gloriam
791 2732 961 2772 meam
1005 2716 1122 2785 quia
1150 2725 1386 2782 euacuet.
1415 2714 1682 2774 Evacuari
1709 2714 1841 2771 dicit
1874 2714 2105 2782 gloriam
2207 2720 2402 2777 teram,
2432 2718 2493 2764 ut
2516 2710 2569 2764 in
2596 2708 2716 2763 loco
2744 2705 2932 2761 humili
2958 2704 3221 2769 salvarer,
3263 2715 3334 2756 ne
3362 2704 3418 2756 in
3446 2703 3564 2757 alto
3593 2702 3798 2771 pericli-

522 2822 698 2872 suam,
749 2808 795 2864 si
838 2809 908 2864 ab
933 2808 1032 2872 eis,
1062 2808 1260 2876 quibus
1284 2805 1647 2876 praedicabat,
1675 2804 1937 2862 voluisset
1962 2805 2110 2862 acci-a
2209 2813 2373 2859 tarer.
2430 2801 2558 2867 Sed,
2603 2807 2664 2854 ut
2717 2798 2853 2864 dixi,
2901 2796 3130 2852 Domino
3177 2809 3371 2851 servus
3416 2795 3796 2851 contradicere

523 2913 656 2968 pere
689 2899 814 2954 vitae
845 2898 1160 2968 temporalis
1201 2912 1517 2967 expensam.
1561 2897 1786 2971 Nolebat
1810 2900 2010 2969 quippe
2051 2900 2106 2960 in
2207 2909 2315 2950 non
2344 2893 2523 2949 debet.
2572 2890 2709 2946 Veni
2735 2889 2802 2944 ad
2841 2889 3000 2944 istam
3032 2887 3332 2952 civitatem,
3360 2897 3599 2960 propter
3627 2889 3798 2942 viden-

523 2992 777 3059 praesenti
801 2991 1005 3050 laboris
1029 2991 1113 3047 sui
1140 2989 1400 3056 fructum,
1429 2991 1524 3050 sed
1544 2990 1598 3048 in
1617 2989 2104 3062 futuro,_recipere.
2210 2987 2339 3042 dum
2369 2986 2623 3050 amicum,
2660 2997 2820 3053 quem
2845 2980 3104 3052 putabam
3132 2996 3220 3036 me
3248 2980 3454 3036 lucrari
3485 2996 3651 3052 posse
3677 2981 3794 3047 Deo,

527 3078 588 3135 Si
615 3096 748 3152 ergo
772 3081 863 3138 ille
895 3083 985 3154 qui
1021 3082 1158 3137 nihil
1189 3081 1443 3147 habebat,
1477 3081 1651 3140 noluit
1677 3082 1744 3140 de
1777 3081 2102 3152 Evangelio,
2206 3086 2268 3132 ut
2293 3077 2575 3132 nobiscum
2618 3083 2767 3132 esset
2818 3075 2875 3130 in
2918 3074 3253 3130 monasterio
3293 3092 3306 3127 :
3357 3075 3529 3143 quasi
3559 3090 3794 3142 securus,

525 3172 617 3226 ubi
647 3171 954 3238 laborabat,
998 3172 1094 3234 sed
1116 3173 1234 3228 suis
1257 3173 1507 3234 manibus
1533 3175 1742 3240 vivere,
1768 3188 1838 3230 ne
1877 3172 2106 3245 gloriam
2140 3234 2176 3245 Α
2208 3170 2336 3240 quia
2370 3169 2520 3224 locus
2546 3167 2782 3224 habebat
2812 3166 3148 3237 episcopum.
3206 3165 3633 3236 Apprehensus,
3656 3180 3799 3237 pres-

525 3277 636 3318 sum
673 3234 950 3326 mercedis
967 3265 1244 3324 amitteret
1271 3283 1284 3320 :
1319 3265 1448 3332 quid
1473 3280 1592 3330 nos,
1625 3234 1970 3335 qui'propria
1989 3234 1993 3237 ἤ
2012 3279 2107 3320 no-
2132 3234 2188 3308 δε
2206 3234 2365 3338 byter
2387 3264 2560 3320 factus
2591 3279 2740 3326 sum,
2770 3270 2825 3318 et
2846 3234 2965 3332 per
2992 3234 3136 3316 hunc
3165 3234 3393 3332 gradum
3421 3260 3496 3314 ad
3525 3234 3801 3331 episcopa-

525 3353 730 3421 lumus,
773 3371 960 3420 amore
986 3357 1320 3427 possidendi,
1367 3371 1476 3420 non
1499 3356 1716 3414 vivendi
1742 3356 2106 3421 necessitate,
2211 3365 2322 3411 tum
2351 3355 2592 3426 perveni.
2634 3353 2751 3408 Non
2775 3353 2931 3408 attuli
2959 3351 3195 3422 aliquid,
3247 3367 3356 3407 non
3385 3351 3510 3407 veni
3554 3353 3626 3405 ad
3668 3353 3803 3407 hanc

526 3445 832 3518 relinquere
876 3457 932 3504 et
965 3450 1213 3520 accipere
1242 3449 1465 3520 insuper
1500 3448 1775 3516 volumus,
1813 3463 1923 3506 non
1967 3452 2110 3504 unde
2207 3448 2497 3505 ecclesiam
2535 3449 2640 3502 nisi
2683 3463 2805 3503 cum
2837 3447 2924 3502 his
2952 3446 3285 3502 indumentis
3312 3446 3502 3516 quibus
3529 3446 3630 3500 illo
3663 3455 3804 3502 tem-

523 3541 790 3608 vivamus,
839 3543 935 3602 sed
982 3542 1126 3606 unde
1175 3556 1402 3605 censum
1456 3550 1704 3600 nostrum
1757 3540 2108 3598 incrementis
2206 3552 2338 3615 pore
2386 3541 2674 3597 vestiebar.
2731 3540 2798 3594 Et
2835 3541 2962 3611 quia
3009 3541 3114 3596 hoc
3155 3539 3524 3609 disponebam,
3570 3553 3704 3593 esse
3744 3540 3802 3593 in

526 3631 926 3699 damnabilius
952 3633 1279 3704 augeamus?
1941 3661 1945 3666 -
2207 3634 2538 3691 monasterio
2576 3648 2696 3688 cum
2745 3631 3021 3700 fratribus,
3065 3632 3282 3704 cognito
3325 3631 3574 3685 instituto
3611 3640 3671 3684 et
3701 3646 3795 3685 vo-

1097 3724 1326 3786 CAPUT
1371 3723 1531 3788 CXII.
2205 3729 2412 3784 iuntate
2455 3743 2608 3794 mea,
2658 3727 2830 3782 beatae
2859 3725 3133 3782 memoriae
3170 3739 3336 3780 senex
3370 3722 3624 3780 Valerius
3654 3724 3799 3778 dedit

599 3817 920 3889 (Augustini.
939 3817 1006 3880 de
1029 3814 1145 3878 Vita
1169 3827 1217 3872 et
1240 3815 1472 3878 moribus
1505 3814 2109 3886 clericorum.).Pr0pler
2141 3849 2147 3854 -
2207 3823 2338 3878 mihi
2385 3823 2604 3876 hortum
2636 3819 2784 3875 illum
2803 3860 2818 3886 ,
2869 3820 2924 3874 in
2954 3833 3059 3889 quo
3092 3834 3234 3874 nunc
3263 3825 3346 3873 est
3377 3817 3796 3872 monasterium.

526 3909 674 3978 quod
709 3909 854 3966 volui
878 3916 934 3968 et
956 3909 1136 3980 rogavi
1163 3909 1418 3974 hesterno
1446 3909 1554 3973 die.
1583 3917 1646 3970 ut
1671 3908 1828 3964 hodie
1856 3907 2110 3977 frequen-
2208 3911 2361 3981 Coepi
2381 3911 2509 3966 boni
2533 3910 2796 3981 propositi
2826 3907 3022 3964 {utres
3041 3909 3293 3978 colligere
3314 3922 3599 3977 compares
3623 3921 3794 3970 meos,

529 4003 639 4058 tius
658 4002 1045 4066 conveniretis,
1072 4002 1177 4068 hoc
1200 4009 1286 4064 est
1304 4001 1448 4071 qum
1473 4000 1718 4062 dicturus
1745 4016 1885 4057 sum.
1917 4000 2109 4058 Vobis-
2208 4002 2342 4056 nihil
2389 4002 2684 4067 habentes,
2735 4001 2878 4055 sicut
2922 3998 3056 4054 nihil
3103 3999 3388 4064 habebam,
3428 4007 3487 4053 et
3520 3997 3801 4052 imitantes

528 4112 650 4154 cum
700 4096 789 4152 hic
836 4094 1070 4154 vivimus
1091 4136 1106 4161 ,
1151 4103 1206 4152 et
1252 4095 1486 4158 intentio
1525 4102 1820 4164 vatumque
1859 4102 2114 4154 nostrum.
2209 4110 2334 4161 me,
2376 4102 2437 4152 ut
2463 4093 2736 4165 quomodo
2770 4107 2870 4164 ego
2911 4101 3127 4148 tenuem
3155 4090 3592 4162 paupertatulam
3620 4104 3797 4148 meam

524 4195 630 4254 est,
667 4195 728 4244 ut
767 4188 913 4258 apud
930 4186 1212 4249 Christum
1238 4185 1519 4250 vobiscum
1559 4185 1678 4248 sine
1707 4185 1819 4248 line
1841 4186 2104 4250 vivamus.
2210 4185 2466 4252 vendidi,
2513 4193 2572 4242 et
2601 4183 2930 4256 pauperibus
2956 4184 3210 4256 erogavi,
3256 4185 3338 4244 sic
3368 4183 3616 4245 facerent
3642 4194 3704 4240 et
3726 4183 3806 4240 illi

595 4280 778 4337 Credo
799 4287 984 4338 autem
1013 4288 1144 4338 ante,
1180 4278 1368 4338 oculos
1409 4286 1623 4344 vestros
1661 4293 1786 4336 esse.
1821 4293 2111 4338 conversa-
2209 4281 2308 4352 qui
2337 4297 2552 4339 mecum
2576 4295 2698 4340 esse
2724 4277 3037 4340 voluissent.
3087 4286 3148 4336 ut
3170 4279 3244 4338 de
3273 4278 3547 4336 courmuni
3578 4277 3800 4333 vivere-

525 4375 728 4431 tionem
753 4383 1019 4439 nostram,
1044 4382 1106 4432 ut
1123 4383 1186 4434 et.
1197 4389 1296 4430 nos
1319 4374 1500 4434 dicere
1519 4372 1774 4436 fortassis
1789 4375 2108 4440 audeamus,
2210 4387 2334 4432 mus
2359 4392 2372 4428 :
2410 4388 2702 4431 ooznmune
2719 4380 2905 4431 autem
2934 4371 3092 4430 nobis
3117 4378 3262 4428 esset
3283 4378 3620 4442 magnumst
3643 4370 3802 4426 uber-

525 4467 777 4535 quamvis
803 4467 1033 4526 multum
1061 4467 1138 4524 illi
1165 4467 1421 4536 impares,
1448 4466 1592 4536 quod
1617 4465 1754 4520 dixit
1782 4464 2104 4534 Apostolus:
2213 4465 2416 4522 rimum
2454 4465 2714 4532 praeditun
2762 4465 2880 4534 ipse
2912 4463 3076 4522 Deus.
3134 4461 3368 4520 Perveni
3404 4464 3474 4522 ad
3510 4463 3802 4535 episcopa-

437 4555 440 4558 ’
524 4553 830 4612 Ιηιὶιαιοτει
853 4559 955 4611 mei
983 4567 1194 4623 estote,
1223 4558 1358 4611 sicut
1389 4566 1436 4610 et
1467 4573 1564 4627 ego
1586 4556 1782 4612 Christi
1819 4554 1869 4628 (ι
1901 4555 2024 4614 Cor.
2052 4571 2107 4610 1v
2135 4609 2184 4628 ﬁ
2213 4563 2368 4611 tum:
2397 4563 2454 4609 et
2491 4555 2599 4612 vidi
2645 4570 2868 4614 necesse
2907 4555 3481 4626 habere-episcopum,
3532 4556 3802 4612 exhibe"

524 4609 702 4715 cui).
726 4609 819 4704 iur
838 4609 965 4704 at.
985 4609 1176 4711 ῥοιά(
1202 4609 1287 4702 ut
1307 4609 1618 4718 aliquisrde
1648 4609 1837 4704 an;
1870 4609 2112 4708 inveniat
2133 4609 2605 4702 lemma.
2644 4609 2922 4704 mea...
2953 4609 3390 4720 magna.
3422 4609 3798 4712 velum-C7"
3783 4609 3789 4610 ί

524 4737 673 4794 male
711 4737 924 4800 vivendi
972 4738 1331 4804 occasionem.
1381 4735 1728 4798 Providentia;
1770 4737 1910 4792 enini
1948 4737 2106 4806 bona,
2214 4745 2336 4800 sive
2350 4743 2808 4804 nutibus:
2849 4744 3064 4815 quodsi
3092 4758 3214 4800 non.
3241 4742 3460 4801 fecisset
3481 4742 3798 4812 episcopus.

523 4831 601 4894 ait
627 4829 772 4892 idem
795 4828 1113 4900 Apostolus.
1133 4847 1238 4886 nan
1263 4827 1436 4894 solum
1465 4845 1642 4884 coram
1674 4829 1814 4896 Deo.
1834 4827 1924 4890 sed
1946 4830 2114 4888 etiam.
2211 4835 2538 4894 inhumanus
2576 4835 2869 4891 dicenelun.
2927 4835 2988 4892 Si
3026 4845 3208 4896 autem
3237 4837 3341 4892 ista
3373 4835 3724 4894 manendo
3747 4836 3804 4891 in

521 4937 700 4981 coram
729 4921 1024 4984 hominibus
1066 4919 1246 4993 (Rom.
1287 4920 1394 4994 tu).
1435 4919 1664 4993 Propter
1694 4934 1794 4976 nos
1828 4918 2110 4976 conscien-
2211 4929 2542 4985 materie
2580 4929 2848 5000 permissa
2883 4937 3048 4995 esset,
3085 4929 3343 4986 indecem
3369 4936 3553 4984 cases:
3581 4936 3647 4986 ea
3680 4928 3806 4983 ibo

521 5013 599 5068 tia
639 5023 836 5076 nostra
858 5012 1057 5077 adlicit
1099 5015 1300 5072 nobis:
1339 5022 1565 5084 propter
1613 5028 1714 5068 vos
1743 5011 1890 5070 fama
1915 5019 2101 5070 nostra

2227 5021 2369 5076 volui.
2388 5021 2602 5079 habere.
2631 5023 2689 5078 in
2734 5023 2902 5078 demo
2933 5022 3040 5078 iota
3070 5022 3340 5093 episcopii
3363 5035 3574 5076 mecm
3595 5034 3807 5076 Ino-a-

520 5119 630 5162 non
652 5105 840 5174 pollui,
863 5105 962 5168 sed
989 5104 1193 5175 pollere
1228 5104 1392 5172 (labet
1427 5105 1486 5160 in
1508 5105 1678 5172 vobis.
1729 5105 1930 5162 Tenete
1959 5105 2108 5177 quod
2206 5117 2363 5171 stbrii
2399 5117 2742 5175 clericorum.
2796 5115 2938 5172 Ecce
3002 5116 3273 5188 quomodo
3316 5114 3566 5168 vivimus.
3651 5111 3804 5172 Nulli

521 5199 663 5263 dixi,
695 5207 862 5269 atque
902 5197 1238 5269 distinguite.
1286 5199 1417 5254 Due
1452 5212 1540 5254 res
1585 5206 1736 5265 sunt,
1772 5197 2101 5258 conscientia

2222 5209 2336 5264 .icet
2376 5211 2428 5264 in
2475 5209 2738 5264 societate
2785 5218 2976 5265 nostra
3009 5210 3218 5269 laboro
3251 5207 3802 5277 alqddpropﬁan.

517 5297 582 5345 et
599 5288 765 5350 flama.
808 5288 1157 5354 ρουεοὶθηιίελ
1185 5289 1306 5355 tibi.
1338 5287 1485 5352 fama
1511 5290 1760 5360 proximo
1788 5300 1877 5346 tuo
1905 5299 1990 5346 est
2010 5305 2105 5348 ne-
2209 5296 2317 5353 Sed
2347 5297 2485 5353 forte
2509 5298 2674 5368 aliqui
2701 5299 2912 5354 habent
2945 5317 2968 5361 :,
3002 5298 3142 5364 nulli"
3163 5297 3305 5356 licet.
3339 5297 3397 5352 Si
3426 5297 3519 5368 qui
3563 5297 3802 5366 habent,

517 5381 776 5438 cessaris.
813 5381 918 5449 Qui
943 5381 1118 5446 ﬁdens
1149 5381 1498 5451 conscientiae
1521 5396 1632 5440 suae
1660 5382 2106 5456 negligiti‘amam
2210 5389 2418 5448 faciunt
2459 5391 2602 5460 quod
2640 5405 2747 5448 non
2784 5389 2929 5454 licet.
2996 5390 3138 5448 Bene
3164 5399 3348 5446 autem
3376 5390 3553 5455 sentio
3587 5389 3660 5448 de
3689 5388 3806 5445 Ira-

517 5487 692 5540 suam,
715 5475 952 5532 crudelis
976 5484 1080 5542 est,
1102 5475 1346 5540 marinae.
1380 5475 1438 5534 in
1466 5475 1586 5534 loco
1617 5475 1722 5531 isto
1756 5477 1996 5547 positus,
2036 5477 2104 5534 de
2208 5479 2382 5534 tribus
2406 5479 2569 5548 meis,
2597 5488 2654 5538 et
2673 5494 2886 5549 semper
2917 5480 3052 5536 bene
3082 5478 3311 5538 credens
3332 5519 3360 5542 ._
3386 5479 3456 5536 ab
3482 5478 3584 5536 hac
3608 5477 3806 5550 inqui-

520 5580 632 5634 quo
656 5566 788 5622 dicit
812 5567 1102 5639 Apostolus
1144 5570 1390 5632 scribens
1429 5569 1497 5624 ad
1541 5569 1866 5640 discipulum
1898 5585 2056 5626 suum
2084 5587 2098 5624 :
2205 5571 2400 5626 sitione
2427 5570 2783 5634 dissimulavi,
2815 5571 2940 5640 quia
2971 5579 3025 5626 et
3053 5571 3153 5626 ista
3180 5585 3446 5642 quaerere,
3470 5567 3624 5640 quasi
3653 5568 3810 5626 male

519 5658 678 5717 Circa
697 5679 876 5719 omnes
903 5676 951 5720 te
980 5667 1148 5736 ipsum
1178 5667 1432 5722 bonorum
1468 5680 1684 5736 operum
1721 5664 1892 5734 pra’be
1927 5680 2104 5718 exem-
2207 5665 2413 5720 sentire
2453 5665 2756 5720 videbatur.
2811 5665 3076 5722 Noveram
3123 5665 3268 5722 enim
3304 5674 3361 5720 et
3399 5664 3560 5728 novi,
3601 5676 3814 5719 omnes

517 5751 665 5826 plum
697 5752 790 5824 (ll.
816 5762 901 5823 ιι).
951 5757 1022 5811 Ut
1059 5772 1190 5827 ergo
1219 5773 1328 5816 non
1362 5772 1459 5813 vos
1487 5756 1578 5811 diu
1608 5764 1844 5820 teneam,
1875 5770 2104 5826 praeser-
2207 5757 2297 5826 qui
2345 5773 2558 5814 mecum
2613 5758 2888 5820 viverent,
2929 5771 3089 5812 nosse
3131 5757 3469 5826 propositum
3517 5763 3816 5826 nostrum.

519 5846 624 5926 tim
643 5847 770 5924 quia
813 5863 916 5924 ego
953 5851 1145 5907 sedens
1174 5850 1388 5920 loquor,
1436 5864 1538 5904 vos
1568 5849 1768 5906 stando
1795 5847 2060 5905 laboratis
2085 5867 2106 5910 ς
2209 5865 2372 5910 nosse
2404 5850 2582 5928 legem
2611 5851 2738 5908 vitae
2771 5856 3003 5908 nostrae.
3048 5846 3208 5908 Venit
3232 5849 3303 5906 ad
3329 5863 3432 5906 nos
3454 5846 3626 5906 etiam
3647 5862 3828 5928 [περ
