4000 6456
146 416 252 477 aut

733 413 1017 476 REGULA
1054 413 1556 478 CANONICORUM
1591 413 1684 472 AB
1715 413 1744 474 Δ

1844 408 2080 476 ιιΑιυο
2110 411 2491 480 COLLECTA.
2530 443 2602 455 -—
2639 409 2766 468 LIB.
2807 410 2848 470 Ι.

3311 416 3418 476 903

147 534 312 603 byter
333 529 649 598 Ianuarius,
674 534 768 610 qui
793 533 1079 589 videbatur
1100 546 1196 586 sua
1219 530 1443 584 honeste
1461 527 1734 598 eroganda
1762 529 1813 594 Α
1839 528 2070 586 monium
2115 526 2285 582 habet.
2353 523 2505 580 Venit
2555 524 2700 594 ﬁlius
2742 523 2972 579 hominis
3010 524 3341 582 manducans
3371 537 3422 584 et

150 628 308 697 quasi
341 628 762 698 consumpsisse,
791 628 884 683 sed
911 643 1016 682 non
1047 627 1404 694 consumpsit.
1463 621 1742 676 Remansit

148 718 230 772 illi
259 718 504 788 quaedam
536 718 785 789 pecunia,
831 719 884 772 id
915 729 1020 783 est,
1052 726 1337 788 argentum
1363 714 1506 786 quod
1535 712 1742 768 diceret

148 821 276 862 esse
305 806 424 860 ﬁlia:
451 823 582 862 sum.
639 805 773 862 Filia
812 807 1010 878 ipsius,
1044 805 1154 861 Deo
1193 805 1445 875 pr0pitio,
1480 804 1531 858 in
1561 817 1742 856 mona-

156 899 332 953 stt‘rio
360 897 702 972 feminarum,
731 907 784 954 et
814 901 968 956 bona:
1001 899 1114 968 spei
1137 910 1224 954 est
1256 917 1267 952 :
1306 896 1567 970 gubernet
1594 895 1739 949 illam
1781 957 1784 960 I

152 994 440 1068 Dominus,
466 1003 526 1050 ut
551 995 772 1066 impleat
800 996 944 1066 quod
979 995 1043 1050 de
1067 993 1154 1048 illa
1179 1008 1484 1062 speramus,
1517 991 1570 1045 in
1599 989 1742 1046 illius

151 1087 552 1152 misericordia,
579 1103 684 1141 non
721 1087 772 1142 in
805 1087 921 1162 ejus
946 1087 1175 1143 meritis.
1217 1085 1284 1140 Et
1319 1086 1442 1156 quia
1485 1083 1623 1140 infra
1647 1100 1744 1138 an—

149 1195 256 1236 nos
301 1190 455 1246 erat,
505 1190 558 1235 et
590 1180 656 1237 de
704 1196 797 1236 sua
832 1180 1055 1250 pecunia
1087 1179 1222 1236 nihil
1263 1177 1444 1235 facere
1478 1185 1692 1249 poterat
1726 1167 1746 1230 ε’

154 1272 412 1340 quamvis
447 1272 590 1326 enim
625 1272 930 1325 videremus
962 1269 1222 1342 fulgorem
1252 1266 1638 1340 professionis,
1670 1275 1744 1320 ta-

155 1357 282 1415 men
328 1361 595 1417 lubricum
650 1362 974 1418 timebamus
1022 1362 1200 1417 astatis
1247 1379 1259 1413 :
1314 1359 1512 1415 factum
1555 1368 1640 1414 est
1685 1367 1748 1412 ut

154 1449 332 1520 ipsum
360 1461 640 1523 argentum
679 1451 833 1521 quasi
865 1452 1055 1522 puclla:
1083 1461 1412 1516 servaretur,
1445 1461 1504 1508 ut
1533 1466 1652 1504 cum
1679 1448 1746 1506 ad

157 1528 432 1608 legitimos
465 1557 637 1597 annos
663 1546 896 1605 veniret,
931 1541 1134 1615 faceret
1159 1543 1280 1597 inde
1303 1541 1447 1612 quod
1483 1541 1746 1611 virginem

152 1631 358 1688 Christi
405 1636 657 1700 deceret,
710 1636 924 1704 quando
954 1637 1153 1704 optime
1184 1635 1296 1706 jam
1331 1632 1508 1690 facere
1538 1638 1742 1702 posset.

152 1711 292 1777 Dum
344 1725 459 1780 inec
511 1734 925 1798 exspectantur,
988 1725 1152 1796 ca'pit
1201 1725 1288 1780 ille
1338 1724 1502 1779 morti
1528 1723 1749 1794 propin—

149 1830 346 1892 quare.
393 1817 494 1879 Qui
525 1817 617 1871 diu
659 1827 912 1890 tanquam
947 1818 1012 1871 de
1048 1833 1144 1871 suo
1175 1816 1386 1880 vivens,
1421 1815 1545 1886 quia
1580 1814 1748 1884 ipsius

1844 617 2042 675 bibens.
2068 627 2114 670 et
2143 617 2362 671 dicunt:
2406 616 2540 670 Ecce
2566 617 2720 670 homo
2745 633 2928 682 corax,
2975 627 3184 686 potator
3213 619 3342 684 vini,
3372 627 3428 676 et

1842 709 2043 761 amicus
2090 706 2484 776 publicanorum
2529 705 2745 774 (Matth.
2789 707 2887 773 ιι).
2941 706 3078 772 Quid
3119 723 3248 782 ergo
3287 711 3424 768 facio

1844 796 1985 852 inter
2013 796 2164 860 illos,
2209 795 2298 865 qui
2339 804 2534 866 parant
2574 811 2660 849 me
2692 795 3118 864 reprchenlere,
3151 807 3204 851 et
3234 799 3422 857 dentes

1845 887 1896 940 in
1930 901 2014 942 me
2039 888 2236 942 ducere
2256 928 2270 951 ,
2324 887 2366 941 si
2418 889 3082 958 susceperohmreditates
3105 905 3296 945 eorum
3329 894 3422 962 qui

1845 977 1984 1033 ﬁlios
2032 995 2158 1034 suos
2197 980 2318 1034 irati
2363 979 2747 1034 exhteredant?
2787 979 2986 1042 lterum
3021 983 3149 1052 quid
3191 999 3309 1038 smn
3342 984 3427 1040 fa-

1843 1080 2035 1126 cturus
2064 1073 2164 1137 eis,
2195 1072 2391 1142 quibus
2419 1082 2610 1136 canto,
2643 1082 2696 1126 et
2726 1073 2912 1130 nolunt
2939 1075 3180 1132 saltare?
3223 1079 3315 1147 qui
3343 1079 3426 1134 di-

1844 1175 1995 1230 cunt,
2043 1167 2182 1222 Ecce
2221 1184 2390 1240 quare
2429 1186 2588 1224 nemo
2615 1170 2780 1226 donat
2810 1171 3068 1238 Ecclesiae
3097 1173 3425 1246 Hipponensi

1846 1257 2047 1328 aliquid
2076 1277 2087 1310 :
2130 1258 2269 1314 Ecce
2298 1274 2466 1328 quare
2504 1275 2609 1313 non
2641 1275 2761 1316 eam
2793 1261 3030 1325 faciunt,
3064 1263 3155 1333 qui
3182 1265 3427 1320 moriun—

1848 1355 1954 1412 tur,
1990 1349 2260 1404 hteredcm
2291 1369 2301 1403 :
2335 1351 2460 1422 quia
2505 1353 2790 1422 episcopus
2813 1352 3148 1428 Augustinus
3184 1358 3249 1413 de
3274 1358 3428 1413 boni-

1848 1448 1958 1522 tate
1987 1457 2080 1496 sua
2121 1441 2412 1513 (laudando
2456 1443 2600 1502 enim
2644 1447 2908 1510 mordent.
2961 1447 3122 1512 labiis
3166 1449 3424 1517 mulcent,

1848 1540 1900 1587 et
1921 1533 2137 1594 dentem
2169 1532 2360 1605 ﬁgunt)
2392 1535 2555 1590 donat
2589 1543 2782 1600 totum,
2817 1554 2926 1600 non
2965 1541 3212 1614 suscipit.
3261 1540 3428 1598 Plane

1847 1627 2105 1697 suscipio,
2151 1628 2410 1697 proﬁteor
2449 1645 2535 1688 me
2578 1630 2853 1701 suscipere
2896 1632 3202 1690 oblationes
3233 1637 3428 1703 bonas,

1847 1717 2150 1776 oblationes
2192 1729 2428 1778 sanctas.
2493 1720 2551 1776 Si
2583 1723 2704 1792 quis
2739 1732 2917 1784 autem
2949 1725 3202 1784 irascitur
3229 1729 3284 1784 in
3317 1729 3428 1786 ﬁlio

1848 1824 1968 1874 suo,
2017 1819 2072 1866 et
2124 1811 2362 1866 moriens
2392 1812 2703 1868 exhaeredat
2747 1830 2903 1879 eum;
2946 1817 2990 1872 si
3034 1818 3269 1884 viveret,
3319 1837 3425 1876 non

147 1916 270 1960 erat
290 1947 306 1970 ,
351 1923 460 1964 non
498 1907 655 1973 ﬁli-.e,
709 1917 1090 1966 testamentum
1118 1907 1267 1966 fecit.
1310 1906 1741 1970 Testamentum,
1772 1895 1819 1966 Β
1848 1916 1976 1958 eum
1995 1900 2308 1971 placarem?
2340 1918 2446 1958 non
2472 1904 2521 1960 ei
2550 1903 2718 1960 ﬁlium
2747 1906 3104 1972 reconciliare
3126 1909 3428 1968 deberem?

149 1998 404 2070 inquam,
471 2000 600 2056 fecit
643 2002 933 2074 presbyter
982 2002 1164 2060 socius
1208 2011 1416 2068 noster,
1464 1998 1746 2058 nobiscum

150 2105 408 2154 manens,
440 2091 507 2145 de
535 2091 776 2150 Ecclesia
807 2094 1025 2157 vivens,
1055 2106 1398 2147 communem
1434 2089 1599 2142 vitam
1630 2103 1750 2159 pro-

153 2181 336 2237 ﬁtens.
382 2183 788 2242 Testamentum
815 2185 962 2249 fecit,
995 2184 1241 2240 hmredes
1272 2182 1525 2238 instituit.
1583 2179 1628 2236 Ο
1654 2181 1748 2237 do-

152 2273 240 2327 lor
268 2273 412 2329 illius
439 2275 745 2340 societatis,
792 2291 826 2329 o
872 2275 1080 2330 fructus
1121 2284 1280 2329 natus
1317 2289 1424 2328 non
1457 2273 1524 2328 de
1549 2272 1746 2327 arbore

153 2351 337 2431 quam
365 2364 629 2435 plantavit
670 2366 968 2422 Dominus!
1014 2364 1124 2424 Sed
1176 2365 1476 2421 Ecclesiam
1525 2364 1746 2436 scripsit

154 2453 448 2511 hteredem.
504 2456 639 2511 Nolo
669 2474 894 2516 munera
922 2459 1050 2524 ista,
1081 2473 1186 2513 non
1217 2473 1340 2512 amo
1368 2456 1746 2516 amaritudinis

155 2543 416 2600 fructum.
461 2547 574 2618 Ego
596 2548 745 2602 illum
777 2549 886 2612 Deo
915 2549 1245 2620 quaerebam,
1276 2548 1589 2602 societatem
1618 2561 1742 2617 pro-

157 2639 338 2696 fessus
360 2651 501 2708 erat,
531 2644 672 2698 hanc
696 2651 929 2707 teneret,
961 2645 1101 2698 hanc
1125 2642 1422 2698 exhiberet.
1484 2639 1627 2696 Nihil
1652 2639 1746 2700 ha-

153 2730 353 2786 bebat?
380 2739 762 2787 testamentum
801 2749 908 2788 non
949 2731 1177 2787 faceret.
1234 2730 1477 2784 llabehat
1503 2727 1746 2798 aliquid?

156 2837 266 2878 non
296 2837 355 2877 se
380 2832 626 2879 nostrum
659 2825 898 2890 socium,
949 2826 1106 2896 quasi
1137 2823 1231 2879 Dei
1257 2837 1550 2896 pauperem
1579 2821 1747 2894 ﬁnge-

157 2920 262 2968 ret.
303 2911 684 2985 Magnus'mihi
715 2915 835 2970 inde
859 2915 1013 2970 dolor
1043 2923 1147 2980 est,
1175 2913 1391 2968 fratres.
1456 2911 1590 2967 Dico
1613 2912 1746 2966 cha-

155 3005 304 3061 ritati
327 3014 522 3062 vestrae
548 3025 560 3061 :
590 3015 817 3078 propter
855 3009 1000 3063 hunc
1029 3008 1270 3063 dolorem
1311 3005 1476 3060 statui
1513 3002 1745 3060 hmredi-

1849 1991 2130 2059 Quomodo
2160 2009 2292 2063 ergo
2313 2009 2438 2054 cum
2469 1994 2580 2051 ﬁlio
2613 2010 2712 2051 suo
2744 1999 2868 2054 volo
2895 2007 2952 2054 ut
2989 1999 3186 2070 halent
3213 2016 3424 2075 paceni,

1847 2085 2000 2154 cujus
2040 2094 2235 2156 appeto
2263 2087 2670 2146 hmreditatem?
2701 2087 2808 2146 Sed
2835 2089 2996 2160 plane
3017 2092 3060 2146 si
3090 2091 3259 2158 faciat
3284 2096 3428 2164 quod

1846 2195 1988 2252 sape
2014 2182 2260 2238 hortatus
2284 2197 2425 2238 sum.
2471 2182 2650 2240 Unum
2675 2184 2845 2242 ﬁlium
2871 2185 3069 2252 habet?
3095 2195 3248 2257 putet
3272 2187 3430 2248 Chri—

1845 2281 1988 2328 stum
2019 2272 2252 2328 alterum
2277 2291 2290 2328 :
2316 2273 2452 2332 ducs
2473 2274 2672 2344 habet?
2691 2275 3141 2346 putetChristutn
3173 2279 3425 2340 tertium:

1845 2362 2028 2420 decem
2059 2362 2258 2417 habet?
2304 2362 2582 2422 Christum
2620 2364 2968 2424 undecimum
3011 2366 3198 2433 faciat,
3228 2379 3284 2424 et
3312 2385 3406 2426 sus

1845 2451 2006 2521 cipio.
2043 2451 2180 2520 Quia
2211 2468 2341 2525 ergo
2370 2453 2476 2510 feci
2513 2455 2615 2510 hoc
2659 2455 2713 2511 in
2745 2457 3067 2529 quiuusdam
3104 2460 3288 2526 rebus,
3311 2459 3428 2530 jam

1844 2543 2035 2600 volunt
2057 2545 2358 2602 bonitatem
2386 2562 2569 2612 meam
2589 2549 2672 2606 vel
2711 2551 3236 2610 commendationem
3275 2553 3432 2614 fama:

1846 2651 1980 2702 mea:
2004 2637 2057 2692 in
2088 2637 2235 2700 aliud
2265 2649 2501 2706 vertere,
2551 2650 2612 2698 ut
2653 2643 2759 2704 alio
2808 2644 2967 2704 modo
3016 2661 3102 2704 me
3132 2648 3427 2716 reprehen-

1846 2726 2022 2792 dant,
2075 2729 2204 2800 quia
2235 2727 2568 2794 oblationes
2607 2733 2927 2796 devotorum
2968 2735 3247 2804 hominum
3293 2735 3424 2794 nolo

1846 2820 2144 2890 suscipere.
2210 2820 2567 2890 Considerent
2618 2839 2782 2896 quam
2847 2826 3015 2893 multa
3075 2829 3426 2898 susceperim.

1847 2911 1988 2980 Quid
2016 2927 2156 2982 opus
2191 2921 2274 2972 est
2318 2929 2383 2972 ea
2421 2917 2746 2984 numerare?
2793 2917 2933 2974 Ecce
2956 2934 3123 2982 unam
3155 2920 3298 2986 dico,
3333 2919 3431 2976 ﬁlii

1843 3002 2043 3071 Iuliani
2073 3004 2450 3066 hereditatem
2481 3008 2718 3079 suscepi.
2772 3008 2985 3077 Quare?
3011 3011 3136 3080 quia
3169 3011 3285 3068 sine
3306 3010 3434 3067 ﬁliis

156 3106 326 3154 tatem
371 3099 543 3170 ipsam
587 3101 641 3155 in
691 3101 933 3158 Ecclesia
977 3116 1084 3156 non
1127 3100 1425 3169 suscipere.
1481 3096 1742 3152 Filiorum
1846 3092 2133 3152 defunctus
2170 3105 2274 3156 est.
2316 3096 2578 3157 Bonifacii
2608 3099 2981 3168 hmredilatem
3027 3103 3304 3172 suscipere
3332 3118 3428 3158 no-

157 3190 328 3263 ipsius
377 3191 449 3247 sit
477 3193 619 3263 quod
649 3193 888 3266 reliquit.
935 3192 1042 3264 Ipsi
1075 3193 1200 3254 inde
1230 3191 1434 3247 faciant
1470 3191 1615 3268 quod
1649 3204 1744 3252 vo.
1787 3266 1801 3268 Δ
1843 3183 1942 3253 lui,
1998 3200 2106 3244 non
2147 3187 2583 3256 misericordia.‘
2611 3189 2710 3248 sed
2755 3191 2966 3250 timore.
3027 3190 3427 3258 Naviculat‘iam

157 3281 377 3340 iuerint.
421 3285 648 3340 Videtur
675 3287 821 3342 enim
848 3286 1011 3352 mihi,
1053 3286 1179 3356 quia
1207 3283 1252 3344 si
1279 3298 1399 3339 eam
1426 3266 1738 3352 suscepere,
1767 3266 1814 3330 C
1846 3276 1996 3342 nolui
2022 3289 2144 3334 esse
2187 3278 2488 3340 Ecclesiam
2531 3279 2757 3338 Christi.
2825 3281 2976 3340 Multi
3025 3292 3153 3340 sunt
3183 3283 3428 3354 quidem.

158 3376 214 3430 in
263 3376 366 3430 isto
405 3376 584 3443 facto,
633 3376 776 3452 quod
823 3377 956 3434 mihi
998 3377 1268 3447 displicet,
1296 3384 1352 3430 et
1391 3374 1536 3444 quod
1559 3373 1735 3438 doleo,

158 3465 275 3534 ejus
315 3469 587 3537 particeps
629 3482 745 3521 ero.
785 3466 896 3522 Hoc
920 3467 1064 3522 volui
1092 3483 1198 3522 non
1222 3465 1392 3520 latere
1414 3464 1740 3520 charitatetn

159 3544 418 3626 vestram.
461 3559 596 3614 Filia
646 3560 817 3632 ipsius
852 3559 906 3613 in
952 3557 1284 3616 monasterio
1308 3567 1362 3614 et
1387 3555 1740 3623 feminarum,

154 3661 210 3706 et
245 3651 387 3705 ﬁlius
427 3651 599 3721 ipsius
645 3649 699 3705 in
744 3650 1074 3705 monasterio
1115 3650 1355 3704 virorum
1400 3658 1519 3704 est:
1552 3647 1739 3704 ambos

149 3743 523 3800 exhzeredavit
552 3760 564 3797 :
594 3742 743 3797 illam
772 3758 894 3797 cum
921 3743 1092 3806 laude,
1122 3741 1284 3798 istum
1307 3757 1430 3812 cum
1459 3740 1654 3813 elogio,
1686 3740 1744 3808 id

151 3845 260 3902 est,
292 3850 416 3891 cum
442 3837 860 3908 vituperatione.
914 3834 1298 3894 Commendavi
1340 3843 1522 3892 autem
1555 3834 1741 3896 Eccle-

153 3930 280 3992 siae,
323 3936 384 3982 ut
423 3943 529 3983 ηοιι
572 3929 844 3998 accipiant
871 3929 1016 4000 ipsas
1047 3928 1440 3998 portiunculae,
1471 3943 1593 3999 qum
1617 3943 1740 3999 per-

157 4017 334 4070 tinent
358 4017 426 4071 ad
456 4017 864 4083 exhceredatos,
889 4019 993 4073 nisi
1021 4034 1144 4074 cum
1183 4019 1249 4072 ad
1287 4017 1579 4089 legitimam
1610 4027 1738 4080 atta-

156 4116 268 4160 tem
297 4107 662 4176 pervenerint.
706 4107 819 4170 Hoc
840 4109 921 4164 eis
948 4118 1192 4164 reservat
1224 4108 1484 4165 Ecclesia.
1535 4111 1738 4170 Deinde

153 4199 307 4253 litem
337 4197 542 4254 dimisit
568 4199 711 4256 inter
738 4201 878 4257 ﬁlios
905 4217 1054 4268 suos,
1088 4202 1144 4256 in
1168 4217 1274 4271 qua
1298 4200 1503 4264 laboro.
1554 4200 1739 4259 Puella

1842 3366 1937 3437 qui
1963 3368 2128 3426 etiam
2153 3370 2220 3428 de
2244 3370 2473 3438 navibus
2497 3373 2806 3443 acquirunt.
2863 3373 3069 3436 Tamen
3101 3390 3210 3434 una
3252 3383 3431 3432 tenta-

1842 3460 1920 3515 tio
1960 3461 2008 3518 si
2052 3472 2221 3530 esset,
2264 3465 2312 3524 si
2333 3465 2437 3524 iret
2464 3467 2650 3534 navis.
2680 3476 2739 3533 et
2769 3468 3148 3542 naufragaret,
3182 3469 3432 3530 homines

1842 3550 1911 3606 ad
1925 3560 2194 3610 tormenta
2217 3555 2397 3618 daturi
2420 3571 2672 3615 eramus:
2701 3566 2764 3618 ut
2785 3559 2851 3616 de
2875 3560 3254 3621 submersiene
3275 3560 3432 3618 navis

1842 3645 2136 3701 secundum
2176 3649 2625 3716 consuetudinem
2639 3659 2994 3720 quaereretur,
3017 3660 3076 3710 et
3100 3659 3423 3722 torqueren-

1842 3746 1930 3794 tur
1949 3738 2564 3814 aiudicenuifessentde
2577 3743 2828 3810 ﬂuctibus
2841 3744 3074 3810 liberati.
3094 3745 3203 3806 Sed
3215 3760 3430 3804 noneos

1842 3834 2118 3900 daremus,
2141 3835 2290 3894 nullo
2311 3844 2473 3907 pacto
2493 3839 2640 3902 enim
2661 3840 2766 3902 hoc
2792 3841 2973 3910 facere
2995 3840 3216 3902 deceret
3244 3839 3428 3897 Eccle-

1842 3927 2000 3987 siam.
2024 3925 2172 3992 Ouus
2191 3944 2323 4001 ergo
2346 3928 2529 3988 fiscale
2545 3932 2908 4002 persolveret,
2941 3934 3034 3992 sed
3061 3935 3200 3994 unde
3220 3932 3430 4004 persol-

1838 4021 2023 4084 veret?
2041 4022 2328 4089 enthecam
2347 4023 2507 4081 nobis
2526 4025 2728 4084 habere
2749 4043 2855 4084 non
2887 4027 3034 4084 licet.
3058 4027 3178 4084 Non
3203 4036 3289 4083 est
3313 4029 3429 4098 epi-

1841 4118 1989 4188 scopi
2003 4131 2225 4177 servare
2248 4135 2462 4184 aurum,
2481 4130 2538 4177 et
2552 4136 2811 4178 revocare
2822 4138 2854 4178 s
2869 4137 2930 4178 se
2940 4123 3301 4178 mendicantis
3316 4136 3429 4176 ma-

1841 4222 1990 4268 num.
2032 4207 2287 4274 Quotidie
2308 4216 2418 4268 tam
2445 4209 2600 4264 multi
2621 4219 2830 4279 petunt,
2862 4218 2976 4265 tam
2999 4210 3153 4265 multi
3179 4217 3425 4279 gemunt,

156 4291 310 4355 dicit,
339 4290 510 4344 Meum
539 4301 644 4356 est,
671 4293 845 4348 nostis
874 4293 1000 4363 quia
1030 4294 1135 4357 hoc
1168 4292 1382 4352 diccbat
1411 4307 1624 4362 semper
1645 4308 1740 4362 pa-
1842 4305 1958 4356 tam
1988 4296 2142 4362 multi
2175 4313 2275 4356 nos
2300 4298 2488 4366 inopes
2527 4299 2908 4368 interpellant,
2939 4306 3001 4354 ut
3035 4299 3218 4368 plures
3245 4299 3430 4354 tristes

155 4392 242 4438 ter
271 4397 440 4444 meus.
482 4383 625 4442 Puer
651 4383 804 4451 dicit,
833 4383 1101 4440 Credatur
1120 4384 1263 4456 patri
1297 4399 1436 4449 meo,
1472 4384 1598 4453 quia
1630 4398 1742 4439 mo-
1843 4386 2234 4458 relinquamus,
2282 4389 2410 4458 quia
2457 4397 2518 4444 ut
2557 4390 2830 4458 possimus
2872 4390 3004 4447 dare
3041 4390 3292 4448 omnibus
3321 4406 3428 4446 non

153 4474 308 4529 tiens
356 4473 574 4528 mentiri
615 4490 723 4529 non
766 4476 960 4554 potuit.
1023 4476 1088 4532 Et
1133 4475 1236 4530 ista
1277 4474 1553 4538 contentio
1581 4473 1740 4544 quale
1842 4479 2124 4534 habemus.
2195 4478 2314 4538 Non
2352 4480 2618 4537 habemus
2663 4497 2792 4553 ergo
2839 4483 3146 4539 enthecam.
3200 4481 3430 4553 Propter

152 4563 358 4621 malum
404 4567 520 4622 est?
553 4565 659 4621 Sed
695 4567 738 4622 si
783 4567 934 4638 pueri
973 4567 1074 4644 ipsi
1116 4566 1259 4621 servi
1291 4564 1385 4630 Dei
1410 4574 1556 4630 sunt,
1589 4565 1740 4624 litera
1764 4627 1817 4644 ἢ
1844 4567 2192 4641 naufragium
2218 4587 2348 4644 ergo
2382 4572 2485 4628 hoc
2525 4573 2807 4629 vitandum
2846 4573 2986 4639 feci,
3020 4591 3129 4632 non
3155 4575 3424 4632 dnnando.

152 4658 300 4711 hanc
324 4658 463 4726 inter
487 4657 607 4712 illos
633 4657 740 4712 cito
772 4657 1010 4713 ﬁnimus.
1052 4659 1227 4722 Audio
1253 4658 1373 4713 illos
1399 4667 1458 4712 ut
1487 4668 1661 4729 pater,
1686 4667 1741 4714 et
1762 4657 1818 4688 ν
1844 4658 2012 4724 Nemo
2039 4660 2112 4716 ibi
2139 4678 2222 4724 me
2261 4663 2461 4728 laudet,
2495 4665 2589 4724 sed
2627 4679 2788 4721 nemo
2821 4674 2877 4722 et
2897 4667 3185 4738 vituperet.
3234 4666 3424 4734 Plane,

150 4750 295 4804 forte
340 4750 531 4813 melius
575 4766 738 4824 quam
777 4760 933 4822 pater
975 4753 1236 4824 ipsorum.
1280 4752 1487 4814 Videbo
1512 4753 1644 4824 quid
1667 4753 1742 4822 sit
1843 4755 2060 4823 quando
2087 4755 2287 4824 donavi
2321 4756 2432 4812 ﬁlio
2479 4758 2623 4828 quod
2653 4757 2826 4816 iratus
2852 4767 3006 4830 pater
3031 4761 3272 4815 moriens
3293 4761 3421 4816 abs-

144 4839 310 4908 juris.
356 4840 508 4896 Sicut
533 4842 790 4902 Dominus
817 4841 1077 4907 voluerit,
1120 4843 1454 4912 cumpaucis
1478 4841 1739 4904 fratribus
1844 4847 1992 4921 tulit,|
2019 4848 2160 4916 bene
2187 4847 2312 4912 fect.
2353 4850 2631 4915 Laudent,
2661 4851 2756 4920 qui
2798 4852 3021 4907 volunt:
3055 4861 3299 4921 parcant,
3329 4853 3425 4922 qui

153 4936 408 5002 ﬁdelibus
439 4921 742 5005 honoratis,
771 4937 882 4992 Deo
909 4936 1165 5008 propitio,
1192 4936 1266 4992 de
1279 4951 1505 5002 numero
1535 4945 1740 5002 vestro,

153 5031 208 5085 id
230 5039 334 5096 est,
366 5032 431 5087 de
455 5031 612 5103 plebe
639 5033 742 5092 ista
766 5073 782 5098 ,
821 5032 982 5088 audio
1023 5031 1166 5088 inter
1204 5029 1326 5098 illos
1373 5044 1594 5092 causam
1621 5069 1636 5094 ,
1685 5040 1746 5096 et

153 5124 300 5179 sicut
349 5123 610 5190 Dominus
653 5115 972 5198 donaverit,
1025 5123 1173 5182 ﬁnio.
1231 5121 1435 5180 Tamen
1464 5136 1592 5193 rogo
1620 5136 1738 5188 vos,

152 5233 323 5276 nemo
344 5236 430 5282 me
470 5219 863 5296 reprehendat,
897 5219 1025 5290 quia
1057 5215 1176 5288 ejus
1213 5216 1585 5280 htereditatem
1615 5217 1744 5280 nolo

153 5312 422 5383 suscipiat
445 5311 704 5370 Ecclesia.
725 5311 930 5377 Primo,
946 5311 1070 5383 quia
1087 5309 1290 5366 factum
1313 5309 1458 5366 illius
1476 5309 1736 5368 detestor.

154 5405 384 5472 Deinde,
402 5406 528 5478 quia
555 5405 861 5466 institutum
888 5419 1068 5460 meum
1083 5411 1186 5459 est.
1203 5402 1581 5460 Multilaudant
1597 5404 1742 5475 quod

153 5496 404 5554 dicturus
426 5513 545 5553 sum
571 5538 586 5562 ,
633 5497 725 5554 sed
749 5497 913 5568 aliqui
941 5505 996 5552 et
1021 5495 1420 5568 reprehendunt
1448 5514 1461 5550 :
1497 5496 1742 5566 utrisque

153 5586 344 5644 facere
365 5591 501 5644 satis
531 5589 686 5645 valde
713 5588 928 5645 difﬁcile
967 5596 1068 5643 est.
1126 5587 1365 5644 Audistis
1411 5589 1572 5646 modo
1615 5604 1740 5644 cum

156 5678 511 5750 Evangelium
538 5682 842 5753 legeretur:
878 5679 1216 5736 Cantavimus
1248 5681 1410 5745 robis,
1431 5690 1477 5736 et
1501 5698 1606 5735 non
1638 5681 1742 5735 sal-

157 5774 312 5827 tastis
337 5789 356 5827 .'
383 5774 706 5843 planximus,
729 5785 778 5832 et
807 5791 910 5830 non
929 5773 1158 5829 lanistis.
1209 5773 1357 5828 Venit
1379 5773 1612 5828 Joannes
1640 5773 1740 5826 Ba-

139 5866 320 5952 ptista
357 5883 462 5930 non
494 5870 820 5932 mendacem
847 5885 1011 5948 neque
1041 5868 1216 5926 bibens
1235 5907 1252 5942 ,
1291 5879 1340 5934 et
1367 5869 1590 5930 dicunt:
1617 5867 1746 5934 Da:-

1844 4939 2070 5012 laudare
2099 4941 2310 4998 nolunt.
2376 4940 2518 5008 Quid
2559 4941 2806 5017 pluribus
2830 4982 2846 5007 ,
2893 4942 3092 4998 fratres
3128 4943 3268 4998 mei?
3295 4943 3427 5010 Qui-

1845 5044 2058 5101 cunque
2085 5031 2242 5098 vult,
2269 5031 2616 5094 ethredato
2644 5029 2787 5098 ﬁlia,
2824 5033 3093 5094 heredem
3118 5034 3298 5090 facere
3325 5033 3426 5089 Ec-

1843 5122 2066 5188 clesiam
2087 5163 2102 5188 ,
2151 5129 2360 5192 quaerat
2387 5121 2621 5187 διωτιω
2653 5123 2746 5193 qui
2792 5124 3070 5196 suscipiat,
3110 5139 3218 5180 non
3247 5124 3420 5194 Augu-

1841 5212 2079 5268 stinum:
2108 5212 2240 5280 ima,
2255 5211 2366 5278 Deo
2384 5215 2640 5286 propitio,
2665 5217 2938 5276 neminem
2963 5214 3224 5271 inveniat.
3247 5214 3422 5283 Quam

1844 5305 2117 5374 laudabile
2162 5305 2364 5372 factum
2405 5309 2581 5368 sancti
2621 5316 2677 5364 et
2729 5309 3020 5365 venerandi
3049 5309 3287 5380 episcopi
3313 5307 3424 5362 Au-

1844 5399 1962 5458 relii
2003 5397 2466 5472 Carthaginensis,
2517 5403 2792 5472 quomodo
2813 5402 3058 5474 implevit
3092 5417 3154 5458 os
3177 5401 3422 5457 omnium

1844 5495 1936 5565 qui
1963 5495 2142 5558 sciunt
2179 5495 2432 5556 laudibus
2455 5495 2585 5554 Dei?
2619 5496 2846 5563 Quidam
2881 5512 3007 5552 cum
3027 5495 3166 5552 ﬁlios
3189 5512 3296 5552 non
3326 5495 3424 5551 ha-

1845 5587 2018 5652 beret,
2051 5603 2226 5658 neque
2253 5596 2528 5657 speraret,
2571 5603 2660 5643 res
2687 5604 2814 5644 suas
2837 5605 3050 5655 omnes,
3077 5598 3296 5646 retento
3318 5588 3424 5646 sibi

1845 5679 2127 5736 usufructu
2147 5721 2162 5744 ,
2208 5679 2430 5736 donavit
2459 5678 2734 5738 Ecclesia.
2775 5681 2900 5736 Nati
2934 5691 3060 5736 sum
3101 5683 3183 5738 illi
3212 5682 3338 5748 ﬁlii,
3367 5690 3425 5738 et

1845 5776 2078 5832 reddidit
2103 5775 2390 5845 episcopus
2416 5789 2518 5830 nec
2550 5775 2812 5844 opinanti,
2842 5791 2964 5846 quae
2989 5776 3065 5830 illi
3095 5778 3420 5833 donaverat.

1841 5867 1903 5926 in
1952 5877 2222 5932 potestate
2261 5866 2497 5930 habebat
2532 5869 2830 5944 episcOpus
2871 5885 2982 5930 non
3027 5870 3256 5950 reddere
3277 5887 3296 5926 :
3325 5867 3437 5948 sed
3512 5915 3518 5922 .
