4000 6472
508 439 618 496 sos
1419 434 1424 438 '
1509 434 1911 494 AMALARIUS
1947 435 2363 492 PRESBYTER
2401 437 2741 493 METENSIS
2804 420 2807 422 ’
3685 438 3797 496 set

505 519 629 625 jure
653 550 756 607 fori
782 593 796 618 ,
847 566 955 606 non
991 550 1114 620 jure
1161 551 1307 607 coeli.
1367 548 1512 607 Sane
1542 553 1704 608 etiam
1736 553 1840 608 hoc
1876 553 2090 608 noverit
2115 554 2169 614 Α
2194 550 2289 607 sed
2313 559 2404 606 aut
2431 567 2657 623 emgare
2685 551 3044 622 pauperibus,
3088 554 3182 606 aut
3228 545 3279 607 in
3327 567 3624 608 commune
3655 554 3791 610 mit-

507 643 752 699 cbaritas
784 650 963 697 vestra
987 683 1002 707 ,
1049 641 1255 698 dixisse
1285 658 1374 698 me
1407 642 1665 697 fratribus
1688 643 1842 710 meis,
1867 644 1958 713 qui
1983 659 2094 698 me—
2194 649 2330 710 tere,
2374 653 2588 699 maneat
2628 659 2861 699 mecum.
2907 643 3008 710 Qui
3053 644 3157 700 hoc
3195 660 3300 700 non
3327 645 3460 707 vult,
3489 645 3701 699 habeat
3726 646 3791 702 li-

505 751 632 791 cum
665 742 915 800 manent,
965 742 1027 790 ut
1053 734 1361 805 quicunque
1399 735 1563 790 habet
1592 735 1814 804 aliquid,
1845 743 1939 800 aut
1962 752 2092 791 ven-

505 827 642 894 dat,
688 837 782 882 aut
825 834 1031 899 eroget,
1072 836 1166 881 aut
1203 827 1386 890 donet,
1421 835 1514 881 aut
1540 842 1829 882 commune
1853 826 1981 882 illud
2009 825 2090 881 fa-

506 920 639 974 ciat.
679 918 979 974 Ecclesiam
1023 917 1206 981 habet,
1245 933 1343 987 per
1383 933 1544 988 quam
1588 933 1686 972 nos
1715 917 1859 972 Deus
1890 916 2085 987 pascit.

508 1009 578 1063 Et
609 1009 728 1063 dedi
765 1009 1074 1062 dilationem
1119 1023 1294 1076 usque
1335 1009 1402 1062 ad
1439 1007 1779 1078 epiphaniam
1806 1048 1819 1071 ,
1862 1016 2089 1076 propter

501 1116 604 1156 eos
622 1101 714 1170 qui
744 1101 826 1154 vel
849 1116 972 1154 cum
998 1099 1260 1154 fratribus
1296 1101 1409 1154 suis
1437 1117 1541 1154 non
1564 1099 1897 1164 diviserunt,
1929 1108 1984 1152 et
2015 1099 2090 1154 di-

509 1192 780 1247 miserunt
817 1192 959 1261 quod
985 1190 1187 1245 habent
1213 1191 1352 1261 apud
1394 1192 1592 1246 fratres
1634 1207 1762 1246 suos
1797 1211 1809 1245 :
1856 1190 1937 1247 vel
1962 1207 2090 1246 non-

508 1287 640 1339 dum
671 1283 737 1338 de
767 1298 824 1338 re
854 1298 948 1338 sua
979 1283 1180 1352 aliquid
1220 1293 1473 1353 egerunt,
1511 1282 1639 1352 quia
1672 1283 2089 1353 exspectabatur

501 1385 638 1431 aetas
662 1375 923 1446 legitima.
952 1375 1180 1432 Faciant
1203 1376 1330 1431 inde
1355 1377 1495 1446 quod
1519 1377 1728 1442 volunt,
1760 1377 1884 1431 dum
1907 1385 2085 1433 tamen

502 1467 614 1520 sint
660 1481 927 1537 pauperes
967 1482 1211 1533 mecum,
1265 1467 1425 1522 simul
1472 1476 1850 1538 exspectemus
1879 1467 2087 1523 miseri-

502 1559 741 1613 cordiam
771 1559 885 1613 Dei.
944 1556 1002 1612 Si
1039 1566 1216 1612 autem
1266 1559 1455 1614 nolunt
1483 1601 1496 1624 ,
1543 1561 1635 1629 qui
1686 1560 1825 1616 forte
1873 1560 2079 1626 nolunt,

499 1658 648 1704 certe
674 1663 772 1718 ego
796 1665 936 1713 sum,
965 1649 1054 1717 qui
1084 1657 1379 1704 statueram
1398 1689 1413 1714 ,
1459 1650 1600 1704 sicut
1629 1651 1799 1705 nostis
1819 1690 1832 1715 ,
1877 1649 2082 1704 nullum

497 1740 752 1794 ordinare
796 1739 1074 1803 clericum,
1115 1739 1216 1794 nisi
1259 1740 1351 1810 qui
1394 1755 1606 1795 mecum
1640 1740 1804 1795 vellet
1839 1755 2080 1806 manere,

495 1840 555 1886 ut
579 1830 624 1884 si
656 1831 816 1886 vellet
846 1831 1126 1886 discedere
1151 1848 1180 1885 a
1211 1832 1512 1902 proposito,
1544 1841 1692 1886 recte
1729 1831 1805 1885 illi
1834 1831 2080 1886 tollerem

2193 732 2458 789 bertatem
2487 753 2500 787 :
2533 735 2626 790 sed
2654 735 2866 800 videat,
2896 744 3076 790 utrum
3103 737 3306 790 habere
3335 737 3509 806 possit
3549 735 3788 792 felicita-

2193 826 2263 880 tis
2278 827 2658 882 teternitatcm.
2676 826 2960 882 Sufficiam
2980 829 3096 883 haec
3118 843 3262 884 nunc
3282 829 3507 884 interim
3524 830 3784 883 charitati

2190 927 2386 972 vestra:
2413 937 2426 972 :
2451 919 2593 988 quod
2622 934 2784 991 egero
2811 935 2933 974 cum
2967 917 3228 975 fratribus
3257 921 3416 984 meis,
3440 922 3787 976 annuntiabo

2191 1008 2366 1063 vobis.
2409 1007 2580 1079 Spero
2601 1011 2745 1065 enim
2775 1009 2916 1065 bona
2940 1052 2954 1077 ,
3005 1011 3148 1080 quod
3175 1027 3363 1066 omnes
3390 1012 3527 1066 mibi
3555 1012 3788 1067 libenter

2189 1099 2468 1166 obediant,
2512 1116 2614 1157 nec
2657 1102 2978 1159 inventurus
3025 1119 3144 1158 sum
3193 1104 3404 1174 aliquos
3437 1105 3652 1161 habere
3692 1107 3788 1161 ali-

2189 1192 2318 1263 quid
2338 1234 2352 1259 ,
2405 1193 2512 1249 nisi
2561 1194 2741 1266 aliqua
2772 1197 3094 1252 necessitate
3120 1197 3433 1269 religionis,
3466 1216 3585 1255 non
3624 1216 3783 1256 oeca-

2189 1285 2340 1342 sione
2386 1287 2722 1356 cupiditatis.
2794 1290 2947 1357 Quod
2989 1307 3120 1363 ergo
3164 1287 3346 1364 egero,
3393 1304 3528 1366 post
3567 1296 3785 1366 epipha-

2187 1377 2330 1431 niam
2363 1378 2618 1433 charitati
2639 1389 2834 1436 vestra:
2861 1382 2916 1436 in
2946 1382 3161 1438 Domini
3185 1385 3466 1442 voluntate
3494 1387 3780 1444 nuntiabo.

2186 1469 2255 1524 Et
2297 1472 2570 1540 quomodo
2612 1473 2762 1528 litem
2806 1473 2999 1532 ﬁniero
3046 1477 3188 1533 inter
3209 1477 3347 1534 duos
3375 1477 3618 1548 fratres,
3651 1479 3784 1537 ﬁlios

2185 1562 2492 1634 presbyteri
2531 1563 2811 1633 Januarii,
2845 1584 2953 1624 non
2993 1570 3146 1626 vobis
3177 1573 3386 1627 tacebo.
3431 1572 3614 1628 Multa
3641 1573 3784 1628 locu-

2185 1661 2273 1706 tus
2295 1668 2431 1717 sum,
2466 1655 2590 1711 date
2611 1657 2822 1712 veniam
2846 1657 3057 1727 loquaci
3083 1662 3381 1726 senectuti,
3430 1663 3533 1717 sed
3580 1662 3782 1718 timida:

2185 1742 2506 1798 infirmitati.
2557 1745 2689 1816 Ego,
2733 1747 2874 1802 sicut
2926 1750 3122 1806 videtis
3149 1791 3164 1817 ,
3214 1766 3312 1820 per
3357 1761 3589 1808 aetatem
3627 1753 3784 1808 modo

2185 1835 2378 1888 senui:
2429 1836 2524 1891 sed
2568 1852 2664 1906 per
2707 1838 3080 1896 infirmitatem
3127 1842 3399 1912 corporis,
3433 1844 3574 1898 olim
3620 1860 3782 1900 senes

493 1921 831 1983 clericatum,
857 1922 982 1991 quia
1013 1922 1289 1976 desereret
1311 1932 1511 1976 sanetae
1540 1921 1819 1976 societatis
1848 1920 2078 1990 promis-
2105 1936 2154 1997 Β
2183 1921 2281 1990 fui,
2314 1933 2499 1980 tamen
2545 1928 2590 1981 si
2621 1927 2731 1982 Deo
2759 1928 2938 1997 placet
2978 1931 3123 2002 quod
3165 1932 3295 1995 dixi,
3346 1933 3516 1990 modo
3545 1935 3783 2006 ipse_det

490 2027 616 2065 sum
641 2051 655 2075 ,
710 2019 1054 2081 cmptumque
1093 2012 1450 2066 consortium.
1510 2011 1650 2066 Ecce
1683 2012 1736 2065 in
1783 2019 2077 2081 conspectu

493 2098 593 2154 Dei
619 2109 674 2154 et
716 2110 900 2154 vestro
923 2140 938 2165 ,
988 2107 1141 2154 muto
1169 2100 1476 2154 consilium.
1519 2099 1621 2167 Qui
1659 2101 1848 2154 volunt
1875 2099 2080 2155 habere

493 2190 697 2261 aliquid
722 2191 1022 2262 proprium,
1050 2191 1246 2259 quibus
1273 2207 1377 2247 non
1413 2189 1609 2245 sufﬁcit
1633 2192 1774 2247 Deus
1798 2200 1852 2246 et
1887 2191 2075 2247 Eccle-

491 2282 576 2337 sia
602 2282 754 2352 ejus,
804 2291 1061 2337 maneant
1090 2282 1182 2336 ubi
1210 2281 1398 2336 volunt
1419 2322 1433 2348 ,
1477 2290 1532 2336 et
1556 2282 1646 2336 ubi
1676 2291 1939 2352 possunt;
1967 2298 2076 2339 non

489 2372 573 2428 eis
597 2371 784 2428 aufero
813 2373 1150 2428 clericatum.
1189 2371 1324 2427 Nolo
1351 2373 1551 2428 habere
1577 2373 1909 2443 hypocritas.
1967 2373 2078 2427 Ma-

491 2461 603 2518 lum
631 2475 733 2531 est,
766 2465 887 2534 quis
929 2464 1170 2521 neseiat?
1213 2463 1415 2519 malum
1441 2473 1556 2531 est,
1583 2465 1778 2520 cadere
1809 2481 1839 2518 a
1870 2481 2073 2536 1)ιόῃο-

488 2554 594 2610 sito
618 2570 634 2610 :
663 2557 757 2612 sed
781 2555 934 2627 pejus
963 2564 1066 2622 est,
1098 2556 1356 2611 simulare
1375 2556 1732 2626 propositum.
1758 2555 1899 2611 Ecce
1926 2557 2070 2624 dico,

485 2649 707 2705 audite:
736 2648 840 2716 Qui
887 2651 1205 2706 societatem
1247 2648 1554 2704 communis
1589 2648 1714 2703 vitae
1747 2648 1862 2719 jam
1891 2664 2075 2704 susce-

484 2747 658 2809 ptam,
687 2757 806 2811 qua:
835 2741 1086 2797 laudatur
1108 2743 1161 2796 in
1190 2741 1556 2811 apostolorum
1583 2741 1808 2798 Actibus
1843 2741 1998 2814 (Cap.
2032 2757 2071 2796 ιι

484 2839 535 2881 et
560 2830 658 2898 Iv),
692 2831 912 2896 deserit,
942 2847 972 2885 a
992 2841 1120 2886 voto
1145 2847 1242 2887 suo
1264 2832 1432 2897 cadit,
1462 2847 1493 2886 a
1518 2830 1859 2902 professione
1881 2840 2070 2887 sancta

486 2918 706 2973 decidit.
748 2919 1013 2975 Observet
1057 2921 1331 2990 judiccm,
1392 2923 1487 2976 sed
1530 2923 1731 2989 Deum,
1768 2925 1882 2978 non
1931 2937 2066 2978 me:

485 3025 617 3080 ergo
639 3011 686 3065 ei
721 3027 828 3066 non
868 3012 1056 3068 aufero
1083 3012 1433 3079 clericatum;
1465 3023 1726 3083 quantum
1760 3015 1832 3070 sit
1860 3017 2071 3084 pericu-

484 3099 622 3165 lum,
654 3109 780 3156 ante
808 3102 997 3157 oculos
1028 3103 1144 3172 ejus
1180 3103 1354 3171 posui,
1392 3104 1559 3158 faciat
1585 3106 1728 3174 quod
1750 3105 1885 3159 vult.
1930 3105 2068 3160 Novi

482 3190 653 3256 enim,
682 3191 808 3260 quia
840 3191 883 3246 si
913 3191 1149 3262 aliquem
1186 3192 1288 3248 hoc
1327 3192 1614 3249 facientem
1648 3196 1945 3266 degradare
1972 3211 2067 3252 vo-

484 3279 657 3346 luero,
686 3295 791 3336 non
816 3283 865 3336 ei
895 3282 1125 3336 deerunt
1146 3284 1380 3352 patroni,
1411 3300 1518 3339 non
1546 3285 1596 3340 ei
1627 3285 1855 3341 deerunt
1879 3285 2067 3342 suifra—
2092 3296 2138 3360 ο
2169 3303 2420 3372 velimus,

482 3379 717 3440 gatores,
741 3380 798 3426 et
828 3372 938 3438 hic,
972 3381 1028 3427 et
1059 3374 1201 3442 apud
1226 3375 1530 3447 episcopos,
1559 3376 1650 3446 qui
1680 3376 1898 3432 dicant:
1925 3377 2064 3445 Quid

480 3461 610 3516 mali
649 3460 815 3518 fecit?
859 3479 965 3519 non
994 3472 1172 3536 potest
1199 3474 1376 3521 tecum
1408 3467 1644 3524 tolerare
1671 3468 1835 3522 vitam
1876 3470 2060 3536 istam,

479 3563 634 3607 extra
671 3554 982 3624 episcopum
1016 3555 1129 3610 vult
1175 3573 1416 3623 manere,
1464 3559 1530 3614 de
1573 3559 1795 3630 proprio
1833 3561 2014 3616 vivere
2046 3579 2060 3616 :

480 3643 676 3699 ideone
711 3645 872 3700 debet
912 3647 1140 3715 perdere
1185 3648 1540 3704 clericatum?
1581 3649 1693 3722 Ego
1729 3652 1863 3718 scio,
1894 3670 2064 3724 quan-

479 3742 594 3789 tum
618 3737 744 3791 mali
775 3738 881 3803 sit,
935 3739 1178 3809 profiteri
1204 3749 1451 3797 sanctum
1481 3742 1706 3812 aliquid,
1747 3760 1848 3800 nec
1872 3746 2063 3817 imple-

478 3842 560 3882 re.
610 3827 819 3896 Vovete,
867 3832 1073 3902 inquit,
1125 3843 1175 3888 et
1216 3834 1414 3888 reddite
1454 3835 1682 3889 Domino
1731 3835 1844 3890 Deo
1893 3847 2060 3892 vestro

479 3917 650 3989 (Psal.
683 3922 916 3993 Lxxut):
963 3933 1034 3987 et,
1081 3924 1274 3980 Melius
1297 3937 1373 3981 est
1397 3944 1498 3982 non
1542 3944 1744 3994 vovere,
1775 3945 1932 3998 quam
1970 3946 2057 3984 vo-

477 4023 593 4060 vere
633 4018 681 4062 et
725 4027 830 4065 non
859 4013 1074 4068 reddere
1112 4015 1282 4084 (Eccl.
1315 4017 1391 4088 v).
1434 4018 1599 4086 Virgo
1625 4027 1680 4073 et
1707 4019 1751 4074 si
1778 4035 2057 4089 nunquam

476 4094 642 4152 fuerit
675 4099 730 4154 in
756 4105 1120 4171 monasterio,
1148 4115 1204 4160 et
1227 4108 1380 4178 virgo
1415 4122 1568 4163 sacra
1603 4119 1715 4176 est;
1749 4113 1956 4168 nubere
1982 4113 2058 4169 illi

472 4203 582 4244 non
611 4190 772 4258 licet,
809 4209 928 4252 esse
973 4197 1026 4251 in
1073 4201 1402 4256 monasterio
1447 4215 1554 4256 non
1596 4204 1957 4274 compellitur.
2000 4207 2057 4263 Si

472 4289 655 4338 autem
685 4286 850 4356 coepit
877 4303 997 4344 esse
1041 4290 1095 4344 in
1140 4295 1492 4360 monasterio,
1528 4305 1584 4350 et
1609 4297 1866 4362 deseruit.
1894 4309 1948 4356 et
1981 4312 2058 4356 ta-

472 4392 597 4432 men
624 4380 776 4449 virgo
803 4391 908 4446 est,
933 4383 1154 4438 dimidia
1187 4386 1313 4440 ruit.
1353 4385 1445 4443 Sic
1473 4396 1529 4443 et
1556 4389 1790 4446 clericus
1811 4392 1947 4448 duas
1970 4411 2058 4452 res

472 4469 755 4536 professus
781 4481 888 4537 est,
910 4484 965 4528 et
987 4478 1351 4543 sanctitatem,
1368 4487 1422 4533 et
1449 4479 1796 4549 clericatum;
1828 4485 2055 4543 interius

473 4560 839 4615 sanctitatem.
864 4561 998 4618 Nam
1027 4567 1341 4622 clericatum
1372 4579 1593 4640 propter
1614 4574 1867 4643 populum
1896 4592 2051 4632 suum

2182 2013 2349 2080 vires,
2374 2031 2482 2070 non
2514 2031 2610 2072 vos
2660 2018 2871 2074 desero.
2933 2019 3096 2078 Orate
3122 2037 3222 2093 pro
3247 2038 3369 2089 me,
3419 2035 3480 2080 ut
3510 2035 3780 2096 quantum

2180 2107 2324 2164 inest
2348 2111 2532 2167 anima
2563 2113 2617 2168 in
2660 2114 2766 2171 hoc
2792 2129 3151 2192 corporehet
3186 2120 3602 2193 qualescunque
3633 2107 3780 2180 vires

2181 2210 2494 2272 suppetunt,
2531 2204 2587 2258 in
2617 2207 2784 2262 verbo
2811 2207 2907 2262 Dei
2934 2210 3167 2265 serviam
3193 2212 3371 2267 vobis.
3397 2213 3590 2270 Amen.

2753 2320 2982 2379 CAPUT
3017 2322 3198 2379 CXIII.

2251 2383 2531 2454 (Eiusdem
2555 2406 2726 2445 sermo
2752 2392 2807 2458 2,
2834 2393 2898 2447 de
2928 2391 3047 2448 Vita
3069 2406 3116 2450 et
3147 2398 3380 2454 moribus
3409 2398 3770 2475 clericorurn.)

2179 2469 2444 2529 Charitati
2487 2486 2682 2533 vestrae
2720 2481 2882 2536 hodie
2920 2483 2985 2538 de
3037 2485 3194 2541 nobis
3242 2487 3376 2557 ipsis
3420 2505 3601 2545 sermo
3648 2469 3773 2547 red-

2178 2564 2386 2622 dendus
2414 2568 2519 2625 est’.
2553 2571 2689 2640 Quia
2715 2576 2860 2630 enim
2886 2617 2902 2643 ,
2932 2586 2992 2633 ut
3022 2579 3098 2634 ait
3127 2579 3452 2651 Apostolus,
3487 2585 3771 2656 Spectacu-

2176 2654 2286 2710 lum
2316 2659 2446 2727 facti
2473 2678 2656 2718 sumus
2687 2667 2904 2735 mundo,
2937 2679 2986 2722 et
3015 2671 3250 2741 angelis,
3281 2684 3329 2726 et
3362 2654 3671 2731 hominibus
3703 2675 3770 2746 (I

2176 2746 2299 2802 Cor.
2333 2765 2384 2803 1v
2409 2749 2461 2824 ),
2496 2754 2588 2822 qui
2621 2771 2722 2812 nos
2752 2767 2967 2824 amant,
3002 2772 3251 2830 quaerunt
3283 2769 3432 2835 quo-l
3469 2767 3694 2823 laudent
3721 2770 3769 2825 in

2175 2839 2376 2896 nobis:
2419 2847 2512 2915 qui
2547 2856 2729 2904 autem
2778 2866 2878 2906 nos
2941 2853 3206 2918 oderunt,
3253 2857 3564 2912 detrahunt
3600 2862 3766 2915 nobis.

2172 2936 2283 2992 Nos
2319 2945 2503 2993 autem
2537 2939 2592 2994 in
2630 2949 2863 3015 utroque
2901 2945 3080 3000 medio
3119 2948 3443 3016 constituti,
3485 2951 3766 3020 adiuvante

2171 3031 2399 3089 Domino
2437 3034 2549 3091 Deo
2584 3047 2810 3106 nostro,
2851 3049 2905 3095 et
2942 3042 3112 3098 vitam
3150 3054 3397 3100 nostram
3421 3087 3438 3112 ,
3480 3058 3540 3102 et
3575 3048 3762 3104 famam

2169 3129 2412 3178 nostram
2447 3125 2526 3180 sic
2553 3129 2826 3184 custodire
2863 3130 3158 3199 debemus,
3196 3143 3255 3189 ut
3294 3153 3406 3192 non
3442 3141 3764 3196 erubescant

2168 3211 2237 3267 de
2266 3213 2665 3274 detractoribus
2693 3218 3023 3278 laudatores.
3056 3223 3341 3291 Quomodo
3369 3238 3562 3286 autem
3590 3232 3764 3286 vivere

2445 3310 2716 3377 quomodo
2741 3311 2854 3367 Deo
2879 3315 3113 3385 prepitio
3132 3315 3245 3384 jam
3277 3319 3552 3388 vivamus,
3578 3339 3767 3392 qnam—

2169 3395 2253 3451 vis
2288 3397 2354 3452 de
2391 3397 2673 3470 Scriptura
2711 3413 2898 3460 sancta
2937 3407 3091 3461 multi
3129 3411 3394 3467 noveritis
3417 3454 3432 3478 ,
3469 3423 3651 3470 tamen
3693 3416 3766 3473 ad

2168 3492 2676 3547 commemorandos
2704 3509 2830 3560 vos,
2864 3495 2978 3566 ipsa
3011 3497 3078 3554 de
3112 3498 3252 3554 libro
3282 3500 3506 3557 Actuum
3538 3513 3765 3573 aposto-

2167 3576 2342 3634 lorum
2369 3582 2522 3637 vobis
2548 3582 2709 3639 lectio
2737 3586 3074 3654 recitabitur,
3099 3599 3159 3646 ut
3181 3591 3413 3649 videatis
3437 3595 3529 3649 ubi
3555 3594 3766 3652 descri-

2165 3677 2257 3739 pta
2308 3672 2378 3726 sit
2423 3674 2629 3741 forma,
2682 3693 2844 3747 quam
2894 3681 3268 3740 desideramus
3319 3686 3570 3756 implere.
3623 3689 3760 3746 Dum

2165 3775 2297 3833 ergo
2333 3765 2616 3831 recitatur,
2656 3784 2751 3823 vos
2789 3769 3184 3831 intentissimos
3211 3791 3333 3834 esse
3359 3778 3486 3836 volo
3506 3821 3522 3843 ,
3555 3791 3615 3836 ut
3642 3793 3761 3853 post

2163 3852 2280 3920 ejus
2303 3857 2676 3914 recitationem
2693 3902 2706 3923 ,
2732 3863 2873 3931 quod
2894 3867 3150 3922 constitui
3173 3868 3390 3939 loquar,
3414 3852 3759 3929 Dominodo-

2145 3954 2360 4024 qnante,
2394 3947 2680 4003 intentioni
2706 3961 2924 4008 vestrae.
2957 3954 3201 4028 Cumque
3228 3960 3494 4017 diaconus
3523 3962 3756 4020 Lazarus

2163 4031 2369 4105 legeret
2399 4053 2412 4089 :
2447 4037 2578 4092 Cum
2609 4052 2874 4108 orassent,
2910 4056 3080 4101 motus
3109 4058 3184 4102 est
3214 4048 3359 4105 locus
3391 4051 3446 4105 in
3475 4071 3582 4123 quo
3609 4063 3755 4108 "ait!

2163 4130 2492 4197 congregati,
2524 4141 2571 4184 et
2601 4133 2795 4203 impleti
2825 4147 2945 4190 sunt
2991 4156 3168 4195 omnes
3205 4125 3411 4213 Spiritu
3453 4158 3676 4212 sancto,
3709 4158 3756 4202 et

2162 4215 2508 4288 loquebantur
2550 4223 2757 4276 verbum
2806 4226 2903 4280 Dei
2945 4245 3061 4282 cum
3105 4230 3303 4298 ﬁducia
3345 4237 3493 4288 omni
3543 4237 3750 4292 uolenti.

2161 4307 2527 4366 Multitudinis
2553 4324 2729 4368 autem
2753 4316 3074 4372 credentium
3102 4333 3214 4374 erat
3243 4324 3424 4378 anima
3453 4342 3566 4380 una
3596 4339 3644 4382 et
3669 4345 3754 4384 cor

2159 4415 2366 4454 unum:
2399 4413 2445 4456 et
2490 4419 2641 4458 nemo
2683 4422 2863 4460 eorum
2903 4425 3021 4480 qum
3046 4412 3373 4480 possidebat,
3410 4415 3623 4471 dicebat
3651 4417 3748 4471 ali-

2157 4491 2285 4561 quid
2315 4509 2468 4546 suum
2512 4511 2650 4559 esse,
2686 4497 2777 4551 sed
2805 4510 2954 4553 erant
2984 4500 3090 4555 illis
3121 4504 3297 4557 omnia
3327 4509 3653 4562 communia.
3685 4507 3751 4563 Et

2157 4583 2346 4637 virtute
2385 4601 2575 4656 magna
2607 4588 2894 4644 reddebant
2923 4593 3277 4648 testimonium
3309 4599 3543 4667 apostoli
3577 4617 3751 4655 resur-

471 4647 620 4704 Deus
669 4651 925 4721 imposuit
968 4658 1273 4714 cervicibus
1313 4661 1500 4730 ipsius.
1564 4663 1732 4737 Magis
1771 4682 1909 4724 onus
1946 4679 2050 4737 est,
2079 4669 2132 4729 D
2159 4675 2403 4728 rectionis
2442 4674 2657 4732 Domini
2697 4677 2856 4737 Iesu.
2889 4684 3160 4755 gratiaque
3202 4647 3396 4756 magria
3437 4700 3558 4744 erat
3600 4709 3752 4762 super

477 4752 631 4762 ,ΜΨ
669 4741 838 4762 LW“
902 4743 1008 4762 tu.
1135 4749 1146 4760 .
1320 4751 1332 4762 .
1622 4757 1632 4762 -
1897 4761 1908 4762 κ

472 4752 636 4807 quam
666 4741 857 4798 honor.
902 4743 1009 4800 Sed
1056 4749 1180 4818 quis
1218 4751 1467 4820 sapiens,
1515 4764 1572 4809 et
1619 4757 1869 4829 intelligit
1896 4761 2053 4816 haec?

470 4829 612 4901 Ergo
631 4834 907 4903 professus
938 4847 1022 4893 est
1047 4841 1390 4898 sanctitatem
1418 4886 1432 4910 ,
1480 4847 1759 4915 professus
1788 4859 1871 4904 est
1911 4867 2056 4906 com—

470 4926 708 4982 muniter
748 4930 962 4985 vivendi
1009 4933 1360 4990 societatem:
1410 4937 1688 5008 professus
1737 4949 1839 5006 est,
1884 4957 2050 5013 quam

467 5015 666 5071 bonum
695 5027 752 5073 et
773 5035 936 5089 quam
961 5019 1261 5090 jucundum
1285 5027 1534 5084 habitare
1565 5029 1764 5087 fratres
1787 5031 1841 5087 in
1862 5049 2049 5089 unum.

471 5106 524 5161 Si
561 5107 618 5162 aL
646 5109 745 5164 hoc
773 5114 1339 5182 proposito’ceciderit
1369 5131 1426 5174 et
1456 5130 1610 5176 extra
1631 5138 1860 5180 manens
1889 5124 2052 5181 cleri-

467 5213 564 5252 cus
593 5199 776 5266 fuerit,
810 5203 1067 5260 dimidius
1112 5216 1168 5262 et
1213 5209 1329 5278 ipse
1372 5211 1589 5267 cecidit.
1645 5213 1783 5282 Quid
1824 5217 1890 5272 ad
1921 5219 2052 5274 me?

467 5304 573 5345 non
601 5307 722 5346 cum
748 5293 950 5368 judiqp.
1019 5298 1076 5353 Si
1110 5298 1243 5356 foris
1271 5312 1453 5360 servat
1484 5307 1864 5375 sanctitatem,
1893 5310 2052 5365 dimi-

469 5382 590 5438 dius
613 5387 825 5442 cecidit.
875 5389 930 5443 Si
962 5390 1106 5447 intus
1147 5395 1399 5452 habuerit
1435 5398 1869 5469 simulationem,
1902 5412 2048 5459 totus

469 5475 680 5531 cecidit.
743 5477 876 5536 Nolo
907 5483 1103 5538 habeat
1134 5490 1513 5544 necessitatem
1559 5491 1869 5547 simulandi.
1915 5492 2044 5550 Scio

467 5569 738 5636 quomodo
782 5571 1029 5631 homines
1078 5588 1262 5633 ament
1300 5580 1637 5637 clericatum.
1677 5582 1887 5638 Nemini
1919 5599 2046 5640 eum

468 5659 598 5714 tollo
623 5661 823 5717 nolenti
847 5681 1059 5724 mecum
1081 5675 1638 5732 communitcrvivere
1662 5691 1676 5729 :
1701 5675 1863 5731 habet
1883 5675 2050 5731 Deum

468 5749 559 5819 qui
587 5767 803 5806 mecum
830 5772 1050 5816 manere
1073 5763 1206 5818 vult.
1249 5763 1308 5820 Si
1347 5777 1573 5836 paratus
1599 5778 1683 5824 est
1707 5768 1857 5839 pasci
1883 5782 1912 5822 a
1941 5767 2052 5824 Deo

466 5844 878 5921 perccclesiam
909 5851 1105 5922 ipsius,
1137 5871 1245 5912 non
1285 5858 1487 5923 habere
1514 5861 1716 5933 aliquid
1747 5861 2047 5933 proprium,

2157 4784 2334 4822 omnes
2370 4767 2508 4824 illos.
2561 4769 2746 4844 Neque
2791 4776 2928 4830 enim
2971 4795 3129 4848 agens
3175 4781 3451 4851 quisquam
3479 4783 3587 4852 fuit
3618 4787 3755 4839 inter

2156 4856 2294 4912 illos.
2331 4857 2597 4930 Quotquot
2627 4863 2763 4917 enim
2803 4881 3126 4935 possessores
3165 4869 3494 4940 praediorum
3539 4873 3620 4927 rel
3658 4875 3749 4926 do-

2156 4966 2361 5004 morum
2388 4963 2574 5017 erant,
2601 4955 2881 5010 uendentes
2911 4958 3198 5027 a/ferebant
3224 4962 3392 5030 pretia
3420 4961 3673 5030 illorum,
3701 4974 3752 5020 et

2154 5044 2417 5114 ponebant
2443 5056 2563 5101 ante
2591 5047 2746 5117 pedes
2771 5051 3129 5119 apostolorum
3151 5093 3166 5118 ,
3200 5052 3624 5109 distribuebatur
3647 5074 3752 5111 au-

2156 5141 2259 5188 tem
2283 5135 2526 5204 singulis,
2556 5147 2710 5207 prout
2739 5139 2925 5210 cuique
2951 5157 3079 5211 opus
3108 5152 3221 5196 erat
3251 5143 3398 5215 (Act.
3434 5146 3549 5216 tv).
3586 5145 3754 5201 Cum-

2155 5241 2260 5296 que
2299 5225 2539 5284 Lazarus
2571 5228 2831 5286 diaconus
2871 5232 3128 5288 recitaret
3154 5275 3168 5298 ,
3205 5244 3260 5288 et
3294 5235 3556 5306 episcopo
3593 5238 3749 5293 codi-

2154 5331 2276 5372 cem
2311 5317 2658 5385 tradidisset,
2719 5321 2946 5391 August.
2984 5327 3272 5398 cpiscopus
3308 5330 3448 5385 dixit
3481 5351 3494 5384 :
3539 5331 3612 5387 Et
3647 5347 3750 5405 ego

2155 5408 2336 5481 legere
2363 5410 2485 5465 volo
2515 5429 2526 5464 :
2562 5412 2681 5481 plus
2709 5414 2853 5468 enim
2883 5431 2969 5470 me
2994 5417 3227 5473 delectat
3256 5419 3416 5489 hujus
3439 5425 3597 5478 verbi
3624 5438 3752 5480 esse

2153 5500 2410 5558 lectorem
2433 5543 2449 5570 ,
2481 5519 2642 5573 quam
2671 5507 2820 5560 verbi
2853 5509 2960 5564 mei
2989 5508 3400 5580 disputatorem.
3431 5513 3476 5569 C
3477 5533 3567 5569 um
3596 5533 3750 5572 oras-

2155 5604 2267 5650 sent
2286 5637 2301 5661 ,
2328 5605 2500 5650 motus
2527 5607 2602 5651 est
2630 5596 2778 5652 locus
2802 5601 2858 5653 in
2884 5617 2986 5672 quo
3013 5615 3161 5658 erant
3203 5608 3536 5677 congregati,
3568 5618 3619 5661 et
3645 5610 3754 5659 ins-

2157 5685 2284 5756 pleti
2312 5703 2488 5743 omnes
2521 5686 2725 5759 Spiritu
2764 5701 2971 5756 sancto,
3009 5693 3354 5766 loquebantur
3387 5700 3601 5752 verbum
3639 5695 3748 5752 Dei

2159 5793 2278 5832 cum
2313 5779 2513 5848 ﬁducia
2555 5783 2694 5836 omni
2729 5783 2936 5839 volenti.
2992 5785 3353 5844 Multitudinis
3400 5799 3574 5844 autem
3627 5804 3751 5844 cre-

2158 5867 2394 5931 dentium
2423 5880 2572 5926 erant
2601 5873 2780 5930 anima
2812 5891 2918 5930 una
2947 5884 2997 5932 et
3021 5892 3114 5931 cor
3136 5892 3341 5955 unum;
3372 5877 3441 5934 Et
3471 5894 3621 5935 nemo
3647 5894 3750 5935 eo-
