4000 6450
217 318 316 380 905

753 318 1033 376 necum
1073 315 1567 374 csuomconuu
1599 315 1688 370 AB
1723 316 2086 371 AMALA‘RIO
2116 317 2495 371 eoeneum.
2533 345 2604 354 —
2644 297 2769 368 Lm.
2811 349 2853 368 ..

3321 329 3423 392 906

217 447 326 488 runt
361 447 477 502 qua:
516 431 845 501 possidebat,
877 433 1076 486 dicebat
1105 431 1304 502 aliquid
1330 449 1483 486 suum
1507 448 1616 484 esse
1635 471 1648 495 ,
1681 431 1770 484 sed
1799 439 1850 498 Α
1875 431 2000 485 dum
2026 438 2143 498 est,
2171 438 2233 486 ut
2263 430 2336 485 illi
2376 429 2574 486 servuli
2603 429 2930 492 dividantur,
2959 439 3014 485 et
3044 432 3431 485 manumittan-

215 533 354 579 erant
379 521 483 575 illis
513 522 685 574 omnia
716 524 1030 576 communia.
1063 521 1127 574 Et
1159 523 1344 576 virtute
1369 537 1557 589 magna
1589 520 1771 573 redde-

213 614 332 668 bant
353 613 702 666 testimonium
727 613 945 683 apostoli
972 613 1360 666 resurrectionis
1389 610 1596 664 Domini
1619 611 1764 671 Jesu,

212 707 476 776 gratiaque
505 722 694 774 magna
721 715 831 757 erat
861 722 1016 774 super
1043 721 1217 758 omnes
1249 703 1387 756 illos.
1420 701 1603 772 Neque
1631 701 1767 753 enim

208 814 355 868 egens
377 797 649 868 quisquam
675 795 772 864 fuit
798 798 932 849 inter
953 796 1092 849 illos.
1119 796 1380 865 Quotquot
1406 795 1542 847 enim
1571 808 1771 861 posses-

208 906 344 945 sores
372 889 690 960 pra'diorum
721 889 796 943 rel
827 889 1097 943 domorum
1127 897 1306 950 erant,
1338 887 1609 939 uendentes
1641 885 1771 953 ιι]Ῑέ-

209 977 382 1032 rebant
424 979 590 1049 pretia
633 996 846 1042 eorum,
874 989 919 1031 et
949 977 1205 1048 ponebant
1235 986 1356 1030 ante
1382 974 1534 1045 pedes
1564 983 1770 1043 aposto-

206 1069 407 1133 lorum,
435 1069 849 1123 distribuebatur
891 1080 1063 1122 autem
1104 1066 1343 1137 singulis,
1387 1074 1538 1136 prout
1584 1065 1770 1132 cuique

203 1175 327 1228 opus
362 1170 493 1212 erat.
520 1144 770 1229 "Cumque
801 1161 1082 1230 episcopus
1115 1159 1364 1230 legisset,
1395 1157 1532 1211 dixit
1561 1174 1573 1210 :
1603 1154 1769 1208 Atidi-

201 1246 297 1302 stis
324 1249 450 1317 quid
474 1250 729 1314 velimus,
753 1259 904 1304 orate
928 1261 986 1304 ut
1009 1251 1295 1320 possimus.
1321 1249 1558 1319 Contigit
1587 1256 1765 1301 autem

199 1341 438 1408 quaedam
469 1343 786 1405 necessitas,
808 1352 866 1396 ut
893 1344 1005 1396 haec
1030 1343 1338 1412 diligentius
1365 1357 1600 1407 agerem.
1626 1339 1769 1406 Quo-

199 1431 337 1485 niam
371 1433 512 1488 sicut
533 1432 646 1502 jam
694 1437 882 1494 nostis,
912 1435 1195 1506 presbyter
1221 1436 1273 1488 iu
1303 1445 1486 1488 nostra
1511 1433 1768 1487 societate

199 1526 551 1592 constitutus,
608 1528 750 1596 quali
803 1528 1048 1582 societati
1102 1528 1350 1596 perhibet
1397 1525 1766 1580 testimonium

196 1613 374 1683 lectio,
406 1634 568 1687 quam
608 1620 766 1674 modo
795 1635 916 1673 eum
951 1620 1321 1682 recitaremus,
1355 1618 1618 1683 audistis;
1652 1631 1767 1670 mo-

195 1708 336 1762 riens
376 1717 760 1764 testamentum
801 1710 956 1775 fecit,
990 1712 1114 1781 quia
1157 1697 1346 1765 habuit
1375 1711 1514 1764 unde
1542 1709 1760 1763 faceret.

1871 531 1978 587 tur,
2009 533 2064 578 et
2091 524 2170 578 sic
2202 525 2291 578 det
2327 522 2607 585 Ecclesiae,
2641 530 2701 575 ut
2727 537 2912 576 eorum
2941 523 3174 592 excipiat
3207 523 3435 578 alimen-

1871 618 2005 666 tum.
2039 610 2218 682 Nepos
2246 621 2425 666 autem
2456 627 2639 674 meus,
2672 625 2740 665 ex
2772 625 2879 679 quo
2909 625 3205 666 CODVCI'SUS
3233 621 3349 675 est,
3384 623 3438 667 Cl.

1869 715 2082 754 mecum
2111 717 2232 756 esse
2263 702 2426 771 cmpit
2447 743 2460 764 ,
2494 701 2886 770 impediebatur
2913 708 2967 753 et
2997 701 3110 769 ipse
3139 703 3342 772 aliquid
3372 704 3437 756 de

1870 795 2117 862 agellulis
2152 795 2265 850 suis
2292 808 2453 863 agere
2481 794 2646 847 invita
2676 791 3074 847 usufructuaria
3107 803 3280 848 matre
3308 809 3402 848 sua
3421 835 3436 858 ,

1871 901 1989 954 qua:
2028 887 2130 941 hoc
2164 902 2306 940 anno
2339 885 2591 940 defuncta
2628 894 2730 940 est.
2762 885 2906 938 lnter
2935 885 3109 954 ipsum
3139 893 3192 938 et
3222 900 3438 941 sorores

1869 977 1983 1046 ejus
2009 987 2134 1032 sunt
2160 980 2402 1048 quaedam
2419 1020 2433 1042 ,
2459 979 2512 1032 in
2535 977 2736 1033 Christi
2763 976 3027 1046 adjutorio
3048 979 3158 1033 cito
3184 977 3435 1042 finienda,

1869 1078 1928 1122 ut
1949 1077 2000 1122 et
2028 1069 2142 1138 ipse
2166 1069 2328 1123 faciat
2349 1070 2490 1138 quod
2517 1069 2609 1122 Dei
2635 1085 2848 1124 servum
2873 1069 3028 1123 decet
3045 1109 3058 1132 ,
3084 1070 3300 1140 etquod
3327 1071 3438 1140 ipsa

1869 1161 2133 1232 professio
2174 1169 2228 1216 et
2270 1162 2371 1214 ista
2413 1161 2579 1231 exigit
2619 1159 2797 1215 lectio.
2844 1160 3111 1214 Diaeonus
3151 1159 3440 1215 Faustinus

1869 1253 2047 1325 (sicut
2073 1269 2210 1323 pene
2237 1268 2430 1308 omnes
2459 1252 2666 1323 nostis)
2707 1252 2795 1306 hic
2829 1252 2894 1306 de
2926 1251 3117 1306 militia
3155 1252 3334 1306 saeculi
3372 1251 3437 1306 ad

1868 1347 2256 1401 monasterium
2303 1361 2596 1400 conversus
2640 1354 2754 1408 est,
2804 1345 2892 1398 hic
2927 1344 3265 1413 baptizatus,
3317 1345 3441 1399 inde

1869 1437 2128 1491 diaconus
2163 1437 2466 1490 ordinatur.
2502 1435 2607 1489 Sed
2636 1436 2761 1504 quia
2795 1435 3048 1504 exiguum
3077 1444 3162 1489 est
3188 1437 3331 1504 quod
3360 1435 3442 1489 vi-

1869 1525 2026 1579 detur
2051 1526 2360 1594 possidere,
2394 1525 2534 1580 sicut
2563 1516 2702 1592 juris
2741 1525 2894 1595 periti
2937 1523 3244 1594 loquuntur,
3278 1527 3401 1596 jure
3426 1567 3440 1591 ,

1869 1633 1975 1671 non
2016 1632 2274 1687 corpore,
2313 1617 2604 1685 reliquerat
2645 1616 2804 1681 illud,
2843 1626 2898 1671 et
2934 1616 3000 1670 ab
3032 1615 3149 1686 ejus
3183 1615 3442 1673 fratribus

1869 1706 2172 1760 tenebatur.
2204 1705 2487 1776 Nunquam
2516 1708 2637 1761 inde
2665 1707 2951 1777 cogitavit,
2979 1723 3046 1762 ex
3075 1723 3180 1776 quo
3212 1723 3441 1763 conver-

190 1798 322 1854 Erat
355 1803 499 1871 quod
537 1803 742 1858 diceret
777 1819 966 1869 suum,
999 1820 1119 1859 cum
1159 1805 1212 1857 in
1245 1819 1306 1856 ea
1337 1803 1592 1857 societate
1615 1801 1762 1854 vive-
1791 1793 1839 1853 B
1867 1811 1959 1850 sus
1997 1807 2113 1871 est,
2147 1812 2247 1852 nec
2282 1799 2395 1868 ipse
2430 1799 2630 1868 aliquid
2661 1800 2908 1868 quaesivit
2940 1816 2969 1853 a
2999 1799 3259 1855 fratribus
3294 1803 3439 1866 suis,

189 1901 316 1958 ret,
353 1895 446 1948 ubi
482 1895 684 1948 nemini
723 1895 919 1951 licebat
965 1898 1143 1952 dicere
1189 1895 1390 1964 aliquid
1437 1909 1627 1956 suum,
1671 1884 1765 1946 sed

187 1996 310 2036 esse
348 1984 455 2039 illis
494 1987 672 2040 omnia
710 1988 1036 2041 communia.
1079 1986 1135 2040 Si
1164 1987 1286 2056 quis
1311 1985 1537 2038 dilector
1563 1991 1618 2036 et
1646 1982 1761 2034 lau-

188 2069 348 2124 dator
387 2083 572 2128 nostcr
606 2077 744 2144 apud
777 2077 1130 2130 detractorem
1172 2083 1414 2128 nostium
1447 2073 1765 2142 praedicaret

189 2161 348 2216 istam
384 2166 693 2219 societatem
716 2207 730 2230 ,
762 2175 815 2219 et
854 2167 1092 2227 diceret,
1127 2164 1258 2219 Cum
1298 2164 1551 2232 episcopo
1581 2162 1761 2230 Auguo

189 2254 328 2306 stino
356 2254 434 2308 sic
460 2255 646 2309 vivunt
671 2272 857 2310 omnes
881 2256 1281 2310 cohabitatores
1313 2253 1461 2322 ejus,
1492 2253 1762 2322 quomodo

188 2344 446 2414 scriptum
484 2355 569 2400 est
608 2348 658 2400 iu
697 2348 921 2401 Actibus
955 2347 1318 2417 apostolorum
1340 2388 1354 2410 ,
1387 2330 1644 2400 continuo
1675 2343 1763 2398 ille

189 2435 463 2491 detractor
495 2448 656 2507 caput
695 2455 943 2504 movens,
977 2439 1191 2494 dentem
1228 2454 1582 2509 promoveus,
1617 2437 1762 2491 dice-

187 2533 264 2578 ret
295 2543 308 2578 :
345 2527 421 2580 Ita
455 2544 603 2591 vero,
637 2531 715 2584 sic
747 2531 816 2583 ibi
850 2530 1048 2583 vivitur
1077 2530 1344 2599 quomodo
1375 2528 1551 2581 dicis?
1583 2528 1762 2594 Quare

186 2617 466 2672 mentiris?
487 2635 657 2688 quare
684 2619 812 2672 falsa
838 2619 992 2673 laude
1015 2621 1248 2674 honoras
1269 2616 1552 2687 indignos?
1575 2615 1763 2670 Nonne

186 2702 256 2760 ibi
290 2707 455 2761 modo
482 2707 534 2760 iu
565 2723 750 2762 eorum
781 2709 1038 2763 societate
1062 2708 1270 2778 positds
1293 2708 1576 2777 presbyter
1599 2715 1764 2760 testa—

183 2806 422 2852 mentum
457 2796 612 2860 fecit,
638 2806 691 2852 et
717 2799 858 2868 quod
882 2799 1099 2865 habuit,
1126 2800 1395 2870 quomodo
1420 2799 1617 2864 voluit,
1648 2799 1760 2853 dis-

182 2887 355 2955 posuit
384 2898 444 2942 et
476 2889 730 2958 reliquit?
759 2890 917 2945 Certe
955 2891 1134 2946 omnia
1164 2891 1236 2946 ibi
1267 2901 1392 2946 sunt
1421 2893 1756 2955 communia,

183 2987 324 3032 certe
362 2994 528 3033 nemo
559 2981 690 3034 dicit
717 2980 920 3050 aliquid
950 2998 1127 3037 suum.
1163 2981 1274 3037 Sub
1306 2984 1392 3038 his
1420 2984 1600 3038 verbis
1629 2985 1758 3053 quid

183 3080 362 3141 ageret
391 3073 642 3128 laudator
673 3077 870 3130 meus?
898 3075 1086 3132 Nonne
1115 3091 1177 3131 os
1205 3074 1322 3144 ejus
1351 3077 1504 3147 quasi
1536 3077 1756 3146 plumbo

1864 1903 1964 1943 nec
1993 1867 2182 1943 ab'illo
2211 1867 2413 1958 aliquid
2443 1867 2534 1944 est,
2555 1867 2856 1958 qumsitum.
2890 1889 3045 1945 Modo
3070 1892 3194 1960 quia
3223 1900 3441 1946 ventum

1863 1987 1946 2032 est
1974 1980 2042 2032 ad
2075 1982 2217 2033 hunc
2249 1980 2537 2033 articulum
2575 1981 2833 2050 temporis
2853 2021 2866 2044 ,
2897 1996 3019 2034 cum
3055 1982 3282 2036 consilio
3321 1997 3442 2035 meo

1862 2071 2049 2127 divisit
2088 2072 2258 2140 ipsam
2294 2086 2407 2125 rem
2439 2090 2450 2125 :
2493 2080 2547 2126 et
2582 2072 2860 2126 dimidiam
2914 2073 3134 2127 donavit
3181 2070 3442 2128 fratribus

1862 2163 1997 2228 suis,
2027 2163 2304 2217 dimidiam
2333 2163 2588 2218 Ecclesia:
2614 2163 2837 2233 pauperi
2869 2165 2922 2217 in
2950 2164 3067 2219 loco
3093 2165 3283 2220 eodem
3309 2181 3442 2220 con-

1861 2254 2078 2308 stitutae.
2115 2255 2383 2310 Diaeonus
2410 2254 2642 2308 Severus
2678 2256 2778 2309 sub
2809 2256 2913 2324 qua
2949 2256 3043 2310 Dei
3072 2257 3352 2327 disciplina
3385 2267 3442 2312 et

1860 2344 2070 2416 ﬂagello
2099 2348 2202 2413 sit,
2236 2347 2408 2401 nostis
2434 2363 2445 2399 :
2481 2346 2660 2400 lumen
2690 2355 2868 2400 tamen
2897 2363 3000 2400 non
3031 2348 3263 2417 perdidit
3290 2363 3442 2403 men-

1863 2440 1949 2492 tis.
1996 2438 2166 2494 Unam
2209 2439 2424 2493 domum
2472 2439 2563 2492 hic
2607 2448 2812 2492 emerat
2853 2446 3076 2508 propter
3117 2446 3346 2493 matrem
3389 2446 3445 2495 et

1861 2545 2102 2584 sororem
2144 2546 2294 2584 suam
2315 2570 2330 2594 ,
2359 2544 2496 2598 quas
2525 2529 2590 2583 de
2622 2544 2718 2583 sua
2752 2528 2928 2597 patria
2959 2531 3066 2584 huc
3099 2529 3441 2584 desiderabat

1862 2620 2150 2675 adducere.
2192 2621 2412 2675 Emerat
2447 2627 2660 2684 autem,
2693 2636 2800 2674 non
2848 2635 2943 2674 sua
2988 2621 3249 2690 pecunia,
3279 2621 3468 2693 quam'

1863 2728 1970 2766 non
2013 2712 2279 2776 habebat,
2327 2712 2420 2766 sed
2460 2727 2526 2765 ex
2557 2710 2928 2766 consolatione
2957 2711 3332 2782 religiosorum
3362 2713 3441 2767 vi-

1863 2816 2047 2856 rorum
2072 2843 2085 2864 ,
2118 2817 2254 2870 quos
2284 2802 2416 2855 mihi
2460 2802 2723 2870 quaerenti
2765 2802 2931 2856 etiam
2970 2803 3258 2858 nominans
3299 2802 3439 2858 indi-

1863 2893 2024 2945 cavit.
2071 2890 2148 2945 De
2181 2891 2296 2960 ipsa
2330 2906 2435 2945 non
2465 2907 2684 2961 possum
2713 2890 2896 2947 dicere
2933 2892 3063 2962 quid
3097 2891 3315 2959 fecerit,
3345 2903 3442 2948 aut

1861 2983 1990 3052 quid
2032 2983 2313 3051 disponet,
2363 2983 2468 3036 nisi
2512 2983 2638 3053 quia
2671 2983 2784 3052 ipse
2812 2992 2984 3037 totum
3025 2984 3078 3038 in
3111 2998 3230 3038 mea
3259 2987 3440 3055 posuit

1859 3075 2138 3127 voluntate
2158 3113 2173 3138 ,
2203 3081 2264 3127 ut
2290 3073 2552 3142 quidquid
2582 3073 2695 3143 ipse.
2726 3073 2914 3127 vellem
2933 3113 2947 3139 ,
2979 3075 3082 3130 hoc
3111 3074 3236 3130 inde
3260 3074 3436 3132 fieret.

182 3163 443 3232 oppilaret
474 3165 560 3220 ille
586 3167 901 3240 detractor?
927 3185 1102 3224 nonne
1132 3169 1282 3224 illum
1309 3169 1556 3225 laudasse
1583 3171 1754 3240 poeui-
1782 3152 1827 3212 Ο
1862 3164 1967 3219 Sed
1999 3166 2162 3220 habet
2189 3165 2452 3235 quasdam
2482 3180 2677 3220 causas
2703 3182 2824 3219 cum
2851 3175 3024 3220 matre
3048 3181 3176 3232 sua,
3206 3182 3436 3237 quarum

183 3255 358 3308 teret?
397 3270 576 3311 nonne
604 3260 906 3314 reverentia
935 3259 1222 3330 perfusus,
1248 3272 1302 3316 et
1333 3261 1474 3316 illius
1504 3275 1754 3316 sermone

181 3347 473 3415 confusus,
507 3349 588 3404 vel
631 3351 821 3416 nobis,
850 3351 935 3406 vel
971 3353 1220 3408 testatori
1254 3353 1331 3406 illi
1368 3352 1753 3407 malediceret?

182 3436 305 3493 Haec
338 3438 443 3493 fuit
470 3441 794 3505 necessitas,
819 3450 881 3495 ut
904 3441 970 3496 ad
1001 3443 1158 3496 istam
1185 3443 1517 3514 diligentiam
1544 3444 1757 3497 venire-

179 3542 320 3583 mus.
355 3528 556 3582 Nuntio
582 3544 710 3600 ergo
737 3531 888 3585 vobis
915 3531 1056 3585 unde
1085 3533 1380 3602 gaudeatis.
1416 3531 1616 3588 Omnes
1645 3532 1756 3586 fra-

176 3628 290 3673 tres
317 3627 372 3672 et
400 3620 626 3675 clericos
657 3637 831 3682 meos.
863 3624 952 3692 qui
985 3639 1194 3679 mecum
1221 3626 1498 3689 habitant,
1528 3626 1754 3697 presby-

179 3716 351 3770 teros,
383 3711 659 3774 diaconos,
688 3714 1068 3778 subdiacouos,
1099 3725 1151 3769 et
1180 3715 1471 3770 Patricium
1502 3726 1755 3787 nepotem

178 3812 360 3852 meum
381 3840 395 3863 ,
424 3799 558 3854 tales
582 3802 757 3856 inveni
777 3805 1006 3872 ,.quales
1029 3806 1351 3862 desideravi.
1380 3806 1486 3862 Sed
1514 3817 1636 3862 sunt
1662 3808 1754 3878 qui

179 3889 246 3944 de
301 3905 400 3944 sua
454 3891 814 3962 qualicunque
859 3906 1176 3965 paupertate
1220 3899 1364 3967 quod
1411 3907 1750 3963 statuerant,

178 3982 418 4035 nondum
457 3981 719 4037 fecerunt.
757 3985 821 4038 Hi
861 3996 1016 4051 sunt,
1046 3988 1247 4044 Valens
1275 3990 1664 4055 subdiaconus,
1696 3999 1752 4045 et

175 4073 333 4140 paulo
367 4082 495 4128 ante
530 4075 706 4132 dictus
738 4093 905 4148 nepos
944 4093 1096 4136 meus
1125 4082 1519 4151 subdiaconus,
1550 4093 1604 4138 et
1635 4101 1751 4139 ma-

178 4163 272 4216 tris
302 4166 408 4218 vita
439 4168 795 4237 impediebat,
825 4173 951 4242 quia
979 4173 1102 4230 inde
1127 4175 1362 4231 vivebat.
1390 4177 1754 4246 Exspectaba-

178 4260 262 4307 tur
292 4255 345 4308 in
375 4254 469 4309 illo
498 4260 661 4310 etiam
691 4261 943 4328 legitima:
982 4266 1158 4320 aetatis
1200 4282 1488 4332 accessus,
1521 4279 1579 4322 ut
1608 4269 1753 4338 quod

177 4344 374 4402 faceret
429 4348 737 4403 firmissime
801 4351 1023 4406 faceret.
1065 4356 1310 4410 Nondum
1361 4367 1542 4415 autem
1593 4360 1748 4427 fecit,

177 4437 294 4505 quia
331 4438 477 4508 ipsos
509 4439 710 4510 agellos
741 4442 903 4496 habet
930 4459 1052 4498 cum
1084 4461 1183 4500 suo
1214 4446 1381 4502 fratre
1409 4464 1744 4516 communes,

174 4536 225 4581 et
258 4531 624 4588 subindivisos
662 4548 754 4589 eos
792 4537 1085 4604 possident.
1133 4537 1224 4594 Sic
1253 4548 1432 4594 autem
1465 4557 1562 4596 eos
1600 4544 1751 4613 cupit

174 4616 421 4677 Ecclesia:
448 4623 696 4679 conferre
712 4667 726 4690 ,
751 4634 812 4680 ut
833 4627 958 4682 inde
979 4627 1194 4684 alantur
1215 4631 1304 4701 qui
1329 4639 1454 4686 sunt
1475 4633 1528 4686 in
1552 4648 1749 4704 propo-

174 4710 273 4766 sito
299 4714 612 4770 sanctitatis
631 4758 646 4782 ,
677 4734 956 4788 quousque
983 4721 1038 4775 in
1067 4723 1169 4777 hac
1195 4724 1306 4778 vita
1338 4725 1558 4797 degunt.
1599 4727 1747 4784 Scri-

171 4808 313 4866 ptum
343 4813 426 4858 est
457 4804 631 4871 enim,
661 4814 716 4860 et
743 4807 844 4861 hoc
870 4809 1156 4877 Apostolus
1185 4811 1421 4880 loquitur
1448 4831 1461 4867 τ
1495 4814 1744 4886 Quisquis

174 4900 339 4946 autem
363 4896 514 4959 suis,
557 4907 605 4950 et
647 4899 874 4951 maxime
901 4899 1200 4955 domesticis
1219 4943 1233 4966 ,
1266 4920 1367 4956 non
1393 4907 1650 4973 providet,
1682 4907 1749 4976 ﬁ-

173 4977 282 5033 dem
305 4983 562 5054 denegat,
586 4997 633 5040 et
654 4998 726 5041 est
748 4989 948 5056 inﬁdeli
971 4991 1197 5045 deterior
1219 4992 1269 5064 (1
1296 4993 1430 5048 Tim.
1455 4995 1531 5067 ν).
1554 4996 1745 5052 Adhuc

174 5079 344 5126 autem
372 5075 643 5143 mancipia
673 5087 797 5130 sunt
817 5079 866 5132 ei
895 5079 1144 5135 similiter
1163 5098 1284 5137 cum
1316 5084 1484 5139 fratre
1507 5101 1746 5140 commu-

175 5160 287 5226 nia,
320 5165 559 5218 nondum
591 5167 780 5221 divisa.
815 5167 1060 5239 Disponit
1085 5187 1150 5227 ea
1181 5175 1563 5232 manumittere
1592 5197 1604 5232 :
1639 5194 1745 5234 nou

175 5259 342 5314 potest
368 5264 661 5321 antequam
694 5255 1020 5312 dividantur.
1050 5259 1186 5327 Quid
1216 5263 1360 5316 enim
1387 5266 1455 5318 ad
1485 5280 1543 5320 se
1573 5267 1744 5336 perti-

174 5349 321 5405 neat,
363 5345 543 5398 adhuc
587 5347 811 5417 ignorat.
853 5349 933 5402 Ad
967 5351 1137 5420 ipsum
1187 5370 1352 5420 sane,
1391 5356 1516 5426 quia
1567 5357 1739 5426 major

175 5438 280 5516 est,
314 5435 550 5501 pertinet
586 5438 781 5492 divisio
811 5447 865 5495 et
901 5440 965 5494 ad
1001 5442 1222 5499 fratrem
1257 5446 1375 5516 ejus
1409 5447 1641 5504 electio:
1683 5458 1739 5505 et

177 5515 285 5586 ipse
313 5520 482 5578 frater
509 5523 623 5593 ejus
653 5527 760 5581 Deo
791 5531 981 5593 servit,
1015 5541 1067 5587 et
1095 5515 1456 5592 subdiaconus
1491 5546 1576 5592 est
1612 5553 1736 5594 cum

176 5622 356 5668 saneto
386 5616 558 5673 fratre
585 5635 707 5674 meo
727 5661 741 5684 ,
773 5629 828 5676 et
856 5625 1172 5696 coepiscopo
1200 5626 1402 5685 Severo
1427 5630 1480 5684 in
1506 5631 1733 5687 ecclesia

177 5698 493 5766 Milevitana.
537 5713 650 5768 Hoc
677 5713 876 5787 agitur,
908 5717 1011 5772 hoc
1039 5719 1156 5776 sine
1185 5721 1441 5780 dilatione
1470 5736 1730 5794 peragen-

529 5810 805 5871 PATROL.
851 5810 978 5875 CV.

1774 4501 1828 4560 D

1857 3273 2146 3312 causarum
2180 3272 2268 3312 me
2291 3254 2530 3325 judicem
2557 3258 2773 3328 poscit.
2807 3273 2927 3312 cum
2960 3258 3064 3314 illze
3095 3274 3271 3314 causa:
3313 3259 3431 3314 fue-

1858 3350 1966 3404 rint
1997 3349 2318 3414 terminatze,
2349 3348 2443 3402 ﬁat
2472 3350 2539 3403 de
2571 3351 2684 3419 ipsa
2711 3349 2870 3403 domo
2895 3349 3038 3418 quod
3065 3363 3166 3422 ego
3195 3350 3433 3406 voluero.

1859 3441 1998 3508 Quid
2044 3451 2227 3495 autem
2274 3441 2416 3496 velle
2456 3450 2667 3512 potero,
2715 3441 2824 3495 Deo
2869 3449 3126 3512 regente,
3157 3440 3262 3496 nisi
3293 3443 3436 3512 quod

1850 3533 2060 3603 justitia
2084 3533 2241 3602 jubet
2269 3543 2324 3588 et
2353 3533 2527 3604 pietas
2556 3531 2834 3604 postulat?
2863 3531 3036 3587 Habet
3065 3532 3231 3586 etiam
3264 3532 3316 3586 in
3345 3549 3438 3603 pa-

1858 3627 1962 3680 tria
2009 3641 2105 3680 sua
2139 3626 2349 3696 aliquos
2379 3626 2580 3697 agellos
2611 3644 2622 3679 :
2655 3623 2892 3695 diSponit
2921 3639 3014 3680 eos
3042 3626 3121 3680 sic
3149 3625 3439 3681 distribue-

1856 3733 1948 3784 re,
1979 3727 2039 3771 ut
2071 3718 2236 3773 etiam
2269 3718 2378 3772 illic
2406 3718 2459 3771 in
2492 3717 2608 3786 ipso
2637 3717 2755 3772 loco
2779 3717 2969 3788 positae
2996 3718 3220 3788 pauperi
3245 3717 3436 3791 largia-

1857 3817 1946 3863 tur
1998 3808 2260 3863 ecclesiae.
2312 3807 2578 3862 Diaeonus
2623 3807 2983 3878 Hipponensis
3026 3806 3188 3861 homo
3230 3822 3434 3877 pauper

1859 3909 1943 3956 est
1974 3919 1986 3954 :
2021 3900 2149 3969 quid
2178 3899 2338 3954 alicui
2368 3897 2644 3960 conferat,
2673 3913 2780 3952 non
2810 3898 2972 3952 habet
3000 3913 3013 3951 ε
3047 3905 3229 3951 tamen
3260 3897 3326 3952 de
3356 3897 3435 3951 la-

1853 3993 2078 4049 boribus
2107 3993 2256 4060 suis,
2290 4002 2581 4063 antequam
2612 3999 2757 4047 esset
2798 3991 3061 4057 clericus,
3093 3999 3304 4046 emerat
3332 3991 3432 4046 ali-

1855 4103 1991 4158 quos
2031 4087 2310 4154 servulos,
2342 4087 2504 4142 hodie
2532 4085 2652 4140 illos
2679 4086 2732 4138 in
2763 4091 3050 4154 conspectu
3092 4091 3274 4139 vestro
3316 4099 3432 4138 ma-

1855 4180 2195 4234 numissurus
2235 4186 2320 4234 est
2358 4176 2752 4247 episc0palibus
2780 4176 2969 4246 gestis.
3003 4175 3272 4230 Diaeonus
3301 4175 3434 4229 Era-

1855 4270 1976 4324 dius
2006 4279 2131 4326 ante
2156 4278 2367 4325 vestros
2391 4269 2578 4325 oculos
2603 4277 2886 4335 versatur;
2913 4285 3079 4340 opera
3107 4269 3223 4338 ejus
3249 4269 3430 4325 lucent

1855 4375 2039 4415 coram
2069 4360 2241 4416 oculis
2270 4360 2472 4416 nostris
2501 4377 2516 4414 :
2549 4361 2616 4416 de
2655 4376 2819 4431 opere
2847 4359 2964 4428 ejus
2989 4369 3042 4415 et
3068 4375 3301 4430 expensa
3331 4377 3430 4432 pe-

1853 4451 2010 4504 cunia
2034 4453 2349 4506 memoriam
2377 4453 2547 4507 sancti
2572 4453 2828 4523 martyris
2860 4453 3139 4508 habemus.
3165 4452 3242 4508 De
3265 4469 3430 4524 pecu-

1856 4541 1944 4596 nia
1987 4557 2085 4598 sua
2124 4543 2256 4598 emit
2291 4544 2456 4598 etiam
2485 4544 2880 4614 possessionem
2921 4559 2986 4599 ex
3031 4545 3256 4601 consilio
3286 4561 3428 4602 meo.

1854 4632 1988 4688 Nam
2018 4633 2192 4704 ipsam
2220 4636 2505 4705 pecuniam
2535 4636 2749 4692 volebat
2778 4652 2874 4707 per
2902 4653 3095 4693 manus
3123 4653 3273 4710 meas
3303 4654 3428 4696 ero-

1856 4729 2013 4800 gari,
2057 4729 2200 4787 sicut
2237 4731 2371 4786 mihi
2416 4731 2699 4802 placeret:
2734 4749 2835 4804 ego
2876 4733 2922 4788 si
2961 4734 3203 4804 pecuniae
3241 4733 3433 4790 avidus

1853 4835 2059 4886 essem,
2091 4830 2185 4875 aut
2213 4822 2565 4878 necessitates
2597 4824 2740 4892 ipsas
2778 4839 2959 4886 meas,
2991 4839 3128 4891 quas
3165 4838 3264 4892 pro
3299 4839 3432 4892 pau-

1853 4913 2076 4980 peribus
2114 4913 2317 4975 habeo,
2362 4913 2414 4966 in
2461 4913 2562 4966 hac
2599 4928 2764 4966 causa
2793 4913 2914 4981 plus
2943 4928 3228 4980 curarem,
3261 4928 3426 4982 pecu-

1852 5003 1996 5055 niam
2027 5003 2350 5071 acciperem.
2383 5000 2604 5066 Quare?
2634 5001 2762 5055 dicit
2791 5002 2988 5072 aliquis
3017 5022 3029 5058 :
3062 5004 3187 5074 quia
3216 5017 3428 5074 posses-

1849 5092 1932 5146 sio
1972 5092 2062 5144 illa
2080 5131 2095 5154 ,
2127 5107 2248 5161 quae
2275 5093 2344 5146 ab
2373 5092 2465 5147 illo
2491 5100 2697 5163 empta,
2728 5102 2785 5148 et
2812 5095 3054 5150 ecclesia:
3082 5095 3278 5150 donata
3305 5101 3424 5161 est,

1850 5184 2027 5238 adhuc
2068 5184 2202 5238 nihil
2244 5193 2466 5254 priestat
2502 5187 2765 5242 ecclesiae.
2807 5187 2983 5242 Minus
3013 5185 3157 5240 enim
3187 5185 3426 5241 habebat

1853 5275 1919 5329 ad
1958 5275 2208 5344 pretium.
2253 5276 2320 5330 Et
2360 5279 2486 5348 quia
2518 5288 2794 5333 mutuatus
2819 5277 3032 5344 fuerat,
3059 5277 3164 5333 hoc
3204 5277 3271 5333 de
3305 5278 3424 5350 ejus

1845 5366 2024 5420 adhuc
2055 5365 2320 5422 fructibus
2349 5370 2610 5424 redditur.
2645 5369 2816 5424 Homo
2845 5384 2963 5424 sum
2995 5383 3160 5424 senex
3187 5387 3202 5424 :
3233 5378 3424 5440 quate-

1845 5472 1947 5512 nus
1973 5457 2103 5512 mibi
2129 5459 2196 5514 de
2223 5459 2312 5514 illa
2336 5461 2677 5530 possessione
2699 5466 2878 5530 potest
2901 5463 3105 5515 fructus
3131 5461 3423 5518 accedere?

1844 5547 2097 5617 Nunquid
2139 5551 2397 5620 promitto
2439 5549 2569 5604 mihi
2612 5558 2692 5603 tot
2735 5565 2906 5604 annos
2946 5564 3066 5606 esse
3113 5549 3415 5617 victurum,

1842 5638 2013 5694 donec
2055 5654 2211 5694 suum
2253 5638 2487 5708 pretium
2529 5637 2616 5692 illa
2647 5639 2956 5708 persolvat?
2983 5639 3134 5707 Quod
3166 5655 3294 5712 ergo
3327 5642 3414 5697 vix

1842 5729 1932 5786 diu
1960 5730 2207 5799 partibus
2231 5729 2428 5794 reddit,
2451 5729 2519 5785 de
2560 5731 2806 5787 proximo
2836 5733 3090 5788 haberem
3125 5742 3321 5796 totum,
3371 5735 3414 5791 si

2900 5826 2976 5886 29
