4000 6450
518 340 621 401 9η

1543 340 1942 398 AMALARIUS
1978 339 2388 404 PRESBYTER
2421 348 2782 409 METENSIS.

3691 357 3803 414 BI!

517 438 701 507 Iunius
736 462 859 506 cum
889 448 1219 507 detrimento
1247 462 1430 510 vestro
1455 454 1702 527 magnam
1725 456 1926 511 habere
1954 472 2102 511 mer-
2128 462 2180 520 Α
2207 453 2422 529 (Matth.
2452 459 2551 531 vn).
2599 461 2732 517 Item
2762 478 2777 517 :
2823 460 3197 518 Thesaurisate
3242 463 3385 519 vobis
3415 462 3717 520 thesauros
3743 467 3800 522 in

520 541 728 598 cedem.
776 538 953 594 Minus
985 539 1060 595 ibi
1090 540 1406 612 habeamus,
1433 553 1489 601 et
1512 555 1698 601 tamen
1724 545 2002 602 vobiscum
2026 547 2100 601 ibi

522 647 830 706 regnemus.
885 631 1079 687 Amen.

1184 727 1433 798 Explicit.

488 882 491 885 ν
590 818 728 889 Quia
744 833 874 889 ergo
894 826 1120 881 constat,
1142 829 1384 875 sanctam
1399 820 1694 876 Ecclesium
1715 822 2099 893 praedictorum

516 911 742 967 Patrum
774 910 1020 980 exempla
1059 912 1208 978 sequi
1239 912 1455 977 debere,
1480 929 1707 983 quorum
1737 914 1977 969 nosdtur
2005 914 2101 969 do-

512 1004 791 1064 cumentis
806 1005 1229 1075 postapostolica
1260 1006 1504 1061 instituta
1532 1007 1765 1061 ubertim
1784 1021 2095 1072 coruscare,

512 1100 720 1155 debent
767 1114 872 1152 non
904 1097 1077 1152 solum
1110 1096 1316 1167 praelati
1371 1098 1649 1163 imitando,
1703 1112 1892 1152 verum
1932 1098 2095 1151 etiam

514 1190 717 1246 subditi
752 1186 1111 1257 obsequendo,
1155 1201 1537 1255 usquequaque
1583 1187 1819 1251 studere,
1863 1186 2098 1257 qualiter

515 1299 704 1338 eorum
738 1280 997 1350 exemplis
1031 1279 1380 1341 etdoctrinis
1420 1289 1690 1347 parentes,
1725 1279 1792 1333 ad
1822 1278 2096 1334 felicitatis

516 1372 732 1443 gaudia,
766 1384 875 1440 quo
935 1368 1012 1423 illi
1069 1377 1483 1437 praecesserunt,
1532 1368 1751 1423 valeant
1787 1369 2090 1439 pervenire.

514 1464 783 1532 Quoniam
828 1462 971 1518 sicut
997 1461 1053 1515 hi
1091 1460 1183 1530 qui
1227 1475 1412 1515 eorum
1461 1461 1725 1516 doctrinis
1753 1468 1808 1516 et
1832 1461 2094 1532 exemplis

507 1570 723 1611 summa
752 1554 1039 1610 devotione
1064 1552 1340 1617 obediunt,
1367 1554 1585 1607 aeternis
1619 1550 1830 1623 gaudiis
1852 1551 2093 1607 inferun-

510 1659 623 1715 tur,
662 1650 734 1703 ita
758 1647 1009 1701 nimirum
1033 1660 1098 1701 ea
1124 1647 1321 1701 sectari
1348 1646 1589 1701 nolentes
1624 1646 1843 1700 aeternis
1884 1644 2090 1715 suppli-

2202 546 2349 614 caelo,
2386 548 2474 603 ubi
2502 566 2593 605 nec
2613 568 2812 624 trrugo,
2837 549 2935 608 nec
2951 553 3090 609 tinea
3120 554 3399 609 demolitur
3420 555 3657 627 (llatth.
3694 560 3793 629 Vl),

2203 638 2334 694 Item
2358 657 2373 693 :
2404 639 2666 697 Attendite
2692 643 2855 709 vobis,
2883 660 2947 698 ne
2972 644 3107 713 forte
3125 657 3407 717 graventur
3428 650 3595 703 corda
3612 663 3795 706 tmtra

2198 729 2255 784 in
2280 731 2496 800 crapula
2517 740 2567 786 et
2603 732 2875 799 ebrietate,
2900 745 2948 789 et
2969 737 3111 790 curis
3131 737 3289 808 hujus
3316 739 3435 793 vita-
3461 738 3628 811 (Luc-
3652 742 3789 814 nt).

2198 816 2329 873 Item
2359 836 2372 873 :
2404 818 2536 875 Dico
2551 830 2725 876 autem
2754 824 2895 879 vobis
2919 839 2938 876 :
2989 826 3169 884 Nolite
3198 832 3436 884 resistere
3459 834 3608 887 malo
3640 852 3665 899 ;
3695 846 3789 891 et:

2197 908 2414 979 Diligite
2444 911 2682 967 inimicos
2710 925 2906 970 vestros
2931 932 2951 970 :
2982 917 3269 988 benefacite
3289 924 3374 977 his
3397 924 3487 994 qui
3538 943 3639 979 vos
3671 929 3793 982 ode-

2199 1010 2340 1060 runt.
2380 1011 2427 1055 et
2453 1012 2598 1057 orate
2616 1021 2709 1075 pro
2751 1010 3176 1079 persequentibus
3231 1025 3279 1068 et
3326 1015 3790 1075 calumniantibus

2196 1107 2304 1147 vos.
2347 1092 2484 1149 Item
2518 1113 2531 1149 :
2571 1094 2754 1152 Omnis
2774 1101 2864 1170 qui
2904 1102 3152 1158 irascitur
3180 1107 3339 1176 fratri
3364 1128 3483 1175 suo,
3528 1118 3787 1170 reuserit

2185 1181 2417 1252 judicio.
2459 1183 2564 1252 Qui
2596 1198 2770 1242 autem
2799 1190 2987 1246 dixerit
3016 1192 3218 1263 Racha,
3246 1216 3362 1254 reus
3395 1204 3497 1255 erit
3533 1206 3782 1262 concilio.

2197 1270 2300 1336 Qui
2339 1274 2533 1331 dixerit
2557 1275 2751 1345 Fatue,
2785 1297 2903 1336 reus
2952 1284 3053 1337 erit
3093 1287 3340 1356 gehennte
3380 1280 3549 1361 ignis.
3603 1294 3780 1352 Item:

2198 1360 2377 1453 {value
2426 1368 2635 1434 jurare,
2686 1385 2850 1440 neque
2871 1388 2963 1442 per
2989 1375 3193 1443 caelum,
3239 1396 3404 1451 neque
3431 1400 3531 1453 per
3566 1396 3776 1443 terram.

2196 1449 2277 1505 Sit
2306 1464 2481 1508 autem
2501 1472 2669 1511 sermo
2702 1470 2884 1528 vester,
2914 1463 3010 1518 Est
3044 1477 3139 1532 est,
3173 1469 3299 1525 Non
3316 1449 3685 1551 Snon‘ﬂlauh.
3707 1481 3777 1551 ν).

2196 1473 2277 1505 ou
2306 1473 2481 1508 autem
2501 1473 2669 1511 sermo
2702 1473 2884 1528 vester,
2914 1473 3010 1518 Est
3044 1477 3139 1532 est,
3173 1473 3299 1525 Non
3321 1489 3429 1526 non
3485 1474 3685 1532 Μαιρὰ.
3707 1481 3776 1551 ν).

2194 1541 2324 1598 Item
2355 1562 2369 1596 :
2412 1544 2578 1602 Omne
2604 1551 2811 1607 verbum
2831 1556 3056 1610 otiosum
3097 1562 3236 1629 quod
3262 1561 3425 1617 locuti
3452 1473 3668 1635 Iun-int
3686 1571 3776 1625 hac

2192 1637 2383 1703 mines,
2420 1640 2637 1696 reddent
2657 1645 2722 1699 de
2744 1662 2805 1700 eo
2827 1650 3083 1704 rationem
3108 1652 3161 1707 in
3187 1654 3272 1709 die
3298 1657 3505 1726 judicii
3562 1660 3772 1731 (Matth.

504 1741 610 1797 ciis
637 1739 1032 1808 mancipantur.
1073 1736 1395 1792 Memoratas
1433 1738 1614 1807 itaque
1653 1745 1964 1817 sanctorum
1989 1735 2090 1789 Pa-
2116 1808 2161 1823 -
2190 1729 2312 1803 xu).
2377 1731 2509 1787 Item
2533 1751 2548 1787 :
2590 1733 2649 1791 Si
2673 1739 2791 1808 quis
2812 1748 2860 1794 te
2879 1749 3187 1811 percusserit
3209 1746 3264 1800 in
3287 1747 3509 1803 dextera
3536 1729 3770 1823 maxilla,

507 1841 653 1905 trum
710 1830 1037 1892 sententias,
1098 1828 1297 1900 quibus
1335 1830 1604 1884 clericalis
1662 1829 1797 1884 ordo
1844 1814 1912 1883 ad
1951 1827 2089 1882 b'eue
2116 1808 2163 1870 Β
2188 1824 2359 1892 prtebe
2391 1826 2473 1880 illi
2495 1837 2543 1882 et
2572 1828 2796 1886 alteram
2851 1808 3002 1905 (Luc.
3035 1836 3134 1908 γι).
3190 1839 3327 1895 Item
3361 1859 3375 1895 :
3412 1808 3772 1904 Estoteau‘u:

504 1923 792 1979 vivendum
846 1920 1151 1984 instruitur,
1202 1921 1386 1976 sedule
1415 1922 1658 1991 perlegat
1698 1928 1754 1976 et
1806 1920 2091 1991 diligenter
2134 1916 2137 1919 ’

502 2022 826 2084 pertractet,
863 2012 1110 2082 quisquis
1140 2013 1457 2067 canonicam
1494 2010 1769 2082 professus
1789 2018 1874 2065 est
1901 2016 2084 2064 vitam.

505 2109 649 2175 Quas
692 2122 816 2163 cum
856 2108 993 2162 bene
1036 2116 1413 2175 perscrutatus
1453 2104 1659 2170 fuerit,
1705 2111 1951 2172 patenter
2001 2103 2087 2157 iu-

503 2199 700 2260 veniet,
742 2196 886 2268 quod
936 2196 1015 2250 illi
1048 2211 1159 2254 non
1185 2209 1461 2263 enervate,
1494 2197 1591 2252 sed
1622 2194 1869 2266 religiose
1901 2194 2087 2247 viven-

503 2294 631 2346 dum
667 2292 758 2345 sit.
1326 2330 1335 2335 -

1066 2384 1295 2444 CAPUT
1328 2383 1516 2441 CXIV.

503 2477 633 2544 Qum
649 2489 917 2553 pt'a'cepta
937 2478 1234 2557 specialiter
1270 2475 1543 2557 monachis
1562 2470 1728 2555 ,qute
1773 2471 2088 2544 generaliter

841 2546 1043 2607 caneris
1070 2549 1372 2603 conveniant
1409 2546 1742 2600 Christianis.

572 2664 807 2736 Propter
828 2663 1183 2735 quorumdam
1236 2660 1563 2730 simplicium
1594 2660 1781 2723 verba,
1830 2657 1921 2726 qui
1961 2655 2087 2712 reli-

495 2756 671 2826 giosis
703 2764 758 2809 et
783 2754 1011 2810 eruditis
1034 2753 1168 2808 viris
1196 2768 1316 2807 sese
1359 2749 1775 2805 admonentibus
1811 2763 1876 2803 ac
1901 2748 2087 2802 redar-

496 2846 789 2915 guentibus
838 2845 1153 2913 plerumque
1180 2841 1414 2910 objicere
1463 2839 1662 2904 solent,
1704 2838 1848 2893 solos
1899 2853 2086 2892 mona-

504 2935 636 2988 chos
676 2932 1085 3001 Scripturarum
1133 2938 1443 2985 sanctarum
1484 2936 1753 2999 praecepta
1793 2928 2087 2983 observare

502 3026 719 3088 debere,
747 3039 925 3092 operae
945 3023 1177 3093 pretium
1209 3022 1461 3077 duximus
1481 3020 1727 3090 quaedam
1774 3020 2085 3091 evangelica

502 3125 660 3185 atque
689 3114 987 3184 apostolica
1025 3129 1190 3184 quam
1210 3112 1532 3169 brevissime
1558 3113 1625 3167 ad
1655 3112 1890 3167 medium
1914 3113 2082 3168 dedu-

2192 1915 2439 1984 ricordes,
2481 1919 2619 1974 sicut
2662 1932 2712 1976 et
2739 1922 2903 1978 Pater
2930 1938 3096 1983 vester
3114 1931 3412 1989 misericors
3445 1947 3522 1990 est
3564 1939 3769 2007 (Matth.

2190 2006 2371 2079 xvm).
2409 2008 2540 2065 Item
2580 2026 2595 2065 :
2636 2010 2695 2067 Si
2723 2018 3007 2085 peccaverit
3050 2021 3106 2074 in
3137 2030 3185 2075 te
3212 2022 3379 2091 frater
3403 2038 3548 2093 tuus,
3572 2006 3774 2088 dimitte

2188 2097 2236 2150 ei
2263 2100 2449 2169 septies
2476 2118 2491 2156 :
2542 2111 2591 2156 et
2613 2121 2718 2158 non
2740 2105 2909 2160 solum
2943 2110 3149 2178 septies,
3184 2114 3275 2167 sed
3297 2132 3464 2185 usque
3480 2124 3774 2192 septuagies

2187 2192 2391 2260 septies.
2444 2192 2576 2248 Item
2608 2212 2623 2249 ;
2657 2195 2720 2251 Si
2744 2214 2848 2251 non
2877 2201 3176 2256 remiseritis
3195 2206 3491 2263 hominibus
3509 2212 3576 2265 de
3593 2213 3776 2266 cordi-

2187 2281 2282 2335 bus
2328 2286 2533 2351 vestris,
2582 2302 2675 2340 nec
2725 2287 2888 2342 Pater
2921 2302 3084 2346 vester
3117 2298 3340 2350 ctelestis
3377 2298 3591 2355 dimittet
3616 2303 3769 2358 vobis

2187 2386 2401 2445 peccata
2424 2389 2607 2433 vestra.
2641 2379 2771 2436 Item
2800 2399 2813 2435 :
2846 2383 3077 2449 Quterite
3097 2389 3328 2457 primum
3356 2408 3562 2460 regnum
3590 2393 3691 2448 Dei
3716 2404 3773 2449 et

2178 2467 2448 2538 justitiam
2469 2470 2582 2539 ejus
2609 2489 2622 2524 :
2648 2481 2695 2525 et
2722 2473 2834 2527 htec
2853 2476 3029 2530 omnia
3048 2477 3369 2547 adficientur
3387 2483 3526 2536 vobis
3550 2483 3771 2553 (lauit.

2190 2558 2286 2628 Vl).
2334 2560 2402 2615 Et
2428 2563 2641 2617 cuidam
2663 2563 2814 2618 diviti
2845 2582 2857 2618 :
2901 2564 2981 2629 Si,
3020 2567 3217 2638 inquit,
3267 2573 3345 2625 vis
3383 2573 3456 2626 ad
3482 2576 3661 2629 vitam
3686 2579 3771 2632 in-

2185 2651 2353 2719 gredi,
2379 2668 2527 2706 serva
2557 2654 2831 2735 mandata,
2869 2655 2924 2712 id
2949 2664 3051 2721 est,
3088 2673 3191 2713 non
3216 2661 3567 2718 homicidium
3590 2666 3769 2735 facies,

2188 2760 2291 2798 non
2314 2730 2659 2812 adulterabis,
2710 2763 2812 2801 non
2837 2746 3037 2817 furtum
3063 2749 3248 2820 facies,
3275 2771 3385 2809 non
3412 2730 3615 2824 falsum
3633 2730 3774 2814 testi;

2186 2840 2420 2908 monium
2446 2839 2608 2904 dices,
2641 2855 2745 2893 non
2769 2842 3099 2911 concupisces
3144 2859 3251 2897 rem
3280 2848 3517 2916 prostitui
3544 2851 3623 2903 tai
3642 2869 3662 2916 ;
3683 2851 3775 2905 Ιιο-

2187 2945 2317 2985 nora
2340 2940 2540 3001 patrem
2569 2940 2716 2985 tuum
2765 2940 2816 2987 et
2849 2943 3069 2989 matrem
3112 2945 3281 3003 tuam,
3303 2949 3356 2993 et
3381 2941 3575 3011 diligas
3598 2945 3772 3011 proxi-

2186 3037 2328 3076 mum
2365 3031 2513 3075 tuum
2542 3022 2677 3077 sicut
2710 3024 2934 3093 teipsum
2978 3023 3192 3097 (Matth.
3243 3027 3382 3100 xu).
3458 3031 3529 3087 Et
3564 3034 3769 3089 cuithtn

2185 3110 2322 3183 legis
2345 3113 2575 3180 doctori,
2605 3129 2666 3170 se
2695 3113 3072 3187 interroganti,
3121 3120 3262 3188 quod
3288 3131 3439 3177 esset
3462 3125 3772 3180 mandatam

499 3179 624 3265 cere
655 3179 944 3278 pii-ncepta,
985 3179 1188 3261 Ill-Ilth
1213 3204 1581 3276 hujuscemodi
1617 3204 1851 3275 imperiti
1902 3202 2081 3259 homi-
2107 3179 2155 3243 (δ’
2183 3179 2438 3278 magnum
2470 3208 2524 3261 in
2553 3208 2690 3281 lege,
2739 3211 2853 3264 ait:
2885 3179 3082 3284 Diliges
3105 3179 3399 3291 Dominum
3421 3217 3595 3273 Deum
3626 3231 3774 3276 tam

499 3314 597 3355 nes
624 3298 926 3362 audientes,
948 3293 1143 3367 hisque
1161 3311 1349 3352 aurem
1381 3297 1561 3352 cordis
1582 3294 2078 3363 accommodantes,
2183 3312 2249 3350 ea:
2267 3307 2375 3351 toto
2397 3299 2675 3364 cordetuo,
2698 3310 2747 3355 et
2775 3318 2838 3355 ex
2851 3312 2959 3357 tota
2980 3304 3159 3360 anima
3170 3315 3284 3373 tua,
3297 3319 3349 3362 et
3374 3326 3441 3363 ex
3470 3322 3581 3366 tota
3605 3324 3777 3368 mente

499 3389 938 3461 tutelligantquae
962 3388 1088 3452 sibi,
1111 3403 1230 3458 qum
1254 3388 1871 3443 inonachiscom'eniant
1893 3388 2082 3443 obser-
2182 3395 2274 3441 tua
2298 3402 2316 3439 :
2343 3389 2440 3442 hoc
2466 3400 2539 3443 est
2567 3393 2853 3447 maximum
2878 3403 2928 3448 et
2950 3396 3178 3464 primum
3203 3400 3527 3455 mandatam.
3566 3402 3779 3458 Secun-

500 3494 629 3535 vare
665 3469 951 3550 praecepta.
1027 3476 1129 3544 Qui
1179 3478 1325 3532 enim
1386 3487 1565 3533 mente
1598 3486 1651 3532 et
1681 3492 1908 3548 corpore
1965 3478 2082 3534 vult
2182 3480 2309 3533 dum
2336 3490 2512 3534 autent
2550 3483 2722 3537 simile
2762 3495 2838 3538 est
2884 3486 3025 3551 huic,
3052 3488 3251 3559 Diliges
3291 3496 3577 3561 proximum
3608 3506 3775 3551 tuum

499 3574 847 3626 contemnere
870 3567 1148 3632 saeculum,
1181 3577 1232 3623 et
1262 3582 1556 3638 pauperem
1586 3567 1737 3637 sequi
1778 3567 2078 3633 Christum,

497 3648 683 3715 audiat
712 3659 888 3730 ipsum
929 3659 1196 3714 dicentem
1246 3657 1302 3711 in
1348 3656 1671 3728 Evangelio:
1709 3657 1770 3711 Si
1825 3657 1901 3712 vis
1956 3674 2079 3726 per-

496 3749 664 3819 fectus
707 3766 838 3815 esse,
882 3750 1009 3803 vade
1035 3758 1083 3803 et
1130 3748 1291 3803 vende
1337 3749 1511 3801 omnia
1552 3765 1669 3819 qutu
1702 3748 1881 3811 habes,
1934 3758 1982 3802 et
2009 3750 2079 3802 da

498 3843 809 3912 pauperibus
831 3857 851 3897 .'
885 3851 933 3896 et
956 3842 1089 3907 veni,
1112 3856 1322 3912 sequere
1367 3857 1466 3893 me.
1508 3840 1574 3894 Et
1614 3841 1809 3895 iterum
1838 3858 1850 3893 :
1892 3839 2078 3894 Omnis

499 3934 587 4006 qui
614 3932 879 4002 reliquerit
930 3934 1163 3998 domum,
1216 3941 1305 3985 aut
1348 3932 1556 4002 fratres,
1584 3942 1673 3985 aut
1712 3941 1935 4002 patrem,
1986 3940 2078 3986 aut

445 4085 452 4093 Ι
499 4034 736 4089 matrem,
768 4032 858 4077 aut
884 4039 1038 4094 agros
1060 4033 1271 4094 propter
1301 4040 1403 4086 me,
1423 4022 1721 4093 centuplum
1764 4023 2005 4092 accipiet,
2028 4030 2077 4076 et

497 4118 656 4171 citant
697 4127 946 4171 wternam
987 4116 1288 4188 possidebit.
1359 4115 1440 4171 Ad
1501 4115 1793 4186 discipulos
1849 4122 2072 4170 autem:

499 4205 628 4272 Vos,
654 4208 847 4277 inquit,
882 4206 972 4276 qui
1005 4206 1286 4278 reliquistis
1310 4205 1509 4270 omnia,
1554 4214 1603 4259 et
1625 4206 1788 4258 secuti
1824 4206 1947 4258 estis
1973 4221 2075 4271 me,

497 4299 738 4355 sedebitis
782 4315 938 4370 super
980 4300 1124 4354 sedes
1150 4299 1445 4364 duodecim,
1470 4298 1772 4368 judicantcs
1803 4298 2078 4352 duodecim

496 4390 660 4445 tribus
686 4389 854 4445 Israel
901 4389 1115 4461 (Matth.
1148 4389 1281 4459 χιχ).
1342 4387 1467 4445 Haec
1506 4399 1561 4443 ct
1607 4389 1910 4457 hujusmodi
1941 4404 2080 4459 prte-

496 4494 651 4552 cepta
669 4484 797 4539 solis
812 4482 1116 4552 specialiter
1129 4490 1434 4551 congruunt
1457 4480 1764 4535 monachis:
1797 4488 1850 4535 et
1871 4488 2076 4549 quanto

499 4574 812 4645 singularia,
841 4585 992 4630 tanto
1021 4584 1077 4629 et
1094 4575 1385 4644 prmcipua.
1445 4573 1587 4629 Dicit
1619 4574 1781 4629 etiam
1806 4574 1947 4628 idem
1962 4572 2078 4628 Sal-

499 4676 655 4721 vator
680 4665 1003 4738 generaliter
1030 4665 1282 4721 omnibus
1315 4683 1329 4719 :
1378 4663 1561 4720 Omnis
1595 4668 1686 4736 qui
1714 4665 1849 4719 venit
1865 4665 1935 4718 ad
1972 4681 2073 4730 me,

497 4766 546 4811 et
589 4773 692 4810 non
737 4755 842 4810 odit
867 4765 1067 4826 patrem
1112 4772 1285 4821 suum,
1313 4765 1361 4810 et
1393 4766 1630 4818 matrem,
1662 4766 1711 4810 et
1736 4772 1976 4821 uxorem,
2028 4765 2078 4809 et

496 4845 657 4914 ﬁlios,
687 4855 736 4900 et
764 4845 975 4914 fratres,
1013 4856 1063 4901 et
1106 4863 1332 4913 sorores,
1378 4848 1551 4901 adhuc
1572 4857 1745 4901 autem
1768 4856 1815 4901 et
1844 4847 2077 4900 animam

497 4954 672 5003 suam,
705 4954 808 4992 non
836 4948 1001 5009 potest
1035 4957 1178 4994 meus
1206 4957 1315 4995 esse
1340 4937 1627 5011 discipulus
1657 4938 1808 5012 (Luc.
1833 4939 1965 5010 xlv).
2011 4940 2079 4995 Et

515 5040 691 5084 terum
724 5047 736 5082 :
774 5028 878 5094 Qui
906 5040 1046 5083 amat
1067 5030 1236 5099 [ilium
1254 5042 1342 5085 aut
1366 5032 1535 5100 ﬁliam
1558 5049 1716 5103 super
1753 5048 1854 5098 me,
1882 5048 1983 5087 non
2006 5042 2083 5088 est

504 5138 584 5176 me
607 5123 817 5191 dignus.
867 5122 936 5177 Et
964 5139 978 5175 :
1023 5122 1126 5189 Qui
1159 5141 1261 5177 non
1297 5126 1484 5195 accipit
1515 5142 1719 5179 crucem
1739 5143 1913 5190 suam,
1945 5137 1992 5182 et
2009 5144 2085 5183 se-

501 5214 682 5285 quitur
705 5230 807 5279 me,
833 5231 935 5268 non
957 5224 1031 5269 est
1058 5231 1137 5268 me
1166 5215 1355 5285 dignus
1382 5214 1599 5287 (Matth.
1626 5216 1703 5290 χ).
1758 5218 1823 5272 Ει
1846 5220 2040 5274 iterum
2065 5239 2078 5275 :

2180 3570 2315 3623 sicut
2342 3572 2583 3642 teipsum.
2637 3572 2700 3627 In
2721 3576 2801 3629 his
2829 3576 3030 3632 duobus
3053 3581 3321 3635 mandatis
3341 3592 3452 3637 tota
3477 3583 3560 3639 lea:
3580 3588 3779 3655 pendet

2179 3672 2227 3716 et
2262 3665 2525 3734 prop/tetra
2552 3663 2765 3736 (Matth.
2796 3672 2953 3740 χχιι).
3023 3669 3223 3726 Paulus
3249 3688 3466 3743 quoque
3496 3677 3775 3747 apostolus

2180 3755 2349 3810 dicit:
2399 3755 2503 3821 Qui
2546 3757 2717 3828 diligit
2746 3748 3063 3829 proximum,
3093 3761 3257 3832 legem
3303 3765 3560 3834 implerit.
3604 3767 3768 3833 Nam,

2181 3845 2307 3900 Non
2336 3848 2679 3914 adulterabis,
2709 3868 2811 3905 non
2842 3853 3065 3917 occides,
3103 3871 3206 3909 non
3235 3855 3525 3924 furaberis,
3554 3860 3773 3927 nonfui-

2178 3955 2295 3992 sum
2333 3942 2687 3994 testimonium
2711 3944 2873 4007 dices,
2904 3961 3009 3998 non
3048 3947 3382 4017 concupisces
3404 3965 3521 4003 rem
3543 3952 3771 4019 proximi

2178 4030 2276 4091 tui,
2308 4040 2355 4082 et
2377 4031 2422 4082 si
2458 4032 2598 4101 quod
2623 4043 2697 4086 est
2738 4032 2887 4087 aliud
2931 4037 3261 4102 mandatum,
3294 4040 3352 4093 in
3374 4041 3478 4093 hoc
3516 4040 3659 4095 rerbo
3685 4044 3773 4094 in.

2177 4128 2451 4174 stauretur
2491 4139 2508 4176 :
2573 4122 2767 4193 Diliges
2806 4127 3102 4195 proximum
3154 4137 3304 4182 tuum
3350 4131 3493 4186 sicut
3551 4133 3773 4201 teipsun

2180 4210 2358 4285 (Rom.
2402 4214 2545 4284 xm).
2599 4215 2732 4272 Item
2765 4218 2905 4273 idem
2932 4236 2945 4272 :
2990 4218 3254 4278 Patientes
3276 4235 3443 4279 estote
3472 4226 3547 4279 ad
3573 4242 3773 4293 omnes,

2175 4303 2342 4356 videte
2367 4321 2430 4359 ne
2448 4306 2563 4376 quis
2585 4305 2781 4360 malum
2800 4326 2897 4379 pro
2933 4310 3071 4364 malo
3095 4312 3255 4364 alicui
3280 4313 3496 4380 reddat,
3524 4318 3620 4372 sed
3640 4336 3771 4373 seta-

2177 4410 2269 4463 per
2301 4396 2443 4466 quod
2492 4397 2683 4453 bonum
2706 4409 2781 4453 est
2809 4401 3081 4457 sectamini
3128 4404 3349 4459 invicem
3392 4418 3442 4462 et
3487 4411 3546 4465 in
3575 4428 3773 4467 omnes.

2181 4483 2311 4539 Haec
2360 4487 2495 4540 enim
2531 4497 2606 4541 est
2655 4488 2891 4546 voluntas
2930 4491 3048 4547 Dei.
3107 4493 3300 4551 Omnia
3324 4510 3510 4555 autem
3536 4504 3775 4574 probate,

2180 4576 2320 4646 quod
2350 4576 2541 4630 bonum
2570 4588 2645 4633 est
2666 4589 2849 4648 tenete,
2873 4582 2938 4637 ab
2966 4585 3111 4639 omni
3145 4589 3314 4657 specie
3347 4590 3499 4645 mala
3525 4593 3780 4649 abstinete

2184 4683 2271 4721 vos
2295 4667 2346 4740 (1
2376 4667 2556 4723 Thess.
2581 4669 2657 4742 v).
2715 4671 2843 4728 Item
2870 4674 3011 4730 idem
3037 4694 3050 4729 :
3098 4677 3418 4748 Mortiﬁcate
3432 4684 3680 4739 membra
3699 4704 3784 4740 ueb

2183 4768 2314 4825 stra,
2345 4777 2462 4832 qua:
2483 4772 2604 4816 sunt
2632 4780 2789 4835 super
2814 4775 3009 4824 terram
3038 4781 3058 4820 :
3088 4768 3520 4840 fornicationem,
3550 4777 3785 4831 immun-

2184 4851 2390 4917 ditiam,
2424 4854 2712 4922 libidinem,
2741 4861 3213 4931 concupiscentiam
3252 4867 3475 4933 malam,
3514 4880 3567 4923 et
3606 4872 3790 4925 auari-

2185 4944 2315 4997 tiam
2340 4943 2563 5016 (Coloss.
2599 4947 2704 5020 ιιι).
2759 4949 2891 5005 Item
2922 4952 3103 5007 idem:
3132 4953 3291 5009 Nunc
3326 4968 3509 5012 autem
3539 4960 3793 5030 deponite

2188 5046 2236 5091 et
2272 5055 2358 5092 vos
2390 5040 2543 5102 iram,
2562 5042 2994 5113 indignationem,
3012 5048 3291 5116 malitiam,
3306 5051 3725 5121 blasphemiam,
3740 5064 3791 5108 et

2187 5130 2355 5201 turpis
2386 5148 2554 5187 sermo
2591 5134 2655 5188 de
2673 5152 2763 5190 ore
2793 5148 2959 5192 vestro
2991 5156 3095 5195 non
3120 5142 3389 5211 procedat.
3429 5144 3569 5199 Item
3592 5145 3747 5202 idem
3775 5166 3787 5196 ε

2186 5218 2402 5275 lnduite
2426 5238 2510 5276 vos
2538 5224 2736 5280 viscera
2766 5228 3162 5296 misericordia,
3186 5232 3587 5304 benignitatem,
3608 5236 3775 5291 humi

507 5305 610 5372 Qui
640 5323 745 5361 non
784 5309 1156 5363 renuntiaverit
1178 5307 1417 5363 omnibus
1436 5325 1552 5378 qua:
1574 5311 1824 5380 possidet,
1860 5328 1964 5367 non
1990 5328 2086 5383 po-

504 5407 599 5452 test
640 5415 787 5454 meus
830 5416 941 5455 esse
979 5400 1266 5472 discipulus
1294 5400 1508 5472 (Matth.
1539 5404 1659 5475 vn).
1729 5403 1797 5459 Et
1831 5405 2031 5460 iterum
2065 5424 2080 5462 :

510 5490 702 5547 Omnia
722 5512 1045 5567 quaecunque
1070 5495 1224 5551 vultis
1270 5505 1324 5550 ut
1367 5490 1567 5567 faciant
1587 5497 1725 5552 vobis
1745 5498 1999 5564 homines,
2034 5508 2085 5556 et

508 5598 594 5638 vos
634 5584 791 5653 facite
812 5584 939 5641 illis.
968 5585 1037 5642 Et
1062 5586 1259 5643 iterum
1291 5604 1307 5642 :
1339 5586 1606 5643 Attendite
1629 5604 1693 5643 ne
1703 5587 1973 5659 justitiam
1999 5607 2085 5647 ve-

509 5682 675 5726 stram
699 5674 907 5743 faciatis
931 5691 1109 5729 coram
1139 5676 1450 5741 hominibus,
1481 5687 1531 5732 et
1555 5678 1841 5733 videamini
1872 5680 1937 5734 ab
1964 5681 2038 5736 eis
2067 5696 2086 5734 :

513 5761 743 5832 alioquin
767 5766 1051 5817 mercedem
1073 5782 1177 5818 non
1201 5766 1448 5822 habebitis
1469 5770 1609 5838 apud
1632 5767 1844 5826 Patrem
1865 5782 2088 5828 vestrum

2184 5308 2408 5377 litatem,
2436 5313 2764 5380 modestiam,
2789 5318 3119 5387 patientiam,
3150 5324 3795 5393 supportantesineieas.

2189 5402 2321 5458 Item
2351 5405 2493 5460 idem
2522 5424 2536 5459 :
2578 5406 2757 5464 Nolite
2786 5411 2995 5485 mentiri
3016 5412 3255 5467 invicem.
3317 5412 3453 5470 Item
3480 5415 3631 5471 idem
3667 5434 3687 5471 :
3732 5416 3795 5472 S-

2192 5498 2593 5553 consurrexistis
2613 5515 2733 5555 cum
2761 5499 2993 5569 Christo,
3015 5519 3134 5575 qua:
3156 5520 3366 5560 sursum
3384 5516 3513 5561 sunt
3536 5509 3782 5577 quaerite

2191 5587 2326 5645 Item
2352 5588 2498 5646 idem
2529 5605 2544 5645 :
2569 5589 2751 5648 Estote
2771 5594 2988 5650 invicem
3011 5596 3244 5669 benigni,
3274 5598 3671 5663 misericordes,
3706 5601 3785 5653 de

2195 5689 2377 5736 nantes
2402 5682 2639 5747 invicem,
2661 5686 2797 5739 sicut
2823 5696 2872 5741 et
2899 5686 3042 5742 Deus
3072 5688 3126 5742 in
3153 5686 3362 5761 Christo
3392 5689 3616 5744 donavit
3641 5691 3801 5746 vobis

2197 5770 2410 5843 (Ephes.
2452 5773 2544 5845 iv).
2583 5775 2712 5830 Item
2745 5777 2885 5832 idem
2918 5795 2930 5831 :
2964 5777 3147 5833 Omnis
3172 5779 3495 5844 amaritudo,
3522 5788 3574 5834 et
3600 5780 3727 5843 ira,
3754 5796 3793 5834 σι
