4000 6452
226 419 322 490 913

780 411 1054 487 REGULA
1093 425 1583 485 CANONICORUM
1622 426 1711 481 AB
1749 425 2107 482 AMALARIO
2146 425 2523 482 COLLECTA.
2565 454 2635 467 —
2671 425 2798 482 LIB.
2839 425 2878 482 l.

3353 429 3457 482 914

224 545 519 613 indignatio,
550 553 597 596 et
625 557 840 606 ctamor,
867 552 914 596 et
954 543 1272 613 blasphemia
1302 541 1519 594 tollatur
1557 558 1588 592 a
1623 540 1780 602 vobis,
1813 542 1864 601 Α
1891 540 2019 594 tiam
2075 550 2419 610 peccatorum
2453 539 2758 594 sordidatur
2811 539 3101 604 illecebris,
3162 547 3458 609 eademque

223 651 328 690 cum
358 642 504 686 omni‘
545 631 747 684 malitia
777 632 964 703 (lbid.,
995 651 1042 687 υ.
1069 632 1180 702 5|).
1236 631 1365 686 Item
1416 631 1555 684 idem
1590 648 1602 684 :
1640 629 1780 683 For-

223 726 424 788 nicatio,
453 735 499 778 et
531 727 696 778 omnis
725 727 1078 791 immunditia,
1107 735 1196 778 aut
1227 725 1472 787 avaritia,
1499 740 1589 776 nec
1618 723 1781 775 nomi-

222 831 361 872 netur
393 819 444 870 in
474 817 634 882 vobis,
666 820 796 872 sicut
823 819 962 872 decet
993 831 1220 882 sanctos,
1259 828 1348 870 aut
1379 818 1668 886 turpitudo,
1691 827 1781 869 aut

219 910 604 980 stultiloquium,
636 921 724 964 aut
757 911 1046 964 scurrilitas
1079 910 1292 981 (Ephes.
1332 909 1407 979 γ).
1448 909 1575 962 Item
1601 909 1777 962 idem:

217 1003 291 1056 An
322 1005 525 1056 nescitis
556 1005 676 1074 quia
704 1005 869 1074 iniqui
900 1019 1113 1073 regnum
1149 1003 1242 1055 Dei
1273 1021 1374 1054 non
1403 1001 1736 1070 possidebunt
1762 1000 1784 1053 ’ἓ

219 1093 386 1147 Nolite
414 1111 612 1159 errare,
643 1095 778 1148 Deus
813 1111 915 1147 non
944 1095 1195 1146 irridetur
1221 1110 1237 1147 :
1278 1093 1398 1162 quia
1430 1109 1590 1162 neque
1618 1092 1783 1160 forni-

215 1187 358 1247 carii,
391 1203 552 1256 neque
588 1186 742 1240 idolis
778 1188 1076 1249 servientes,
1123 1203 1285 1255 neque
1325 1183 1572 1248 adulteri,
1623 1199 1784 1252 neque

215 1275 408 1339 molles,
437 1293 600 1347 neque
629 1277 980 1330 masculorum
1009 1277 1394 1341 concubitores,
1424 1292 1586 1346 neque
1619 1276 1781 1343 fures,

214 1383 367 1438 neque
393 1370 559 1434 avari,
593 1385 752 1439 neque
781 1370 990 1431 ebriosi,
1025 1386 1186 1439 neque
1213 1368 1474 1430 maledici,
1512 1384 1671 1437 neque
1699 1384 1784 1419 ra-

210 1476 354 1528 paces
385 1477 596 1529 regnum
614 1459 708 1512 Dei
731 1460 1064 1531 possidebunt
1089 1458 1138 1529 (1
1157 1456 1279 1512 Cor.
1306 1458 1402 1528 vt).
1453 1458 1583 1512 Item
1610 1458 1780 1510 idem:

212 1548 387 1603 Omnis
427 1549 734 1619 fornicator,
753 1560 842 1604 aut
867 1550 1188 1614 immundus,
1221 1560 1311 1602 aut
1341 1567 1552 1613 avarus,
1570 1566 1671 1602 non
1693 1549 1789 1602 ha-

207 1642 280 1692 bet
308 1641 665 1694 [nereditatem
696 1643 748 1694 in
774 1659 928 1711 regno
955 1639 1152 1694 Citriin
1179 1651 1228 1696 et
1257 1641 1352 1696 Dei
1381 1641 1540 1711 (Eph.
1558 1642 1631 1710 v).
1658 1641 1786 1695 Item

205 1729 341 1784 idem
375 1749 388 1785 :
435 1731 736 1785 Imitatores
774 1734 870 1785 mei
909 1742 1092 1796 estote,
1146 1734 1280 1786 sicut
1310 1743 1356 1785 et
1385 1749 1476 1802 ego
1510 1732 1703 1787 Christi
1736 1731 1786 1801 (1

202 1819 320 1877 Cor.
355 1824 454 1893 ιν).
516 1825 646 1878 Item
696 1825 835 1879 idem
868 1843 880 1879 :
932 1824 1123 1878 Pacem
1152 1825 1428 1894 sequimini
1461 1840 1580 1877 cum
1619 1824 1787 1877 omni-

200 1913 314 1978 bus,
354 1926 402 1968 et
457 1917 874 1978 sanctimoniam,
909 1917 1020 1969 sine
1061 1933 1163 1985 qua
1211 1933 1357 1970 nemo
1389 1916 1574 1969 videbit
1613 1916 1786 1968 Domi-
1813 1926 1862 1986 Β

198 2019 323 2056 num
356 2003 514 2074 (Πρὸ.
544 2005 664 2076 xu).
727 2015 855 2059 item
888 2006 1025 2058 idem
1065 2007 1133 2059 ad
1160 2005 1498 2058 Timotheum
1529 2023 1544 2061 :
1601 2005 1781 2059 Disce—

201 2093 310 2154 dat,
337 2092 528 2160 inquit,
568 2095 735 2147 omnis
771 2093 836 2146 ab
866 2093 1156 2164 iniquitate,
1195 2094 1283 2164 qui
1323 2095 1555 2147 nominat
1597 2111 1783 2147 nomen

202 2181 410 2234 Domini
443 2181 529 2254 (11
565 2181 698 2236 Tim.
733 2183 816 2254 ιι).
859 2183 1146 2252 Apostolus
1177 2199 1391 2252 quoque
1416 2183 1777 2239 Joannesait:

200 2273 376 2328 Nolite
426 2274 642 2345 diligere
687 2277 960 2340 mundum,
1017 2293 1180 2347 neque
1231 2295 1290 2330 ea
1325 2295 1442 2348 qua:
1487 2280 1540 2332 in
1586 2280 1782 2333 mundo

197 2376 312 2419 sunt
339 2383 356 2420 :
384 2366 508 2436 quia
541 2366 584 2420 si
614 2367 730 2437 quis
757 2366 923 2436 diligit
953 2367 1226 2431 mundum,
1281 2386 1382 2422 non
1425 2378 1500 2421 est
1547 2370 1782 2422 charitas

200 2457 372 2511 Patris
408 2459 462 2511 in
493 2475 552 2511 eo
598 2458 646 2528 (Ι
671 2459 831 2512 Joan.
861 2461 939 2529 ιι).
1004 2459 1137 2513 Item
1180 2460 1362 2514 idem:
1405 2460 1508 2524 Qui
1559 2461 1685 2514 dicit
1727 2479 1782 2514 se

196 2549 246 2601 in
273 2548 479 2602 Christo
505 2567 732 2612 manere,
776 2550 922 2603 debet
949 2551 1083 2603 sicut
1125 2551 1213 2604 ille
1232 2550 1523 2608 ambulavit
1576 2562 1626 2606 et
1675 2553 1783 2622 ipse

196 2641 460 2696 ambulare
492 2642 712 2713 (Idem.,
739 2660 785 2697 υ.
820 2643 894 2713 6).
934 2643 1064 2697 ltem
1111 2644 1264 2713 ipse:
1305 2642 1486 2698 Omnis
1539 2646 1628 2708 qui
1674 2646 1782 2699 odit

195 2731 406 2800 fratrem
443 2749 624 2797 suum,
653 2732 915 2786 homicida
945 2741 1021 2787 est
1050 2748 1068 2784 :
1101 2744 1146 2786 et
1175 2735 1342 2788 onmis
1389 2734 1650 2787 homicida
1679 2751 1780 2788 non

196 2822 342 2875 habet
380 2825 543 2877 vitam
577 2832 825 2876 arternam
863 2824 916 2877 in
955 2840 1009 2878 se
1051 2835 1342 2878 manentem
1386 2824 1437 2895 (1
1477 2824 1637 2877 Joan.
1671 2828 1777 2892 ιιι).

195 2911 425 2971 Jacobus
484 2925 668 2969 autem
718 2916 991 2985 apostolus
1029 2917 1154 2972 ait:
1207 2917 1513 2986 Quicunque
1557 2917 1780 2971 voluerit

195 3006 390 3058 amicus
431 3023 546 3060 esse
583 3006 764 3060 sa'culi
788 3008 968 3079 hujus,
1017 3009 1260 3062 inimicus
1300 3007 1395 3061 Dei
1443 3010 1781 3062 constituizur

194 3095 330 3167 (lac.
361 3099 460 3168 iv.)
519 3096 683 3152 Multa
720 3099 940 3167 quidem
981 3109 1037 3154 et
1073 3100 1353 3155 innumera
1411 3101 1602 3170 legalia
1647 3116 1775 3169 pro-

191 3189 424 3258 phetica,
454 3200 509 3244 et
534 3190 860 3261 evangelica,
892 3199 1052 3260 atque
1066 3190 1356 3261 apostolica
1384 3199 1630 3260 poterant
1653 3206 1778 3259 pro-

1886 640 2107 701 peccata
2162 632 2503 700 baptismatis
2571 631 2854 685 iteratione
2903 643 3240 700 nequaquam
3291 633 3456 685 deleri

1885 737 2150 797 possunt:
2203 743 2424 782 necesse
2472 737 2555 781 est
2602 736 2660 780 ut
2712 726 3041 798 pmnitentite
3101 729 3366 793 lamentis,
3404 737 3459 784 et

1885 821 2348 891 eleemosyuarum
2404 821 2798 892 largitionibus,
2836 829 2889 875 et
2931 820 3144 875 caeteris
3192 821 3458 876 bonorum

1885 926 2106 980 operum
2142 912 2600 975 exsecutiouibus,
2626 927 2785 980 quam
2816 911 3095 964 celerrime
3121 910 3287 964 deleri
3331 927 3453 980 pro-

1885 1014 2160 1059 curentur.
2203 1006 2268 1058 Et
2289 1007 2412 1074 quia
2443 1021 2578 1060 unus
2606 1014 2687 1060 est
2720 1015 2873 1075 pater
2896 1014 3098 1067 noster,
3124 1013 3177 1058 et
3200 1005 3458 1072 magister

1884 1105 1941 1152 et
1975 1097 2253 1161 Dominus,
2294 1114 2397 1150 una
2436 1097 2589 1160 ﬁdes,
2621 1113 2782 1150 unum
2819 1097 3104 1166 baptisma,
3145 1110 3248 1149 una
3287 1105 3462 1148 mater

1886 1199 2070 1243 sancta
2105 1189 2366 1252 Ecclesia,
2402 1189 2668 1242 instanter
2701 1197 2754 1242 et
2791 1188 3075 1256 vigilanter
3115 1188 3181 1242 ab
3213 1188 3464 1240 omnibus

1885 1279 2202 1334 certandum
2263 1289 2386 1345 est,
2439 1295 2748 1348 quanquam
2804 1279 3139 1332 diversorum
3201 1279 3463 1331 donorum

1889 1372 2063 1424 modis
2090 1382 2361 1435 curratur,
2408 1371 2640 1439 qualiter
2667 1385 2772 1423 una
2807 1370 2872 1423 ad
2921 1377 3164 1423 sanctam
3197 1378 3250 1420 et
3278 1384 3464 1436 supcr-

1889 1479 2014 1516 nam
2051 1461 2350 1517 Jerusalem
2379 1472 2607 1517 matrem
2649 1472 2885 1516 nostram
2913 1463 3219 1525 tendamus,
3255 1477 3360 1529 quo
3395 1461 3468 1512 si-

1891 1570 1959 1608 ne
1984 1553 2087 1608 ﬁne
2113 1571 2234 1608 cum
2259 1554 2488 1613 Domino
2526 1555 2706 1608 vivere
2739 1569 3062 1608 mereamur.
3095 1552 3227 1607 Illud
3252 1568 3469 1628 quoque

1891 1644 2167 1699 sciendum
2191 1645 2315 1713 quia
2343 1652 2544 1714 quanto
2575 1630 2802 1712 quisque
2831 1660 2889 1698 se
2916 1644 2967 1697 in
2996 1643 3247 1713 prmseuti
3274 1644 3467 1696 Sicculo

1889 1750 1988 1804 pro
2010 1733 2207 1789 Christi
2231 1751 2416 1790 amore
2465 1737 2512 1788 al
2531 1733 2819 1802 jcctiorem
2878 1735 3084 1797 fecerit,
3115 1743 3267 1788 tanto
3298 1734 3469 1802 magis

1892 1825 1947 1878 in
1986 1823 2165 1879 futuro
2197 1824 2493 1880 feliciorem
2520 1826 3011 1880 remunerationem
3038 1826 3316 1895 percipiet.

2453 1941 2679 1996 CAPUT
2719 1941 2876 1995 CXV.

1889 2030 2044 2097 Quod
2072 2032 2323 2085 canonica
2347 2031 2628 2094 institutio,
2654 2032 2952 2099 evangelica
2976 2041 3022 2084 ct
3054 2029 3338 2099 apostolica
3365 2048 3468 2083 au-

1940 2103 2178 2154 ctoritate
2195 2100 2351 2170 fulta,
2367 2101 2568 2153 cu'teris
2590 2101 2966 2170 superemineat
2990 2100 3421 2154 institutionibus.

1955 2192 2091 2258 Quia
2117 2191 2352 2266 evidenti
2393 2192 2715 2245 auctoritate
2764 2191 2929 2260 liquet
2970 2193 3282 2246 canonicam
3318 2191 3479 2245 iusti'~

1883 2286 2146 2340 tutionem
2191 2283 2399 2338 caeteris
2425 2292 2684 2352 praestare
2739 2284 3194 2348 institutionibus,
3243 2285 3469 2349 debent,

1884 2392 2106 2431 necesse
2125 2385 2228 2438 est,
2245 2375 2335 2444 qui
2363 2374 2523 2443 hujus
2543 2373 2895 2444 professionis
2917 2384 3209 2430 censeatur
3232 2377 3476 2440 nomine,

1883 2484 2199 2538 procurare,
2232 2467 2463 2537 qualiter
2492 2468 2544 2521 in
2574 2468 2878 2538 semetipsis
2903 2469 3150 2522 eamdem
3176 2469 3478 2522 institutio-

1884 2577 2010 2616 nem
2052 2562 2164 2616 vita
2205 2569 2260 2615 et
2304 2561 2547 2616 moribus
2576 2568 2837 2615 exornent
2886 2563 3064 2630 potius
3115 2577 3273 2630 quam
3308 2563 3477 2617 deho—

1883 2661 2114 2707 nestent.
2146 2651 2410 2718 Quoniam
2446 2652 2536 2720 qui
2568 2660 2728 2705 tantae
2754 2653 3097 2706 auctoritatis
3127 2653 3468 2707 institutione

1881 2744 2104 2814 pollent,
2136 2753 2191 2798 et
2222 2758 2279 2797 se
2328 2743 2448 2796 aliis
2497 2743 2789 2796 imitabiles
2839 2745 3084 2813 prmbere
3113 2744 3332 2807 debent,
3375 2760 3472 2798 ve-

1882 2837 2106 2891 rendum
2136 2844 2217 2889 est
2240 2851 2308 2889 ne
2346 2834 2390 2888 si
2420 2834 2584 2903 (quod
2615 2833 2780 2904 absit)
2826 2848 2854 2886 a
2883 2833 3162 2903 proposito
3191 2834 3469 2888 exorbita-

1882 2927 2078 2991 \'8tllll,
2121 2942 2284 2996 regno
2311 2925 2405 2979 Dei
2438 2926 2640 2995 indigni
2681 2924 2829 2978 ﬁant.
2863 2923 3183 2992 Quanquam
3209 2925 3351 2978 enim
3381 2939 3475 2979 ca-

1879 3016 2114 3072 nonicis.
2142 3017 2267 3084 quia
2319 3017 2371 3068 in
2418 3016 2588 3069 sacris
2631 3014 2928 3069 canonibus
2986 3014 3092 3068 illis
3137 3015 3472 3084 prohibitum

1879 3122 1984 3160 nou
2016 3106 2234 3175 legitur,
2276 3105 2437 3160 liceat
2482 3105 2651 3159 linum
2708 3105 2949 3168 induere,
3001 3104 3254 3160 carnibus
3299 3109 3466 3170 vesci,

1879 3200 2007 3254 dare
2037 3209 2091 3253 et
2133 3200 2403 3270 accipere.
2434 3202 2682 3271 proprias
2709 3216 2796 3255 res
2831 3211 2884 3255 et
2916 3201 3161 3256 ecclesia:
3197 3217 3319 3256 cum
3370 3203 3470 3256 hu-

192 3276 318 3332 ferri
355 3281 700 3343 documenta,
734 3281 928 3349 quibus
979 3279 1381 3350 iufatigabiliter
1436 3289 1598 3349 atque
1623 3279 1774 3333 inex-

1882 3289 2106 3344 militate
2135 3300 2188 3345 et
2215 3292 2422 3361 justitia
2463 3293 2687 3358 habere,
2735 3295 2877 3362 quod
2919 3294 3220 3360 monachis,
3263 3297 3355 3364 qui
3384 3312 3471 3349 se.

190 3370 505 3424 cusabiliter
537 3370 748 3424 devotio
792 3369 1039 3424 famulari
1071 3371 1228 3425 debet
1280 3369 1588 3425 Christiana
1626 3389 1638 3422 :
1679 3370 1775 3424 sed

188 3471 414 3530 propter
465 3477 558 3516 eos
586 3478 719 3530 quos
759 3478 920 3532 supra
958 3464 1398 3527 memoravimus,
1449 3464 1564 3517 haec
1605 3478 1774 3532 pauca

187 3551 434 3606 breviter
457 3568 811 3607 :znnumerare
850 3553 1176 3618 studuimus,
1201 3555 1292 3622 qui
1337 3554 1654 3623 insipienter
1686 3571 1774 3610 as-

190 3652 384 3697 serunt
411 3644 556 3699 solos
601 3645 891 3700 monachos
924 3653 1127 3700 arctam
1155 3647 1350 3701 sectari
1384 3647 1580 3702 debere
1610 3649 1773 3715 viam,

189 3750 316 3788 cum
350 3736 540 3806 utique
566 3737 824 3792 Dominus
851 3747 1054 3794 arctam
1088 3747 1137 3792 et
1164 3748 1444 3810 angustam
1470 3740 1610 3793 viam
1633 3739 1777 3794 dicat

185 3839 310 3879 esse
345 3841 470 3895 qua:
497 3828 644 3882 ducit
667 3829 734 3882 ad
749 3828 932 3895 vitam,
955 3837 1008 3883 et
1030 3844 1189 3884 nemo
1226 3830 1327 3884 nisi
1355 3844 1450 3898 per
1469 3843 1589 3883 eam
1609 3829 1660 3883 in
1698 3829 1778 3884 vi-

186 3924 296 3972 tam
323 3918 534 3988 ingredi
560 3921 729 3989 possit
751 3931 1030 3976 aeternam.
1084 3920 1200 3976 Non
1218 3922 1389 3976 solum
1413 3923 1774 3992 igituruioua-

185 4009 303 4064 chis
319 4017 376 4063 et
399 4008 632 4073 clericis,
657 4026 841 4065 verum
861 4013 1024 4066 etiam
1053 4013 1306 4067 omnibus
1337 4014 1427 4082 qui
1460 4013 1772 4068 Christiano

186 4114 482 4160 censentur
495 4107 774 4172 vocabulo,
799 4124 894 4177 per
918 4109 1058 4162 hanc
1076 4119 1279 4163 arctam
1307 4117 1363 4163 et
1386 4117 1666 4178 augustam
1690 4111 1772 4165 in-

187 4199 441 4254 trandum
476 4209 560 4253 est
598 4201 758 4253 viam.
800 4200 936 4266 Quid
959 4217 1088 4272 ergo
1113 4202 1338 4263 arctius,
1364 4217 1526 4270 quam
1551 4202 1603 4255 id
1627 4203 1771 4271 quod

183 4291 522 4361 praecipitur.
554 4291 763 4362 Diligite
808 4295 1046 4347 inimicos
1082 4306 1297 4359 vestros,
1337 4305 1410 4358 et,
1454 4295 1612 4348 nolite
1649 4298 1774 4349 resi-

147 4416 149 4418 -
184 4391 315 4436 stere
343 4384 510 4448 malo,
527 4392 600 4447 et,
616 4386 702 4455 qui
727 4384 973 4439 irascitur
995 4387 1150 4456 fratri
1171 4404 1286 4451 suo,
1306 4404 1422 4440 reus
1442 4388 1538 4440 erit
1542 4387 1770 4456 judicio,

187 4483 256 4540 et,
282 4478 374 4548 qui
405 4475 591 4531 viderit
611 4475 880 4531 mulierem
903 4478 972 4531 ad
994 4480 1462 4547 concupiscendum
1497 4495 1635 4543 eam,
1650 4479 1769 4548 jam

184 4569 470 4624 mmchatus
497 4579 571 4624 est
595 4586 709 4624 eam
731 4570 786 4625 in
815 4571 971 4625 corde
1003 4589 1098 4626 suo
1122 4572 1339 4641 (Matth.
1363 4573 1440 4639 v),
1495 4581 1550 4628 et
1574 4582 1768 4629 cariem

1882 3382 2115 3436 euntium
2157 3384 2460 3452 regularem
2499 3383 2891 3437 institutionem
2941 3385 3233 3438 arctiorem
3265 3386 3471 3440 ducunt

1879 3472 2066 3534 vitam,
2095 3473 2310 3542 penitus
2339 3473 2628 3528 inhibitum
2677 3483 2778 3539 est,
2827 3489 2932 3529 non
2979 3484 3159 3530 tamen
3189 3476 3242 3529 iu
3271 3490 3469 3530 caven-

1878 3563 1960 3616 dis
1985 3563 2131 3617 vitiis
2151 3573 2205 3618 et
2227 3565 2615 3632 amplectendis
2649 3565 2962 3630 virtutibus,
2989 3581 3177 3620 eorum
3211 3583 3241 3620 a
3275 3583 3466 3622 mona-

1879 3653 2104 3707 chorum
2143 3653 2352 3709 distare
2397 3655 2557 3709 debet
2597 3655 2727 3708 vita.
2774 3653 3022 3710 Monacbi
3068 3671 3319 3726 namque,
3372 3658 3468 3726 qui

1877 3745 2243 3814 evangelicum
2280 3755 2611 3817 pmceptum
2653 3758 2959 3817 sequentes,
2999 3747 3275 3804 distractis
3302 3757 3469 3818 atque

1877 3839 2201 3894 renuntiatis
2233 3840 2598 3910 patrimoniis,
2641 3855 2736 3894 sua
2765 3839 2982 3895 Christo
3011 3840 3228 3905 dedere,
3265 3841 3465 3896 merito

1877 3927 1943 3982 de
1988 3927 2336 3984 facultatibus
2385 3928 2640 3984 Ecclesia:
2687 3930 2987 3984 subsidium
3028 3932 3300 4000 accipiunt
3331 3942 3468 3987 tem-

1873 4018 2093 4089 porale:
2142 4028 2200 4073 ut
2238 4020 2364 4089 quia
2397 4027 2508 4073 toto
2539 4019 2734 4073 mentis
2781 4020 3050 4074 desulerio
3099 4020 3341 4076 ccelestia
3374 4037 3468 4091 ap-

1873 4120 2082 4179 petunt,
2131 4110 2210 4164 sic
2253 4111 2308 4164 in
2359 4111 2459 4164 hac
2515 4111 2962 4180 peregrinationis
3015 4112 3100 4164 via
3146 4112 3459 4181 sumptibus

1875 4200 2169 4256 Dominicis
2217 4210 2608 4266 sustententur,
2657 4212 2925 4270 quatenus
2961 4202 3025 4256 ad
3074 4219 3135 4256 ea
3175 4220 3292 4272 qua:
3334 4218 3464 4256 con-

1875 4300 2210 4361 tempserunt
2233 4292 2453 4348 minime
2483 4293 2660 4346 redire
2694 4292 2934 4361 qualibet
2965 4294 3306 4348 necessitatis
3331 4309 3458 4347 cau-

1875 4397 1932 4434 sa
1960 4382 2372 4451 compellantur.
2422 4383 2490 4436 Et
2535 4383 2657 4451 quia
2696 4382 2830 4436 nihil
2879 4383 2980 4437 sibi
3012 4385 3286 4453 proprium
3334 4383 3461 4439 reli-

1873 4481 2130 4544 querunt,
2161 4473 2502 4526 manifestum
2525 4482 2608 4526 est
2636 4472 2755 4526 illos
2778 4474 3168 4542 copiosioribus
3197 4473 3449 4530 Ecclesia:

1875 4565 2176 4635 sumptibus
2226 4579 2387 4632 quam
2427 4566 2751 4629 ’canonicos,
2798 4566 2886 4634 qui
2939 4567 3050 4620 suis
3100 4575 3152 4619 et
3202 4566 3458 4621 Ecclesia:

187 4661 354 4716 talia?
409 4663 539 4718 ch
563 4663 757 4732 quippe
796 4673 944 4718 arcta
969 4638 1242 4730 sunhvsed
1280 4666 1676 4722 saluberrima;
1716 4677 1772 4723 ει
1797 4638 1849 4697 D
1875 4657 2019 4712 licite
2067 4665 2294 4711 utuntur
2344 4657 2526 4724 rebus,
2561 4658 2822 4729 indigere.
2872 4657 3238 4730 Unusquisque
3287 4661 3456 4720 cuitu,

185 4763 386 4822 quanto
408 4754 668 4820 arctiora,
689 4764 838 4810 tanto
859 4757 1066 4824 potiora
1089 4765 1143 4811 et
1167 4759 1545 4814 eminentiora.
1601 4759 1772 4831 Opor-

187 4852 259 4898 tet
293 4846 479 4916 itaque
517 4859 706 4900 omnes
744 4845 834 4912 qui
860 4844 1007 4913 iuxta
1045 4845 1362 4916 Apostolum
1399 4849 1575 4919 (Rom.
1603 4849 1680 4903 vii
1714 4851 1767 4905 in

185 4931 400 4990 Christo
439 4935 700 5005 baptizati
728 4951 934 4996 sumus.
969 4935 1354 5006 Christumque
1380 4939 1671 5001 induimus,
1710 4939 1766 4992 in

187 5028 424 5083 novitate
455 5027 580 5082 vita:
611 5027 910 5092 ambulare,
959 5042 1277 5098 semperque
1303 5038 1428 5083 ante
1462 5030 1649 5084 oculos
1671 5045 1766 5099 po-

186 5133 313 5174 nere
339 5129 564 5189 pactum
591 5119 732 5188 quod
758 5135 880 5174 cum
915 5118 1028 5174 Deo
1061 5120 1113 5174 in
1139 5119 1460 5189 baptismate
1508 5120 1760 5188 fecimus,

186 5210 274 5264 ubi
304 5211 808 5267 abrenuntiavimus
870 5209 1108 5276 Satanae,
1167 5219 1223 5278 et
1252 5212 1502 5268 omnibus
1553 5216 1765 5286 pompis

186 5301 322 5372 ejus,
353 5314 412 5360 et
450 5304 702 5360 omnibus
733 5305 989 5374 operibus
1041 5305 1177 5376 ejus.
1215 5306 1366 5373 Quod
1389 5316 1604 5377 pactum
1636 5318 1765 5364 tunc

186 5393 399 5451 irritum
424 5397 506 5462 ﬁt,
535 5412 657 5452 cum
687 5397 737 5450 in
765 5396 868 5451 ﬁde
905 5397 1025 5466 quis
1073 5398 1455 5466 permanendo,
1481 5399 1646 5464 vitiis,
1672 5409 1764 5455 aut

187 5500 216 5540 a
247 5485 352 5543 ﬁde
373 5487 753 5554 exorbitando,
783 5487 1043 5541 idolorum
1086 5487 1342 5553 cultibus,
1379 5499 1472 5544 aut
1495 5491 1759 5544 hzeresum

185 5581 470 5634 erroribus
491 5580 815 5649 implicatur.
856 5577 993 5646 Quia
1025 5595 1176 5651 ergo,
1220 5581 1360 5634 sicut
1389 5583 1650 5651 scriptum
1677 5589 1761 5635 est

188 5668 340 5742 (Sap.
367 5672 470 5742 ix),
503 5685 717 5740 corpus,
751 5671 894 5740 quod
936 5673 1318 5740 corrumpitur,
1344 5684 1602 5743 aggravat
1646 5676 1763 5728 ani-

187 5775 350 5825 mam,
383 5770 440 5814 et
473 5761 724 5831 deprimit
749 5769 963 5816 terrena
995 5762 1315 5818 inhabitatio
1345 5780 1561 5819 sensum
1591 5767 1759 5821 multa

183 5852 534 5926 cogitantem,
565 5861 621 5908 et
650 5852 914 5926 fragilitas
938 5853 1171 5910 humana
1208 5865 1330 5925 post
1354 5856 1604 5921 baptismi
1639 5875 1761 5923 ara-

1874 4755 1933 4801 ut
1995 4747 2072 4801 ait
2119 4747 2409 4818 Apostolus
2452 4788 2467 4813 ,
2517 4751 2789 4820 proprium
2838 4750 3032 4802 donum
3069 4751 3219 4802 habet
3273 4768 3305 4802 a
3345 4749 3457 4803 Deo

1873 4838 1924 4902 (I
1961 4839 2083 4892 Cor.
2130 4839 2250 4910 vn).

2393 4949 2398 4955 ‘
2436 4930 2664 4985 CAPUT
2700 4929 2878 4984 CXVI.

2291 5019 2431 5086 Quid
2469 5022 2571 5073 sint
2623 5037 2701 5073 res
2754 5019 3021 5078 Ecclesite.

1944 5117 2053 5170 Res
2082 5115 2359 5181 Ecclesiae,
2392 5115 2534 5170 sicut
2556 5131 2586 5169 a
2611 5116 2814 5171 sanctis
2835 5117 3088 5173 Patribus
3110 5116 3363 5182 traditur,
3396 5127 3452 5172 et

1873 5208 1926 5262 in
1955 5208 2324 5278 superioribus
2361 5209 2612 5279 capitulis
2635 5213 2970 5275 continetur,
2996 5219 3118 5264 vota
3153 5217 3278 5264 sunt
3324 5209 3450 5265 ﬁde-

1871 5300 2022 5362 lium,
2054 5301 2226 5371 pretia
2265 5311 2638 5373 peccatorum,
2684 5311 2739 5357 et
2778 5302 3102 5373 patrimonia
3131 5315 3446 5372 pauperum.

1870 5391 2081 5447 Fideles
2108 5409 2341 5465 namque
2385 5395 2504 5449 ﬁdei
2556 5394 2749 5447 ardore
2779 5401 2834 5446 et
2876 5390 3076 5447 Christi
3107 5407 3292 5446 amore
3321 5403 3451 5448 suc~

1870 5486 2015 5540 censi
2063 5486 2132 5541 ob
2159 5487 2458 5540 animarum
2499 5499 2716 5538 suarum
2766 5482 3062 5537 remedium
3107 5491 3162 5536 et
3211 5480 3451 5536 cmlestia

1866 5577 2057 5646 patria:
2105 5577 2454 5639 desiderium,
2495 5575 2610 5628 suis
2653 5575 2888 5644 propriis
2928 5569 3272 5628 facultatibus
3315 5588 3446 5636 san-

1869 5655 2013 5725 ctam
2059 5668 2376 5739 locupletem
2409 5667 2651 5720 fecerunt
2685 5665 2998 5728 Ecclesium,
3044 5677 3101 5718 ut
3129 5665 3213 5718 his
3251 5661 3308 5717 et
3347 5663 3448 5716 mi-

1870 5763 1989 5815 lites
2043 5758 2246 5814 Christi
2299 5756 2572 5811 alerentur
2626 5766 2680 5809 et
2742 5754 2983 5810 ecclesia:
3026 5755 3443 5812 exornarentur,

1869 5867 2133 5922 pauperes
2164 5856 2540 5905 recrearcutur
2579 5857 2630 5901 et
2654 5847 2850 5918 captivi
2875 5861 2973 5916 pro
3017 5854 3315 5915 temporqu
3346 5854 3442 5910 op-
