4000 6464
462 282 569 344 915

466 490 654 548 solerti
691 502 823 546 cura
849 487 1242 559 providendum
1261 495 1353 551 est
1372 486 1459 542 his
1491 486 1585 559 qui
1610 486 1727 557 ejus
1758 482 2044 538 facultates

464 587 868 653 administrant,
911 600 979 641 ne
1006 600 1100 642 eas
1128 584 1183 641 in
1221 599 1348 641 suos
1375 581 1708 639 solummodo
1737 594 1866 635 usus
1892 578 2041 633 'con-

461 686 715 745 vertant;
773 678 867 733 sed
922 677 1112 747 magis,
1167 674 1323 746 juxta
1375 672 1787 745 possibilitatem
1836 683 2040 733 rerum,

463 772 682 828 Christo
708 767 1108 835 famulantium,
1132 769 1242 824 imo
1272 782 1461 824 eorum
1490 764 1546 820 in
1574 764 1771 835 quibus
1793 759 2045 817 Christus

463 864 706 936 pascitur
733 872 787 920 et
815 863 1061 928 vestitur,
1104 875 1290 917 curam
1320 873 1513 931 gerere
1553 857 1767 929 penitus
1808 870 1917 910 non
1943 867 2041 908 ne—

463 957 687 1029 gligant.
723 955 831 1013 Sed
854 962 909 1011 et
932 953 1199 1011 sententia
1236 952 1383 1008 beati
1428 946 1767 1021 Hieronymi,
1812 962 1922 1002 non
1950 960 2043 1001 so-

462 1047 575 1109 lum
599 1046 858 1120 praelatis,
889 1045 984 1101 sed
1011 1043 1177 1100 etiam
1215 1041 1450 1108 ueteris,
1493 1040 1588 1112 qui
1632 1039 1794 1095 rebus
1817 1042 2046 1116 utuntur

462 1140 739 1205 Ecclesiae,
792 1137 1075 1209 vigilanter
1135 1133 1514 1205 perpendenda
1564 1138 1671 1199 est,
1724 1128 1818 1201 qui
1864 1128 1938 1184 ita
1990 1127 2046 1182 in

464 1231 851 1289 commentario
878 1229 1110 1284 Mattbaei
1139 1226 1486 1298 evangelista:
1527 1224 1648 1280 ait:
1694 1224 1893 1279 Omnes
1939 1216 2042 1291 igi-

468 1335 558 1381 tur
585 1327 676 1396 qui
723 1325 1004 1394 stipendiis
1050 1323 1256 1394 templi,
1305 1331 1360 1377 et
1399 1321 1486 1377 bis
1534 1326 1655 1391 qum
1690 1317 2047 1374 conferuntur

465 1421 531 1474 ad
557 1434 689 1474 usus
731 1417 993 1481 ecclesiae,
1036 1416 1331 1471 abutuntur
1360 1413 1414 1468 in
1459 1412 1580 1467 aliis
1618 1411 1802 1476 rebus,
1850 1407 2047 1478 quibus

466 1528 616 1569 suam
648 1511 902 1582 expleant
926 1510 1276 1572 voluntatem,
1332 1506 1536 1563 similes
1576 1513 1702 1559 sunt
1745 1502 2046 1558 scribarum

464 1612 519 1661 et
541 1603 883 1659 sacerdotum
912 1600 1291 1657 redimentium
1321 1598 1662 1654 mendacium
1705 1604 1759 1649 et
1799 1593 2046 1649 Salvato-

464 1696 541 1751 ris
593 1694 929 1767 sanguinem.
980 1692 1123 1764 Ergo
1172 1706 1260 1747 res
1309 1688 1564 1746 Ecclesia:
1615 1685 1945 1758 pauperibus
1989 1690 2046 1739 et

1491 270 1895 332 AMALARIUS
1930 240 2346 329 ransavraa
2381 264 2741 325 nemus.

462 395 796 470 portunitate
846 390 1260 449 redimerentur.
1312 389 1649 462 Quapropter
1692 386 1933 459 vigilanti
1979 401 2044 440 ac
2062 390 2121 471 Α
2146 384 2246 440 cils
2295 384 2548 439 insistunt
2587 402 2600 437 :
2645 381 2876 437 claustra
2929 376 3351 454 societatemque
3397 390 3757 441 ceterana-
3856 422 3861 427 .

2146 478 2532 549 relinquentes,
2592 474 2897 533 efﬁciuntur
2935 477 3057 546 vagi
3109 485 3165 532 et
3216 477 3421 546 lascivi,
3477 478 3633 551 gula:
3692 487 3755 534 et

2144 570 2398 627 ebrietati
2425 579 2479 625 et
2527 572 2738 627 caeteris
2781 569 2894 625 suis
2922 568 3288 640 voluptatibus
3313 568 3520 637 dediti;
3569 570 3751 641 quid-

2144 662 2272 733 quid
2303 663 2405 719 sibi
2434 662 2643 718 libitum
2672 670 2773 727 est,
2805 662 3014 717 licitum
3053 660 3276 717 faciunt.
3304 661 3541 718 Proinde
3593 680 3749 736 prae-

2142 756 2335 827 positis
2363 754 2591 811 solerter
2632 753 3023 825 providendum
3051 762 3156 819 est,
3194 761 3253 807 dt
3282 753 3334 807 in
3365 754 3471 809 hoc
3507 754 3749 825 negotio

2143 847 2362 903 modum
2388 847 2728 903 discretionis
2751 855 2985 911 teneant,
3011 846 3216 903 scilicet
3236 853 3297 900 ut
3314 862 3414 901 nec
3438 845 3747 917 plusquam

2142 950 2357 1012 oportet
2381 951 2435 998 et
2458 942 2786 1013 possibilitas
2816 940 3059 996 ecclesiae
3088 938 3323 1010 suppetit
3347 941 3405 993 in
3429 953 3751 1010 congrega-

2143 1033 2347 1088 tionem
2378 1032 2684 1099 admittant,
2710 1046 2807 1086 nec
2835 1045 2929 1086 eos
2953 1044 3089 1101 quos
3112 1029 3511 1085 rationabiliter
3540 1030 3753 1101 guber-

2145 1138 2277 1179 nare
2302 1129 2528 1194 possunt
2554 1137 2717 1178 causa
2743 1120 2986 1176 avaritiae
3014 1119 3288 1189 abjiciant.

2709 1234 2936 1292 CAPUT
2975 1232 3157 1291 CXIX.
3254 1220 3263 1223 ν

2144 1333 2224 1390 De
2245 1334 2327 1390 Itis
2349 1334 2437 1406 qui
2459 1333 2515 1406 in
2539 1332 2934 1406 congregatione
2958 1328 3365 1406 sibi_commissa
3402 1326 3751 1382 solummodo

2320 1454 2325 1465 ,
2357 1400 2657 1479 familia
2685 1400 2915 1457 ecclesia?
2954 1400 3167 1453 clericos
3213 1408 3523 1469 aggregent.

2222 1494 2361 1552 Sunt
2388 1493 2631 1551 nonnulli
2666 1493 2759 1564 qui
2793 1502 3002 1548 tantum
3029 1506 3097 1546 ex
3125 1489 3329 1545 familia
3364 1488 3750 1544 ecclesiastica

2147 1585 2375 1643 clericos
2414 1585 2468 1641 in
2509 1585 2610 1639 sibi
2650 1583 2955 1645 commissis
2997 1588 3329 1653 congregant
3380 1580 3655 1645 ecclesiis,
3693 1587 3749 1633 et

2147 1678 2253 1735 hoc
2280 1678 2401 1733 ideo
2427 1676 2606 1732 facere
2635 1673 2887 1731 videntur
2912 1681 2973 1729 ut
2997 1674 3043 1729 si
3073 1672 3289 1743 quando
3314 1671 3398 1726 eis
3428 1672 3637 1741 aliquid
3662 1671 3749 1725 in—

464 1765 729 1842 militibus
752 1784 955 1842 Christi
982 1781 1347 1856 stipendiaria:
1383 1782 1581 1837 debent
1619 1778 1860 1848 intelligi.
1897 1775 2046 1833 Unde
2071 1771 2121 1833 B
2147 1771 2490 1827 commodum
2528 1768 2777 1834 fecerint,
2825 1774 2917 1822 aut
2942 1767 3213 1838 stipendia
3255 1775 3566 1837 opportuna
3614 1765 3746 1821 sub-

464 1879 594 1934 totis
620 1877 827 1933 nisibus
853 1876 1090 1946 praelatis
1115 1873 1468 1946 satagendum
1510 1880 1592 1926 est
1629 1881 1689 1925 ut
1734 1878 2047 1925 sanctorum

465 1970 685 2024 Patrum
734 1967 894 2023 dictis
941 1974 998 2021 et
1042 1964 1305 2036 exemplis
1346 1965 1723 2033 obsequentes,
1775 1961 1842 2015 de
1887 1959 2049 2014 rebus

464 2060 567 2116 sibi
592 2058 897 2116 commissis
925 2056 1007 2128 (ut
1026 2056 1367 2127 praemissum
1411 2053 1516 2126 est)
1559 2060 1615 2109 et
1663 2049 1910 2107 subditos
1956 2054 2052 2121 gu-

465 2152 712 2217 beruent,
738 2159 793 2206 et
824 2164 1092 2220 pauperes
1115 2147 1363 2213 foveant,
1380 2144 1699 2217 cunctisque
1723 2141 2051 2213 utilitatibus

470 2258 535 2298 ac
577 2241 991 2311 necessitatibus
1042 2239 1296 2295 Ecclesiaa
1348 2238 1579 2295 fideliter
1614 2233 2052 2305 administrando

466 2334 752 2391 consulant
784 2374 800 2400 ,
843 2342 1115 2404 quatenus
1165 2333 1233 2388 de
1274 2332 1419 2388 ﬁdeli
1476 2329 1941 2387 administratione
1982 2326 2053 2382 ab

466 2426 604 2495 ipso,
636 2425 791 2497 cujus
817 2424 1052 2481 ministri
1093 2439 1216 2481 esse
1256 2419 1949 2489 noscuntur,.ineﬂ‘abiliter
1968 2433 2054 2476 re-

466 2517 742 2574 munerari
771 2524 1104 2575 mereantur.
1518 2558 1547 2569 ..
1714 2514 1725 2532 ‘

936 2658 943 2664 ’
1018 2620 1249 2688 CAPUT
1287 2628 1493 2687 CXVII.
1564 2578 1569 2579 γ

647 2723 799 2791 Quod
843 2721 1123 2796 diligenter
1167 2724 1476 2805 munienda;
1496 2730 1602 2778 sint
1646 2721 1882 2778 claustra

1014 2854 1021 2869 ,
1067 2810 1459 2865 canomcorum.
1505 2850 1533 2869 μ
1587 2832 1598 2865 ε

537 2860 967 2957 Praepositoruml
1014 2854 1177 2942 cilicii
1215 2894 1298 2942 est
1340 2891 1400 2940 ut
1449 2850 1793 2941 subditorum
1828 2852 2057 2941 .mentes

468 2988 781 3039 sanctarum
828 2978 1235 3051 Scripturarum
1289 2979 1615 3034 lectionibus
1665 2978 1881 3035 assidue
1932 2993 2054 3034 mu—

466 3076 643 3141 niant,
665 3090 737 3129 ne
754 3074 914 3143 lupus
942 3072 1230 3143 invisibilis
1255 3072 1467 3127 aditum
1484 3072 1748 3136 inveniat,
1779 3087 1887 3143 quo
1914 3072 2055 3127 ovile

2152 1864 2440 1930 traxerint,
2472 1862 2606 1918 nihil
2631 1861 2982 1932 querimonia:
3011 1868 3201 1919 contra
3242 1876 3302 1915 se
3327 1859 3573 1929 objicere
3604 1877 3748 1931 pra:-

2149 1964 2399 2023 sumant;
2434 1955 2685 2011 timentes
2721 1953 2949 2019 scilicet,
2993 1969 3064 2008 ne
3091 1960 3185 2007 aut
3216 1953 3587 2009 severissimis
3616 1967 3750 2011 .ver-

2148 2048 2369 2106 beribus
2437 2046 2760 2111 afﬁciantur,
2815 2053 2911 2100 aut
2964 2046 3214 2100 humana:
3268 2046 3521 2100 servituti
3569 2045 3750 2101 denu

2149 2141 2443 2199 crudeliter
2466 2139 2806 2196 addicuntur.
2840 2137 2954 2193 Hoc
3004 2147 3189 2193 autem
3229 2153 3341 2192 non
3368 2137 3497 2192 ideo
3516 2138 3751 2205 dicitur,

2149 2242 2211 2289 ut
2238 2248 2305 2289 ex
2340 2231 2545 2286 familia
2572 2229 2818 2286 ecclesiae
2859 2227 3155 2299 probabilis
3190 2228 3318 2284 vitae
3354 2227 3405 2282 in
3443 2242 3746 2297 congrega-

2153 2326 2299 2381 tione
2345 2339 2455 2379 non
2507 2324 2615 2380 sint
2671 2321 3023 2387 admittendi,
3077 2320 3375 2393 praesertim
3420 2334 3537 2374 cum
3584 2320 3738 2389 apud

2152 2419 2321 2475 Deum
2351 2434 2461 2474 non
2509 2416 2582 2472 sit
2607 2430 2965 2488 personarum
3000 2415 3265 2484 acceptio,
3313 2414 3407 2470 sed
3444 2414 3627 2484 potius
3677 2424 3755 2468 ut

2151 2520 2375 2587 propter
2402 2526 2568 2584 quam
2595 2509 2879 2567 intulimus
2901 2509 3268 2576 occasionem,
3298 2507 3479 2563 nullus
3500 2503 3754 2579 prdato-

2155 2623 2296 2673 rum,
2329 2604 2556 2662 seclusis
2587 2604 2880 2670 nobilibus,
2906 2603 3043 2661 viles
3067 2611 3282 2659 tantum
3308 2603 3366 2659 in
3394 2618 3498 2659 sua
3521 2616 3750 2676 congre-

2154 2699 2373 2771 gatione
2394 2698 2685 2755 admittant
2711 2711 2996 2767 personas.

2636 2838 2641 2845 -
2723 2809 2955 2868 CAPUT
3006 2807 3170 2867 CXX.

2158 2905 2263 2972 Qui
2305 2905 2493 2987 clerici
2519 2905 2599 2987 in.
2618 2905 3027 2987 congregatione:
3057 2903 3317 2987 canonica
3343 2901 3648 2987 constituti,
3676 2917 3752 2957 ec-

2348 2976 2665 3041 clesiastica
2710 2974 2944 3046 αεεὶρβῖε
2985 2974 3545 3046 debeantstipendia,
3596 3022 3629 3041 ,ι

2229 3070 2366 3139 Quia
2395 3078 2711 3127 sanctorum
2739 3067 2964 3125 Patrum
3013 3085 3177 3141 supra
3211 3077 3425 3123 notatae
3473 3067 3747 3123 sententia:

467 3163 683 3219 Domini
721 3140 1021 3233 ingrediet
1061 3162 1294 3233 aliquam
1339 3163 1521 3219 ovium
1548 3140 1829 3234 subripere
1853 3163 2050 3219 valeat.
2082 3140 2128 3205 Ο
2159 3164 2375 3227 docent,
2400 3164 2630 3219 clericos
2654 3178 2765 3219 non
2808 3140 3117 3219 divitiarum
3149 3167 3455 3217 sectatores
3482 3174 3629 3222 esse,
3652 3173 3752 3214 nee

466 3253 537 3309 Et
560 3268 871 3325 quanquam
900 3254 979 3310 ab.
1011 3253 1103 3309 his
1142 3254 1246 3327 hoc
1299 3255 1715 3329 instantissime,
1740 3256 2054 3327 spiritaliter

467 3346 587 3402 fieri
617 3353 883 3417 oporteat,
944 3362 1169 3403 necesse
1214 3355 1299 3403 est
1349 3355 1553 3415 tamen,
1602 3356 1677 3406 uti
1707 3347 1963 3419 claustra.
1996 3350 2052 3405 in

467 3436 666 3506 quibus
695 3436 842 3493 clero
871 3436 975 3492 sibi
1019 3436 1311 3497 commisso
1340 3440 1613 3496 canonice.
1624 3441 2056 3506 :vivendumest,

466 3529 645 3586 ﬁrmis
674 3530 912 3599 undique
932 3530 1234 3586 circumdet
1258 3530 1669 3597 munitionibus,
1700 3543 1758 3589 ut
1782 3532 1918 3591 nulli
1945 3549 2059 3589 om-

468 3623 599 3678 nino
626 3622 863 3680 intrandi
892 3631 999 3678 aut,
1016 3623 1275 3689 exeundi,
1308 3624 1542 3694 nisi.per
1590 3633 1823 3695 portam,
1873 3633 2058 3696 pateat

470 3714 670 3771 aditus.
722 3712 845 3771 Sint
891 3717 1056 3771 etiam
1098 3715 1330 3771 interius
1370 3716 1710 3789 dornutqria,
1746 3716 2059 3783 refectoria,

472 3809 713 3875 cellaria,
764 3816 821 3865 et
853 3818 1068 3865 uetera:
1094 3808 1714 3875 habitatioumwusibus
1741 3809 1973 3864 fratrum
2003 3810 2058 3865 in

472 3915 581 3956 una
608 3900 870 3955 societate
896 3899 1195 3956 viventium
1223 3901 1586 3959 necessariaeu
1613 3900 1714 3968 Qui
1750 3917 1894 3957 .vero
1941 3904 2059 3958 haec

473 4005 596 4060 quae
619 3991 898 4061 praemissa
924 3996 1071 4056 sunt,
1092 3990 1253 4060 juxta
1271 3990 1415 4061 quod
1442 3991 2060 4064 possibilitassuppetit,

475 4096 638 4154 agere
674 4082 947 4148 renuerit,
967 4082 1144 4153 impar
1171 4083 1459 4153 minusque
1498 4084 1726 4141 idoneus
1766 4085 1841 4141 ad
1864 4093 2061 4143 caetera

475 4175 846 4233 ecclesiastica
910 4176 1105 4241 ollicia.
1139 4176 1448 4248 peragenda
1502 4178 1793 4235 habendus
1836 4189 1938 4237 est.
1992 4179 2064 4236 Et

474 4281 786 4339 quanquam
813 4267 1001 4325 divina.
1021 4267 1227 4335 ultione
1248 4267 1327 4327 sit
1348 4270 1566 4341 (ﬁnus,
1592 4270 1851 4341 synodali
1881 4280 2065 4328 tamen

475 4369 567 4417 est
589 4363 855 4418 sententia
887 4361 1211 4421 feriendusw
1264 4398 1273 4421 ι
1316 4402 1327 4415 .
1372 4395 1417 4419 ι..
1490 4382 1543 4419 ti
1620 4398 1631 4405 ρ
1842 4398 1850 4415 .

1007 4475 1238 4534 CAPUT
1297 4476 1387 4532 CX
1397 4476 1526 4531 VIII.

479 4564 551 4619 Ut
593 4567 652 4620 in
691 4568 1068 4639 congregandis
1110 4571 1389 4699 ctoriam:
1416 4570 1611 4626 mdus
1637 4571 1968 4627 discretionis
1992 4573 2061 4628 sit

602 4690 609 4697 .
810 4696 815 4699 Α
900 4676 909 4697 1
960 4682 969 4691 υ
1148 4655 1251 4699 ,εηε
1397 4678 1410 4695 ο
1446 4680 1619 4699 ...ηυη
1686 4672 1739 4699 λι.
2048 4682 2053 4689 -

1446 4680 1581 4709 ,ιι-«Μ’
1614 4694 1619 4701 .
1686 4672 1739 4704 λυ
1772 4682 1901 4703 ιιηιι-ιδ

549 4726 861 4785 Cavendum
880 4744 1225 4800 summopere
1245 4731 1550 4802 prapositis
1570 4733 1923 4789 ecclesiarum
1953 4743 2058 4801 est,

478 4819 619 4876 utin
647 4818 889 4877 ecclesiis
916 4820 1018 4877 sibi
1050 4822 1355 4879 commissis
1391 4839 1498 4879 non
1548 4824 1749 4895 plures.
1768 4826 2064 4883 admittant

481 4912 709 4969 clericos
734 4928 899 4983 quam
934 4913 1073 4968 ratio
1103 4913 1233 4971 sinit
1276 4921 1343 4970 et'
1382 4914 1615 4971 facultas
1655 4917 1897 4972 ecclesiae
1930 4934 2059 4988 sup-

478 5004 658 5074 petit:
713 5020 782 5060 ne
829 5005 876 5060 si
931 5004 1222 5063 indiscrete
1281 5015 1340 5062 et
1397 5007 1831 5064 extraordinarie
1881 5009 2067 5079 plures

480 5095 908 5168 aggregaveriat,
939 5110 1045 5161 nec
1085 5096 1230 5168 ipsos
1258 5097 1584 5169 gubernare,
1613 5114 1717 5156 nec
1738 5100 2063 5157 caneris-ec-

482 5188 660 5249 clasis
684 5190 1123 5256 necessitatibus,
1152 5197 1221 5246 .ut
1247 5199 1484 5261 oportet,
1522 5191 2065 5248 valeanbadminiw-

479 5278 603 5339 lari.
632 5281 770 5339 Sunt
789 5296 1024 5352 namque
1047 5280 1287 5337 nonnulli
1315 5297 1510 5341 vanam
1538 5281 1762 5353 gloriam
1778 5283 2066 5339 :abhomi-

478 5375 641 5432 nibus
668 5376 1092 5448 captantem-qui
1136 5391 1483 5432 numerosam
1508 5375 1645 5435 cieri
1682 5380 2062 5450 congregatio-

482 5482 610 5522 nem
632 5467 822 5523 volunt
846 5467 1071 5532 habere,
1089 5467 1182 5525 cui
1210 5482 1319 5524 nee
1332 5468 1551 5534 animae,
1568 5483 1673 5524 nec
1694 5472 2064 5541 coeperis-ou-

484 5566 611 5611 rant
636 5558 827 5613 solatia
854 5559 1132 5615 exhibere.
1169 5557 1237 5613 Hi
1274 5575 1510 5630 namque
1538 5561 1722 5617 taliter
1766 5564 2063 5634 aggregati,

482 5647 613 5700 dum
639 5664 669 5701 a
704 5648 941 5716 pradatis
964 5649 1232 5720 stipendia
1271 5651 1579 5708 necessaria
1623 5668 1731 5709 non
1771 5653 2062 5723 accipiunt,

484 5750 663 5804 neque
686 5737 1009 5796 canonicum
1046 5746 1270 5797 servant
1296 5741 1568 5813 ordinati,
1610 5759 1711 5801 nec
1737 5744 1933 5801 divinis
1958 5744 2066 5800 olli-

2156 3268 2249 3309 res
2268 3252 2624 3309 ecclesiarum
2651 3250 2945 3308 iaefliciose
2966 3251 3215 3321 accipere
3256 3250 3462 3306 debere
3479 3291 3497 3312 ,
3524 3266 3632 3304 non
3659 3249 3753 3304 abs

2155 3347 2575 3417 reputavimus
2620 3345 2877 3401 nonnulla
2923 3344 3177 3417 capitulm
3208 3343 3336 3399 libri
3362 3343 3637 3414 .Prmperi
3682 3341 3752 3396 ad

2156 3440 2393 3497 medium
2416 3438 2521 3511 (De
2551 3437 2673 3493 Vita
2700 3437 2980 3509 cosuempl.
3027 3441 3067 3491 ι.
3088 3454 3150 3492 Δ,ιι
3168 3479 3182 3501 ,
3215 3454 3268 3491 c.
3290 3436 3386 3509 20)
3433 3444 3489 3490 et
3510 3433 3751 3505 exempli

2155 3549 2321 3590 causa
2343 3532 2634 3599 deducere,
2655 3533 2709 3586 in
2730 3531 3026 3601 quibusita
3054 3530 3253 3601 legitur
3282 3548 3351 3583 ελ
3382 3528 3487 3596 Qui
3503 3526 3753 3584 ecclesia

2158 3625 2428 3692 serviunt,
2454 3633 2509 3680 et
2533 3640 2596 3679 ea
2625 3624 2821 3693 quibus
2844 3638 3111 3694 opusnon
3148 3622 3375 3689 habent,
3407 3630 3508 3677 aut
3526 3621 3755 3676 libenter

2160 3720 2453 3788 accipiunt,
2496 3725 2597 3772 aut
2634 3717 2880 3788 exigunt,
2925 3716 3089 3771 nimis
3106 3714 3413 3773 carnaliter
3460 3714 3746 3785 sapiunt”

2157 3809 2293 3867 Item
2321 3810 2435 3867 ibi:
2472 3828 2490 3860 ι
2522 3808 2665 3865 Satis
2701 3809 2899 3881 quippe
2928 3808 3206 3878 indignum
3245 3818 3350 3872 est,
3395 3808 3445 3862 si
3500 3808 3675 3864 ﬁdelis
3699 3815 3752 3861 et

2160 3919 2388 3975 opesosa
2420 3902 2634 3958 devotio
2660 3902 2981 3967 clericorum
3024 3910 3263 3973 propter.
3286 3901 3629 3972 stipendium
3654 3917 3751 3956 Ste-

2161 3994 2346 4061 culare
2367 3995 2593 4064 praemia
2644 3995 2977 4064 sempiterna
3022 4002 3357 4060 contemnat.
3394 4014 3414 4045 ι
3457 3994 3598 4050 Item
3630 3994 3747 4047 ibi:

2169 4104 2188 4138 ι
2224 4084 2281 4142 Si
2325 4093 2547 4157 propter
2578 4086 2682 4141 hoc
2708 4101 2818 4141 non
2862 4085 2978 4141 vult
3015 4101 3114 4140 sua
3141 4086 3375 4156 quisque
3421 4085 3751 4155 relinquere,

2163 4180 2453 4243 utbabeat
2479 4180 2621 4236 unde
2662 4181 2841 4235 vivat:
2873 4190 2932 4236 ut
2966 4181 3105 4250 quid
3153 4179 3376 4250 accipit,
3408 4179 3561 4234 unde
3582 4179 3751 4233 ratio-

2164 4289 2290 4330 nem
2320 4272 2546 4328 reddat?
2573 4282 2634 4328 ut
2660 4274 2789 4343 quid
2821 4274 3063 4342 peccatis
3110 4270 3303 4329 alienis
3349 4284 3450 4324 sua
3480 4268 3753 4339 .multipli-

2164 4365 2289 4420 cat-2
2320 4384 2340 4418 ι
2378 4364 2477 4419 His
2504 4364 2671 4435 igitur
2699 4372 2755 4419 et
2797 4371 3116 4419 ceterorum
3161 4370 3482 4416 sanctorum
3534 4359 3751 4417 Patrum

2167 4458 2326 4513 dictis
2357 4456 2644 4528 diligenter
2669 4456 3082 4520 animadversis,
3109 4455 3366 4511 studeant
3404 4470 3643 4511 necesse
3679 4461 3756 4509 est

2168 4548 2348 4605 clerici
2376 4548 2434 4602 in
2463 4548 2801 4617 accipiendis
2838 4546 3229 4603 ecclesiasticis
3264 4545 3587 4617 sumptibus
3602 4561 3757 4601 suum

2124 4636 2141 4655 ’
2168 4640 2347 4695 vitare
2366 4638 2690 4709 perieulum.
2731 4640 2966 4694 Proinde
3004 4640 3097 4709 qui
3142 4646 3197 4694 et
3234 4654 3365 4694 snas
3408 4648 3467 4694 et
3520 4639 3755 4695 ecclesia

2169 4732 2374 4789 habent
2411 4730 2818 4799 facultates,.et
2834 4731 3130 4787 utilitatem
3173 4730 3440 4797 ecclesiaz,
3481 4741 3583 4786 aut
3622 4732 3753 4786 iule—

2169 4824 2304 4889 rius;
2337 4825 2697 4880 autexterius
2727 4824 3037 4888 conferunt,
3078 4824 3353 4894 accipiant
3381 4825 3441 4880 in
3465 4840 3757 4897 congrae—

2170 4916 2319 4972 tione
2341 4916 2520 4972 cibum
2548 4926 2605 4972 et
2622 4927 2833 4988 potum,
2862 4926 2918 4974 et
2944 4926 3132 4989 partes
3168 4918 3669 4991 cleemosynanun,
3690 4930 3755 4976 et

2169 5010 2257 5066 his
2281 5011 2524 5067 contenti
2550 5011 2681 5078 sint,
2712 5028 2783 5067 ne
2804 5010 2931 5081 plus
2953 5011 3319 5082 accipientem.
3336 5028 3761 5086 νημαι-εῦρ-

2170 5115 2298 5157 vare
2322 5101 2611 5158 videantur
2639 5120 2653 5156 :
2685 5102 3082 5172 perpendentes
3125 5104 3453 5169 sententiam
3504 5106 3755 5179 Ρωφώ

2171 5189 2442 5264 (lbid.,.c.
2472 5192 2582 5264 ll),
2614 5208 2720 5263 qua
2749 5193 2946 5251 dicitur
2976 5212 3043 5248 Μ
3068 5193 3333 5261 Quiusua
3351 5197 3665 5265 possident,
3702 5208 3760 5256 ιι

2170 5281 2289 5336 dari
2313 5281 2420 5341 sibi
2440 5283 2649 5354 aliquid
2680 5283 2899 5352 volunt,
2945 5284 3063 5341 sine
3088 5286 3323 5357 :grandi.
3351 5298 3599 5358 peccata
3639 5304 3755 5356 suo;

2168 5374 2313 5431 unde
2339 5376 2813 5447 paupervicturus
2830 5386 2979 5443 enat,
3004 5380 3435 5450 non,accipiunt.
3476 5382 3602 5438 ulli
3632 5397 3757 5440 vero

2170 5468 2399 5537 quinec
2427 5468 2545 5533 suis
2568 5469 2734 5526 rebus
2775 5471 3219 5537 abundantly-nec
3260 5472 3512 5533 ecclesiae
3560 5476 3761 5532 habent

2168 5562 2562 5633 possessiones,
2592 5572 2650 5618 et
2677 5578 2937 5635 magnam
2975 5566 3269 5622 utilitatem
3294 5568 3548 5625 ecclesiae
3576 5568 3765 5625 confe-

2171 5666 2315 5722 runt,
2348 5656 2619 5727 accipiant
2642 5657 2697 5710 in
2726 5657 3009 5714 canonica
3027 5661 3451 5732 congregatione
3473 5664 3677 5718 victum
3698 5672 3755 5717 et

2170 5747 2449 5815 vestitum,
2476 5754 2535 5802 et
2554 5745 3025 5824 eieemosynarum
3052 5752 3426 5823 partes,'quia
3456 5753 3527 5808 de
3556 5752 3759 5809 talibus

2816 5880 2857 5895 ξι
2888 5878 2895 5889 ⁸
2958 5862 3021 5895 II"
3062 5880 3092 5895 σρ
3126 5890 3131 5895 .
3164 5860 3257 5895 fulva
3304 5866 3397 5895 ,ξι
3460 5874 3503 5895 ’θ’
3586 5880 3615 5895 4L
3644 5860 3671 5895 Ii

3460 5874 3503 5901 ’τ’
3586 5874 3689 5903 ἰδεῖν
3714 5876 3757 5889 ιη’-ο
