4000 6456
529 432 630 489 919

1501 421 1897 481 AMALARIUS
1935 416 2345 476 PRESBYTER
2379 408 2738 469 METENSIS.

529 537 727 606 debent
787 545 1158 616 hujuscemodi
1209 546 1359 600 inani
1403 543 1665 614 jactantia
1719 540 1974 611 praeferre
2009 537 2093 592 his
2119 539 2172 598 Α
2195 531 2538 588 devotissime
2564 526 2834 596 expleant,
2873 523 3042 616 intus,
3071 521 3312 616 forisque
3341 534 3448 574 non
3471 519 3656 616 solum
3683 520 3787 616 ha-

528 655 665 711 quos
689 637 824 693 nihil
868 638 1134 693 habentes
1159 638 1333 707 pascit
1384 652 1450 691 ac
1473 637 1635 690 vestit
1681 632 1930 688 ecclesia.
1961 630 2095 685 Illud

530 732 737 786 interea
779 744 992 801 semper
1025 738 1254 785 caveant
1302 728 1530 798 praelati,
1582 741 1650 780 ne
1679 725 1732 779 id
1779 723 1920 792 quod
1967 723 2099 776 dare

529 823 726 878 debent
751 830 846 877 aut
869 831 1117 892 possunt,
1165 821 1404 891 qualibet
1448 815 1874 874 dissimulatione
1903 821 1996 867 aut
2027 821 2101 866 te-

531 915 767 968 nacitate
795 914 1025 969 subditis
1054 913 1405 974 subtrahant,
1453 925 1520 964 ne
1569 905 1901 978 paupertatis
1941 918 2098 958 occa-

531 1007 684 1063 sione
709 1006 992 1077 compulsi,
1022 1021 1122 1076 per
1170 1003 1384 1059 diversa
1417 1000 1598 1071 vagari
1642 1015 1705 1053 ac
1750 997 1994 1066 turpibus
2040 1010 2099 1049 se

529 1097 810 1167 implicare
838 1098 1069 1166 negotiis
1095 1102 1387 1163 cogantur:
1415 1093 1709 1162 relictoque
1733 1090 2100 1145 ecclesiastico

531 1189 726 1254 ollicio,
767 1189 1026 1260 incipiant
1064 1189 1462 1259 indisciplinate
1510 1188 1713 1250 vivere,
1758 1194 1813 1241 et
1865 1184 2100 1255 pr0priis

527 1278 893 1348 voluptatibus
919 1280 1224 1344 deservire;
1256 1287 1311 1334 et
1341 1279 1568 1348 praelati,
1601 1278 1692 1348 qui
1727 1278 1806 1332 eis
1847 1290 2097 1330 necessa-

528 1372 610 1426 ria
638 1371 934 1442 largiendo,
963 1387 994 1425 a
1043 1373 1268 1427 Domino
1321 1371 1657 1431 remunerari
1697 1379 1975 1439 poterant,
2020 1369 2102 1423 di—

528 1463 715 1518 stricte
746 1471 801 1516 et
847 1477 1036 1518 severe
1081 1464 1412 1533 judicentur.
1467 1463 1606 1517 Dent
1635 1463 1831 1532 quippe
1881 1463 1959 1515 eis
1990 1460 2102 1531 pul-

526 1563 790 1617 mentum,
818 1552 979 1622 juxta
1030 1553 1173 1622 quod
1201 1554 1346 1608 vires
1375 1561 1700 1622 suppetunt,
1746 1561 1801 1606 et
1846 1552 1963 1608 loca
2023 1553 2100 1607 eis

526 1655 762 1714 congrua
821 1645 1120 1698 attribuant
1169 1663 1181 1697 :
1235 1645 1300 1712 in,
1344 1645 1541 1714 quibus
1580 1645 1873 1698 nutrimina
1935 1644 2098 1709 ﬁant,

526 1734 668 1788 unde
728 1733 1035 1788 necessaria
1088 1734 1363 1804 pulmenta
1422 1735 1688 1796 habeant,
1728 1734 1969 1802 exceptis
2018 1735 2102 1788 bis

524 1839 645 1892 qua:
677 1825 743 1879 de
766 1825 1009 1879 ecclesiae
1033 1825 1177 1880 villis
1212 1826 1294 1879 vel
1337 1826 1700 1879 oblationibus
1731 1826 1965 1879 fidelium
2012 1841 2103 1880 ac-

526 1917 750 1986 cipiunt.
782 1917 1026 1972 Habeant
1056 1919 1236 1986 itaque
1268 1918 1428 1972 iidem
1476 1919 1722 1972 canonici
1777 1919 1962 1972 hortos
1987 1918 2098 1972 ole-

529 2025 668 2073 rum,
700 2011 843 2064 unde
888 2027 1011 2064 cum
1053 2010 1263 2064 caeteris
1299 2010 1684 2063 additameutis
1729 2009 1942 2077 aliquod
1983 2009 2098 2078 pul-

528 2111 768 2155 tnentum
795 2103 1037 2170 quotidie
1073 2104 1125 2156 in
1186 2103 1473 2157 refectorio
1512 2103 1614 2156 sibi
1667 2103 1905 2156 vicissim
1947 2102 2100 2155 mini-

527 2202 716 2247 strent.
749 2193 975 2262 Propter
1003 2193 1342 2248 diversitates
1368 2209 1600 2263 namque
1627 2203 1681 2247 et
1707 2192 2099 2262 inaequalitates

526 2300 921 2349 mensurarum,
959 2300 1078 2354 qure
1105 2286 1243 2355 apud
1269 2285 1557 2356 plerosque
1596 2302 1704 2340 non
1736 2299 1887 2353 aeque
1915 2299 2100 2338 secun-

522 2375 649 2428 dum
698 2375 910 2429 Domini
953 2375 1160 2446 legem,
1190 2376 1284 2430 sed
1329 2377 1624 2430 secundum
1677 2375 2100 2443 uniuscujusque

527 2467 818 2535 provincia:
849 2483 1002 2521 usum
1039 2467 1322 2528 habentur,
1359 2483 1667 2522 mensuram
1708 2466 1811 2520 cibi
1861 2477 1916 2521 et
1943 2475 2101 2536 p0tus

523 2556 778 2626 ponderis
802 2557 1008 2611 ratione
1037 2559 1309 2612 canonicis
1333 2557 1565 2612 dandam
1603 2572 1723 2612 esse
1765 2558 2098 2622 censuimus,

522 2658 573 2702 et
601 2649 702 2702 hoc
733 2648 872 2710 ideo,
910 2637 1034 2717 quia
1058 2664 1179 2703 cum
1223 2649 1590 2718 hujuscemodi
1636 2664 1901 2702 menshra:
1927 2648 2102 2702 diver-

525 2741 752 2796 sissimae
778 2750 832 2795 ct
855 2741 1147 2810 inaequales
1162 2741 1370 2795 soleant
1388 2741 1597 2803 haberi,
1614 2741 1886 2810 publicum
1922 2752 2100 2794 tamen

530 2832 740 2899 pondus
769 2833 1084 2901 provinciis,
1122 2833 1454 2896 civitatibus,
1485 2833 1823 2900 metallisque
1849 2831 2098 2896 inditum,

525 2921 654 2974 nihil
683 2922 1012 2977 diversitatis
1040 2931 1132 2976 aut
1170 2924 1550 2992 inaequalitatis
1578 2925 1687 2993 pati
1730 2924 1918 2986 debet,
1969 2938 2102 2991 qua-

525 3017 684 3064 tenus
701 3010 838 3065 sicut
861 3012 1001 3064 idem
1025 3013 1232 3080 pondus
1261 3027 1474 3081 aequum
1505 3003 1804 3082 permanet,
1833 3012 1906 3064 ita
1937 3013 2100 3065 etiam

525 3100 716 3154 eadem
734 3116 985 3156 mensura
1012 3117 1164 3171 aeque
1188 3102 1294 3156 illis
1319 3103 1604 3156 tribuatur.
1633 3102 1894 3156 Noverint
1921 3110 2101 3156 tamen

524 3194 850 3266 generaliter
883 3211 1072 3251 omnes
1094 3196 1286 3250 libram
1318 3211 1427 3250 non
1458 3196 1688 3265 amplius
1709 3211 1871 3264 quam
1908 3195 2102 3249 duode-

523 3285 631 3341 cim
672 3285 849 3341 unciis
873 3295 1124 3342 constare
1170 3287 1386 3343 debere.

1059 3397 1288 3456 CAPUT
1326 3398 1556 3456 CXXIII.

521 3484 676 3555 Quod
716 3507 751 3544 a
787 3489 1020 3560 prelatis
1056 3492 1263 3615 gemini:
1315 3491 1484 3612 plastio
1521 3491 1590 3545 sit
1639 3491 1858 3546 subditis
1906 3490 2102 3561 impen-

1253 3579 1316 3615 en
1357 3579 1389 3614 α

1253 3579 1389 3616 enaa

593 3653 834 3710 Solerter
862 3655 1099 3725 praelatis
1139 3655 1494 3724 satagendum
1541 3662 1643 3719 est,
1672 3662 1733 3708 ut
1775 3669 1869 3712 eos
1906 3655 2101 3726 quibus

517 3754 776 3816 praesunt,
827 3744 1004 3800 verbis
1031 3753 1087 3799 et
1119 3744 1378 3814 exemplis
1405 3746 1473 3800 ad
1505 3752 1643 3800 bene
1675 3745 1964 3799 vivendum
2013 3745 2102 3798 in-

517 3837 756 3891 forment
807 3854 822 3890 :
879 3835 1095 3904 ﬁxoque
1147 3834 1310 3890 corde
1358 3835 1650 3890 tenendum
1701 3849 1770 3889 ne
1819 3850 1912 3889 eos
1948 3835 2102 3905 quasi

520 3929 791 4007 proprios,
831 3928 925 3982 sed
975 3935 1034 3980 ut
1057 3927 1270 3982 Domini
1302 3926 1386 3981 sui
1436 3942 1673 3999 gregem,
1711 3934 1948 3982 tractare
1989 3943 2104 3983 me-

520 4018 796 4086 minerint,
836 4018 996 4088 juxta
1031 4018 1161 4074 illud
1184 4018 1328 4088 quod
1361 4018 1527 4075 Petro
1575 4020 1810 4075 dicitur:
1838 4016 1897 4073 Si
1927 4018 2103 4090 diligis

518 4127 622 4176 me,
647 4127 801 4180 pasce
832 4128 947 4166 oves
974 4127 1116 4166 meas
1144 4109 1327 4183 (Joan.
1368 4111 1504 4186 nt).
1557 4112 1724 4178 Meas,
1756 4112 1953 4183 inquit,
1994 4128 2103 4167 non

521 4211 657 4258 tuas.
689 4201 758 4257 Et
803 4203 906 4259 hoc
935 4202 1056 4258 ideo
1088 4203 1337 4269 dicimus,
1385 4204 1512 4274 quia
1562 4212 1688 4259 sunt
1715 4204 1980 4267 nonnulli,
2012 4204 2104 4274 qui

517 4306 648 4346 oves
675 4291 898 4359 Christi,
929 4309 1038 4348 non
1061 4308 1244 4362 amore
1266 4293 1492 4359 Christi,
1526 4295 1620 4349 sed
1646 4311 1756 4350 sua:
1784 4295 1865 4350 vel
1895 4295 2100 4365 gloriae,

518 4383 604 4437 vel
639 4383 1040 4451 dominationis,
1071 4385 1158 4440 vel
1201 4393 1440 4455 qumstus
1484 4386 1659 4456 gratia
1697 4394 1943 4457 pascunt.
1997 4384 2105 4442 Sed

519 4481 575 4527 et
609 4474 711 4529 hoc
741 4475 1028 4545 vigilanter
1077 4477 1408 4544 perpendere
1451 4478 1682 4541 debent,
1716 4478 1860 4546 quod
1909 4478 2101 4532 eadem

516 4564 696 4633 pastio
726 4565 904 4634 gregis
925 4565 1206 4627 Dominici,
1227 4582 1334 4620 non
1365 4565 1640 4633 uniformi,
1666 4568 1762 4622 sed
1783 4567 2098 4623 multimoda
2126 4602 2179 4662 Ι)

521 4666 606 4710 est
652 4655 1014 4710 sollicitudine
1054 4659 1286 4727 gerenda
1325 4673 1340 4711 :
1388 4659 1594 4713 scilicet
1642 4660 1767 4729 quia
1798 4670 1854 4715 et
1884 4670 2098 4716 terrena

520 4747 760 4801 subsidia
783 4745 1067 4816 diligenter
1092 4746 1197 4802 illis
1231 4748 1494 4816 prrebere,
1520 4757 1574 4803 et
1609 4749 1851 4820 exempla
1885 4751 2101 4807 virtutis

521 4838 682 4892 simul
712 4855 837 4896 cum
873 4841 1040 4895 verbo
1065 4841 1466 4911 pnedicationis
1497 4843 1694 4898 debent
1721 4843 1951 4898 sollicite
1999 4845 2100 4898 im-

519 4931 776 5001 pendere.
812 4929 1152 5000 Quapropter
1179 4933 1394 4987 studeat
1421 4935 1790 5004 unusquisque
1819 4935 2096 5005 praelatus,

521 5033 581 5076 ut
607 5022 822 5078 familia:
843 5023 1042 5079 Christi
1073 5040 1343 5080 annonam
1367 5026 1689 5095 spiritalem,
1718 5027 2098 5099 carnalemque

523 5114 754 5170 tideliter
793 5114 1201 5180 subministret,
1243 5125 1304 5168 ut
1344 5116 1481 5171 ellici
1521 5127 1794 5173 mereatur
1831 5119 2104 5191 evangeli-

521 5222 617 5260 cus
651 5222 876 5273 servus,
914 5209 979 5262 de
1020 5225 1126 5278 quo
1167 5208 1366 5264 dicitur
1398 5207 1640 5265 :Fidelis
1669 5229 1847 5266 servus
1885 5223 1934 5266 et
1978 5231 2106 5285 pru-

521 5300 668 5364 dens,
704 5319 855 5374 quem
884 5304 1154 5357 constituit
1187 5303 1431 5358 dominus
1465 5322 1620 5376 super
1649 5306 1908 5375 familiam
1928 5325 2102 5373 suam,

521 5401 576 5443 ut
599 5391 684 5447 det
705 5384 810 5448 illis
840 5393 896 5447 in
923 5402 1150 5465 tempore
1186 5395 1349 5448 tritici
1373 5412 1670 5450 mensuram
1695 5395 1909 5462 (Matth.
1938 5413 2100 5464 xnv;

522 5479 651 5535 Luc.
679 5482 800 5554 xu).
843 5484 1003 5556 Ergo,
1053 5485 1195 5540 sicut
1243 5488 1473 5542 subditis
1523 5489 1828 5542 necessaria
1858 5490 2100 5558 corporis

524 5568 788 5634 tribuunt,
821 5573 895 5627 ita
942 5575 1294 5632 nihilominus
1323 5579 1540 5632 studere
1570 5577 1787 5642 debent,
1837 5587 1898 5632 ut
1933 5577 2097 5634 iidem

524 5658 922 5730 religiosissime
946 5667 1189 5723 ordinem
1213 5670 1531 5724 canonicum
1567 5677 1804 5736 servent,
1834 5678 1888 5725 et
1907 5670 2099 5740 praela-

527 5748 594 5800 tis
648 5748 760 5802 suis
809 5767 870 5806 ac
921 5757 1193 5824 magistris
1231 5758 1490 5812 honorem
1536 5759 1776 5814 debitum
1823 5760 2101 5815 humiliter

526 5839 858 5907 impendant.
915 5843 983 5898 Ut
1035 5847 1186 5898 horis
1245 5851 1521 5904 canonicis
1568 5852 1810 5906 divinum
1860 5851 2097 5908 oliicium

2127 1885 2175 1944 B

2197 623 2311 678 bitu
2337 630 2393 677 et
2419 628 2563 684 actu,
2584 618 2676 672 sel
2707 616 2868 671 etiam
2893 614 3010 684 ipso
3031 614 3245 668 incessu
3268 609 3788 681 irreprebensibiles

2197 715 2450 769 existant.
2483 710 2552 767 Ut
2573 724 2679 763 non
2711 709 2825 762 otio
2846 713 3058 770 vacent,
3091 721 3197 760 non
3236 703 3565 771 vaniloquiis
3601 702 3788 756 insero

2198 805 2368 871 viant,
2397 819 2502 857 non
2551 798 2978 855 detractionibus
3014 805 3070 850 et
3105 795 3319 850 caeteris
3366 795 3634 848 vitiorum
3679 794 3791 848 ille-

2201 893 2379 948 cebris
2416 891 2752 952 incumbant,
2784 889 2879 943 sed
2924 889 3104 958 potius
3133 895 3226 941 aut
3273 886 3531 949 orationi,
3565 895 3665 938 aut
3715 885 3788 941 ιθ-

2201 985 2385 1048 ctioni,
2421 992 2512 1036 aut
2550 980 2877 1050 quibuslibet
2904 977 3181 1039 ecclesiae,
3229 985 3324 1030 aut
3360 985 3513 1030 certe
3542 975 3792 1045 propriis

2199 1075 2521 1132 utilitatibus
2545 1081 2754 1137 vacent,
2787 1079 2877 1126 aut
2905 1071 3070 1125 etiam
3113 1067 3375 1124 doctrinis
3426 1067 3583 1121 sanis
3614 1077 3672 1121 et
3711 1069 3793 1121 di-

2201 1182 2478 1222 versarum
2521 1166 2719 1219 artium
2754 1163 3072 1218 erudiantur
3117 1160 3416 1229 disciplinis
3452 1177 3466 1212 :
3505 1160 3584 1212 ita
3636 1160 3790 1214 vide-

2200 1261 2345 1325 licet,
2379 1269 2440 1314 ut
2468 1259 2646 1314 nullus
2678 1259 2731 1312 in
2753 1257 3170 1328 congregatione
3194 1253 3420 1308 inutilis.
3449 1263 3545 1305 aut
3581 1253 3792 1307 otiosus

2200 1355 2469 1416 existens,
2499 1351 2767 1420 stipendia
2810 1348 3050 1402 ecclesia:
3081 1346 3372 1400 iuoliiciose
3425 1345 3691 1413 accipiat.
3727 1343 3792 1398 Ut

2203 1445 2444 1517 quotidie
2481 1444 2549 1498 ad
2590 1442 2928 1497 collationem
2958 1439 3197 1500 veniant,
3229 1437 3320 1491 ubi
3367 1445 3423 1490 et
3454 1436 3604 1488 hanc
3642 1436 3791 1488 insti-

2201 1539 2465 1594 tutionem
2492 1544 2547 1589 et
2575 1534 2800 1588 aliarum
2822 1531 3227 1599 Scripturarum
3259 1537 3582 1582 sanctarum
3615 1527 3791 1580 lectio-

2201 1649 2300 1688 nes
2324 1631 2624 1701 perlegaut,
2653 1637 2711 1684 et
2751 1642 2848 1697 pro
2878 1625 3128 1679 admissis
3167 1624 3378 1677 veniam
3405 1622 3714 1692 postulent,
3739 1632 3790 1676 et

2203 1727 2527 1778 sententam
2565 1735 2664 1788 pro
2708 1717 2968 1786 qualitate
3022 1713 3242 1767 admissi
3279 1713 3586 1782 suscipiant
3643 1732 3656 1764 :
3706 1713 3788 1766 ubi

2203 1816 2366 1868 etiam
2421 1812 2495 1876 de,
2528 1809 2798 1865 communi
2846 1805 3091 1877 profectu
3141 1815 3196 1856 et
3241 1803 3484 1858 utilitate
3537 1803 3790 1859 Ecclesia:

2202 1912 2555 1975 pertractent.
2588 1902 2659 1957 Ut
2691 1916 2880 1956 omnes
2916 1900 2969 1953 in
3017 1897 3360 1960 dormitorio,
3391 1897 3499 1951 nisi
3528 1913 3697 1966 quem
3724 1899 3790 1952 in-

2201 1996 2431 2051 firmitas
2478 2002 2572 2048 aut
2629 2003 2880 2047 senectus
2930 1991 2980 2045 id
3031 1991 3212 2045 facere
3260 1992 3634 2061 prohibuerit,
3680 1993 3790 2043 dor-

2200 2088 2369 2141 miant
2394 2103 2407 2138 :
2437 2085 2492 2138 in
2527 2082 2816 2137 refectorio
2842 2082 3084 2152 quotidie
3124 2097 3230 2134 una
3283 2081 3609 2134 reﬁciantur
3642 2095 3659 2131 :
3688 2079 3788 2132 nisi

2200 2179 2339 2233 forte
2370 2193 2529 2246 quem
2561 2174 2859 2230 neceSsitas
2886 2173 3075 2226 abesse
3100 2170 3439 2240 compulerit,
3468 2169 3650 2225 ethoc
3680 2184 3788 2222 non

2201 2270 2317 2323 sine
2341 2267 2556 2322 licentia
2587 2265 2829 2333 magistri
2859 2263 2969 2318 ﬁat.
2992 2262 3099 2316 illis
3131 2276 3347 2330 quoque
3378 2258 3787 2314 comedentibns

2200 2371 2256 2414 et
2305 2359 2578 2413 silentium
2626 2355 2877 2426 religiose
2927 2352 3262 2415 tenentibus,
3301 2350 3647 2405 continuatim
3700 2348 3784 2401 le-

2202 2461 2359 2523 gatur
2402 2451 2581 2515 lectio,
2603 2459 2659 2503 et
2686 2450 2753 2503 ab
2798 2448 2880 2502 bis
2930 2448 3294 2502 intentissime
3316 2447 3584 2504 audiatur,
3619 2446 3789 2499 vicis~

2203 2547 2305 2602 sim
2342 2546 2393 2598 in
2441 2542 2728 2598 refectorio
2762 2550 2816 2595 et
2840 2540 3050 2595 cieteris
3079 2536 3459 2594 communibus
3497 2537 3788 2590 necessita-

2203 2639 2347 2692 tibus
2397 2635 2496 2690 sibi
2544 2632 2899 2687 fraternitatis
2933 2628 3110 2685 ollicio
3163 2630 3423 2684 serviant.
3487 2627 3558 2683 Ut
3615 2626 3784 2680 nullus

2203 2730 2368 2793 foras,
2402 2727 2500 2781 nisi
2537 2724 2929 2796 perliccntiam
2977 2721 3308 2789 egrediatur,
3354 2735 3620 2790 egressus
3657 2735 3784 2788 quo-

2203 2833 2308 2888 que
2338 2817 2540 2871 nullum
2572 2816 2638 2868 de
2662 2830 2718 2868 se
2743 2813 3061 2868 detractioni
3105 2812 3280 2865 locum
3327 2812 3444 2872 det,
3483 2812 3581 2865 sed
3628 2811 3788 2876 magis

2208 2907 2524 2963 imitabilem
2543 2921 2599 2960 se
2627 2905 2838 2959 cunctis
2865 2904 3138 2958 exhibeat.
3161 2902 3313 2956 Hanc
3331 2903 3506 2971 igitur
3531 2903 3783 2972 geminam

2204 3001 2507 3071 pastionem
2534 2997 2740 3068 praelati
2772 2997 2874 3051 sibi
2910 2995 3216 3050 commissis
3254 2993 3456 3047 ovibus
3488 2994 3784 3063 impendere

2205 3093 2473 3146 instanter
2516 3097 2838 3160 procurent,
2889 3095 3074 3156 utpote
3121 3102 3219 3155 pro
3272 3085 3570 3139 animabus
3614 3098 3783 3138 eorum

2206 3181 2434 3235 Domino
2467 3182 2729 3233 rationem
2761 3176 3022 3232 reddituri
3077 3193 3090 3229 :
3125 3184 3400 3245 quatenus
3428 3176 3680 3230 videlicet
3703 3187 3787 3228 eas

2204 3274 2408 3345 pastori
2438 3273 2678 3327 omnium
2709 3271 2957 3335 Chrito,
2990 3285 3204 3325 summo
3229 3269 3499 3339 pontiﬁci,
3531 3284 3710 3323 secum
3737 3269 3786 3323 in

2204 3362 2768 3432 tremenditexaminis
2818 3362 2903 3417 die
2955 3360 3148 3415 ill;esas
3200 3368 3634 3429 praesentantes,
3687 3374 3786 3414 non

2204 3472 2326 3512 cum
2358 3456 2606 3526 reprohis
2630 3462 2686 3510 et
2715 3454 2899 3509 divina
2929 3453 3132 3507 ultione
3154 3452 3416 3506 feriendis
3443 3452 3786 3514 damnentur,

2205 3547 2299 3603 sed
2325 3549 2501 3615 pOllUS
2527 3561 2648 3600 cum
2684 3545 2872 3600 electis
2911 3544 3219 3615 pastoribus
3244 3552 3507 3612 perpetua
3535 3541 3788 3597 felicitate

2204 3659 2235 3697 a
2264 3642 2492 3697 Domino
2523 3649 2961 3696 remunerentur.

2746 3753 2972 3810 CAPUT
3012 3753 3246 3808 CXXIV.

2209 3844 2275 3900 Ut
2302 3845 2564 3907 canonici,
2587 3846 2721 3898 sicut
2769 3844 2821 3897 in
2853 3845 3086 3908 ca'teris,
3133 3845 3206 3896 ita
3252 3845 3416 3897 etiam
3462 3846 3519 3897 in
3547 3843 3684 3896 cultu
3711 3857 3783 3895 τε·

2454 3917 2610 3970 stium
2663 3914 2877 3967 modum
2921 3923 3130 3967 teneant
3172 3914 3532 3968 discretionis.

2276 4003 2529 4071 Quzerere
2570 4003 2750 4073 potius
2783 4003 2952 4058 Deum
2980 4004 3184 4059 cultum
3229 4005 3414 4059 cordis
3460 4020 3624 4074 quam
3671 4020 3786 4058 cor-

2206 4096 2375 4164 poris,
2419 4096 2763 4150 evidentibus
2801 4094 3097 4165 Scriptura:
3135 4104 3338 4150 sanctae
3379 4106 3535 4164 patet
3565 4095 3781 4150 indiciis.

2206 4185 2439 4240 Proinde
2465 4187 2740 4242 canonicis
2769 4188 2896 4241 totis
2921 4187 3125 4241 viribus
3152 4187 3551 4241 elaborandum
3583 4196 3684 4246 est,
3727 4194 3779 4237 ut

2206 4288 2260 4334 et
2305 4280 2613 4334 indumenta
2644 4280 2904 4333 virtutum
2935 4278 3168 4333 habeant
3204 4278 3458 4340 interius,
3484 4288 3545 4331 et
3572 4293 3667 4348 per
3690 4279 3780 4330 im—

2205 4372 2543 4428 moderatum
2589 4371 2790 4425 cultum
2839 4379 3067 4424 caveant
3113 4370 3473 4424 dehonestare
3517 4367 3782 4440 religionis

2206 4464 2526 4534 dignitatem
2578 4461 2840 4516 exterius.
2893 4460 3164 4528 Quantum
3223 4459 3387 4513 etiam
3433 4474 3464 4512 a
3523 4458 3782 4528 superﬂuo

2205 4566 2259 4612 et
2307 4556 2661 4611 immoderato
2709 4553 2855 4610 cultu
2902 4554 3129 4608 vestium
3191 4568 3248 4608 se
3293 4567 3647 4622 compescere
3702 4554 3786 4605 de

2205 4651 2386 4714 beant,
2415 4648 2598 4702 multis
2638 4657 2944 4702 sanctorum
2979 4645 3195 4699 Patrum
3222 4645 3572 4700 documentis
3599 4643 3785 4714 per-io-

2205 4744 2317 4798 ceri
2356 4749 2553 4812 potest.
2597 4740 2738 4796 Dicit
2778 4740 2922 4794 enim
2959 4740 3150 4793 beatus
3173 4737 3541 4807 Hieronymus
3573 4738 3625 4790 in
3678 4736 3790 4805 epi-

2204 4835 2343 4891 stola
2407 4835 2474 4888 ad
2530 4833 2880 4888 Eustochium
2929 4849 2943 4886 :
3001 4829 3140 4886 Sunt
3197 4831 3416 4900 quidam
3477 4831 3587 4883 mei
3645 4829 3791 4883 ordi-

2204 4930 2290 4984 nis
2344 4929 2541 4999 quibus
2574 4927 2752 4981 omnis
2805 4941 2935 4980 cura
2985 4933 3070 4979 est
3119 4925 3183 4978 de
3225 4924 3493 4985 vestibus,
3553 4921 3599 4974 si
3651 4920 3792 4975 bene

2203 5023 2408 5086 oleant,
2463 5021 2508 5076 si
2558 5035 2652 5091 pes
2697 5019 2818 5073 laxa
2861 5018 3000 5088 pelle
3046 5033 3151 5072 non
3201 5016 3427 5071 folleat:
3477 5016 3661 5071 crines
3703 5027 3796 5068 ca-

2205 5116 2434 5172 lamistri
2487 5115 2714 5184 vestigio
2764 5122 3045 5174 rotantur,
3089 5110 3240 5180 digiti
3293 5110 3360 5164 de
3430 5108 3650 5162 annulis
3704 5122 3795 5161 ra-

2205 5208 2376 5271 diant,
2416 5215 2470 5261 et
2521 5222 2588 5260 ne
2618 5205 2828 5276 plautas
2858 5202 3131 5257 lmmidior
3162 5203 3248 5255 via
3291 5210 3536 5270 spargat,
3566 5201 3655 5253 vix
3690 5200 3794 5253 im-

2204 5298 2444 5367 primunt
2473 5310 2680 5351 summa
2712 5293 2934 5363 vestigia
2963 5310 2976 5345 :
3012 5291 3165 5356 tales,
3188 5291 3376 5360 inquit,
3411 5304 3535 5344 cum
3566 5290 3792 5352 videris,

2208 5403 2435 5458 sponsos
2478 5388 2648 5456 magis
2680 5385 2966 5449 :estimato,
2999 5399 3159 5454 quam
3201 5383 3449 5439 clericos.
3487 5381 3558 5437 Et
3597 5383 3798 5437 beatus

2207 5481 2502 5553 Gregorius
2550 5478 2773 5556 (llontil.
2801 5479 2835 5533 6
2870 5480 2925 5531 in
2976 5477 3204 5548 Et'ang.)
3244 5491 3258 5529 :
3309 5475 3517 5542 Nemo,
3569 5477 3799 5544 inquit,

2205 5577 2437 5632 :estimet
2461 5574 2514 5628 in
2541 5573 2666 5627 luxu
2694 5582 2857 5642 atque
2886 5572 2940 5626 in
2963 5572 3143 5626 studio
3163 5571 3520 5640 pretiosarum
3552 5570 3799 5624 vestium

2205 5676 2486 5738 peccatum
2513 5667 2702 5721 deesse
2732 5683 2745 5718 ε
2777 5665 2903 5734 quia
2934 5664 2977 5719 si
3005 5664 3107 5718 hoc
3134 5663 3287 5732 culpa
3312 5677 3418 5716 non
3446 5668 3612 5718 esset.
3634 5659 3800 5715 nullo

2207 5760 2366 5814 modo
2394 5755 2932 5812 JoannemDomiuus
2963 5756 3028 5811 de
3055 5754 3356 5809 vestimenti
3381 5752 3462 5806 sui
3492 5754 3804 5820 asperitate

2206 5849 2496 5906 laudasset.
2554 5847 2609 5902 Si
2659 5847 2840 5904 cultus
2881 5846 3111 5900 vestium
3155 5843 3309 5915 culpa
3341 5860 3446 5898 non
3475 5849 3639 5906 esset,
3682 5857 3799 5897 no-
