  <div class='ocr_page' id='page_1' title='image "/cluster/home/n/w/nwhite01/storage/ocr_20150623/105/hvd.32044021109350/464.png"; bbox 0 0 4000 6456; ppageno 0'>
   <div class='ocr_carea' id='block_1_1' title="bbox 209 405 2823 476">
    <p class='ocr_par' dir='ltr' id='par_1_1' title="bbox 209 405 2823 476">
     <span class='ocr_line' id='line_1_1' title="bbox 209 405 2823 476; baseline 0.003 -15"><span class='ocrx_word' id='word_1_1' title='bbox 209 417 299 476; x_wconf 72' lang='lat'><strong>921</strong></span> <span class='ocrx_word' id='word_1_2' title='bbox 855 408 1136 466; x_wconf 77' lang='lat' dir='ltr'><strong>REGULA</strong></span> <span class='ocrx_word' id='word_1_3' title='bbox 1173 407 1667 466; x_wconf 75' lang='lat' dir='ltr'><strong>CANONlCORUM</strong></span> <span class='ocrx_word' id='word_1_4' title='bbox 1704 405 2059 468; x_wconf 77' lang='lat' dir='ltr'><strong>AMALARlO</strong></span> <span class='ocrx_word' id='word_1_5' title='bbox 2096 412 2477 472; x_wconf 80' lang='lat' dir='ltr'><strong>COLLECTA.</strong></span> <span class='ocrx_word' id='word_1_6' title='bbox 2514 444 2588 457; x_wconf 90' lang='lat'>—</span> <span class='ocrx_word' id='word_1_7' title='bbox 2618 413 2747 470; x_wconf 85' lang='lat' dir='ltr'><strong>LIB.</strong></span> <span class='ocrx_word' id='word_1_8' title='bbox 2782 414 2823 468; x_wconf 85' lang='grc' dir='ltr'><strong>ι.</strong></span> 
     </span>
    </p>
   </div>
   <div class='ocr_carea' id='block_1_2' title="bbox 3322 416 3430 476">
    <p class='ocr_par' dir='ltr' id='par_1_2' title="bbox 3322 416 3430 476">
     <span class='ocr_line' id='line_1_2' title="bbox 3322 416 3430 476; baseline 0 -2"><span class='ocrx_word' id='word_1_9' title='bbox 3322 416 3430 476; x_wconf 68' lang='grc'><strong>922</strong></span> 
     </span>
    </p>
   </div>
   <div class='ocr_carea' id='block_1_3' title="bbox 205 522 3433 604">
    <p class='ocr_par' dir='ltr' id='par_1_3' title="bbox 205 522 3433 604">
     <span class='ocr_line' id='line_1_3' title="bbox 205 522 3433 604; baseline 0.001 -20"><span class='ocrx_word' id='word_1_10' title='bbox 205 542 457 604; x_wconf 85' lang='lat' dir='ltr'><strong>quaquam</strong></span> <span class='ocrx_word' id='word_1_11' title='bbox 487 523 684 580; x_wconf 83' lang='lat' dir='ltr'><strong>Paulus</strong></span> <span class='ocrx_word' id='word_1_12' title='bbox 712 524 986 594; x_wconf 73' lang='lat' dir='ltr'><strong>apostolus</strong></span> <span class='ocrx_word' id='word_1_13' title='bbox 1013 539 1111 593; x_wconf 90' lang='lat' dir='ltr'><strong>per</strong></span> <span class='ocrx_word' id='word_1_14' title='bbox 1139 523 1421 592; x_wconf 70' lang='lat' dir='ltr'><strong>epistolam</strong></span> <span class='ocrx_word' id='word_1_15' title='bbox 1470 522 1700 576; x_wconf 80' lang='lat' dir='ltr'><strong>feminas</strong></span> <span class='ocrx_word' id='word_1_16' title='bbox 1725 537 1757 576; x_wconf 88' lang='lat' dir='ltr'><strong>a</strong></span> <span class='ocrx_word' id='word_1_17' title='bbox 1785 523 1835 580; x_wconf 85' lang='lat' dir='ltr'><strong>A</strong></span> <span class='ocrx_word' id='word_1_18' title='bbox 1862 539 1991 578; x_wconf 93' lang='lat' dir='ltr'><strong>usus</strong></span> <span class='ocrx_word' id='word_1_19' title='bbox 2031 524 2175 578; x_wconf 89' lang='lat' dir='ltr'><strong>nulla</strong></span> <span class='ocrx_word' id='word_1_20' title='bbox 2204 527 2525 581; x_wconf 90' lang='lat' dir='ltr'><strong>auctoritate</strong></span> <span class='ocrx_word' id='word_1_21' title='bbox 2549 525 2894 597; x_wconf 81' lang='lat' dir='ltr'><strong>approbatur,</strong></span> <span class='ocrx_word' id='word_1_22' title='bbox 2928 531 3022 584; x_wconf 88' lang='lat' dir='ltr'><strong>sed</strong></span> <span class='ocrx_word' id='word_1_23' title='bbox 3048 529 3229 600; x_wconf 87' lang='lat' dir='ltr'><strong>potius</strong></span> <span class='ocrx_word' id='word_1_24' title='bbox 3255 529 3324 586; x_wconf 81' lang='lat' dir='ltr'><strong>ab</strong></span> <span class='ocrx_word' id='word_1_25' title='bbox 3345 529 3433 588; x_wconf 85' lang='lat' dir='ltr'><strong>bis</strong></span> 
     </span>
    </p>
   </div>
   <div class='ocr_carea' id='block_1_4' title="bbox 201 613 1755 694">
    <p class='ocr_par' dir='ltr' id='par_1_4' title="bbox 201 613 1755 694">
     <span class='ocr_line' id='line_1_4' title="bbox 201 613 1755 694; baseline -0.007 -17"><span class='ocrx_word' id='word_1_26' title='bbox 201 622 548 694; x_wconf 80' lang='lat' dir='ltr'><strong>pretiosarum</strong></span> <span class='ocrx_word' id='word_1_27' title='bbox 576 616 804 671; x_wconf 87' lang='lat' dir='ltr'><strong>vestium</strong></span> <span class='ocrx_word' id='word_1_28' title='bbox 838 617 1074 684; x_wconf 90' lang='lat' dir='ltr'><strong>appetitu</strong></span> <span class='ocrx_word' id='word_1_29' title='bbox 1106 623 1496 685; x_wconf 84' lang='lat' dir='ltr'><strong>compesceret,</strong></span> <span class='ocrx_word' id='word_1_30' title='bbox 1526 613 1712 667; x_wconf 90' lang='lat' dir='ltr'><strong>dicens</strong></span> <span class='ocrx_word' id='word_1_31' title='bbox 1743 631 1755 666; x_wconf 94' lang='lat'>:</span> 
     </span>
    </p>
   </div>
   <div class='ocr_carea' id='block_1_5' title="bbox 207 702 1762 770">
    <p class='ocr_par' dir='ltr' id='par_1_5' title="bbox 207 702 1762 770">
     <span class='ocr_line' id='line_1_5' title="bbox 207 702 1762 770; baseline -0.007 -4"><span class='ocrx_word' id='word_1_32' title='bbox 207 711 319 766; x_wconf 84' lang='lat' dir='ltr'><strong>Non</strong></span> <span class='ocrx_word' id='word_1_33' title='bbox 346 710 398 762; x_wconf 87' lang='lat' dir='ltr'><strong>in</strong></span> <span class='ocrx_word' id='word_1_34' title='bbox 424 717 558 761; x_wconf 76' lang='lat' dir='ltr'><strong>veste</strong></span> <span class='ocrx_word' id='word_1_35' title='bbox 589 707 813 762; x_wconf 77' lang='lat' dir='ltr'><strong>uretiosa</strong></span> <span class='ocrx_word' id='word_1_36' title='bbox 842 703 901 769; x_wconf 88' lang='lat' dir='ltr'><strong>(l</strong></span> <span class='ocrx_word' id='word_1_37' title='bbox 929 702 1060 759; x_wconf 87' lang='lat' dir='ltr'><strong>Tim.</strong></span> <span class='ocrx_word' id='word_1_38' title='bbox 1107 705 1189 770; x_wconf 87' lang='lat' dir='ltr'><strong>ll).</strong></span> <span class='ocrx_word' id='word_1_39' title='bbox 1241 705 1576 760; x_wconf 77' lang='lat' dir='ltr'><strong>Pensandum</strong></span> <span class='ocrx_word' id='word_1_40' title='bbox 1607 702 1762 756; x_wconf 92' lang='lat' dir='ltr'><strong>nobis</strong></span> 
     </span>
    </p>
   </div>
   <div class='ocr_carea' id='block_1_6' title="bbox 201 794 1759 870">
    <p class='ocr_par' dir='ltr' id='par_1_6' title="bbox 201 794 1759 870">
     <span class='ocr_line' id='line_1_6' title="bbox 201 794 1759 870; baseline -0.008 -11"><span class='ocrx_word' id='word_1_41' title='bbox 201 815 530 870; x_wconf 80' lang='lat' dir='ltr'><strong>summopere</strong></span> <span class='ocrx_word' id='word_1_42' title='bbox 567 807 650 854; x_wconf 89' lang='lat' dir='ltr'><strong>est</strong></span> <span class='ocrx_word' id='word_1_43' title='bbox 689 799 753 853; x_wconf 92' lang='lat' dir='ltr'><strong>de</strong></span> <span class='ocrx_word' id='word_1_44' title='bbox 788 799 932 853; x_wconf 91' lang='lat' dir='ltr'><strong>cultu</strong></span> <span class='ocrx_word' id='word_1_45' title='bbox 987 800 1216 854; x_wconf 87' lang='lat' dir='ltr'><strong>vestium</strong></span> <span class='ocrx_word' id='word_1_46' title='bbox 1241 840 1256 863; x_wconf 88' lang='lat'><strong>,</strong></span> <span class='ocrx_word' id='word_1_47' title='bbox 1313 813 1435 868; x_wconf 66' lang='lat' dir='ltr'><strong>qua:</strong></span> <span class='ocrx_word' id='word_1_48' title='bbox 1471 795 1628 864; x_wconf 89' lang='lat' dir='ltr'><strong>culpa</strong></span> <span class='ocrx_word' id='word_1_49' title='bbox 1666 794 1759 857; x_wconf 91' lang='lat' dir='ltr'><strong>sit,</strong></span> 
     </span>
    </p>
   </div>
   <div class='ocr_carea' id='block_1_7' title="bbox 201 891 1760 960">
    <p class='ocr_par' dir='ltr' id='par_1_7' title="bbox 201 891 1760 960">
     <span class='ocr_line' id='line_1_7' title="bbox 201 891 1760 960; baseline -0.004 -14"><span class='ocrx_word' id='word_1_50' title='bbox 201 897 294 946; x_wconf 88' lang='lat' dir='ltr'><strong>hoc</strong></span> <span class='ocrx_word' id='word_1_51' title='bbox 328 891 485 946; x_wconf 83' lang='lat' dir='ltr'><strong>etiam</strong></span> <span class='ocrx_word' id='word_1_52' title='bbox 515 891 657 944; x_wconf 85' lang='lat' dir='ltr'><strong>viros</strong></span> <span class='ocrx_word' id='word_1_53' title='bbox 686 899 958 959; x_wconf 80' lang='lat' dir='ltr'><strong>appetere,</strong></span> <span class='ocrx_word' id='word_1_54' title='bbox 990 908 1018 945; x_wconf 88' lang='lat' dir='ltr'><strong>a</strong></span> <span class='ocrx_word' id='word_1_55' title='bbox 1060 906 1166 960; x_wconf 86' lang='lat' dir='ltr'><strong>quo</strong></span> <span class='ocrx_word' id='word_1_56' title='bbox 1206 891 1419 944; x_wconf 83' lang='lat' dir='ltr'><strong>curavit</strong></span> <span class='ocrx_word' id='word_1_57' title='bbox 1446 899 1629 957; x_wconf 82' lang='lat' dir='ltr'><strong>pastor</strong></span> <span class='ocrx_word' id='word_1_58' title='bbox 1673 903 1760 940; x_wconf 85' lang='lat' dir='ltr'><strong>ec-</strong></span> 
     </span>
    </p>
   </div>
   <div class='ocr_carea' id='block_1_8' title="bbox 200 976 1760 1050">
    <p class='ocr_par' dir='ltr' id='par_1_8' title="bbox 200 976 1760 1050">
     <span class='ocr_line' id='line_1_8' title="bbox 200 976 1760 1050; baseline -0.004 -14"><span class='ocrx_word' id='word_1_59' title='bbox 200 981 364 1037; x_wconf 69' lang='lat' dir='ltr'><strong>clesiae</strong></span> <span class='ocrx_word' id='word_1_60' title='bbox 391 989 444 1033; x_wconf 87' lang='lat' dir='ltr'><strong>et</strong></span> <span class='ocrx_word' id='word_1_61' title='bbox 469 976 697 1034; x_wconf 78' lang='lat' dir='ltr'><strong>feminas</strong></span> <span class='ocrx_word' id='word_1_62' title='bbox 734 981 1041 1050; x_wconf 88' lang='lat' dir='ltr'><strong>prohibere.</strong></span> <span class='ocrx_word' id='word_1_63' title='bbox 1065 980 1402 1050; x_wconf 82' lang='lat' dir='ltr'><strong>Quapropter</strong></span> <span class='ocrx_word' id='word_1_64' title='bbox 1431 986 1642 1048; x_wconf 82' lang='lat' dir='ltr'><strong>oportet</strong></span> <span class='ocrx_word' id='word_1_65' title='bbox 1671 992 1760 1030; x_wconf 86' lang='lat' dir='ltr'><strong>ca-</strong></span> 
     </span>
    </p>
   </div>
   <div class='ocr_carea' id='block_1_9' title="bbox 199 1067 1757 1138">
    <p class='ocr_par' dir='ltr' id='par_1_9' title="bbox 199 1067 1757 1138">
     <span class='ocr_line' id='line_1_9' title="bbox 199 1067 1757 1138; baseline -0.004 -14"><span class='ocrx_word' id='word_1_66' title='bbox 199 1071 409 1126; x_wconf 91' lang='lat' dir='ltr'><strong>nonicos</strong></span> <span class='ocrx_word' id='word_1_67' title='bbox 435 1077 744 1123; x_wconf 88' lang='lat' dir='ltr'><strong>sanctarum</strong></span> <span class='ocrx_word' id='word_1_68' title='bbox 770 1069 1173 1138; x_wconf 91' lang='lat' dir='ltr'><strong>Scripturarum</strong></span> <span class='ocrx_word' id='word_1_69' title='bbox 1205 1067 1512 1123; x_wconf 79' lang='lat' dir='ltr'><strong>auctoritati</strong></span> <span class='ocrx_word' id='word_1_70' title='bbox 1545 1081 1757 1136; x_wconf 86' lang='lat' dir='ltr'><strong>parere,</strong></span> 
     </span>
    </p>
   </div>
   <div class='ocr_carea' id='block_1_10' title="bbox 198 1157 1756 1228">
    <p class='ocr_par' dir='ltr' id='par_1_10' title="bbox 198 1157 1756 1228">
     <span class='ocr_line' id='line_1_10' title="bbox 198 1157 1756 1228; baseline -0.003 -15"><span class='ocrx_word' id='word_1_71' title='bbox 198 1168 604 1227; x_wconf 86' lang='lat' dir='ltr'><strong>sanctorumque</strong></span> <span class='ocrx_word' id='word_1_72' title='bbox 626 1157 848 1211; x_wconf 90' lang='lat' dir='ltr'><strong>Patrum</strong></span> <span class='ocrx_word' id='word_1_73' title='bbox 877 1160 1193 1212; x_wconf 84' lang='lat' dir='ltr'><strong>documenta</strong></span> <span class='ocrx_word' id='word_1_74' title='bbox 1221 1159 1507 1228; x_wconf 70' lang='lat' dir='ltr'><strong>vigilanter</strong></span> <span class='ocrx_word' id='word_1_75' title='bbox 1527 1170 1756 1226; x_wconf 82' lang='lat' dir='ltr'><strong>perpen-</strong></span> 
     </span>
    </p>
   </div>
   <div class='ocr_carea' id='block_1_11' title="bbox 197 1247 1757 1319">
    <p class='ocr_par' dir='ltr' id='par_1_11' title="bbox 197 1247 1757 1319">
     <span class='ocr_line' id='line_1_11' title="bbox 197 1247 1757 1319; baseline -0.001 -17"><span class='ocrx_word' id='word_1_76' title='bbox 197 1250 332 1313; x_wconf 88' lang='lat' dir='ltr'><strong>dere,</strong></span> <span class='ocrx_word' id='word_1_77' title='bbox 360 1257 417 1302; x_wconf 90' lang='lat' dir='ltr'><strong>ttt</strong></span> <span class='ocrx_word' id='word_1_78' title='bbox 444 1249 764 1312; x_wconf 88' lang='lat' dir='ltr'><strong>humilitate,</strong></span> <span class='ocrx_word' id='word_1_79' title='bbox 806 1266 965 1319; x_wconf 89' lang='lat' dir='ltr'><strong>quam</strong></span> <span class='ocrx_word' id='word_1_80' title='bbox 1006 1251 1167 1304; x_wconf 79' lang='lat' dir='ltr'><strong>corde</strong></span> <span class='ocrx_word' id='word_1_81' title='bbox 1208 1259 1445 1319; x_wconf 83' lang='lat' dir='ltr'><strong>gestant,</strong></span> <span class='ocrx_word' id='word_1_82' title='bbox 1481 1258 1628 1308; x_wconf 85' lang='lat' dir='ltr'><strong>actu,</strong></span> <span class='ocrx_word' id='word_1_83' title='bbox 1658 1247 1757 1300; x_wconf 92' lang='lat' dir='ltr'><strong>ha-</strong></span> 
     </span>
    </p>
   </div>
   <div class='ocr_carea' id='block_1_12' title="bbox 196 1339 1756 1408">
    <p class='ocr_par' dir='ltr' id='par_1_12' title="bbox 196 1339 1756 1408">
     <span class='ocr_line' id='line_1_12' title="bbox 196 1339 1756 1408; baseline -0.001 -14"><span class='ocrx_word' id='word_1_84' title='bbox 196 1340 322 1403; x_wconf 90' lang='lat' dir='ltr'><strong>bitu,</strong></span> <span class='ocrx_word' id='word_1_85' title='bbox 371 1340 602 1404; x_wconf 90' lang='lat' dir='ltr'><strong>incessu,</strong></span> <span class='ocrx_word' id='word_1_86' title='bbox 641 1339 753 1408; x_wconf 89' lang='lat' dir='ltr'><strong>ipsa</strong></span> <span class='ocrx_word' id='word_1_87' title='bbox 778 1341 941 1394; x_wconf 89' lang='lat' dir='ltr'><strong>etiam</strong></span> <span class='ocrx_word' id='word_1_88' title='bbox 968 1340 1320 1408; x_wconf 87' lang='lat' dir='ltr'><strong>equitatione,</strong></span> <span class='ocrx_word' id='word_1_89' title='bbox 1352 1339 1756 1408; x_wconf 84' lang='lat' dir='ltr'><strong>religiosissime</strong></span> 
     </span>
    </p>
   </div>
   <div class='ocr_carea' id='block_1_13' title="bbox 197 1430 1756 1500">
    <p class='ocr_par' dir='ltr' id='par_1_13' title="bbox 197 1430 1756 1500">
     <span class='ocr_line' id='line_1_13' title="bbox 197 1430 1756 1500; baseline -0.001 -15"><span class='ocrx_word' id='word_1_90' title='bbox 197 1430 578 1494; x_wconf 87' lang='lat' dir='ltr'><strong>demonstrent,</strong></span> <span class='ocrx_word' id='word_1_91' title='bbox 627 1430 850 1500; x_wconf 83' lang='lat' dir='ltr'><strong>plusque</strong></span> <span class='ocrx_word' id='word_1_92' title='bbox 885 1431 1053 1485; x_wconf 88' lang='lat' dir='ltr'><strong>velint</strong></span> <span class='ocrx_word' id='word_1_93' title='bbox 1098 1440 1285 1484; x_wconf 88' lang='lat' dir='ltr'><strong>sancta</strong></span> <span class='ocrx_word' id='word_1_94' title='bbox 1325 1431 1756 1494; x_wconf 86' lang='lat' dir='ltr'><strong>conversatione,</strong></span> 
     </span>
    </p>
   </div>
   <div class='ocr_carea' id='block_1_14' title="bbox 196 1520 1754 1592">
    <p class='ocr_par' dir='ltr' id='par_1_14' title="bbox 196 1520 1754 1592">
     <span class='ocr_line' id='line_1_14' title="bbox 196 1520 1754 1592; baseline -0.001 -17"><span class='ocrx_word' id='word_1_95' title='bbox 196 1521 507 1590; x_wconf 78' lang='lat' dir='ltr'><strong>eximiisque</strong></span> <span class='ocrx_word' id='word_1_96' title='bbox 548 1523 811 1585; x_wconf 89' lang='lat' dir='ltr'><strong>moribus,</strong></span> <span class='ocrx_word' id='word_1_97' title='bbox 842 1539 1004 1592; x_wconf 91' lang='lat' dir='ltr'><strong>quam</strong></span> <span class='ocrx_word' id='word_1_98' title='bbox 1031 1531 1222 1576; x_wconf 90' lang='lat' dir='ltr'><strong>ornatu</strong></span> <span class='ocrx_word' id='word_1_99' title='bbox 1271 1522 1500 1575; x_wconf 88' lang='lat' dir='ltr'><strong>vestium</strong></span> <span class='ocrx_word' id='word_1_100' title='bbox 1535 1520 1754 1591; x_wconf 79' lang='lat' dir='ltr'><strong>fulgere.</strong></span> 
     </span>
    </p>
   </div>
   <div class='ocr_carea' id='block_1_15' title="bbox 194 1610 1759 1684">
    <p class='ocr_par' dir='ltr' id='par_1_15' title="bbox 194 1610 1759 1684">
     <span class='ocr_line' id='line_1_15' title="bbox 194 1610 1759 1684; baseline -0.001 -17"><span class='ocrx_word' id='word_1_101' title='bbox 194 1610 246 1667; x_wconf 92' lang='lat' dir='ltr'><strong>Si</strong></span> <span class='ocrx_word' id='word_1_102' title='bbox 275 1613 415 1666; x_wconf 91' lang='lat' dir='ltr'><strong>enim</strong></span> <span class='ocrx_word' id='word_1_103' title='bbox 449 1628 600 1667; x_wconf 92' lang='lat' dir='ltr'><strong>more</strong></span> <span class='ocrx_word' id='word_1_104' title='bbox 647 1613 1056 1684; x_wconf 85' lang='lat' dir='ltr'><strong>conjugatorum</strong></span> <span class='ocrx_word' id='word_1_105' title='bbox 1113 1613 1165 1667; x_wconf 90' lang='lat' dir='ltr'><strong>in</strong></span> <span class='ocrx_word' id='word_1_106' title='bbox 1198 1629 1255 1668; x_wconf 88' lang='lat' dir='ltr'><strong>se</strong></span> <span class='ocrx_word' id='word_1_107' title='bbox 1299 1613 1633 1674; x_wconf 45' lang='lat' dir='ltr'><strong>oriinaudig</strong></span> <span class='ocrx_word' id='word_1_108' title='bbox 1679 1612 1759 1665; x_wconf 84' lang='lat' dir='ltr'><strong>ni-</strong></span> 
     </span>
    </p>
   </div>
   <div class='ocr_carea' id='block_1_16' title="bbox 190 1696 1756 1774">
    <p class='ocr_par' dir='ltr' id='par_1_16' title="bbox 190 1696 1756 1774">
     <span class='ocr_line' id='line_1_16' title="bbox 190 1696 1756 1774; baseline 0.001 -19"><span class='ocrx_word' id='word_1_109' title='bbox 190 1711 300 1756; x_wconf 89' lang='lat' dir='ltr'><strong>tore</strong></span> <span class='ocrx_word' id='word_1_110' title='bbox 320 1696 568 1765; x_wconf 84' lang='lat' dir='ltr'><strong>vestium,</strong></span> <span class='ocrx_word' id='word_1_111' title='bbox 594 1703 831 1771; x_wconf 87' lang='lat' dir='ltr'><strong>phaleris</strong></span> <span class='ocrx_word' id='word_1_112' title='bbox 862 1719 1146 1774; x_wconf 83' lang='lat' dir='ltr'><strong>equorum,</strong></span> <span class='ocrx_word' id='word_1_113' title='bbox 1173 1705 1488 1772; x_wconf 65' lang='lat' dir='ltr'><strong>ceterisque</strong></span> <span class='ocrx_word' id='word_1_114' title='bbox 1508 1706 1756 1758; x_wconf 69' lang='lat' dir='ltr'><strong>humana:</strong></span> 
     </span>
    </p>
   </div>
   <div class='ocr_carea' id='block_1_17' title="bbox 1861 617 3434 694">
    <p class='ocr_par' dir='ltr' id='par_1_17' title="bbox 1861 617 3434 694">
     <span class='ocr_line' id='line_1_17' title="bbox 1861 617 3434 694; baseline 0.006 -25"><span class='ocrx_word' id='word_1_115' title='bbox 1861 617 1952 685; x_wconf 86' lang='lat' dir='ltr'><strong>qui</strong></span> <span class='ocrx_word' id='word_1_116' title='bbox 1995 631 2183 670; x_wconf 87' lang='lat' dir='ltr'><strong>sanum</strong></span> <span class='ocrx_word' id='word_1_117' title='bbox 2220 617 2455 686; x_wconf 84' lang='lat' dir='ltr'><strong>sapiunt,</strong></span> <span class='ocrx_word' id='word_1_118' title='bbox 2489 619 2684 673; x_wconf 88' lang='lat' dir='ltr'><strong>merito</strong></span> <span class='ocrx_word' id='word_1_119' title='bbox 2736 619 3149 688; x_wconf 73' lang='lat' dir='ltr'><strong>reprehenditur</strong></span> <span class='ocrx_word' id='word_1_120' title='bbox 3194 629 3248 676; x_wconf 90' lang='lat' dir='ltr'><strong>et</strong></span> <span class='ocrx_word' id='word_1_121' title='bbox 3280 637 3434 694; x_wconf 91' lang='lat' dir='ltr'><strong>repu-</strong></span> 
     </span>
    </p>
   </div>
   <div class='ocr_carea' id='block_1_18' title="bbox 1861 707 3434 780">
    <p class='ocr_par' dir='ltr' id='par_1_18' title="bbox 1861 707 3434 780">
     <span class='ocr_line' id='line_1_18' title="bbox 1861 707 3434 780; baseline 0.005 -19"><span class='ocrx_word' id='word_1_122' title='bbox 1861 707 2062 771; x_wconf 90' lang='lat' dir='ltr'><strong>diatur,</strong></span> <span class='ocrx_word' id='word_1_123' title='bbox 2100 717 2310 779; x_wconf 82' lang='lat' dir='ltr'><strong>Oportet</strong></span> <span class='ocrx_word' id='word_1_124' title='bbox 2344 717 2402 763; x_wconf 93' lang='lat' dir='ltr'><strong>ut</strong></span> <span class='ocrx_word' id='word_1_125' title='bbox 2447 710 2672 773; x_wconf 83' lang='lat' dir='ltr'><strong>abhinc,</strong></span> <span class='ocrx_word' id='word_1_126' title='bbox 2710 724 2777 764; x_wconf 89' lang='lat' dir='ltr'><strong>ne</strong></span> <span class='ocrx_word' id='word_1_127' title='bbox 2826 710 2919 764; x_wconf 86' lang='lat' dir='ltr'><strong>liat</strong></span> <span class='ocrx_word' id='word_1_128' title='bbox 2957 712 3194 780; x_wconf 87' lang='lat' dir='ltr'><strong>penitus,</strong></span> <span class='ocrx_word' id='word_1_129' title='bbox 3235 711 3434 769; x_wconf 85' lang='lat' dir='ltr'><strong>inbibi-</strong></span> 
     </span>
    </p>
   </div>
   <div class='ocr_carea' id='block_1_19' title="bbox 1860 800 2093 854">
    <p class='ocr_par' dir='ltr' id='par_1_19' title="bbox 1860 800 2093 854">
     <span class='ocr_line' id='line_1_19' title="bbox 1860 800 2093 854; baseline 0.009 -2"><span class='ocrx_word' id='word_1_130' title='bbox 1860 806 1975 853; x_wconf 88' lang='lat' dir='ltr'><strong>tutn</strong></span> <span class='ocrx_word' id='word_1_131' title='bbox 2003 800 2093 854; x_wconf 83' lang='lat' dir='ltr'><strong>sit.</strong></span> 
     </span>
    </p>
   </div>
   <div class='ocr_carea' id='block_1_20' title="bbox 2381 889 2892 946">
    <p class='ocr_par' dir='ltr' id='par_1_20' title="bbox 2381 889 2892 946">
     <span class='ocr_line' id='line_1_20' title="bbox 2381 889 2892 946; baseline 0.004 -2"><span class='ocrx_word' id='word_1_132' title='bbox 2381 889 2609 945; x_wconf 85' lang='lat' dir='ltr'><strong>CAPUT</strong></span> <span class='ocrx_word' id='word_1_133' title='bbox 2660 890 2892 946; x_wconf 74' lang='lat' dir='ltr'><strong>CXXVI.</strong></span> 
     </span>
    </p>
   </div>
   <div class='ocr_carea' id='block_1_21' title="bbox 1864 979 3436 1062">
    <p class='ocr_par' dir='ltr' id='par_1_21' title="bbox 1864 979 3436 1062">
     <span class='ocr_line' id='line_1_21' title="bbox 1864 979 3436 1062; baseline 0.005 -30"><span class='ocrx_word' id='word_1_134' title='bbox 1864 979 1981 1046; x_wconf 85' lang='lat' dir='ltr'><strong>Qua</strong></span> <span class='ocrx_word' id='word_1_135' title='bbox 2018 982 2540 1062; x_wconf 36' lang='lat' dir='ltr'><strong>.auctorim‘tedwra-n</strong></span> <span class='ocrx_word' id='word_1_136' title='bbox 2581 984 2846 1037; x_wconf 74' lang='lat' dir='ltr'><strong>canonica:</strong></span> <span class='ocrx_word' id='word_1_137' title='bbox 2901 983 3253 1062; x_wconf 73' lang='lat' dir='ltr'><strong>ce’ebrentur,</strong></span> <span class='ocrx_word' id='word_1_138' title='bbox 3305 1001 3436 1056; x_wconf 86' lang='lat' dir='ltr'><strong>quas</strong></span> 
     </span>
    </p>
   </div>
   <div class='ocr_carea' id='block_1_22' title="bbox 1953 1051 3334 1124">
    <p class='ocr_par' dir='ltr' id='par_1_22' title="bbox 1953 1051 3334 1124">
     <span class='ocr_line' id='line_1_22' title="bbox 1953 1051 3334 1124; baseline 0.004 -22"><span class='ocrx_word' id='word_1_139' title='bbox 1953 1051 2086 1103; x_wconf 85' lang='lat' dir='ltr'><strong>scire</strong></span> <span class='ocrx_word' id='word_1_140' title='bbox 2125 1065 2186 1103; x_wconf 90' lang='lat' dir='ltr'><strong>ac</strong></span> <span class='ocrx_word' id='word_1_141' title='bbox 2224 1051 2459 1121; x_wconf 78' lang='lat' dir='ltr'><strong>religiose</strong></span> <span class='ocrx_word' id='word_1_142' title='bbox 2489 1051 2763 1106; x_wconf 85' lang='lat' dir='ltr'><strong>observare</strong></span> <span class='ocrx_word' id='word_1_143' title='bbox 2800 1054 3076 1108; x_wconf 78' lang='lat' dir='ltr'><strong>canonicos</strong></span> <span class='ocrx_word' id='word_1_144' title='bbox 3115 1051 3334 1124; x_wconf 71' lang='lat' dir='ltr'><strong>oportet.</strong></span> 
     </span>
    </p>
   </div>
   <div class='ocr_carea' id='block_1_23' title="bbox 1933 1164 3434 1236">
    <p class='ocr_par' dir='ltr' id='par_1_23' title="bbox 1933 1164 3434 1236">
     <span class='ocr_line' id='line_1_23' title="bbox 1933 1164 3434 1236; baseline 0.001 -18"><span class='ocrx_word' id='word_1_145' title='bbox 1933 1165 2271 1236; x_wconf 71' lang='lat' dir='ltr'><strong>(Excerptum</strong></span> <span class='ocrx_word' id='word_1_146' title='bbox 2299 1182 2364 1218; x_wconf 75' lang='lat' dir='ltr'><strong>ex</strong></span> <span class='ocrx_word' id='word_1_147' title='bbox 2393 1165 2526 1219; x_wconf 82' lang='lat' dir='ltr'><strong>libro</strong></span> <span class='ocrx_word' id='word_1_148' title='bbox 2554 1164 2852 1235; x_wconf 75' lang='lat' dir='ltr'><strong>Oﬂiciorum</strong></span> <span class='ocrx_word' id='word_1_149' title='bbox 2883 1165 3075 1219; x_wconf 85' lang='lat' dir='ltr'><strong>lsidori</strong></span> <span class='ocrx_word' id='word_1_150' title='bbox 3095 1207 3110 1229; x_wconf 94' lang='lat'><strong>,</strong></span> <span class='ocrx_word' id='word_1_151' title='bbox 3147 1165 3184 1218; x_wconf 84' lang='grc' dir='ltr'><strong>Ι.</strong></span> <span class='ocrx_word' id='word_1_152' title='bbox 3211 1181 3252 1228; x_wconf 81' lang='grc' dir='ltr'><strong>ι,</strong></span> <span class='ocrx_word' id='word_1_153' title='bbox 3276 1179 3327 1220; x_wconf 92' lang='lat' dir='ltr'><strong>c.</strong></span> <span class='ocrx_word' id='word_1_154' title='bbox 3355 1164 3434 1236; x_wconf 91' lang='lat'><strong>9.)</strong></span> 
     </span>
    </p>
   </div>
   <div class='ocr_carea' id='block_1_24' title="bbox 1861 1257 3436 1322">
    <p class='ocr_par' dir='ltr' id='par_1_24' title="bbox 1861 1257 3436 1322">
     <span class='ocr_line' id='line_1_24' title="bbox 1861 1257 3436 1322; baseline 0.001 -10"><span class='ocrx_word' id='word_1_155' title='bbox 1861 1257 2058 1312; x_wconf 88' lang='lat' dir='ltr'><strong>Horam</strong></span> <span class='ocrx_word' id='word_1_156' title='bbox 2094 1259 2335 1322; x_wconf 80' lang='lat' dir='ltr'><strong>tertiam,</strong></span> <span class='ocrx_word' id='word_1_157' title='bbox 2384 1267 2616 1322; x_wconf 79' lang='lat' dir='ltr'><strong>sextam,</strong></span> <span class='ocrx_word' id='word_1_158' title='bbox 2645 1267 2700 1312; x_wconf 91' lang='lat' dir='ltr'><strong>et</strong></span> <span class='ocrx_word' id='word_1_159' title='bbox 2739 1275 2954 1321; x_wconf 89' lang='lat' dir='ltr'><strong>nonam,</strong></span> <span class='ocrx_word' id='word_1_160' title='bbox 3007 1257 3192 1312; x_wconf 88' lang='lat' dir='ltr'><strong>Daniel</strong></span> <span class='ocrx_word' id='word_1_161' title='bbox 3239 1268 3296 1312; x_wconf 88' lang='lat' dir='ltr'><strong>et</strong></span> <span class='ocrx_word' id='word_1_162' title='bbox 3325 1269 3436 1314; x_wconf 90' lang='lat' dir='ltr'><strong>tres</strong></span> 
     </span>
    </p>
   </div>
   <div class='ocr_carea' id='block_1_25' title="bbox 1859 1349 3438 1422">
    <p class='ocr_par' dir='ltr' id='par_1_25' title="bbox 1859 1349 3438 1422">
     <span class='ocr_line' id='line_1_25' title="bbox 1859 1349 3438 1422; baseline 0.001 -18"><span class='ocrx_word' id='word_1_163' title='bbox 1859 1353 2010 1420; x_wconf 90' lang='lat' dir='ltr'><strong>pueri</strong></span> <span class='ocrx_word' id='word_1_164' title='bbox 2039 1353 2521 1422; x_wconf 88' lang='lat' dir='ltr'><strong>supplicationibus</strong></span> <span class='ocrx_word' id='word_1_165' title='bbox 2540 1352 2870 1406; x_wconf 89' lang='lat' dir='ltr'><strong>devoverunt</strong></span> <span class='ocrx_word' id='word_1_166' title='bbox 2902 1351 3065 1418; x_wconf 87' lang='lat' dir='ltr'><strong>(Dan.</strong></span> <span class='ocrx_word' id='word_1_167' title='bbox 3095 1349 3169 1418; x_wconf 80' lang='lat' dir='ltr'><strong>vi)</strong></span> <span class='ocrx_word' id='word_1_168' title='bbox 3194 1391 3208 1411; x_wconf 87' lang='lat'><strong>.</strong></span> <span class='ocrx_word' id='word_1_169' title='bbox 3233 1351 3438 1406; x_wconf 83' lang='lat' dir='ltr'><strong>scilicet</strong></span> 
     </span>
    </p>
   </div>
   <div class='ocr_carea' id='block_1_26' title="bbox 1861 1441 3434 1510">
    <p class='ocr_par' dir='ltr' id='par_1_26' title="bbox 1861 1441 3434 1510">
     <span class='ocr_line' id='line_1_26' title="bbox 1861 1441 3434 1510; baseline -0.001 -14"><span class='ocrx_word' id='word_1_170' title='bbox 1861 1451 1920 1496; x_wconf 87' lang='lat' dir='ltr'><strong>ut</strong></span> <span class='ocrx_word' id='word_1_171' title='bbox 1946 1445 2013 1496; x_wconf 91' lang='lat' dir='ltr'><strong>ab</strong></span> <span class='ocrx_word' id='word_1_172' title='bbox 2046 1452 2166 1497; x_wconf 91' lang='lat' dir='ltr'><strong>ortu</strong></span> <span class='ocrx_word' id='word_1_173' title='bbox 2214 1444 2317 1498; x_wconf 87' lang='lat' dir='ltr'><strong>diei</strong></span> <span class='ocrx_word' id='word_1_174' title='bbox 2347 1443 2399 1496; x_wconf 92' lang='lat' dir='ltr'><strong>in</strong></span> <span class='ocrx_word' id='word_1_175' title='bbox 2448 1450 2657 1509; x_wconf 87' lang='lat' dir='ltr'><strong>tempus</strong></span> <span class='ocrx_word' id='word_1_176' title='bbox 2689 1441 3092 1510; x_wconf 61' lang='lat' dir='ltr'><strong>supplicationis</strong></span> <span class='ocrx_word' id='word_1_177' title='bbox 3130 1448 3239 1494; x_wconf 90' lang='lat' dir='ltr'><strong>tres</strong></span> <span class='ocrx_word' id='word_1_178' title='bbox 3286 1441 3434 1495; x_wconf 72' lang='lat' dir='ltr'><strong>hora:</strong></span> 
     </span>
    </p>
   </div>
   <div class='ocr_carea' id='block_1_27' title="bbox 1859 1529 3436 1604">
    <p class='ocr_par' dir='ltr' id='par_1_27' title="bbox 1859 1529 3436 1604">
     <span class='ocr_line' id='line_1_27' title="bbox 1859 1529 3436 1604; baseline -0.004 -16"><span class='ocrx_word' id='word_1_179' title='bbox 1859 1544 2145 1604; x_wconf 78' lang='lat' dir='ltr'><strong>porrectae.</strong></span> <span class='ocrx_word' id='word_1_180' title='bbox 2179 1535 2464 1589; x_wconf 86' lang='lat' dir='ltr'><strong>Trinitatis</strong></span> <span class='ocrx_word' id='word_1_181' title='bbox 2490 1533 2644 1586; x_wconf 86' lang='lat' dir='ltr'><strong>nobis</strong></span> <span class='ocrx_word' id='word_1_182' title='bbox 2668 1533 3028 1586; x_wconf 88' lang='lat' dir='ltr'><strong>reverentiam</strong></span> <span class='ocrx_word' id='word_1_183' title='bbox 3057 1529 3436 1584; x_wconf 86' lang='lat' dir='ltr'><strong>declararent:</strong></span> 
     </span>
    </p>
   </div>
   <div class='ocr_carea' id='block_1_28' title="bbox 1862 1621 3436 1694">
    <p class='ocr_par' dir='ltr' id='par_1_28' title="bbox 1862 1621 3436 1694">
     <span class='ocr_line' id='line_1_28' title="bbox 1862 1621 3436 1694; baseline -0.004 -15"><span class='ocrx_word' id='word_1_184' title='bbox 1862 1626 2172 1694; x_wconf 90' lang='lat' dir='ltr'><strong>pariterque</strong></span> <span class='ocrx_word' id='word_1_185' title='bbox 2208 1641 2236 1678; x_wconf 91' lang='lat' dir='ltr'><strong>a</strong></span> <span class='ocrx_word' id='word_1_186' title='bbox 2263 1626 2425 1679; x_wconf 89' lang='lat' dir='ltr'><strong>tertia</strong></span> <span class='ocrx_word' id='word_1_187' title='bbox 2452 1633 2506 1678; x_wconf 93' lang='lat' dir='ltr'><strong>et</strong></span> <span class='ocrx_word' id='word_1_188' title='bbox 2553 1633 2721 1682; x_wconf 80' lang='lat' dir='ltr'><strong>sexta,</strong></span> <span class='ocrx_word' id='word_1_189' title='bbox 2755 1637 2925 1690; x_wconf 85' lang='lat' dir='ltr'><strong>usque</strong></span> <span class='ocrx_word' id='word_1_190' title='bbox 2969 1622 3093 1675; x_wconf 89' lang='lat' dir='ltr'><strong>inde</strong></span> <span class='ocrx_word' id='word_1_191' title='bbox 3121 1621 3186 1674; x_wconf 90' lang='lat' dir='ltr'><strong>ad</strong></span> <span class='ocrx_word' id='word_1_192' title='bbox 3218 1635 3436 1685; x_wconf 90' lang='lat' dir='ltr'><strong>nonam,</strong></span> 
     </span>
    </p>
   </div>
   <div class='ocr_carea' id='block_1_29' title="bbox 1859 1710 3436 1785">
    <p class='ocr_par' dir='ltr' id='par_1_29' title="bbox 1859 1710 3436 1785">
     <span class='ocr_line' id='line_1_29' title="bbox 1859 1710 3436 1785; baseline -0.004 -17"><span class='ocrx_word' id='word_1_193' title='bbox 1859 1730 1957 1785; x_wconf 87' lang='lat' dir='ltr'><strong>per</strong></span> <span class='ocrx_word' id='word_1_194' title='bbox 2006 1715 2142 1769; x_wconf 92' lang='lat' dir='ltr'><strong>lucis</strong></span> <span class='ocrx_word' id='word_1_195' title='bbox 2167 1714 2446 1768; x_wconf 86' lang='lat' dir='ltr'><strong>intervalla</strong></span> <span class='ocrx_word' id='word_1_196' title='bbox 2493 1713 2616 1766; x_wconf 88' lang='lat' dir='ltr'><strong>latis</strong></span> <span class='ocrx_word' id='word_1_197' title='bbox 2651 1711 3078 1765; x_wconf 89' lang='lat' dir='ltr'><strong>dimensionibus</strong></span> <span class='ocrx_word' id='word_1_198' title='bbox 3123 1710 3436 1773; x_wconf 89' lang='lat' dir='ltr'><strong>terminata,</strong></span> 
     </span>
    </p>
   </div>
   <div class='ocr_carea' id='block_1_30' title="bbox 188 1795 1760 1872">
    <p class='ocr_par' dir='ltr' id='par_1_30' title="bbox 188 1795 1754 1858">
     <span class='ocr_line' id='line_1_30' title="bbox 188 1795 1754 1858; baseline 0 -10"><span class='ocrx_word' id='word_1_199' title='bbox 188 1796 435 1850; x_wconf 81' lang='lat' dir='ltr'><strong>vanitatis</strong></span> <span class='ocrx_word' id='word_1_200' title='bbox 465 1796 626 1850; x_wconf 90' lang='lat' dir='ltr'><strong>rebus</strong></span> <span class='ocrx_word' id='word_1_201' title='bbox 673 1796 827 1850; x_wconf 86' lang='lat' dir='ltr'><strong>abusi</strong></span> <span class='ocrx_word' id='word_1_202' title='bbox 861 1795 1088 1858; x_wconf 67' lang='lat' dir='ltr'><strong>faetiut,</strong></span> <span class='ocrx_word' id='word_1_203' title='bbox 1131 1798 1335 1851; x_wconf 90' lang='lat' dir='ltr'><strong>scilicet</strong></span> <span class='ocrx_word' id='word_1_204' title='bbox 1373 1806 1430 1850; x_wconf 91' lang='lat' dir='ltr'><strong>ut</strong></span> <span class='ocrx_word' id='word_1_205' title='bbox 1470 1813 1527 1851; x_wconf 89' lang='lat' dir='ltr'><strong>se</strong></span> <span class='ocrx_word' id='word_1_206' title='bbox 1566 1797 1754 1850; x_wconf 83' lang='lat' dir='ltr'><strong>simili-</strong></span> 
     </span>
    </p>
   </div>
   <div class='ocr_carea' id='block_1_31' title="bbox 1868 1795 3439 1872">
    <p class='ocr_par' dir='ltr' id='par_1_31' title="bbox 1868 1801 3439 1872">
     <span class='ocr_line' id='line_1_31' title="bbox 1868 1801 3439 1872; baseline -0.003 -15"><span class='ocrx_word' id='word_1_207' title='bbox 1868 1805 2099 1858; x_wconf 89' lang='lat' dir='ltr'><strong>Trinitas</strong></span> <span class='ocrx_word' id='word_1_208' title='bbox 2127 1815 2207 1859; x_wconf 91' lang='lat' dir='ltr'><strong>ter</strong></span> <span class='ocrx_word' id='word_1_209' title='bbox 2238 1806 2289 1858; x_wconf 92' lang='lat' dir='ltr'><strong>in</strong></span> <span class='ocrx_word' id='word_1_210' title='bbox 2327 1805 2414 1858; x_wconf 92' lang='lat' dir='ltr'><strong>die</strong></span> <span class='ocrx_word' id='word_1_211' title='bbox 2442 1811 2624 1872; x_wconf 88' lang='lat' dir='ltr'><strong>rogata</strong></span> <span class='ocrx_word' id='word_1_212' title='bbox 2657 1802 2940 1856; x_wconf 89' lang='lat' dir='ltr'><strong>coleretur.</strong></span> <span class='ocrx_word' id='word_1_213' title='bbox 2974 1801 3104 1854; x_wconf 89' lang='lat' dir='ltr'><strong>lllud</strong></span> <span class='ocrx_word' id='word_1_214' title='bbox 3136 1801 3300 1852; x_wconf 84' lang='lat' dir='ltr'><strong>etiam</strong></span> <span class='ocrx_word' id='word_1_215' title='bbox 3343 1814 3439 1852; x_wconf 84' lang='lat' dir='ltr'><strong>oc-</strong></span> 
     </span>
    </p>
   </div>
   <div class='ocr_carea' id='block_1_32' title="bbox 186 1865 3442 1966">
    <p class='ocr_par' dir='ltr' id='par_1_32' title="bbox 186 1865 3442 1966">
     <span class='ocr_line' id='line_1_32' title="bbox 186 1865 3442 1966; baseline 0.001 -29"><span class='ocrx_word' id='word_1_216' title='bbox 186 1885 284 1938; x_wconf 91' lang='lat' dir='ltr'><strong>bus</strong></span> <span class='ocrx_word' id='word_1_217' title='bbox 317 1886 392 1938; x_wconf 92' lang='lat' dir='ltr'><strong>uti</strong></span> <span class='ocrx_word' id='word_1_218' title='bbox 449 1885 646 1941; x_wconf 81' lang='lat' dir='ltr'><strong>debere</strong></span> <span class='ocrx_word' id='word_1_219' title='bbox 687 1889 1033 1948; x_wconf 84' lang='lat' dir='ltr'><strong>contendant.</strong></span> <span class='ocrx_word' id='word_1_220' title='bbox 1070 1890 1120 1942; x_wconf 93' lang='lat' dir='ltr'><strong>in</strong></span> <span class='ocrx_word' id='word_1_221' title='bbox 1155 1906 1259 1958; x_wconf 91' lang='lat' dir='ltr'><strong>quo</strong></span> <span class='ocrx_word' id='word_1_222' title='bbox 1309 1905 1492 1944; x_wconf 87' lang='lat' dir='ltr'><strong>eorum</strong></span> <span class='ocrx_word' id='word_1_223' title='bbox 1533 1904 1756 1945; x_wconf 88' lang='lat' dir='ltr'><strong>conver-</strong></span> <span class='ocrx_word' id='word_1_224' title='bbox 1784 1865 1831 1925; x_wconf 70' lang='grc' dir='ltr'><strong>Β</strong></span> <span class='ocrx_word' id='word_1_225' title='bbox 1860 1899 2030 1951; x_wconf 87' lang='lat' dir='ltr'><strong>currit</strong></span> <span class='ocrx_word' id='word_1_226' title='bbox 2079 1899 2144 1951; x_wconf 89' lang='lat' dir='ltr'><strong>ad</strong></span> <span class='ocrx_word' id='word_1_227' title='bbox 2179 1898 2554 1966; x_wconf 88' lang='lat' dir='ltr'><strong>probat&#39;onem</strong></span> <span class='ocrx_word' id='word_1_228' title='bbox 2597 1893 2920 1948; x_wconf 79' lang='lat' dir='ltr'><strong>venerabilis</strong></span> <span class='ocrx_word' id='word_1_229' title='bbox 2950 1891 3247 1953; x_wconf 74' lang='lat' dir='ltr'><strong>Trinitatis,</strong></span> <span class='ocrx_word' id='word_1_230' title='bbox 3297 1887 3442 1958; x_wconf 91' lang='lat' dir='ltr'><strong>quod</strong></span> 
     </span>
    </p>
   </div>
   <div class='ocr_carea' id='block_1_33' title="bbox 185 1974 1754 2048">
    <p class='ocr_par' dir='ltr' id='par_1_33' title="bbox 185 1974 1754 2048">
     <span class='ocr_line' id='line_1_33' title="bbox 185 1974 1754 2048; baseline 0.003 -22"><span class='ocrx_word' id='word_1_231' title='bbox 185 1974 324 2027; x_wconf 89' lang='lat' dir='ltr'><strong>satio</strong></span> <span class='ocrx_word' id='word_1_232' title='bbox 352 1991 380 2028; x_wconf 91' lang='lat' dir='ltr'><strong>a</strong></span> <span class='ocrx_word' id='word_1_233' title='bbox 417 1975 673 2031; x_wconf 90' lang='lat' dir='ltr'><strong>laicorum</strong></span> <span class='ocrx_word' id='word_1_234' title='bbox 723 1979 925 2032; x_wconf 89' lang='lat' dir='ltr'><strong>distare</strong></span> <span class='ocrx_word' id='word_1_235' title='bbox 953 1979 1257 2033; x_wconf 85' lang='lat' dir='ltr'><strong>vilebitur?</strong></span> <span class='ocrx_word' id='word_1_236' title='bbox 1308 1981 1464 2034; x_wconf 89' lang='lat' dir='ltr'><strong>Decet</strong></span> <span class='ocrx_word' id='word_1_237' title='bbox 1505 1995 1667 2048; x_wconf 91' lang='lat' dir='ltr'><strong>porro</strong></span> <span class='ocrx_word' id='word_1_238' title='bbox 1697 1989 1754 2032; x_wconf 87' lang='lat' dir='ltr'><strong>ut</strong></span> 
     </span>
    </p>
   </div>
   <div class='ocr_carea' id='block_1_34' title="bbox 184 2067 1756 2140">
    <p class='ocr_par' dir='ltr' id='par_1_34' title="bbox 184 2067 1756 2140">
     <span class='ocr_line' id='line_1_34' title="bbox 184 2067 1756 2140; baseline 0.004 -23"><span class='ocrx_word' id='word_1_239' title='bbox 184 2080 370 2118; x_wconf 90' lang='lat' dir='ltr'><strong>eorum</strong></span> <span class='ocrx_word' id='word_1_240' title='bbox 395 2067 515 2120; x_wconf 92' lang='lat' dir='ltr'><strong>talis</strong></span> <span class='ocrx_word' id='word_1_241' title='bbox 544 2069 616 2122; x_wconf 88' lang='lat' dir='ltr'><strong>sit</strong></span> <span class='ocrx_word' id='word_1_242' title='bbox 652 2072 878 2123; x_wconf 86' lang='lat' dir='ltr'><strong>vestium</strong></span> <span class='ocrx_word' id='word_1_243' title='bbox 910 2071 1105 2134; x_wconf 89' lang='lat' dir='ltr'><strong>cultus,</strong></span> <span class='ocrx_word' id='word_1_244' title='bbox 1137 2073 1226 2140; x_wconf 92' lang='lat' dir='ltr'><strong>qui</strong></span> <span class='ocrx_word' id='word_1_245' title='bbox 1273 2073 1558 2126; x_wconf 89' lang='lat' dir='ltr'><strong>occasione</strong></span> <span class='ocrx_word' id='word_1_246' title='bbox 1604 2070 1756 2125; x_wconf 88' lang='lat' dir='ltr'><strong>vani-</strong></span> 
     </span>
    </p>
   </div>
   <div class='ocr_carea' id='block_1_35' title="bbox 185 2155 1752 2234">
    <p class='ocr_par' dir='ltr' id='par_1_35' title="bbox 185 2155 1752 2234">
     <span class='ocr_line' id='line_1_35' title="bbox 185 2155 1752 2234; baseline 0.005 -26"><span class='ocrx_word' id='word_1_247' title='bbox 185 2155 308 2210; x_wconf 87' lang='lat' dir='ltr'><strong>tatis</strong></span> <span class='ocrx_word' id='word_1_248' title='bbox 355 2168 571 2221; x_wconf 88' lang='lat' dir='ltr'><strong>careat,</strong></span> <span class='ocrx_word' id='word_1_249' title='bbox 617 2172 668 2213; x_wconf 88' lang='lat' dir='ltr'><strong>et</strong></span> <span class='ocrx_word' id='word_1_250' title='bbox 723 2161 853 2215; x_wconf 91' lang='lat' dir='ltr'><strong>nihil</strong></span> <span class='ocrx_word' id='word_1_251' title='bbox 911 2163 1186 2228; x_wconf 80' lang='lat' dir='ltr'><strong>novitatis,</strong></span> <span class='ocrx_word' id='word_1_252' title='bbox 1221 2163 1352 2217; x_wconf 89' lang='lat' dir='ltr'><strong>nihil</strong></span> <span class='ocrx_word' id='word_1_253' title='bbox 1409 2161 1752 2234; x_wconf 84' lang='lat' dir='ltr'><strong>superﬂuita-</strong></span> 
     </span>
    </p>
   </div>
   <div class='ocr_carea' id='block_1_36' title="bbox 185 2246 1755 2322">
    <p class='ocr_par' dir='ltr' id='par_1_36' title="bbox 185 2246 1755 2322">
     <span class='ocr_line' id='line_1_36' title="bbox 185 2246 1755 2322; baseline 0.005 -24"><span class='ocrx_word' id='word_1_254' title='bbox 185 2246 249 2300; x_wconf 86' lang='lat' dir='ltr'><strong>tis</strong></span> <span class='ocrx_word' id='word_1_255' title='bbox 303 2247 570 2310; x_wconf 88' lang='lat' dir='ltr'><strong>redoleat,</strong></span> <span class='ocrx_word' id='word_1_256' title='bbox 626 2250 868 2320; x_wconf 88' lang='lat' dir='ltr'><strong>nihilque</strong></span> <span class='ocrx_word' id='word_1_257' title='bbox 928 2253 1390 2322; x_wconf 75' lang='lat' dir='ltr'><strong>reprehensioais,</strong></span> <span class='ocrx_word' id='word_1_258' title='bbox 1437 2263 1528 2306; x_wconf 86' lang='lat' dir='ltr'><strong>aut</strong></span> <span class='ocrx_word' id='word_1_259' title='bbox 1575 2254 1755 2306; x_wconf 87' lang='lat' dir='ltr'><strong>detra-</strong></span> 
     </span>
    </p>
   </div>
   <div class='ocr_carea' id='block_1_37' title="bbox 185 2337 1754 2418">
    <p class='ocr_par' dir='ltr' id='par_1_37' title="bbox 185 2337 1754 2418">
     <span class='ocr_line' id='line_1_37' title="bbox 185 2337 1754 2418; baseline 0.004 -29"><span class='ocrx_word' id='word_1_260' title='bbox 185 2337 370 2391; x_wconf 91' lang='lat' dir='ltr'><strong>ctionis</strong></span> <span class='ocrx_word' id='word_1_261' title='bbox 399 2338 613 2392; x_wconf 88' lang='lat' dir='ltr'><strong>habeat.</strong></span> <span class='ocrx_word' id='word_1_262' title='bbox 667 2339 781 2394; x_wconf 91' lang='lat' dir='ltr'><strong>Non</strong></span> <span class='ocrx_word' id='word_1_263' title='bbox 830 2341 975 2418; x_wconf 84' lang='lat' dir='ltr'><strong>enim</strong></span> <span class='ocrx_word' id='word_1_264' title='bbox 1023 2343 1330 2411; x_wconf 80' lang='lat' dir='ltr'><strong>specialiter</strong></span> <span class='ocrx_word' id='word_1_265' title='bbox 1376 2343 1622 2411; x_wconf 59' lang='lat' dir='ltr'><strong>praesumi</strong></span> <span class='ocrx_word' id='word_1_266' title='bbox 1668 2344 1754 2395; x_wconf 54' lang='lat' dir='ltr'><strong>de.</strong></span> 
     </span>
    </p>
   </div>
   <div class='ocr_carea' id='block_1_38' title="bbox 186 2428 1756 2500">
    <p class='ocr_par' dir='ltr' id='par_1_38' title="bbox 186 2428 1756 2500">
     <span class='ocr_line' id='line_1_38' title="bbox 186 2428 1756 2500; baseline 0.003 -20"><span class='ocrx_word' id='word_1_267' title='bbox 186 2428 268 2480; x_wconf 84' lang='lat' dir='ltr'><strong>bet</strong></span> <span class='ocrx_word' id='word_1_268' title='bbox 296 2429 360 2482; x_wconf 92' lang='lat' dir='ltr'><strong>ab</strong></span> <span class='ocrx_word' id='word_1_269' title='bbox 391 2429 589 2498; x_wconf 89' lang='lat' dir='ltr'><strong>aliquo,</strong></span> <span class='ocrx_word' id='word_1_270' title='bbox 615 2431 755 2498; x_wconf 71' lang='lat' dir='ltr'><strong>quoi</strong></span> <span class='ocrx_word' id='word_1_271' title='bbox 784 2448 890 2485; x_wconf 90' lang='lat' dir='ltr'><strong>non</strong></span> <span class='ocrx_word' id='word_1_272' title='bbox 924 2433 1248 2500; x_wconf 81' lang='lat' dir='ltr'><strong>generaliter</strong></span> <span class='ocrx_word' id='word_1_273' title='bbox 1274 2443 1520 2486; x_wconf 88' lang='lat' dir='ltr'><strong>teneatur</strong></span> <span class='ocrx_word' id='word_1_274' title='bbox 1546 2433 1613 2485; x_wconf 90' lang='lat' dir='ltr'><strong>ab</strong></span> <span class='ocrx_word' id='word_1_275' title='bbox 1639 2447 1756 2484; x_wconf 89' lang='lat' dir='ltr'><strong>om-</strong></span> 
     </span>
    </p>
   </div>
   <div class='ocr_carea' id='block_1_39' title="bbox 187 2519 1755 2592">
    <p class='ocr_par' dir='ltr' id='par_1_39' title="bbox 187 2519 1755 2592">
     <span class='ocr_line' id='line_1_39' title="bbox 187 2519 1755 2592; baseline 0.004 -21"><span class='ocrx_word' id='word_1_276' title='bbox 187 2519 352 2585; x_wconf 87' lang='lat' dir='ltr'><strong>nibus,</strong></span> <span class='ocrx_word' id='word_1_277' title='bbox 389 2521 440 2574; x_wconf 85' lang='lat' dir='ltr'><strong>id</strong></span> <span class='ocrx_word' id='word_1_278' title='bbox 469 2530 573 2585; x_wconf 89' lang='lat' dir='ltr'><strong>est,</strong></span> <span class='ocrx_word' id='word_1_279' title='bbox 606 2538 702 2577; x_wconf 90' lang='lat' dir='ltr'><strong>nec</strong></span> <span class='ocrx_word' id='word_1_280' title='bbox 749 2523 867 2592; x_wconf 91' lang='lat' dir='ltr'><strong>plus</strong></span> <span class='ocrx_word' id='word_1_281' title='bbox 890 2521 1040 2589; x_wconf 87' lang='lat' dir='ltr'><strong>justo</strong></span> <span class='ocrx_word' id='word_1_282' title='bbox 1070 2525 1268 2578; x_wconf 90' lang='lat' dir='ltr'><strong>cultior</strong></span> <span class='ocrx_word' id='word_1_283' title='bbox 1306 2527 1492 2587; x_wconf 80' lang='lat' dir='ltr'><strong>vestis,</strong></span> <span class='ocrx_word' id='word_1_284' title='bbox 1541 2540 1640 2579; x_wconf 90' lang='lat' dir='ltr'><strong>nec</strong></span> <span class='ocrx_word' id='word_1_285' title='bbox 1676 2525 1755 2578; x_wconf 90' lang='lat' dir='ltr'><strong>iu-</strong></span> 
     </span>
    </p>
   </div>
   <div class='ocr_carea' id='block_1_40' title="bbox 187 2610 1758 2685">
    <p class='ocr_par' dir='ltr' id='par_1_40' title="bbox 187 2610 1758 2685">
     <span class='ocr_line' id='line_1_40' title="bbox 187 2610 1758 2685; baseline 0.003 -21"><span class='ocrx_word' id='word_1_286' title='bbox 187 2610 332 2664; x_wconf 88' lang='lat' dir='ltr'><strong>solita</strong></span> <span class='ocrx_word' id='word_1_287' title='bbox 372 2620 538 2681; x_wconf 87' lang='lat' dir='ltr'><strong>atque</strong></span> <span class='ocrx_word' id='word_1_288' title='bbox 573 2614 832 2668; x_wconf 79' lang='lat' dir='ltr'><strong>deformis</strong></span> <span class='ocrx_word' id='word_1_289' title='bbox 867 2629 880 2666; x_wconf 90' lang='lat'>:</span> <span class='ocrx_word' id='word_1_290' title='bbox 908 2615 1033 2683; x_wconf 90' lang='lat' dir='ltr'><strong>quia</strong></span> <span class='ocrx_word' id='word_1_291' title='bbox 1063 2617 1113 2669; x_wconf 90' lang='lat' dir='ltr'><strong>in</strong></span> <span class='ocrx_word' id='word_1_292' title='bbox 1147 2625 1378 2685; x_wconf 89' lang='lat' dir='ltr'><strong>utroque</strong></span> <span class='ocrx_word' id='word_1_293' title='bbox 1404 2616 1637 2680; x_wconf 91' lang='lat' dir='ltr'><strong>illorum,</strong></span> <span class='ocrx_word' id='word_1_294' title='bbox 1665 2622 1758 2668; x_wconf 88' lang='lat' dir='ltr'><strong>attt</strong></span> 
     </span>
    </p>
   </div>
   <div class='ocr_carea' id='block_1_41' title="bbox 186 2703 1757 2777">
    <p class='ocr_par' dir='ltr' id='par_1_41' title="bbox 186 2703 1757 2777">
     <span class='ocr_line' id='line_1_41' title="bbox 186 2703 1757 2777; baseline 0.004 -23"><span class='ocrx_word' id='word_1_295' title='bbox 186 2703 445 2768; x_wconf 84' lang='lat' dir='ltr'><strong>elationis,</strong></span> <span class='ocrx_word' id='word_1_296' title='bbox 471 2713 566 2759; x_wconf 91' lang='lat' dir='ltr'><strong>aut</strong></span> <span class='ocrx_word' id='word_1_297' title='bbox 595 2715 742 2760; x_wconf 88' lang='lat' dir='ltr'><strong>certe</strong></span> <span class='ocrx_word' id='word_1_298' title='bbox 766 2707 1127 2761; x_wconf 84' lang='lat' dir='ltr'><strong>simulationis</strong></span> <span class='ocrx_word' id='word_1_299' title='bbox 1155 2724 1293 2760; x_wconf 81' lang='lat' dir='ltr'><strong>noxa</strong></span> <span class='ocrx_word' id='word_1_300' title='bbox 1328 2715 1582 2777; x_wconf 68' lang='lat' dir='ltr'><strong>patescat.</strong></span> <span class='ocrx_word' id='word_1_301' title='bbox 1613 2707 1757 2760; x_wconf 90' lang='lat' dir='ltr'><strong>luter</strong></span> 
     </span>
    </p>
   </div>
   <div class='ocr_carea' id='block_1_42' title="bbox 186 2801 1757 2871">
    <p class='ocr_par' dir='ltr' id='par_1_42' title="bbox 186 2801 1757 2871">
     <span class='ocr_line' id='line_1_42' title="bbox 186 2801 1757 2871; baseline 0.001 -18"><span class='ocrx_word' id='word_1_302' title='bbox 186 2808 466 2871; x_wconf 89' lang='lat' dir='ltr'><strong>utrumque</strong></span> <span class='ocrx_word' id='word_1_303' title='bbox 512 2801 655 2854; x_wconf 86' lang='lat' dir='ltr'><strong>enim</strong></span> <span class='ocrx_word' id='word_1_304' title='bbox 696 2801 870 2854; x_wconf 90' lang='lat' dir='ltr'><strong>virtus</strong></span> <span class='ocrx_word' id='word_1_305' title='bbox 930 2802 1274 2856; x_wconf 81' lang='lat' dir='ltr'><strong>discretionis</strong></span> <span class='ocrx_word' id='word_1_306' title='bbox 1331 2802 1757 2856; x_wconf 84' lang='lat' dir='ltr'><strong>moderatissimo</strong></span> 
     </span>
    </p>
   </div>
   <div class='ocr_carea' id='block_1_43' title="bbox 187 2890 1756 2962">
    <p class='ocr_par' dir='ltr' id='par_1_43' title="bbox 187 2890 1756 2962">
     <span class='ocr_line' id='line_1_43' title="bbox 187 2890 1756 2962; baseline 0.001 -18"><span class='ocrx_word' id='word_1_307' title='bbox 187 2893 402 2946; x_wconf 90' lang='lat' dir='ltr'><strong>tenenda</strong></span> <span class='ocrx_word' id='word_1_308' title='bbox 431 2899 538 2946; x_wconf 90' lang='lat' dir='ltr'><strong>est.</strong></span> <span class='ocrx_word' id='word_1_309' title='bbox 566 2890 694 2956; x_wconf 68' lang='lat' dir='ltr'><strong>Quae</strong></span> <span class='ocrx_word' id='word_1_310' title='bbox 728 2891 1038 2962; x_wconf 90' lang='lat' dir='ltr'><strong>plenissime</strong></span> <span class='ocrx_word' id='word_1_311' title='bbox 1070 2893 1120 2946; x_wconf 88' lang='lat' dir='ltr'><strong>in</strong></span> <span class='ocrx_word' id='word_1_312' title='bbox 1151 2892 1270 2947; x_wconf 85' lang='lat' dir='ltr'><strong>Vita</strong></span> <span class='ocrx_word' id='word_1_313' title='bbox 1298 2894 1435 2946; x_wconf 84' lang='lat' dir='ltr'><strong>beati</strong></span> <span class='ocrx_word' id='word_1_314' title='bbox 1472 2892 1756 2956; x_wconf 71' lang='lat' dir='ltr'><strong>Augustini</strong></span> 
     </span>
    </p>
   </div>
   <div class='ocr_carea' id='block_1_44' title="bbox 188 2980 1750 3052">
    <p class='ocr_par' dir='ltr' id='par_1_44' title="bbox 188 2980 1750 3052">
     <span class='ocr_line' id='line_1_44' title="bbox 188 2980 1750 3052; baseline -0.001 -16"><span class='ocrx_word' id='word_1_315' title='bbox 188 2980 339 3052; x_wconf 81' lang='lat' dir='ltr'><strong>(Cap.</strong></span> <span class='ocrx_word' id='word_1_316' title='bbox 373 2982 501 3052; x_wconf 71' lang='lat'><strong>2|),</strong></span> <span class='ocrx_word' id='word_1_317' title='bbox 537 2983 588 3035; x_wconf 94' lang='lat' dir='ltr'><strong>in</strong></span> <span class='ocrx_word' id='word_1_318' title='bbox 651 2983 862 3036; x_wconf 90' lang='lat' dir='ltr'><strong>laudem</strong></span> <span class='ocrx_word' id='word_1_319' title='bbox 910 2983 1053 3036; x_wconf 91' lang='lat' dir='ltr'><strong>illius</strong></span> <span class='ocrx_word' id='word_1_320' title='bbox 1106 2983 1338 3052; x_wconf 87' lang='lat' dir='ltr'><strong>prola‘a,</strong></span> <span class='ocrx_word' id='word_1_321' title='bbox 1384 2983 1456 3036; x_wconf 90' lang='lat' dir='ltr'><strong>ita</strong></span> <span class='ocrx_word' id='word_1_322' title='bbox 1510 2982 1750 3052; x_wconf 81' lang='lat' dir='ltr'><strong>legitur:</strong></span> 
     </span>
    </p>
   </div>
   <div class='ocr_carea' id='block_1_45' title="bbox 187 3071 1758 3143">
    <p class='ocr_par' dir='ltr' id='par_1_45' title="bbox 187 3071 1758 3143">
     <span class='ocr_line' id='line_1_45' title="bbox 187 3071 1758 3143; baseline 0 -18"><span class='ocrx_word' id='word_1_323' title='bbox 187 3071 354 3127; x_wconf 84' lang='lat' dir='ltr'><strong>Vestis</strong></span> <span class='ocrx_word' id='word_1_324' title='bbox 403 3073 522 3143; x_wconf 88' lang='lat' dir='ltr'><strong>ejus</strong></span> <span class='ocrx_word' id='word_1_325' title='bbox 575 3081 630 3127; x_wconf 90' lang='lat' dir='ltr'><strong>et</strong></span> <span class='ocrx_word' id='word_1_326' title='bbox 677 3073 1064 3136; x_wconf 86' lang='lat' dir='ltr'><strong>calceamenta,</strong></span> <span class='ocrx_word' id='word_1_327' title='bbox 1096 3074 1177 3127; x_wconf 89' lang='lat' dir='ltr'><strong>vel</strong></span> <span class='ocrx_word' id='word_1_328' title='bbox 1224 3072 1491 3136; x_wconf 89' lang='lat' dir='ltr'><strong>lectualia,</strong></span> <span class='ocrx_word' id='word_1_329' title='bbox 1525 3089 1588 3126; x_wconf 77' lang='lat' dir='ltr'><strong>ex</strong></span> <span class='ocrx_word' id='word_1_330' title='bbox 1647 3087 1758 3126; x_wconf 56' lang='lat' dir='ltr'><strong>mo-</strong></span> 
     </span>
    </p>
   </div>
   <div class='ocr_carea' id='block_1_46' title="bbox 185 3164 1756 3234">
    <p class='ocr_par' dir='ltr' id='par_1_46' title="bbox 185 3164 1756 3234">
     <span class='ocr_line' id='line_1_46' title="bbox 185 3164 1756 3234; baseline -0.001 -15"><span class='ocrx_word' id='word_1_331' title='bbox 185 3164 364 3219; x_wconf 85' lang='lat' dir='ltr'><strong>(lerato</strong></span> <span class='ocrx_word' id='word_1_332' title='bbox 397 3178 452 3220; x_wconf 93' lang='lat' dir='ltr'><strong>et</strong></span> <span class='ocrx_word' id='word_1_333' title='bbox 500 3167 825 3234; x_wconf 89' lang='lat' dir='ltr'><strong>competenti</strong></span> <span class='ocrx_word' id='word_1_334' title='bbox 857 3167 925 3220; x_wconf 92' lang='lat' dir='ltr'><strong>ba</strong></span> <span class='ocrx_word' id='word_1_335' title='bbox 970 3168 1042 3220; x_wconf 91' lang='lat' dir='ltr'><strong>itu</strong></span> <span class='ocrx_word' id='word_1_336' title='bbox 1086 3175 1280 3230; x_wconf 89' lang='lat' dir='ltr'><strong>erant,</strong></span> <span class='ocrx_word' id='word_1_337' title='bbox 1331 3183 1429 3220; x_wconf 90' lang='lat' dir='ltr'><strong>nec</strong></span> <span class='ocrx_word' id='word_1_338' title='bbox 1477 3166 1640 3219; x_wconf 85' lang='lat' dir='ltr'><strong>nitida</strong></span> <span class='ocrx_word' id='word_1_339' title='bbox 1670 3166 1756 3218; x_wconf 85' lang='lat' dir='ltr'><strong>tti-</strong></span> 
     </span>
    </p>
   </div>
   <div class='ocr_carea' id='block_1_47' title="bbox 184 3255 1753 3325">
    <p class='ocr_par' dir='ltr' id='par_1_47' title="bbox 184 3255 1753 3325">
     <span class='ocr_line' id='line_1_47' title="bbox 184 3255 1753 3325; baseline 0.002 -19"><span class='ocrx_word' id='word_1_340' title='bbox 184 3255 369 3320; x_wconf 91' lang='lat' dir='ltr'><strong>mium,</strong></span> <span class='ocrx_word' id='word_1_341' title='bbox 398 3271 496 3311; x_wconf 90' lang='lat' dir='ltr'><strong>nec</strong></span> <span class='ocrx_word' id='word_1_342' title='bbox 532 3255 736 3323; x_wconf 76' lang='lat' dir='ltr'><strong>abjecta</strong></span> <span class='ocrx_word' id='word_1_343' title='bbox 788 3256 1076 3324; x_wconf 84' lang='lat' dir='ltr'><strong>plurimum</strong></span> <span class='ocrx_word' id='word_1_344' title='bbox 1134 3275 1147 3310; x_wconf 91' lang='lat'><strong>:</strong></span> <span class='ocrx_word' id='word_1_345' title='bbox 1194 3255 1319 3325; x_wconf 89' lang='lat' dir='ltr'><strong>quia</strong></span> <span class='ocrx_word' id='word_1_346' title='bbox 1376 3256 1459 3309; x_wconf 86' lang='lat' dir='ltr'><strong>bis</strong></span> <span class='ocrx_word' id='word_1_347' title='bbox 1510 3255 1753 3325; x_wconf 83' lang='lat' dir='ltr'><strong>plerique</strong></span> 
     </span>
    </p>
   </div>
   <div class='ocr_carea' id='block_1_48' title="bbox 187 3347 1762 3415">
    <p class='ocr_par' dir='ltr' id='par_1_48' title="bbox 187 3347 1762 3415">
     <span class='ocr_line' id='line_1_48' title="bbox 187 3347 1762 3415; baseline 0 -16"><span class='ocrx_word' id='word_1_348' title='bbox 187 3347 264 3400; x_wconf 91' lang='lat' dir='ltr'><strong>vel</strong></span> <span class='ocrx_word' id='word_1_349' title='bbox 285 3347 494 3414; x_wconf 83' lang='lat' dir='ltr'><strong>jactare</strong></span> <span class='ocrx_word' id='word_1_350' title='bbox 523 3364 641 3403; x_wconf 89' lang='lat' dir='ltr'><strong>sese</strong></span> <span class='ocrx_word' id='word_1_351' title='bbox 675 3348 968 3404; x_wconf 82' lang='lat' dir='ltr'><strong>insolenter</strong></span> <span class='ocrx_word' id='word_1_352' title='bbox 989 3349 1235 3403; x_wconf 89' lang='lat' dir='ltr'><strong>homines</strong></span> <span class='ocrx_word' id='word_1_353' title='bbox 1266 3348 1460 3412; x_wconf 87' lang='lat' dir='ltr'><strong>solent,</strong></span> <span class='ocrx_word' id='word_1_354' title='bbox 1487 3348 1574 3401; x_wconf 90' lang='lat' dir='ltr'><strong>vel</strong></span> <span class='ocrx_word' id='word_1_355' title='bbox 1625 3347 1762 3415; x_wconf 85' lang='lat' dir='ltr'><strong>abji-</strong></span> 
     </span>
    </p>
   </div>
   <div class='ocr_carea' id='block_1_49' title="bbox 185 3437 1762 3508">
    <p class='ocr_par' dir='ltr' id='par_1_49' title="bbox 185 3437 1762 3508">
     <span class='ocr_line' id='line_1_49' title="bbox 185 3437 1762 3508; baseline -0.001 -14"><span class='ocrx_word' id='word_1_356' title='bbox 185 3453 324 3504; x_wconf 86' lang='lat' dir='ltr'><strong>cere,</strong></span> <span class='ocrx_word' id='word_1_357' title='bbox 356 3455 422 3494; x_wconf 83' lang='lat' dir='ltr'><strong>ex</strong></span> <span class='ocrx_word' id='word_1_358' title='bbox 471 3449 700 3508; x_wconf 90' lang='lat' dir='ltr'><strong>utroque</strong></span> <span class='ocrx_word' id='word_1_359' title='bbox 732 3455 837 3493; x_wconf 92' lang='lat' dir='ltr'><strong>non</strong></span> <span class='ocrx_word' id='word_1_360' title='bbox 881 3455 999 3508; x_wconf 73' lang='lat' dir='ltr'><strong>qum</strong></span> <span class='ocrx_word' id='word_1_361' title='bbox 1047 3437 1175 3494; x_wconf 83' lang='lat' dir='ltr'><strong>Jesu</strong></span> <span class='ocrx_word' id='word_1_362' title='bbox 1219 3439 1453 3501; x_wconf 88' lang='lat' dir='ltr'><strong>Christi,</strong></span> <span class='ocrx_word' id='word_1_363' title='bbox 1503 3439 1597 3492; x_wconf 89' lang='lat' dir='ltr'><strong>sed</strong></span> <span class='ocrx_word' id='word_1_364' title='bbox 1642 3452 1762 3506; x_wconf 61' lang='lat' dir='ltr'><strong>qua}</strong></span> 
     </span>
    </p>
   </div>
   <div class='ocr_carea' id='block_1_50' title="bbox 185 3527 1762 3598">
    <p class='ocr_par' dir='ltr' id='par_1_50' title="bbox 185 3527 1762 3598">
     <span class='ocr_line' id='line_1_50' title="bbox 185 3527 1762 3598; baseline -0.004 -14"><span class='ocrx_word' id='word_1_365' title='bbox 185 3545 277 3584; x_wconf 91' lang='lat' dir='ltr'><strong>sua</strong></span> <span class='ocrx_word' id='word_1_366' title='bbox 306 3538 466 3596; x_wconf 90' lang='lat' dir='ltr'><strong>sunt,</strong></span> <span class='ocrx_word' id='word_1_367' title='bbox 501 3539 824 3598; x_wconf 82' lang='lat' dir='ltr'><strong>quaerentes.</strong></span> <span class='ocrx_word' id='word_1_368' title='bbox 855 3528 925 3582; x_wconf 83' lang='lat' dir='ltr'><strong>At</strong></span> <span class='ocrx_word' id='word_1_369' title='bbox 969 3529 1092 3592; x_wconf 91' lang='lat' dir='ltr'><strong>iste,</strong></span> <span class='ocrx_word' id='word_1_370' title='bbox 1125 3536 1184 3581; x_wconf 93' lang='lat' dir='ltr'><strong>ut</strong></span> <span class='ocrx_word' id='word_1_371' title='bbox 1231 3527 1362 3591; x_wconf 82' lang='lat' dir='ltr'><strong>dixi,</strong></span> <span class='ocrx_word' id='word_1_372' title='bbox 1405 3527 1641 3580; x_wconf 79' lang='lat' dir='ltr'><strong>medium</strong></span> <span class='ocrx_word' id='word_1_373' title='bbox 1682 3532 1762 3578; x_wconf 90' lang='lat' dir='ltr'><strong>te-</strong></span> 
     </span>
    </p>
   </div>
   <div class='ocr_carea' id='block_1_51' title="bbox 184 3615 1758 3690">
    <p class='ocr_par' dir='ltr' id='par_1_51' title="bbox 184 3615 1758 3690">
     <span class='ocr_line' id='line_1_51' title="bbox 184 3615 1758 3690; baseline -0.005 -16"><span class='ocrx_word' id='word_1_374' title='bbox 184 3626 366 3684; x_wconf 84' lang='lat' dir='ltr'><strong>nebat,</strong></span> <span class='ocrx_word' id='word_1_375' title='bbox 393 3635 565 3690; x_wconf 93' lang='lat' dir='ltr'><strong>neque</strong></span> <span class='ocrx_word' id='word_1_376' title='bbox 593 3619 660 3673; x_wconf 90' lang='lat' dir='ltr'><strong>ad</strong></span> <span class='ocrx_word' id='word_1_377' title='bbox 688 3620 963 3675; x_wconf 77' lang='lat' dir='ltr'><strong>dexteram</strong></span> <span class='ocrx_word' id='word_1_378' title='bbox 985 3659 1001 3683; x_wconf 98' lang='lat'><strong>,</strong></span> <span class='ocrx_word' id='word_1_379' title='bbox 1047 3633 1223 3687; x_wconf 90' lang='lat' dir='ltr'><strong>neque</strong></span> <span class='ocrx_word' id='word_1_380' title='bbox 1264 3618 1330 3672; x_wconf 90' lang='lat' dir='ltr'><strong>ad</strong></span> <span class='ocrx_word' id='word_1_381' title='bbox 1357 3617 1633 3671; x_wconf 91' lang='lat' dir='ltr'><strong>sinistram</strong></span> <span class='ocrx_word' id='word_1_382' title='bbox 1670 3615 1758 3669; x_wconf 90' lang='lat' dir='ltr'><strong>de-</strong></span> 
     </span>
    </p>
   </div>
   <div class='ocr_carea' id='block_1_52' title="bbox 186 3710 415 3766">
    <p class='ocr_par' dir='ltr' id='par_1_52' title="bbox 186 3710 415 3766">
     <span class='ocr_line' id='line_1_52' title="bbox 186 3710 415 3766; baseline -0.004 -2"><span class='ocrx_word' id='word_1_383' title='bbox 186 3710 415 3766; x_wconf 88' lang='lat' dir='ltr'><strong>clinans.</strong></span> 
     </span>
    </p>
   </div>
   <div class='ocr_carea' id='block_1_53' title="bbox 739 3779 1202 3837">
    <p class='ocr_par' dir='ltr' id='par_1_53' title="bbox 739 3779 1202 3837">
     <span class='ocr_line' id='line_1_53' title="bbox 739 3779 1202 3837; baseline -0.002 -1"><span class='ocrx_word' id='word_1_384' title='bbox 739 3780 965 3837; x_wconf 82' lang='lat' dir='ltr'><strong>CAPUT</strong></span> <span class='ocrx_word' id='word_1_385' title='bbox 993 3779 1202 3836; x_wconf 77' lang='lat' dir='ltr'><strong>CXXV.</strong></span> 
     </span>
    </p>
   </div>
   <div class='ocr_carea' id='block_1_54' title="bbox 227 3889 1722 3947">
    <p class='ocr_par' dir='ltr' id='par_1_54' title="bbox 227 3889 1722 3947">
     <span class='ocr_line' id='line_1_54' title="bbox 227 3889 1722 3947; baseline -0.003 -1"><span class='ocrx_word' id='word_1_386' title='bbox 227 3889 296 3947; x_wconf 92' lang='lat' dir='ltr'><strong>Ut</strong></span> <span class='ocrx_word' id='word_1_387' title='bbox 345 3892 585 3946; x_wconf 85' lang='lat' dir='ltr'><strong>canonici</strong></span> <span class='ocrx_word' id='word_1_388' title='bbox 629 3891 865 3947; x_wconf 84' lang='lat' dir='ltr'><strong>cucullos</strong></span> <span class='ocrx_word' id='word_1_389' title='bbox 914 3892 1287 3947; x_wconf 83' lang='lat' dir='ltr'><strong>monachorum</strong></span> <span class='ocrx_word' id='word_1_390' title='bbox 1331 3907 1435 3946; x_wconf 86' lang='lat' dir='ltr'><strong>non</strong></span> <span class='ocrx_word' id='word_1_391' title='bbox 1479 3890 1722 3944; x_wconf 84' lang='lat' dir='ltr'><strong>induant.</strong></span> 
     </span>
    </p>
   </div>
   <div class='ocr_carea' id='block_1_55' title="bbox 254 3999 1760 4071">
    <p class='ocr_par' dir='ltr' id='par_1_55' title="bbox 254 3999 1760 4071">
     <span class='ocr_line' id='line_1_55' title="bbox 254 3999 1760 4071; baseline 0 -16"><span class='ocrx_word' id='word_1_392' title='bbox 254 3999 752 4071; x_wconf 81' lang='lat' dir='ltr'><strong>Reprehensibilem</strong></span> <span class='ocrx_word' id='word_1_393' title='bbox 788 4011 844 4057; x_wconf 91' lang='lat' dir='ltr'><strong>et</strong></span> <span class='ocrx_word' id='word_1_394' title='bbox 871 4003 1239 4058; x_wconf 90' lang='lat' dir='ltr'><strong>ecclesiastica</strong></span> <span class='ocrx_word' id='word_1_395' title='bbox 1266 4001 1647 4058; x_wconf 88' lang='lat' dir='ltr'><strong>emendatione</strong></span> <span class='ocrx_word' id='word_1_396' title='bbox 1672 4000 1760 4055; x_wconf 90' lang='lat' dir='ltr'><strong>di-</strong></span> 
     </span>
    </p>
   </div>
   <div class='ocr_carea' id='block_1_56' title="bbox 189 4093 1764 4164">
    <p class='ocr_par' dir='ltr' id='par_1_56' title="bbox 189 4093 1764 4164">
     <span class='ocr_line' id='line_1_56' title="bbox 189 4093 1764 4164; baseline 0 -18"><span class='ocrx_word' id='word_1_397' title='bbox 189 4109 346 4164; x_wconf 81' lang='lat' dir='ltr'><strong>gnum</strong></span> <span class='ocrx_word' id='word_1_398' title='bbox 393 4095 533 4163; x_wconf 87' lang='lat' dir='ltr'><strong>apud</strong></span> <span class='ocrx_word' id='word_1_399' title='bbox 563 4094 850 4163; x_wconf 90' lang='lat' dir='ltr'><strong>plerosque</strong></span> <span class='ocrx_word' id='word_1_400' title='bbox 898 4096 1190 4150; x_wconf 89' lang='lat' dir='ltr'><strong>canonicos</strong></span> <span class='ocrx_word' id='word_1_401' title='bbox 1229 4093 1517 4149; x_wconf 88' lang='lat' dir='ltr'><strong>inolevisse</strong></span> <span class='ocrx_word' id='word_1_402' title='bbox 1552 4107 1764 4160; x_wconf 89' lang='lat' dir='ltr'><strong>compe-</strong></span> 
     </span>
    </p>
   </div>
   <div class='ocr_carea' id='block_1_57' title="bbox 191 4183 1762 4254">
    <p class='ocr_par' dir='ltr' id='par_1_57' title="bbox 191 4183 1762 4254">
     <span class='ocr_line' id='line_1_57' title="bbox 191 4183 1762 4254; baseline -0.002 -17"><span class='ocrx_word' id='word_1_403' title='bbox 191 4183 357 4239; x_wconf 84' lang='lat' dir='ltr'><strong>rimus</strong></span> <span class='ocrx_word' id='word_1_404' title='bbox 393 4200 572 4248; x_wconf 94' lang='lat' dir='ltr'><strong>usum,</strong></span> <span class='ocrx_word' id='word_1_405' title='bbox 601 4200 667 4239; x_wconf 90' lang='lat' dir='ltr'><strong>eo</strong></span> <span class='ocrx_word' id='word_1_406' title='bbox 694 4185 836 4254; x_wconf 91' lang='lat' dir='ltr'><strong>quod</strong></span> <span class='ocrx_word' id='word_1_407' title='bbox 859 4193 1046 4240; x_wconf 89' lang='lat' dir='ltr'><strong>contra</strong></span> <span class='ocrx_word' id='word_1_408' title='bbox 1075 4200 1277 4239; x_wconf 90' lang='lat' dir='ltr'><strong>morem</strong></span> <span class='ocrx_word' id='word_1_409' title='bbox 1310 4183 1762 4246; x_wconf 86' lang='lat' dir='ltr'><strong>ecclesiasticum,</strong></span> 
     </span>
    </p>
   </div>
   <div class='ocr_carea' id='block_1_58' title="bbox 191 4276 1768 4348">
    <p class='ocr_par' dir='ltr' id='par_1_58' title="bbox 191 4276 1768 4348">
     <span class='ocr_line' id='line_1_58' title="bbox 191 4276 1768 4348; baseline -0.001 -18"><span class='ocrx_word' id='word_1_410' title='bbox 191 4277 444 4340; x_wconf 76' lang='lat' dir='ltr'><strong>cucullas,</strong></span> <span class='ocrx_word' id='word_1_411' title='bbox 478 4277 678 4348; x_wconf 88' lang='lat' dir='ltr'><strong>quibus</strong></span> <span class='ocrx_word' id='word_1_412' title='bbox 721 4277 850 4331; x_wconf 91' lang='lat' dir='ltr'><strong>solis</strong></span> <span class='ocrx_word' id='word_1_413' title='bbox 900 4277 1178 4330; x_wconf 87' lang='lat' dir='ltr'><strong>monachis</strong></span> <span class='ocrx_word' id='word_1_414' title='bbox 1233 4276 1492 4330; x_wconf 90' lang='lat' dir='ltr'><strong>utendum</strong></span> <span class='ocrx_word' id='word_1_415' title='bbox 1550 4284 1656 4344; x_wconf 65' lang='lat' dir='ltr'><strong>est,</strong></span> <span class='ocrx_word' id='word_1_416' title='bbox 1688 4276 1768 4328; x_wconf 82' lang='lat' dir='ltr'><strong>iu-</strong></span> 
     </span>
    </p>
   </div>
   <div class='ocr_carea' id='block_1_59' title="bbox 192 4363 1768 4434">
    <p class='ocr_par' dir='ltr' id='par_1_59' title="bbox 192 4363 1768 4434">
     <span class='ocr_line' id='line_1_59' title="bbox 192 4363 1768 4434; baseline -0.002 -15"><span class='ocrx_word' id='word_1_417' title='bbox 192 4363 351 4420; x_wconf 88' lang='lat' dir='ltr'><strong>duant</strong></span> <span class='ocrx_word' id='word_1_418' title='bbox 385 4385 398 4419; x_wconf 89' lang='lat'>:</span> <span class='ocrx_word' id='word_1_419' title='bbox 432 4381 555 4421; x_wconf 90' lang='lat' dir='ltr'><strong>cum</strong></span> <span class='ocrx_word' id='word_1_420' title='bbox 588 4366 774 4434; x_wconf 90' lang='lat' dir='ltr'><strong>utique</strong></span> <span class='ocrx_word' id='word_1_421' title='bbox 804 4365 1016 4418; x_wconf 86' lang='lat' dir='ltr'><strong>illorum</strong></span> <span class='ocrx_word' id='word_1_422' title='bbox 1066 4365 1309 4419; x_wconf 85' lang='lat' dir='ltr'><strong>habitum</strong></span> <span class='ocrx_word' id='word_1_423' title='bbox 1357 4364 1573 4433; x_wconf 88' lang='lat' dir='ltr'><strong>penitus</strong></span> <span class='ocrx_word' id='word_1_424' title='bbox 1610 4380 1768 4417; x_wconf 89' lang='lat' dir='ltr'><strong>usur-</strong></span> 
     </span>
    </p>
   </div>
   <div class='ocr_carea' id='block_1_60' title="bbox 193 4457 1764 4528">
    <p class='ocr_par' dir='ltr' id='par_1_60' title="bbox 193 4457 1764 4528">
     <span class='ocr_line' id='line_1_60' title="bbox 193 4457 1764 4528; baseline -0.003 -15"><span class='ocrx_word' id='word_1_425' title='bbox 193 4475 311 4528; x_wconf 85' lang='lat' dir='ltr'><strong>pare</strong></span> <span class='ocrx_word' id='word_1_426' title='bbox 363 4477 468 4516; x_wconf 91' lang='lat' dir='ltr'><strong>non</strong></span> <span class='ocrx_word' id='word_1_427' title='bbox 520 4459 792 4522; x_wconf 88' lang='lat' dir='ltr'><strong>debeant,</strong></span> <span class='ocrx_word' id='word_1_428' title='bbox 837 4474 868 4512; x_wconf 88' lang='lat' dir='ltr'><strong>a</strong></span> <span class='ocrx_word' id='word_1_429' title='bbox 917 4474 1145 4528; x_wconf 91' lang='lat' dir='ltr'><strong>quorum</strong></span> <span class='ocrx_word' id='word_1_430' title='bbox 1204 4457 1482 4528; x_wconf 89' lang='lat' dir='ltr'><strong>proposito</strong></span> <span class='ocrx_word' id='word_1_431' title='bbox 1531 4457 1764 4526; x_wconf 90' lang='lat' dir='ltr'><strong>quodam</strong></span> 
     </span>
    </p>
   </div>
   <div class='ocr_carea' id='block_1_61' title="bbox 1857 1980 3440 2055">
    <p class='ocr_par' dir='ltr' id='par_1_61' title="bbox 1857 1980 3440 2055">
     <span class='ocr_line' id='line_1_61' title="bbox 1857 1980 3440 2055; baseline -0.005 -15"><span class='ocrx_word' id='word_1_432' title='bbox 1857 1986 2093 2055; x_wconf 89' lang='lat' dir='ltr'><strong>Spiritus</strong></span> <span class='ocrx_word' id='word_1_433' title='bbox 2137 1995 2358 2040; x_wconf 90' lang='lat' dir='ltr'><strong>sanctus</strong></span> <span class='ocrx_word' id='word_1_434' title='bbox 2403 1987 2537 2040; x_wconf 89' lang='lat' dir='ltr'><strong>hora</strong></span> <span class='ocrx_word' id='word_1_435' title='bbox 2578 1985 2762 2046; x_wconf 83' lang='lat' dir='ltr'><strong>tertia,</strong></span> <span class='ocrx_word' id='word_1_436' title='bbox 2794 1984 2896 2037; x_wconf 91' lang='lat' dir='ltr'><strong>hoc</strong></span> <span class='ocrx_word' id='word_1_437' title='bbox 2944 1990 3048 2043; x_wconf 91' lang='lat' dir='ltr'><strong>est,</strong></span> <span class='ocrx_word' id='word_1_438' title='bbox 3078 1996 3176 2035; x_wconf 92' lang='lat' dir='ltr'><strong>suo</strong></span> <span class='ocrx_word' id='word_1_439' title='bbox 3211 1980 3329 2034; x_wconf 92' lang='lat' dir='ltr'><strong>loco</strong></span> <span class='ocrx_word' id='word_1_440' title='bbox 3385 1987 3440 2032; x_wconf 89' lang='lat' dir='ltr'><strong>et</strong></span> 
     </span>
    </p>
   </div>
   <div class='ocr_carea' id='block_1_62' title="bbox 1857 2071 3440 2147">
    <p class='ocr_par' dir='ltr' id='par_1_62' title="bbox 1857 2071 3440 2147">
     <span class='ocr_line' id='line_1_62' title="bbox 1857 2071 3440 2147; baseline -0.006 -13"><span class='ocrx_word' id='word_1_441' title='bbox 1857 2094 2080 2134; x_wconf 88' lang='lat' dir='ltr'><strong>numero</strong></span> <span class='ocrx_word' id='word_1_442' title='bbox 2105 2087 2159 2134; x_wconf 90' lang='lat' dir='ltr'><strong>et</strong></span> <span class='ocrx_word' id='word_1_443' title='bbox 2190 2087 2432 2147; x_wconf 89' lang='lat' dir='ltr'><strong>tempore</strong></span> <span class='ocrx_word' id='word_1_444' title='bbox 2462 2076 2742 2131; x_wconf 87' lang='lat' dir='ltr'><strong>descendit</strong></span> <span class='ocrx_word' id='word_1_445' title='bbox 2772 2075 2838 2127; x_wconf 90' lang='lat' dir='ltr'><strong>ad</strong></span> <span class='ocrx_word' id='word_1_446' title='bbox 2885 2082 3080 2134; x_wconf 88' lang='lat' dir='ltr'><strong>terras,</strong></span> <span class='ocrx_word' id='word_1_447' title='bbox 3119 2071 3440 2140; x_wconf 90' lang='lat' dir='ltr'><strong>impleturus</strong></span> 
     </span>
    </p>
   </div>
   <div class='ocr_carea' id='block_1_63' title="bbox 1856 2161 3443 2242">
    <p class='ocr_par' dir='ltr' id='par_1_63' title="bbox 1856 2161 3443 2242">
     <span class='ocr_line' id='line_1_63' title="bbox 1856 2161 3443 2242; baseline -0.007 -17"><span class='ocrx_word' id='word_1_448' title='bbox 1856 2172 2087 2242; x_wconf 79' lang='lat' dir='ltr'><strong>gratiam</strong></span> <span class='ocrx_word' id='word_1_449' title='bbox 2120 2185 2280 2238; x_wconf 90' lang='lat' dir='ltr'><strong>quam</strong></span> <span class='ocrx_word' id='word_1_450' title='bbox 2309 2169 2559 2222; x_wconf 79' lang='lat' dir='ltr'><strong>Christus</strong></span> <span class='ocrx_word' id='word_1_451' title='bbox 2588 2164 2855 2236; x_wconf 74' lang='lat' dir='ltr'><strong>promisit.</strong></span> <span class='ocrx_word' id='word_1_452' title='bbox 2884 2163 3020 2217; x_wconf 87' lang='lat' dir='ltr'><strong>Nam</strong></span> <span class='ocrx_word' id='word_1_453' title='bbox 3045 2171 3099 2216; x_wconf 90' lang='lat' dir='ltr'><strong>et</strong></span> <span class='ocrx_word' id='word_1_454' title='bbox 3123 2169 3275 2216; x_wconf 82' lang='lat' dir='ltr'><strong>sexta</strong></span> <span class='ocrx_word' id='word_1_455' title='bbox 3309 2161 3443 2215; x_wconf 88' lang='lat' dir='ltr'><strong>hora</strong></span> 
     </span>
    </p>
   </div>
   <div class='ocr_carea' id='block_1_64' title="bbox 1855 2253 3439 2329">
    <p class='ocr_par' dir='ltr' id='par_1_64' title="bbox 1855 2253 3439 2329">
     <span class='ocr_line' id='line_1_64' title="bbox 1855 2253 3439 2329; baseline -0.009 -11"><span class='ocrx_word' id='word_1_456' title='bbox 1855 2264 2104 2318; x_wconf 88' lang='lat' dir='ltr'><strong>Christus</strong></span> <span class='ocrx_word' id='word_1_457' title='bbox 2155 2277 2382 2329; x_wconf 88' lang='lat' dir='ltr'><strong>passus,</strong></span> <span class='ocrx_word' id='word_1_458' title='bbox 2439 2259 2492 2312; x_wconf 89' lang='lat' dir='ltr'><strong>in</strong></span> <span class='ocrx_word' id='word_1_459' title='bbox 2543 2273 2738 2311; x_wconf 89' lang='lat' dir='ltr'><strong>nonam</strong></span> <span class='ocrx_word' id='word_1_460' title='bbox 2787 2255 3012 2325; x_wconf 88' lang='lat' dir='ltr'><strong>patibuli</strong></span> <span class='ocrx_word' id='word_1_461' title='bbox 3072 2253 3439 2306; x_wconf 87' lang='lat' dir='ltr'><strong>cruciamenta</strong></span> 
     </span>
    </p>
   </div>
   <div class='ocr_carea' id='block_1_65' title="bbox 1855 2345 3438 2422">
    <p class='ocr_par' dir='ltr' id='par_1_65' title="bbox 1855 2345 3438 2422">
     <span class='ocr_line' id='line_1_65' title="bbox 1855 2345 3438 2422; baseline -0.008 -15"><span class='ocrx_word' id='word_1_462' title='bbox 1855 2354 2118 2422; x_wconf 78' lang='lat' dir='ltr'><strong>porrexit.</strong></span> <span class='ocrx_word' id='word_1_463' title='bbox 2156 2352 2271 2404; x_wconf 89' lang='lat' dir='ltr'><strong>Tali</strong></span> <span class='ocrx_word' id='word_1_464' title='bbox 2303 2352 2446 2405; x_wconf 91' lang='lat' dir='ltr'><strong>enim</strong></span> <span class='ocrx_word' id='word_1_465' title='bbox 2479 2358 2823 2403; x_wconf 88' lang='lat' dir='ltr'><strong>sacramento</strong></span> <span class='ocrx_word' id='word_1_466' title='bbox 2845 2347 3101 2414; x_wconf 74' lang='lat' dir='ltr'><strong>legitimis</strong></span> <span class='ocrx_word' id='word_1_467' title='bbox 3130 2345 3195 2397; x_wconf 89' lang='lat' dir='ltr'><strong>ad</strong></span> <span class='ocrx_word' id='word_1_468' title='bbox 3223 2356 3438 2412; x_wconf 89' lang='lat' dir='ltr'><strong>precem</strong></span> 
     </span>
    </p>
   </div>
   <div class='ocr_carea' id='block_1_66' title="bbox 1858 2425 3439 2515">
    <p class='ocr_par' dir='ltr' id='par_1_66' title="bbox 1858 2425 3439 2515">
     <span class='ocr_line' id='line_1_66' title="bbox 1858 2425 3439 2515; baseline -0.009 -14"><span class='ocrx_word' id='word_1_469' title='bbox 1858 2446 2193 2515; x_wconf 88' lang='lat' dir='ltr'><strong>temporibus</strong></span> <span class='ocrx_word' id='word_1_470' title='bbox 2220 2459 2317 2512; x_wconf 89' lang='lat' dir='ltr'><strong>per</strong></span> <span class='ocrx_word' id='word_1_471' title='bbox 2361 2451 2544 2495; x_wconf 82' lang='lat' dir='ltr'><strong>ternas</strong></span> <span class='ocrx_word' id='word_1_472' title='bbox 2588 2441 2750 2494; x_wconf 88' lang='lat' dir='ltr'><strong>horas</strong></span> <span class='ocrx_word' id='word_1_473' title='bbox 2799 2439 3084 2493; x_wconf 86' lang='lat' dir='ltr'><strong>Trinitatis</strong></span> <span class='ocrx_word' id='word_1_474' title='bbox 3139 2425 3439 2506; x_wconf 83' lang='lat' dir='ltr'><strong>perfectio,</strong></span> 
     </span>
    </p>
   </div>
   <div class='ocr_carea' id='block_1_67' title="bbox 1859 2525 3443 2596">
    <p class='ocr_par' dir='ltr' id='par_1_67' title="bbox 1859 2525 3443 2596">
     <span class='ocr_line' id='line_1_67' title="bbox 1859 2525 3443 2596; baseline -0.009 -7"><span class='ocrx_word' id='word_1_475' title='bbox 1859 2544 1951 2589; x_wconf 90' lang='lat' dir='ltr'><strong>aut</strong></span> <span class='ocrx_word' id='word_1_476' title='bbox 1989 2535 2237 2587; x_wconf 89' lang='lat' dir='ltr'><strong>laudatur</strong></span> <span class='ocrx_word' id='word_1_477' title='bbox 2285 2529 2712 2591; x_wconf 73' lang='lat' dir='ltr'><strong>celebritatibus,</strong></span> <span class='ocrx_word' id='word_1_478' title='bbox 2765 2536 2857 2581; x_wconf 92' lang='lat' dir='ltr'><strong>aut</strong></span> <span class='ocrx_word' id='word_1_479' title='bbox 2892 2527 3146 2596; x_wconf 89' lang='lat' dir='ltr'><strong>precibus</strong></span> <span class='ocrx_word' id='word_1_480' title='bbox 3187 2525 3443 2593; x_wconf 80' lang='lat' dir='ltr'><strong>impetra-</strong></span> 
     </span>
    </p>
   </div>
   <div class='ocr_carea' id='block_1_68' title="bbox 1861 2614 3447 2688">
    <p class='ocr_par' dir='ltr' id='par_1_68' title="bbox 1861 2614 3447 2688">
     <span class='ocr_line' id='line_1_68' title="bbox 1861 2614 3447 2688; baseline -0.009 -9"><span class='ocrx_word' id='word_1_481' title='bbox 1861 2634 1967 2680; x_wconf 90' lang='lat' dir='ltr'><strong>tur.</strong></span> <span class='ocrx_word' id='word_1_482' title='bbox 2014 2625 2167 2678; x_wconf 89' lang='lat' dir='ltr'><strong>Licet</strong></span> <span class='ocrx_word' id='word_1_483' title='bbox 2209 2622 2338 2676; x_wconf 91' lang='lat' dir='ltr'><strong>etsi</strong></span> <span class='ocrx_word' id='word_1_484' title='bbox 2382 2627 2724 2688; x_wconf 88' lang='lat' dir='ltr'><strong>computetur</strong></span> <span class='ocrx_word' id='word_1_485' title='bbox 2752 2617 2946 2670; x_wconf 91' lang='lat' dir='ltr'><strong>diurna</strong></span> <span class='ocrx_word' id='word_1_486' title='bbox 2994 2614 3300 2676; x_wconf 85' lang='lat' dir='ltr'><strong>celebritas,</strong></span> <span class='ocrx_word' id='word_1_487' title='bbox 3349 2626 3447 2682; x_wconf 83' lang='lat' dir='ltr'><strong>per</strong></span> 
     </span>
    </p>
   </div>
   <div class='ocr_carea' id='block_1_69' title="bbox 1863 2707 3447 2789">
    <p class='ocr_par' dir='ltr' id='par_1_69' title="bbox 1863 2707 3447 2789">
     <span class='ocr_line' id='line_1_69' title="bbox 1863 2707 3447 2789; baseline -0.008 -18"><span class='ocrx_word' id='word_1_488' title='bbox 1863 2716 2266 2789; x_wconf 57' lang='lat' dir='ltr'><strong>quaternarium</strong></span> <span class='ocrx_word' id='word_1_489' title='bbox 2296 2729 2466 2782; x_wconf 80' lang='lat' dir='ltr'><strong>usque</strong></span> <span class='ocrx_word' id='word_1_490' title='bbox 2490 2715 2542 2767; x_wconf 94' lang='lat' dir='ltr'><strong>in</strong></span> <span class='ocrx_word' id='word_1_491' title='bbox 2573 2711 2940 2781; x_wconf 89' lang='lat' dir='ltr'><strong>vespertinum</strong></span> <span class='ocrx_word' id='word_1_492' title='bbox 2969 2707 3342 2771; x_wconf 83' lang='lat' dir='ltr'><strong>oilicium,hoc</strong></span> <span class='ocrx_word' id='word_1_493' title='bbox 3357 2713 3447 2759; x_wconf 86' lang='lat' dir='ltr'><strong>est</strong></span> 
     </span>
    </p>
   </div>
   <div class='ocr_carea' id='block_1_70' title="bbox 1859 2796 3439 2883">
    <p class='ocr_par' dir='ltr' id='par_1_70' title="bbox 1859 2796 3439 2883">
     <span class='ocr_line' id='line_1_70' title="bbox 1859 2796 3439 2883; baseline -0.011 -17"><span class='ocrx_word' id='word_1_494' title='bbox 1859 2822 2053 2883; x_wconf 84' lang='lat' dir='ltr'><strong>quater</strong></span> <span class='ocrx_word' id='word_1_495' title='bbox 2077 2810 2246 2864; x_wconf 86' lang='lat' dir='ltr'><strong>ternis</strong></span> <span class='ocrx_word' id='word_1_496' title='bbox 2271 2806 2624 2877; x_wconf 59' lang='lat' dir='ltr'><strong>signiﬁedur.</strong></span> <span class='ocrx_word' id='word_1_497' title='bbox 2669 2803 2792 2871; x_wconf 88' lang='lat' dir='ltr'><strong>quia</strong></span> <span class='ocrx_word' id='word_1_498' title='bbox 2833 2801 3066 2855; x_wconf 89' lang='lat' dir='ltr'><strong>mundus</strong></span> <span class='ocrx_word' id='word_1_499' title='bbox 3104 2796 3439 2867; x_wconf 86' lang='lat' dir='ltr'><strong>quadrifario</strong></span> 
     </span>
    </p>
   </div>
   <div class='ocr_carea' id='block_1_71' title="bbox 1861 2889 3444 2964">
    <p class='ocr_par' dir='ltr' id='par_1_71' title="bbox 1861 2889 3444 2964">
     <span class='ocr_line' id='line_1_71' title="bbox 1861 2889 3444 2964; baseline -0.01 -7"><span class='ocrx_word' id='word_1_500' title='bbox 1861 2904 2086 2964; x_wconf 87' lang='lat' dir='ltr'><strong>divisus,</strong></span> <span class='ocrx_word' id='word_1_501' title='bbox 2117 2902 2169 2954; x_wconf 94' lang='lat' dir='ltr'><strong>in</strong></span> <span class='ocrx_word' id='word_1_502' title='bbox 2211 2899 2474 2952; x_wconf 67' lang='lat' dir='ltr'><strong>Trinitat0</strong></span> <span class='ocrx_word' id='word_1_503' title='bbox 2502 2895 2758 2949; x_wconf 79' lang='lat' dir='ltr'><strong>salvatus.</strong></span> <span class='ocrx_word' id='word_1_504' title='bbox 2795 2892 3073 2960; x_wconf 79' lang='lat' dir='ltr'><strong>Siquidem</strong></span> <span class='ocrx_word' id='word_1_505' title='bbox 3105 2899 3160 2944; x_wconf 88' lang='lat' dir='ltr'><strong>et</strong></span> <span class='ocrx_word' id='word_1_506' title='bbox 3203 2889 3256 2942; x_wconf 93' lang='lat' dir='ltr'><strong>in</strong></span> <span class='ocrx_word' id='word_1_507' title='bbox 3285 2897 3444 2941; x_wconf 86' lang='lat' dir='ltr'><strong>nocte</strong></span> 
     </span>
    </p>
   </div>
   <div class='ocr_carea' id='block_1_72' title="bbox 1859 2976 3444 3054">
    <p class='ocr_par' dir='ltr' id='par_1_72' title="bbox 1859 2976 3444 3054">
     <span class='ocr_line' id='line_1_72' title="bbox 1859 2976 3444 3054; baseline -0.011 -7"><span class='ocrx_word' id='word_1_508' title='bbox 1859 2993 2126 3047; x_wconf 87' lang='lat' dir='ltr'><strong>stationes</strong></span> <span class='ocrx_word' id='word_1_509' title='bbox 2152 2989 2349 3054; x_wconf 64' lang='lat' dir='ltr'><strong>vigiliae</strong></span> <span class='ocrx_word' id='word_1_510' title='bbox 2393 2985 2641 3040; x_wconf 86' lang='lat' dir='ltr'><strong>militaris</strong></span> <span class='ocrx_word' id='word_1_511' title='bbox 2675 2984 2727 3036; x_wconf 92' lang='lat' dir='ltr'><strong>in</strong></span> <span class='ocrx_word' id='word_1_512' title='bbox 2769 2991 3002 3051; x_wconf 89' lang='lat' dir='ltr'><strong>quatuor</strong></span> <span class='ocrx_word' id='word_1_513' title='bbox 3032 2987 3210 3049; x_wconf 85' lang='lat' dir='ltr'><strong>partes</strong></span> <span class='ocrx_word' id='word_1_514' title='bbox 3239 2976 3444 3040; x_wconf 69' lang='lat' dir='ltr'><strong>divism,</strong></span> 
     </span>
    </p>
   </div>
   <div class='ocr_carea' id='block_1_73' title="bbox 1865 3065 3450 3146">
    <p class='ocr_par' dir='ltr' id='par_1_73' title="bbox 1865 3065 3450 3146">
     <span class='ocr_line' id='line_1_73' title="bbox 1865 3065 3450 3146; baseline -0.009 -11"><span class='ocrx_word' id='word_1_515' title='bbox 1865 3082 2034 3135; x_wconf 76' lang='lat' dir='ltr'><strong>turnis</strong></span> <span class='ocrx_word' id='word_1_516' title='bbox 2081 3083 2339 3134; x_wconf 90' lang='lat' dir='ltr'><strong>horarum</strong></span> <span class='ocrx_word' id='word_1_517' title='bbox 2382 3076 2572 3146; x_wconf 87' lang='lat' dir='ltr'><strong>spatiis</strong></span> <span class='ocrx_word' id='word_1_518' title='bbox 2604 3079 2984 3132; x_wconf 84' lang='lat' dir='ltr'><strong>secernuntur,</strong></span> <span class='ocrx_word' id='word_1_519' title='bbox 3032 3077 3093 3122; x_wconf 91' lang='lat' dir='ltr'><strong>ut</strong></span> <span class='ocrx_word' id='word_1_520' title='bbox 3127 3075 3181 3121; x_wconf 90' lang='lat' dir='ltr'><strong>et</strong></span> <span class='ocrx_word' id='word_1_521' title='bbox 3211 3067 3263 3120; x_wconf 91' lang='lat' dir='ltr'><strong>in</strong></span> <span class='ocrx_word' id='word_1_522' title='bbox 3319 3065 3450 3134; x_wconf 83' lang='lat' dir='ltr'><strong>ipsis</strong></span> 
     </span>
    </p>
   </div>
   <div class='ocr_carea' id='block_1_74' title="bbox 1865 3157 3440 3233">
    <p class='ocr_par' dir='ltr' id='par_1_74' title="bbox 1865 3157 3440 3233">
     <span class='ocr_line' id='line_1_74' title="bbox 1865 3157 3440 3233; baseline -0.011 -6"><span class='ocrx_word' id='word_1_523' title='bbox 1865 3172 2150 3227; x_wconf 88' lang='lat' dir='ltr'><strong>nocturnis</strong></span> <span class='ocrx_word' id='word_1_524' title='bbox 2201 3167 2672 3233; x_wconf 89' lang='lat' dir='ltr'><strong>mundialibusque</strong></span> <span class='ocrx_word' id='word_1_525' title='bbox 2717 3160 2909 3216; x_wconf 80' lang='lat' dir='ltr'><strong>oliiciis</strong></span> <span class='ocrx_word' id='word_1_526' title='bbox 2939 3157 3222 3213; x_wconf 90' lang='lat' dir='ltr'><strong>Trinitatis</strong></span> <span class='ocrx_word' id='word_1_527' title='bbox 3251 3162 3440 3226; x_wconf 61' lang='lat' dir='ltr'><strong>mysteo</strong></span> 
     </span>
    </p>
   </div>
   <div class='ocr_carea' id='block_1_75' title="bbox 1870 3264 2358 3318">
    <p class='ocr_par' dir='ltr' id='par_1_75' title="bbox 1870 3264 2358 3318">
     <span class='ocr_line' id='line_1_75' title="bbox 1870 3264 2358 3318; baseline -0.01 0"><span class='ocrx_word' id='word_1_528' title='bbox 1870 3264 2015 3318; x_wconf 86' lang='lat' dir='ltr'><strong>rium</strong></span> <span class='ocrx_word' id='word_1_529' title='bbox 2045 3270 2358 3316; x_wconf 87' lang='lat' dir='ltr'><strong>veneretur.</strong></span> 
     </span>
    </p>
   </div>
   <div class='ocr_carea' id='block_1_76' title="bbox 2373 3341 2913 3404">
    <p class='ocr_par' dir='ltr' id='par_1_76' title="bbox 2373 3341 2913 3404">
     <span class='ocr_line' id='line_1_76' title="bbox 2373 3341 2913 3404; baseline -0.017 0"><span class='ocrx_word' id='word_1_530' title='bbox 2373 3346 2603 3404; x_wconf 80' lang='lat' dir='ltr'><strong>CAPUT</strong></span> <span class='ocrx_word' id='word_1_531' title='bbox 2659 3341 2913 3398; x_wconf 76' lang='lat' dir='ltr'><strong>CXXVII.</strong></span> 
     </span>
    </p>
   </div>
   <div class='ocr_carea' id='block_1_77' title="bbox 2428 3435 2871 3505">
    <p class='ocr_par' dir='ltr' id='par_1_77' title="bbox 2428 3435 2871 3505">
     <span class='ocr_line' id='line_1_77' title="bbox 2428 3435 2871 3505; baseline -0.016 -11"><span class='ocrx_word' id='word_1_532' title='bbox 2428 3440 2506 3493; x_wconf 85' lang='lat' dir='ltr'><strong>De</strong></span> <span class='ocrx_word' id='word_1_533' title='bbox 2548 3435 2871 3505; x_wconf 72' lang='lat' dir='ltr'><strong>vespertinis.</strong></span> 
     </span>
    </p>
   </div>
   <div class='ocr_carea' id='block_1_78' title="bbox 1932 3517 3449 3604">
    <p class='ocr_par' dir='ltr' id='par_1_78' title="bbox 1932 3517 3449 3604">
     <span class='ocr_line' id='line_1_78' title="bbox 1932 3517 3449 3604; baseline -0.013 -15"><span class='ocrx_word' id='word_1_534' title='bbox 1932 3532 2312 3604; x_wconf 89' lang='lat' dir='ltr'><strong>Vespertinum</strong></span> <span class='ocrx_word' id='word_1_535' title='bbox 2358 3529 2536 3587; x_wconf 88' lang='lat' dir='ltr'><strong>diurni</strong></span> <span class='ocrx_word' id='word_1_536' title='bbox 2568 3527 2690 3580; x_wconf 82' lang='lat' dir='ltr'><strong>ﬁnis</strong></span> <span class='ocrx_word' id='word_1_537' title='bbox 2726 3523 2983 3586; x_wconf 78' lang='lat' dir='ltr'><strong>cilicium,</strong></span> <span class='ocrx_word' id='word_1_538' title='bbox 3031 3527 3086 3576; x_wconf 89' lang='lat' dir='ltr'><strong>et</strong></span> <span class='ocrx_word' id='word_1_539' title='bbox 3115 3518 3338 3574; x_wconf 73' lang='lat' dir='ltr'><strong>alternae</strong></span> <span class='ocrx_word' id='word_1_540' title='bbox 3369 3517 3449 3570; x_wconf 92' lang='lat' dir='ltr'><strong>lu-</strong></span> 
     </span>
    </p>
   </div>
   <div class='ocr_carea' id='block_1_79' title="bbox 1862 3609 3450 3694">
    <p class='ocr_par' dir='ltr' id='par_1_79' title="bbox 1862 3609 3450 3694">
     <span class='ocr_line' id='line_1_79' title="bbox 1862 3609 3450 3694; baseline -0.014 -10"><span class='ocrx_word' id='word_1_541' title='bbox 1862 3629 1940 3684; x_wconf 91' lang='lat' dir='ltr'><strong>cis</strong></span> <span class='ocrx_word' id='word_1_542' title='bbox 1967 3638 2190 3682; x_wconf 91' lang='lat' dir='ltr'><strong>occasus</strong></span> <span class='ocrx_word' id='word_1_543' title='bbox 2212 3634 2316 3687; x_wconf 92' lang='lat' dir='ltr'><strong>cst,</strong></span> <span class='ocrx_word' id='word_1_544' title='bbox 2334 3621 2486 3690; x_wconf 88' lang='lat' dir='ltr'><strong>cujus</strong></span> <span class='ocrx_word' id='word_1_545' title='bbox 2518 3636 2583 3675; x_wconf 81' lang='lat' dir='ltr'><strong>ex</strong></span> <span class='ocrx_word' id='word_1_546' title='bbox 2617 3617 2798 3694; x_wconf 80' lang='lat' dir='ltr'><strong>Veteri</strong></span> <span class='ocrx_word' id='word_1_547' title='bbox 2825 3616 3174 3670; x_wconf 86' lang='lat' dir='ltr'><strong>Testamento</strong></span> <span class='ocrx_word' id='word_1_548' title='bbox 3195 3609 3450 3666; x_wconf 85' lang='lat' dir='ltr'><strong>solemnis</strong></span> 
     </span>
    </p>
   </div>
   <div class='ocr_carea' id='block_1_80' title="bbox 1864 3704 3451 3788">
    <p class='ocr_par' dir='ltr' id='par_1_80' title="bbox 1864 3704 3451 3788">
     <span class='ocr_line' id='line_1_80' title="bbox 1864 3704 3451 3788; baseline -0.014 -12"><span class='ocrx_word' id='word_1_549' title='bbox 1864 3730 1945 3776; x_wconf 88' lang='lat' dir='ltr'><strong>est</strong></span> <span class='ocrx_word' id='word_1_550' title='bbox 1969 3719 2284 3775; x_wconf 89' lang='lat' dir='ltr'><strong>celebratio.</strong></span> <span class='ocrx_word' id='word_1_551' title='bbox 2320 3715 2477 3788; x_wconf 83' lang='lat' dir='ltr'><strong>(Isid.</strong></span> <span class='ocrx_word' id='word_1_552' title='bbox 2509 3712 2728 3776; x_wconf 89' lang='lat' dir='ltr'><strong>ibid.,c.</strong></span> <span class='ocrx_word' id='word_1_553' title='bbox 2752 3706 2866 3778; x_wconf 70' lang='lat'><strong>20.)</strong></span> <span class='ocrx_word' id='word_1_554' title='bbox 2901 3705 3143 3773; x_wconf 90' lang='lat' dir='ltr'><strong>Denique</strong></span> <span class='ocrx_word' id='word_1_555' title='bbox 3177 3704 3281 3758; x_wconf 88' lang='lat' dir='ltr'><strong>hoc</strong></span> <span class='ocrx_word' id='word_1_556' title='bbox 3311 3712 3451 3755; x_wconf 81' lang='lat' dir='ltr'><strong>tem-</strong></span> 
     </span>
    </p>
   </div>
   <div class='ocr_carea' id='block_1_81' title="bbox 1859 3790 3452 3882">
    <p class='ocr_par' dir='ltr' id='par_1_81' title="bbox 1859 3790 3452 3882">
     <span class='ocr_line' id='line_1_81' title="bbox 1859 3790 3452 3882; baseline -0.014 -17"><span class='ocrx_word' id='word_1_557' title='bbox 1859 3826 1993 3882; x_wconf 89' lang='lat' dir='ltr'><strong>pore</strong></span> <span class='ocrx_word' id='word_1_558' title='bbox 2039 3822 2281 3863; x_wconf 87' lang='lat' dir='ltr'><strong>veterum</strong></span> <span class='ocrx_word' id='word_1_559' title='bbox 2334 3804 2605 3861; x_wconf 81' lang='lat' dir='ltr'><strong>sacrificia</strong></span> <span class='ocrx_word' id='word_1_560' title='bbox 2645 3799 2847 3861; x_wconf 77' lang='lat' dir='ltr'><strong>offerri,</strong></span> <span class='ocrx_word' id='word_1_561' title='bbox 2896 3795 3214 3863; x_wconf 88' lang='lat' dir='ltr'><strong>adolerique</strong></span> <span class='ocrx_word' id='word_1_562' title='bbox 3259 3790 3452 3862; x_wconf 86' lang='lat' dir='ltr'><strong>altario</strong></span> 
     </span>
    </p>
   </div>
   <div class='ocr_carea' id='block_1_82' title="bbox 1864 3882 3452 3957">
    <p class='ocr_par' dir='ltr' id='par_1_82' title="bbox 1864 3882 3452 3957">
     <span class='ocr_line' id='line_1_82' title="bbox 1864 3882 3452 3957; baseline -0.014 -1"><span class='ocrx_word' id='word_1_563' title='bbox 1864 3909 2106 3957; x_wconf 87' lang='lat' dir='ltr'><strong>aromata</strong></span> <span class='ocrx_word' id='word_1_564' title='bbox 2152 3906 2207 3954; x_wconf 91' lang='lat' dir='ltr'><strong>et</strong></span> <span class='ocrx_word' id='word_1_565' title='bbox 2240 3898 2398 3952; x_wconf 89' lang='lat' dir='ltr'><strong>thura</strong></span> <span class='ocrx_word' id='word_1_566' title='bbox 2436 3909 2556 3948; x_wconf 92' lang='lat' dir='ltr'><strong>mos</strong></span> <span class='ocrx_word' id='word_1_567' title='bbox 2603 3899 2739 3946; x_wconf 89' lang='lat' dir='ltr'><strong>erat.</strong></span> <span class='ocrx_word' id='word_1_568' title='bbox 2775 3887 2956 3942; x_wconf 90' lang='lat' dir='ltr'><strong>Testis</strong></span> <span class='ocrx_word' id='word_1_569' title='bbox 2982 3893 3068 3940; x_wconf 90' lang='lat' dir='ltr'><strong>est</strong></span> <span class='ocrx_word' id='word_1_570' title='bbox 3111 3882 3452 3955; x_wconf 85' lang='lat' dir='ltr'><strong>hymnidicus</strong></span> 
     </span>
    </p>
   </div>
   <div class='ocr_carea' id='block_1_83' title="bbox 1865 3972 3448 4061">
    <p class='ocr_par' dir='ltr' id='par_1_83' title="bbox 1865 3972 3448 4061">
     <span class='ocr_line' id='line_1_83' title="bbox 1865 3972 3448 4061; baseline -0.016 -12"><span class='ocrx_word' id='word_1_571' title='bbox 1865 3994 1974 4056; x_wconf 87' lang='lat' dir='ltr'><strong>ille,</strong></span> <span class='ocrx_word' id='word_1_572' title='bbox 2005 3991 2154 4061; x_wconf 76' lang='lat' dir='ltr'><strong>regio</strong></span> <span class='ocrx_word' id='word_1_573' title='bbox 2196 4005 2260 4044; x_wconf 90' lang='lat' dir='ltr'><strong>ac</strong></span> <span class='ocrx_word' id='word_1_574' title='bbox 2292 3983 2610 4042; x_wconf 89' lang='lat' dir='ltr'><strong>sacerdotali</strong></span> <span class='ocrx_word' id='word_1_575' title='bbox 2640 3980 2957 4054; x_wconf 82' lang='lat' dir='ltr'><strong>perfunctus</strong></span> <span class='ocrx_word' id='word_1_576' title='bbox 2984 3974 3181 4038; x_wconf 83' lang='lat' dir='ltr'><strong>ollicio,</strong></span> <span class='ocrx_word' id='word_1_577' title='bbox 3216 3972 3402 4027; x_wconf 88' lang='lat' dir='ltr'><strong>dicens</strong></span> <span class='ocrx_word' id='word_1_578' title='bbox 3432 3985 3448 4025; x_wconf 90' lang='lat'><strong>:</strong></span> 
     </span>
    </p>
   </div>
   <div class='ocr_carea' id='block_1_84' title="bbox 1866 4069 3447 4154">
    <p class='ocr_par' dir='ltr' id='par_1_84' title="bbox 1866 4069 3447 4154">
     <span class='ocr_line' id='line_1_84' title="bbox 1866 4069 3447 4154; baseline -0.017 -15"><span class='ocrx_word' id='word_1_579' title='bbox 1866 4085 2141 4154; x_wconf 84' lang='lat' dir='ltr'><strong>Dirigatur</strong></span> <span class='ocrx_word' id='word_1_580' title='bbox 2163 4080 2333 4134; x_wconf 85' lang='lat' dir='ltr'><strong>oratio</strong></span> <span class='ocrx_word' id='word_1_581' title='bbox 2362 4094 2474 4131; x_wconf 89' lang='lat' dir='ltr'><strong>mea</strong></span> <span class='ocrx_word' id='word_1_582' title='bbox 2497 4077 2630 4128; x_wconf 85' lang='lat' dir='ltr'><strong>sicut</strong></span> <span class='ocrx_word' id='word_1_583' title='bbox 2659 4075 2925 4126; x_wconf 87' lang='lat' dir='ltr'><strong>incensum</strong></span> <span class='ocrx_word' id='word_1_584' title='bbox 2947 4069 3002 4122; x_wconf 90' lang='lat' dir='ltr'><strong>in</strong></span> <span class='ocrx_word' id='word_1_585' title='bbox 3027 4073 3304 4133; x_wconf 80' lang='lat' dir='ltr'><strong>conspectu</strong></span> <span class='ocrx_word' id='word_1_586' title='bbox 3333 4071 3447 4122; x_wconf 86' lang='lat' dir='ltr'><strong>tuo:</strong></span> 
     </span>
    </p>
   </div>
   <div class='ocr_carea' id='block_1_85' title="bbox 1866 4161 3454 4232">
    <p class='ocr_par' dir='ltr' id='par_1_85' title="bbox 1866 4161 3454 4232">
     <span class='ocr_line' id='line_1_85' title="bbox 1866 4161 3454 4232; baseline -0.019 0"><span class='ocrx_word' id='word_1_587' title='bbox 1866 4175 2082 4232; x_wconf 82' lang='lat' dir='ltr'><strong>elevatio</strong></span> <span class='ocrx_word' id='word_1_588' title='bbox 2153 4186 2405 4225; x_wconf 85' lang='lat' dir='ltr'><strong>manuum</strong></span> <span class='ocrx_word' id='word_1_589' title='bbox 2455 4181 2688 4220; x_wconf 87' lang='lat' dir='ltr'><strong>mearum</strong></span> <span class='ocrx_word' id='word_1_590' title='bbox 2734 4161 3053 4228; x_wconf 82' lang='lat' dir='ltr'><strong>sacri/icium</strong></span> <span class='ocrx_word' id='word_1_591' title='bbox 3108 4163 3454 4221; x_wconf 78' lang='lat' dir='ltr'><strong>vespertinum</strong></span> 
     </span>
    </p>
   </div>
   <div class='ocr_carea' id='block_1_86' title="bbox 1869 4245 3452 4336">
    <p class='ocr_par' dir='ltr' id='par_1_86' title="bbox 1869 4245 3452 4336">
     <span class='ocr_line' id='line_1_86' title="bbox 1869 4245 3452 4336; baseline -0.017 -16"><span class='ocrx_word' id='word_1_592' title='bbox 1869 4265 2067 4336; x_wconf 62' lang='lat' dir='ltr'><strong>(Exod.</strong></span> <span class='ocrx_word' id='word_1_593' title='bbox 2103 4279 2202 4326; x_wconf 79' lang='lat' dir='ltr'><strong>xx;</strong></span> <span class='ocrx_word' id='word_1_594' title='bbox 2243 4260 2386 4315; x_wconf 83' lang='lat' dir='ltr'><strong>Psal.</strong></span> <span class='ocrx_word' id='word_1_595' title='bbox 2417 4257 2560 4324; x_wconf 68' lang='lat' dir='ltr'><strong>CXL).</strong></span> <span class='ocrx_word' id='word_1_596' title='bbox 2591 4256 2646 4308; x_wconf 92' lang='lat' dir='ltr'><strong>In</strong></span> <span class='ocrx_word' id='word_1_597' title='bbox 2679 4252 2830 4306; x_wconf 86' lang='lat' dir='ltr'><strong>Novo</strong></span> <span class='ocrx_word' id='word_1_598' title='bbox 2868 4262 3082 4319; x_wconf 90' lang='lat' dir='ltr'><strong>quoque</strong></span> <span class='ocrx_word' id='word_1_599' title='bbox 3105 4245 3452 4308; x_wconf 84' lang='lat' dir='ltr'><strong>Testamento</strong></span> 
     </span>
    </p>
   </div>
   <div class='ocr_carea' id='block_1_87' title="bbox 1868 4343 3430 4423">
    <p class='ocr_par' dir='ltr' id='par_1_87' title="bbox 1868 4343 3430 4423">
     <span class='ocr_line' id='line_1_87' title="bbox 1868 4343 3430 4423; baseline -0.017 -13"><span class='ocrx_word' id='word_1_600' title='bbox 1868 4370 1932 4410; x_wconf 94' lang='lat' dir='ltr'><strong>eo</strong></span> <span class='ocrx_word' id='word_1_601' title='bbox 1979 4364 2218 4423; x_wconf 90' lang='lat' dir='ltr'><strong>tempore</strong></span> <span class='ocrx_word' id='word_1_602' title='bbox 2271 4351 2529 4406; x_wconf 90' lang='lat' dir='ltr'><strong>Dominus</strong></span> <span class='ocrx_word' id='word_1_603' title='bbox 2575 4353 2627 4398; x_wconf 82' lang='lat' dir='ltr'><strong>et</strong></span> <span class='ocrx_word' id='word_1_604' title='bbox 2670 4343 2920 4398; x_wconf 87' lang='lat' dir='ltr'><strong>Salvator</strong></span> <span class='ocrx_word' id='word_1_605' title='bbox 2974 4345 3188 4401; x_wconf 91' lang='lat' dir='ltr'><strong>noster,</strong></span> <span class='ocrx_word' id='word_1_606' title='bbox 3235 4347 3430 4388; x_wconf 75' lang='lat' dir='ltr'><strong>ctenan</strong></span> 
     </span>
    </p>
   </div>
   <div class='ocr_carea' id='block_1_88' title="bbox 1871 4423 3455 4515">
    <p class='ocr_par' dir='ltr' id='par_1_88' title="bbox 1871 4423 3455 4515">
     <span class='ocr_line' id='line_1_88' title="bbox 1871 4423 3455 4515; baseline -0.014 -14"><span class='ocrx_word' id='word_1_607' title='bbox 1871 4448 2015 4501; x_wconf 90' lang='lat' dir='ltr'><strong>tibus</strong></span> <span class='ocrx_word' id='word_1_608' title='bbox 2041 4443 2319 4515; x_wconf 89' lang='lat' dir='ltr'><strong>apostolis,</strong></span> <span class='ocrx_word' id='word_1_609' title='bbox 2356 4441 2674 4511; x_wconf 86' lang='lat' dir='ltr'><strong>mysterium</strong></span> <span class='ocrx_word' id='word_1_610' title='bbox 2706 4435 2786 4490; x_wconf 90' lang='lat' dir='ltr'><strong>sui</strong></span> <span class='ocrx_word' id='word_1_611' title='bbox 2819 4431 3065 4502; x_wconf 90' lang='lat' dir='ltr'><strong>corporis</strong></span> <span class='ocrx_word' id='word_1_612' title='bbox 3092 4441 3147 4485; x_wconf 89' lang='lat' dir='ltr'><strong>et</strong></span> <span class='ocrx_word' id='word_1_613' title='bbox 3176 4423 3455 4496; x_wconf 77' lang='lat' dir='ltr'><strong>sanguinis</strong></span> 
     </span>
    </p>
   </div>
   <div class='ocr_carea' id='block_1_89' title="bbox 194 4522 3453 4620">
    <p class='ocr_par' dir='ltr' id='par_1_89' title="bbox 194 4522 3453 4620">
     <span class='ocr_line' id='line_1_89' title="bbox 194 4522 3453 4620; baseline -0.012 -10"><span class='ocrx_word' id='word_1_614' title='bbox 194 4522 342 4604; x_wconf 64' lang='lat' dir='ltr'><strong>modo</strong></span> <span class='ocrx_word' id='word_1_615' title='bbox 389 4553 595 4606; x_wconf 88' lang='lat' dir='ltr'><strong>distant</strong></span> <span class='ocrx_word' id='word_1_616' title='bbox 625 4569 638 4603; x_wconf 91' lang='lat'>:</span> <span class='ocrx_word' id='word_1_617' title='bbox 671 4550 797 4620; x_wconf 92' lang='lat' dir='ltr'><strong>quia</strong></span> <span class='ocrx_word' id='word_1_618' title='bbox 853 4522 991 4604; x_wconf 80' lang='lat' dir='ltr'><strong>sicut</strong></span> <span class='ocrx_word' id='word_1_619' title='bbox 1035 4522 1322 4604; x_wconf 47' lang='lat' dir='ltr'><strong>indecens-</strong></span> <span class='ocrx_word' id='word_1_620' title='bbox 1343 4559 1456 4613; x_wconf 75' lang='lat' dir='ltr'><strong>est,</strong></span> <span class='ocrx_word' id='word_1_621' title='bbox 1507 4522 1566 4602; x_wconf 68' lang='grc' dir='ltr'><strong>ιιί</strong></span> <span class='ocrx_word' id='word_1_622' title='bbox 1612 4565 1764 4602; x_wconf 70' lang='lat' dir='ltr'><strong>arma</strong></span> <span class='ocrx_word' id='word_1_623' title='bbox 1791 4553 1844 4612; x_wconf 83' lang='grc' dir='ltr'>Ῑ)</span> <span class='ocrx_word' id='word_1_624' title='bbox 1871 4537 2026 4591; x_wconf 89' lang='lat' dir='ltr'><strong>initio</strong></span> <span class='ocrx_word' id='word_1_625' title='bbox 2066 4535 2306 4596; x_wconf 88' lang='lat' dir='ltr'><strong>tradidit,</strong></span> <span class='ocrx_word' id='word_1_626' title='bbox 2334 4543 2392 4587; x_wconf 91' lang='lat' dir='ltr'><strong>ut</strong></span> <span class='ocrx_word' id='word_1_627' title='bbox 2419 4541 2630 4599; x_wconf 88' lang='lat' dir='ltr'><strong>tempus</strong></span> <span class='ocrx_word' id='word_1_628' title='bbox 2654 4529 2826 4598; x_wconf 83' lang='lat' dir='ltr'><strong>ipsom</strong></span> <span class='ocrx_word' id='word_1_629' title='bbox 2852 4522 3134 4582; x_wconf 83' lang='lat' dir='ltr'><strong>sacriﬁcii.</strong></span> <span class='ocrx_word' id='word_1_630' title='bbox 3166 4530 3453 4620; x_wconf 77' lang='lat' dir='ltr'><strong>vesperum</strong></span> 
     </span>
    </p>
   </div>
   <div class='ocr_carea' id='block_1_90' title="bbox 195 4639 1765 4711">
    <p class='ocr_par' dir='ltr' id='par_1_90' title="bbox 195 4639 1765 4711">
     <span class='ocr_line' id='line_1_90' title="bbox 195 4639 1765 4711; baseline -0.001 -18"><span class='ocrx_word' id='word_1_631' title='bbox 195 4641 434 4696; x_wconf 86' lang='lat' dir='ltr'><strong>militaria</strong></span> <span class='ocrx_word' id='word_1_632' title='bbox 473 4655 621 4694; x_wconf 89' lang='lat' dir='ltr'><strong>more</strong></span> <span class='ocrx_word' id='word_1_633' title='bbox 665 4640 680 4692; x_wconf 92' lang='lat' dir='ltr'><strong>l</strong></span> <span class='ocrx_word' id='word_1_634' title='bbox 720 4640 925 4694; x_wconf 91' lang='lat' dir='ltr'><strong>icorum</strong></span> <span class='ocrx_word' id='word_1_635' title='bbox 971 4648 1215 4711; x_wconf 86' lang='lat' dir='ltr'><strong>gestent,</strong></span> <span class='ocrx_word' id='word_1_636' title='bbox 1249 4640 1321 4693; x_wconf 88' lang='lat' dir='ltr'><strong>ita</strong></span> <span class='ocrx_word' id='word_1_637' title='bbox 1377 4639 1633 4692; x_wconf 89' lang='lat' dir='ltr'><strong>nimirum</strong></span> <span class='ocrx_word' id='word_1_638' title='bbox 1683 4639 1765 4692; x_wconf 91' lang='lat' dir='ltr'><strong>in-</strong></span> 
     </span>
    </p>
   </div>
   <div class='ocr_carea' id='block_1_91' title="bbox 194 4729 1764 4799">
    <p class='ocr_par' dir='ltr' id='par_1_91' title="bbox 194 4729 1764 4799">
     <span class='ocr_line' id='line_1_91' title="bbox 194 4729 1764 4799; baseline 0.001 -17"><span class='ocrx_word' id='word_1_639' title='bbox 194 4729 466 4787; x_wconf 91' lang='lat' dir='ltr'><strong>honestum</strong></span> <span class='ocrx_word' id='word_1_640' title='bbox 496 4741 552 4786; x_wconf 88' lang='lat' dir='ltr'><strong>et</strong></span> <span class='ocrx_word' id='word_1_641' title='bbox 581 4731 733 4784; x_wconf 79' lang='lat' dir='ltr'><strong>valde</strong></span> <span class='ocrx_word' id='word_1_642' title='bbox 762 4731 1073 4786; x_wconf 88' lang='lat' dir='ltr'><strong>indecorum</strong></span> <span class='ocrx_word' id='word_1_643' title='bbox 1105 4741 1208 4793; x_wconf 90' lang='lat' dir='ltr'><strong>est,</strong></span> <span class='ocrx_word' id='word_1_644' title='bbox 1257 4739 1314 4784; x_wconf 91' lang='lat' dir='ltr'><strong>ut</strong></span> <span class='ocrx_word' id='word_1_645' title='bbox 1367 4730 1591 4784; x_wconf 89' lang='lat' dir='ltr'><strong>alterius</strong></span> <span class='ocrx_word' id='word_1_646' title='bbox 1633 4746 1764 4799; x_wconf 91' lang='lat' dir='ltr'><strong>pro-</strong></span> 
     </span>
    </p>
   </div>
   <div class='ocr_carea' id='block_1_92' title="bbox 194 4820 1766 4889">
    <p class='ocr_par' dir='ltr' id='par_1_92' title="bbox 194 4820 1766 4889">
     <span class='ocr_line' id='line_1_92' title="bbox 194 4820 1766 4889; baseline 0 -16"><span class='ocrx_word' id='word_1_647' title='bbox 194 4824 341 4888; x_wconf 87' lang='lat' dir='ltr'><strong>positi</strong></span> <span class='ocrx_word' id='word_1_648' title='bbox 387 4824 699 4877; x_wconf 82' lang='lat' dir='ltr'><strong>in.lumenta</strong></span> <span class='ocrx_word' id='word_1_649' title='bbox 758 4820 859 4874; x_wconf 91' lang='lat' dir='ltr'><strong>sibi</strong></span> <span class='ocrx_word' id='word_1_650' title='bbox 894 4822 1190 4889; x_wconf 88' lang='lat' dir='ltr'><strong>imponant.</strong></span> <span class='ocrx_word' id='word_1_651' title='bbox 1248 4820 1478 4873; x_wconf 80' lang='lat' dir='ltr'><strong>Habitus</strong></span> <span class='ocrx_word' id='word_1_652' title='bbox 1531 4835 1766 4888; x_wconf 90' lang='lat' dir='ltr'><strong>namque</strong></span> 
     </span>
    </p>
   </div>
   <div class='ocr_carea' id='block_1_93' title="bbox 196 4909 1764 4982">
    <p class='ocr_par' dir='ltr' id='par_1_93' title="bbox 196 4909 1764 4982">
     <span class='ocr_line' id='line_1_93' title="bbox 196 4909 1764 4982; baseline -0.003 -18"><span class='ocrx_word' id='word_1_653' title='bbox 196 4911 516 4982; x_wconf 88' lang='lat' dir='ltr'><strong>singulorum</strong></span> <span class='ocrx_word' id='word_1_654' title='bbox 545 4913 795 4967; x_wconf 88' lang='lat' dir='ltr'><strong>ordinum</strong></span> <span class='ocrx_word' id='word_1_655' title='bbox 828 4911 1032 4965; x_wconf 90' lang='lat' dir='ltr'><strong>idcirco</strong></span> <span class='ocrx_word' id='word_1_656' title='bbox 1070 4911 1123 4963; x_wconf 91' lang='lat' dir='ltr'><strong>in</strong></span> <span class='ocrx_word' id='word_1_657' title='bbox 1164 4909 1391 4963; x_wconf 72' lang='lat' dir='ltr'><strong>ecclesia</strong></span> <span class='ocrx_word' id='word_1_658' title='bbox 1423 4909 1488 4961; x_wconf 88' lang='lat' dir='ltr'><strong>ab</strong></span> <span class='ocrx_word' id='word_1_659' title='bbox 1532 4909 1764 4962; x_wconf 88' lang='lat' dir='ltr'><strong>invicem</strong></span> 
     </span>
    </p>
   </div>
   <div class='ocr_carea' id='block_1_94' title="bbox 197 5000 1762 5070">
    <p class='ocr_par' dir='ltr' id='par_1_94' title="bbox 197 5000 1762 5070">
     <span class='ocr_line' id='line_1_94' title="bbox 197 5000 1762 5070; baseline -0.001 -17"><span class='ocrx_word' id='word_1_660' title='bbox 197 5001 404 5059; x_wconf 89' lang='lat' dir='ltr'><strong>discreti</strong></span> <span class='ocrx_word' id='word_1_661' title='bbox 427 5013 575 5068; x_wconf 88' lang='lat' dir='ltr'><strong>sunt,</strong></span> <span class='ocrx_word' id='word_1_662' title='bbox 603 5013 662 5058; x_wconf 88' lang='lat' dir='ltr'><strong>ut</strong></span> <span class='ocrx_word' id='word_1_663' title='bbox 686 5004 769 5058; x_wconf 91' lang='lat' dir='ltr'><strong>his</strong></span> <span class='ocrx_word' id='word_1_664' title='bbox 795 5003 945 5065; x_wconf 90' lang='lat' dir='ltr'><strong>visis,</strong></span> <span class='ocrx_word' id='word_1_665' title='bbox 963 5000 1114 5068; x_wconf 85' lang='lat' dir='ltr'><strong>cujus</strong></span> <span class='ocrx_word' id='word_1_666' title='bbox 1139 5001 1399 5070; x_wconf 86' lang='lat' dir='ltr'><strong>propositi</strong></span> <span class='ocrx_word' id='word_1_667' title='bbox 1424 5000 1494 5052; x_wconf 92' lang='lat' dir='ltr'><strong>sit</strong></span> <span class='ocrx_word' id='word_1_668' title='bbox 1524 5007 1762 5068; x_wconf 87' lang='lat' dir='ltr'><strong>gestans,</strong></span> 
     </span>
    </p>
   </div>
   <div class='ocr_carea' id='block_1_95' title="bbox 197 5079 1770 5166">
    <p class='ocr_par' dir='ltr' id='par_1_95' title="bbox 197 5079 1770 5166">
     <span class='ocr_line' id='line_1_95' title="bbox 197 5079 1770 5166; baseline 0.001 -24"><span class='ocrx_word' id='word_1_669' title='bbox 197 5092 273 5146; x_wconf 89' lang='lat' dir='ltr'><strong>vel</strong></span> <span class='ocrx_word' id='word_1_670' title='bbox 301 5095 350 5150; x_wconf 92' lang='lat' dir='ltr'><strong>iu</strong></span> <span class='ocrx_word' id='word_1_671' title='bbox 401 5112 507 5166; x_wconf 91' lang='lat' dir='ltr'><strong>qua</strong></span> <span class='ocrx_word' id='word_1_672' title='bbox 542 5094 875 5166; x_wconf 87' lang='lat' dir='ltr'><strong>professione</strong></span> <span class='ocrx_word' id='word_1_673' title='bbox 923 5094 1146 5148; x_wconf 89' lang='lat' dir='ltr'><strong>Domino</strong></span> <span class='ocrx_word' id='word_1_674' title='bbox 1178 5092 1396 5154; x_wconf 87' lang='lat' dir='ltr'><strong>militet,</strong></span> <span class='ocrx_word' id='word_1_675' title='bbox 1432 5090 1638 5159; x_wconf 92' lang='lat' dir='ltr'><strong>liquido</strong></span> <span class='ocrx_word' id='word_1_676' title='bbox 1683 5079 1770 5144; x_wconf 81' lang='lat' dir='ltr'><strong>eo-</strong></span> 
     </span>
    </p>
   </div>
   <div class='ocr_carea' id='block_1_96' title="bbox 198 5181 1766 5255">
    <p class='ocr_par' dir='ltr' id='par_1_96' title="bbox 198 5181 1766 5255">
     <span class='ocr_line' id='line_1_96' title="bbox 198 5181 1766 5255; baseline -0.002 -18"><span class='ocrx_word' id='word_1_677' title='bbox 198 5195 495 5254; x_wconf 85' lang='lat' dir='ltr'><strong>gnoscatur.</strong></span> <span class='ocrx_word' id='word_1_678' title='bbox 529 5185 661 5240; x_wconf 80' lang='lat' dir='ltr'><strong>Nam</strong></span> <span class='ocrx_word' id='word_1_679' title='bbox 693 5195 746 5242; x_wconf 91' lang='lat' dir='ltr'><strong>et</strong></span> <span class='ocrx_word' id='word_1_680' title='bbox 773 5185 980 5240; x_wconf 90' lang='lat' dir='ltr'><strong>Domini</strong></span> <span class='ocrx_word' id='word_1_681' title='bbox 1012 5186 1126 5255; x_wconf 88' lang='lat' dir='ltr'><strong>lege</strong></span> <span class='ocrx_word' id='word_1_682' title='bbox 1158 5182 1338 5254; x_wconf 55' lang='lat' dir='ltr'><strong>(Deut.</strong></span> <span class='ocrx_word' id='word_1_683' title='bbox 1372 5182 1508 5248; x_wconf 79' lang='lat' dir='ltr'><strong>xxu)</strong></span> <span class='ocrx_word' id='word_1_684' title='bbox 1541 5181 1622 5234; x_wconf 88' lang='lat' dir='ltr'><strong>vir</strong></span> <span class='ocrx_word' id='word_1_685' title='bbox 1650 5196 1766 5234; x_wconf 92' lang='lat' dir='ltr'><strong>mu-</strong></span> 
     </span>
    </p>
   </div>
   <div class='ocr_carea' id='block_1_97' title="bbox 198 5273 1768 5348">
    <p class='ocr_par' dir='ltr' id='par_1_97' title="bbox 198 5273 1768 5348">
     <span class='ocr_line' id='line_1_97' title="bbox 198 5273 1768 5348; baseline -0.002 -20"><span class='ocrx_word' id='word_1_686' title='bbox 198 5276 429 5346; x_wconf 87' lang='lat' dir='ltr'><strong>liebrem,</strong></span> <span class='ocrx_word' id='word_1_687' title='bbox 472 5289 526 5335; x_wconf 91' lang='lat' dir='ltr'><strong>et</strong></span> <span class='ocrx_word' id='word_1_688' title='bbox 557 5279 749 5334; x_wconf 90' lang='lat' dir='ltr'><strong>mulier</strong></span> <span class='ocrx_word' id='word_1_689' title='bbox 793 5279 1001 5334; x_wconf 90' lang='lat' dir='ltr'><strong>virilem</strong></span> <span class='ocrx_word' id='word_1_690' title='bbox 1042 5275 1360 5348; x_wconf 76' lang='lat' dir='ltr'><strong>prohibetur</strong></span> <span class='ocrx_word' id='word_1_691' title='bbox 1405 5273 1629 5328; x_wconf 90' lang='lat' dir='ltr'><strong>induere</strong></span> <span class='ocrx_word' id='word_1_692' title='bbox 1679 5287 1768 5326; x_wconf 87' lang='lat' dir='ltr'><strong>ve-</strong></span> 
     </span>
    </p>
   </div>
   <div class='ocr_carea' id='block_1_98' title="bbox 202 5363 1766 5438">
    <p class='ocr_par' dir='ltr' id='par_1_98' title="bbox 202 5363 1766 5438">
     <span class='ocr_line' id='line_1_98' title="bbox 202 5363 1766 5438; baseline -0.004 -16"><span class='ocrx_word' id='word_1_693' title='bbox 202 5378 363 5434; x_wconf 77' lang='lat' dir='ltr'><strong>stem,</strong></span> <span class='ocrx_word' id='word_1_694' title='bbox 407 5373 616 5427; x_wconf 91' lang='lat' dir='ltr'><strong>scilicet</strong></span> <span class='ocrx_word' id='word_1_695' title='bbox 665 5381 722 5424; x_wconf 92' lang='lat' dir='ltr'><strong>ut</strong></span> <span class='ocrx_word' id='word_1_696' title='bbox 774 5378 1000 5438; x_wconf 89' lang='lat' dir='ltr'><strong>uterque</strong></span> <span class='ocrx_word' id='word_1_697' title='bbox 1059 5383 1221 5423; x_wconf 74' lang='lat' dir='ltr'><strong>sexus</strong></span> <span class='ocrx_word' id='word_1_698' title='bbox 1276 5365 1378 5419; x_wconf 87' lang='lat' dir='ltr'><strong>sibi</strong></span> <span class='ocrx_word' id='word_1_699' title='bbox 1425 5363 1766 5418; x_wconf 90' lang='lat' dir='ltr'><strong>convenienti</strong></span> 
     </span>
    </p>
   </div>
   <div class='ocr_carea' id='block_1_99' title="bbox 200 5454 1762 5527">
    <p class='ocr_par' dir='ltr' id='par_1_99' title="bbox 200 5454 1762 5527">
     <span class='ocr_line' id='line_1_99' title="bbox 200 5454 1762 5527; baseline -0.005 -13"><span class='ocrx_word' id='word_1_700' title='bbox 200 5470 340 5517; x_wconf 82' lang='lat' dir='ltr'><strong>veste</strong></span> <span class='ocrx_word' id='word_1_701' title='bbox 365 5463 583 5518; x_wconf 90' lang='lat' dir='ltr'><strong>indutus</strong></span> <span class='ocrx_word' id='word_1_702' title='bbox 622 5463 854 5517; x_wconf 86' lang='lat' dir='ltr'><strong>incedat.</strong></span> <span class='ocrx_word' id='word_1_703' title='bbox 889 5461 1040 5514; x_wconf 89' lang='lat' dir='ltr'><strong>Sicut</strong></span> <span class='ocrx_word' id='word_1_704' title='bbox 1069 5458 1213 5512; x_wconf 91' lang='lat' dir='ltr'><strong>enim</strong></span> <span class='ocrx_word' id='word_1_705' title='bbox 1263 5465 1420 5527; x_wconf 90' lang='lat' dir='ltr'><strong>turpe</strong></span> <span class='ocrx_word' id='word_1_706' title='bbox 1454 5463 1536 5508; x_wconf 84' lang='lat' dir='ltr'><strong>est</strong></span> <span class='ocrx_word' id='word_1_707' title='bbox 1588 5454 1762 5507; x_wconf 89' lang='lat' dir='ltr'><strong>virum</strong></span> 
     </span>
    </p>
   </div>
   <div class='ocr_carea' id='block_1_100' title="bbox 201 5544 1766 5613">
    <p class='ocr_par' dir='ltr' id='par_1_100' title="bbox 201 5544 1766 5613">
     <span class='ocr_line' id='line_1_100' title="bbox 201 5544 1766 5613; baseline -0.003 -11"><span class='ocrx_word' id='word_1_708' title='bbox 201 5558 396 5607; x_wconf 80' lang='lat' dir='ltr'><strong>vestem</strong></span> <span class='ocrx_word' id='word_1_709' title='bbox 426 5552 760 5613; x_wconf 90' lang='lat' dir='ltr'><strong>muliebrem,</strong></span> <span class='ocrx_word' id='word_1_710' title='bbox 792 5560 846 5605; x_wconf 92' lang='lat' dir='ltr'><strong>et</strong></span> <span class='ocrx_word' id='word_1_711' title='bbox 880 5549 1157 5604; x_wconf 84' lang='lat' dir='ltr'><strong>mulierem</strong></span> <span class='ocrx_word' id='word_1_712' title='bbox 1194 5556 1395 5602; x_wconf 89' lang='lat' dir='ltr'><strong>vestem</strong></span> <span class='ocrx_word' id='word_1_713' title='bbox 1442 5544 1650 5599; x_wconf 87' lang='lat' dir='ltr'><strong>virilem</strong></span> <span class='ocrx_word' id='word_1_714' title='bbox 1686 5545 1766 5598; x_wconf 88' lang='lat' dir='ltr'><strong>in-</strong></span> 
     </span>
    </p>
   </div>
   <div class='ocr_carea' id='block_1_101' title="bbox 203 5638 1762 5705">
    <p class='ocr_par' dir='ltr' id='par_1_101' title="bbox 203 5638 1762 5705">
     <span class='ocr_line' id='line_1_101' title="bbox 203 5638 1762 5705; baseline -0.006 -8"><span class='ocrx_word' id='word_1_715' title='bbox 203 5639 374 5705; x_wconf 86' lang='lat' dir='ltr'><strong>duere,</strong></span> <span class='ocrx_word' id='word_1_716' title='bbox 411 5645 482 5698; x_wconf 81' lang='lat' dir='ltr'><strong>ita</strong></span> <span class='ocrx_word' id='word_1_717' title='bbox 515 5644 664 5698; x_wconf 76' lang='lat' dir='ltr'><strong>valle</strong></span> <span class='ocrx_word' id='word_1_718' title='bbox 717 5643 1026 5697; x_wconf 69' lang='lat' dir='ltr'><strong>indecorum</strong></span> <span class='ocrx_word' id='word_1_719' title='bbox 1080 5651 1163 5694; x_wconf 87' lang='lat' dir='ltr'><strong>est</strong></span> <span class='ocrx_word' id='word_1_720' title='bbox 1207 5638 1528 5693; x_wconf 85' lang='lat' dir='ltr'><strong>canonicum</strong></span> <span class='ocrx_word' id='word_1_721' title='bbox 1560 5645 1762 5688; x_wconf 90' lang='lat' dir='ltr'><strong>vestem</strong></span> 
     </span>
    </p>
   </div>
   <div class='ocr_carea' id='block_1_102' title="bbox 204 5726 1763 5795">
    <p class='ocr_par' dir='ltr' id='par_1_102' title="bbox 204 5726 1763 5795">
     <span class='ocr_line' id='line_1_102' title="bbox 204 5726 1763 5795; baseline -0.003 -13"><span class='ocrx_word' id='word_1_722' title='bbox 204 5736 542 5789; x_wconf 85' lang='lat' dir='ltr'><strong>monasticam</strong></span> <span class='ocrx_word' id='word_1_723' title='bbox 574 5733 697 5788; x_wconf 89' lang='lat' dir='ltr'><strong>indu</strong></span> <span class='ocrx_word' id='word_1_724' title='bbox 737 5749 814 5795; x_wconf 90' lang='lat' dir='ltr'><strong>re,</strong></span> <span class='ocrx_word' id='word_1_725' title='bbox 863 5732 964 5785; x_wconf 83' lang='lat' dir='ltr'><strong>nisi</strong></span> <span class='ocrx_word' id='word_1_726' title='bbox 1000 5740 1178 5784; x_wconf 86' lang='lat' dir='ltr'><strong>tamen</strong></span> <span class='ocrx_word' id='word_1_727' title='bbox 1225 5744 1348 5784; x_wconf 88' lang='lat' dir='ltr'><strong>cum</strong></span> <span class='ocrx_word' id='word_1_728' title='bbox 1403 5735 1550 5780; x_wconf 90' lang='lat' dir='ltr'><strong>veste</strong></span> <span class='ocrx_word' id='word_1_729' title='bbox 1598 5726 1763 5779; x_wconf 89' lang='lat' dir='ltr'><strong>etiam</strong></span> 
     </span>
    </p>
   </div>
   <div class='ocr_carea' id='block_1_103' title="bbox 206 5817 1820 5891">
    <p class='ocr_par' dir='ltr' id='par_1_103' title="bbox 206 5817 1820 5891">
     <span class='ocr_line' id='line_1_103' title="bbox 206 5817 1820 5891; baseline -0.001 -18"><span class='ocrx_word' id='word_1_730' title='bbox 206 5827 524 5891; x_wconf 84' lang='lat' dir='ltr'><strong>propositum</strong></span> <span class='ocrx_word' id='word_1_731' title='bbox 547 5825 773 5879; x_wconf 90' lang='lat' dir='ltr'><strong>voluerit</strong></span> <span class='ocrx_word' id='word_1_732' title='bbox 807 5837 1099 5878; x_wconf 88' lang='lat' dir='ltr'><strong>assumere.</strong></span> <span class='ocrx_word' id='word_1_733' title='bbox 1133 5822 1197 5874; x_wconf 80' lang='lat' dir='ltr'><strong>Et</strong></span> <span class='ocrx_word' id='word_1_734' title='bbox 1219 5821 1346 5890; x_wconf 86' lang='lat' dir='ltr'><strong>quia</strong></span> <span class='ocrx_word' id='word_1_735' title='bbox 1395 5817 1763 5885; x_wconf 87' lang='lat' dir='ltr'><strong>huiuscemodi</strong></span> <span class='ocrx_word' id='word_1_736' title='bbox 1811 5881 1820 5884; x_wconf 99' lang='lat'>_</span> 
     </span>
    </p>
   </div>
   <div class='ocr_carea' id='block_1_104' title="bbox 1872 4607 3455 4684">
    <p class='ocr_par' dir='ltr' id='par_1_104' title="bbox 1872 4607 3455 4684">
     <span class='ocr_line' id='line_1_104' title="bbox 1872 4607 3455 4684; baseline -0.014 0"><span class='ocrx_word' id='word_1_737' title='bbox 1872 4629 2182 4684; x_wconf 87' lang='lat' dir='ltr'><strong>ostenderet</strong></span> <span class='ocrx_word' id='word_1_738' title='bbox 2226 4625 2428 4680; x_wconf 66' lang='lat' dir='ltr'><strong>saeculi.</strong></span> <span class='ocrx_word' id='word_1_739' title='bbox 2481 4621 2715 4677; x_wconf 87' lang='lat' dir='ltr'><strong>Proinde</strong></span> <span class='ocrx_word' id='word_1_740' title='bbox 2759 4619 2810 4673; x_wconf 91' lang='lat' dir='ltr'><strong>in</strong></span> <span class='ocrx_word' id='word_1_741' title='bbox 2848 4617 3056 4671; x_wconf 88' lang='lat' dir='ltr'><strong>honore</strong></span> <span class='ocrx_word' id='word_1_742' title='bbox 3086 4629 3149 4668; x_wconf 89' lang='lat' dir='ltr'><strong>ac</strong></span> <span class='ocrx_word' id='word_1_743' title='bbox 3192 4607 3455 4666; x_wconf 80' lang='lat' dir='ltr'><strong>memoria</strong></span> 
     </span>
    </p>
   </div>
   <div class='ocr_carea' id='block_1_105' title="bbox 1875 4704 3456 4779">
    <p class='ocr_par' dir='ltr' id='par_1_105' title="bbox 1875 4704 3456 4779">
     <span class='ocr_line' id='line_1_105' title="bbox 1875 4704 3456 4779; baseline -0.015 -1"><span class='ocrx_word' id='word_1_744' title='bbox 1875 4730 2144 4778; x_wconf 86' lang='lat' dir='ltr'><strong>tantorum</strong></span> <span class='ocrx_word' id='word_1_745' title='bbox 2189 4726 2652 4774; x_wconf 87' lang='lat' dir='ltr'><strong>sacramentorum</strong></span> <span class='ocrx_word' id='word_1_746' title='bbox 2679 4756 2692 4778; x_wconf 94' lang='lat'><strong>,</strong></span> <span class='ocrx_word' id='word_1_747' title='bbox 2745 4713 2830 4767; x_wconf 92' lang='lat' dir='ltr'><strong>his</strong></span> <span class='ocrx_word' id='word_1_748' title='bbox 2889 4706 3222 4779; x_wconf 89' lang='lat' dir='ltr'><strong>temporibus</strong></span> <span class='ocrx_word' id='word_1_749' title='bbox 3265 4704 3456 4758; x_wconf 87' lang='lat' dir='ltr'><strong>adesse</strong></span> 
     </span>
    </p>
   </div>
   <div class='ocr_carea' id='block_1_106' title="bbox 1871 4793 3455 4876">
    <p class='ocr_par' dir='ltr' id='par_1_106' title="bbox 1871 4793 3455 4876">
     <span class='ocr_line' id='line_1_106' title="bbox 1871 4793 3455 4876; baseline -0.016 -7"><span class='ocrx_word' id='word_1_750' title='bbox 1871 4830 1970 4869; x_wconf 88' lang='lat' dir='ltr'><strong>nos</strong></span> <span class='ocrx_word' id='word_1_751' title='bbox 2016 4815 2168 4867; x_wconf 89' lang='lat' dir='ltr'><strong>decet</strong></span> <span class='ocrx_word' id='word_1_752' title='bbox 2211 4811 2301 4864; x_wconf 90' lang='lat' dir='ltr'><strong>Dei</strong></span> <span class='ocrx_word' id='word_1_753' title='bbox 2355 4807 2759 4876; x_wconf 81' lang='lat' dir='ltr'><strong>conspectibus,</strong></span> <span class='ocrx_word' id='word_1_754' title='bbox 2805 4811 2858 4857; x_wconf 89' lang='lat' dir='ltr'><strong>et</strong></span> <span class='ocrx_word' id='word_1_755' title='bbox 2889 4813 3184 4869; x_wconf 85' lang='lat' dir='ltr'><strong>personare</strong></span> <span class='ocrx_word' id='word_1_756' title='bbox 3233 4796 3286 4848; x_wconf 90' lang='lat' dir='ltr'><strong>in</strong></span> <span class='ocrx_word' id='word_1_757' title='bbox 3337 4793 3455 4861; x_wconf 88' lang='lat' dir='ltr'><strong>ejus</strong></span> 
     </span>
    </p>
   </div>
   <div class='ocr_carea' id='block_1_107' title="bbox 1871 4880 3456 4966">
    <p class='ocr_par' dir='ltr' id='par_1_107' title="bbox 1871 4880 3456 4966">
     <span class='ocr_line' id='line_1_107' title="bbox 1871 4880 3456 4966; baseline -0.019 -4"><span class='ocrx_word' id='word_1_758' title='bbox 1871 4905 2123 4966; x_wconf 73' lang='lat' dir='ltr'><strong>cultibus,</strong></span> <span class='ocrx_word' id='word_1_759' title='bbox 2168 4901 2474 4954; x_wconf 83' lang='lat' dir='ltr'><strong>orationum</strong></span> <span class='ocrx_word' id='word_1_760' title='bbox 2510 4903 2816 4947; x_wconf 89' lang='lat' dir='ltr'><strong>nostrarum</strong></span> <span class='ocrx_word' id='word_1_761' title='bbox 2845 4891 2919 4963; x_wconf 76' lang='lat' dir='ltr'><strong>illi</strong></span> <span class='ocrx_word' id='word_1_762' title='bbox 2951 4885 3274 4941; x_wconf 78' lang='lat' dir='ltr'><strong>sacrificium</strong></span> <span class='ocrx_word' id='word_1_763' title='bbox 3325 4880 3456 4933; x_wconf 61' lang='lat' dir='ltr'><strong>ode-</strong></span> 
     </span>
    </p>
   </div>
   <div class='ocr_carea' id='block_1_108' title="bbox 1867 4972 3450 5059">
    <p class='ocr_par' dir='ltr' id='par_1_108' title="bbox 1867 4972 3450 5059">
     <span class='ocr_line' id='line_1_108' title="bbox 1867 4972 3450 5059; baseline -0.016 -11"><span class='ocrx_word' id='word_1_764' title='bbox 1867 5006 2069 5051; x_wconf 71' lang='lat' dir='ltr'><strong>rentes.</strong></span> <span class='ocrx_word' id='word_1_765' title='bbox 2109 5001 2267 5059; x_wconf 90' lang='lat' dir='ltr'><strong>atque</strong></span> <span class='ocrx_word' id='word_1_766' title='bbox 2309 4991 2361 5041; x_wconf 91' lang='lat' dir='ltr'><strong>iu</strong></span> <span class='ocrx_word' id='word_1_767' title='bbox 2418 4987 2534 5054; x_wconf 87' lang='lat' dir='ltr'><strong>ejus</strong></span> <span class='ocrx_word' id='word_1_768' title='bbox 2581 4981 2828 5035; x_wconf 72' lang='lat' dir='ltr'><strong>laudibus</strong></span> <span class='ocrx_word' id='word_1_769' title='bbox 2870 4979 3074 5050; x_wconf 62' lang='lat' dir='ltr'><strong>pariter</strong></span> <span class='ocrx_word' id='word_1_770' title='bbox 3098 4972 3450 5030; x_wconf 75' lang='lat' dir='ltr'><strong>exsultantes.</strong></span> 
     </span>
    </p>
   </div>
   <div class='ocr_carea' id='block_1_109' title="bbox 1870 5063 3457 5154">
    <p class='ocr_par' dir='ltr' id='par_1_109' title="bbox 1870 5063 3457 5154">
     <span class='ocr_line' id='line_1_109' title="bbox 1870 5063 3457 5154; baseline -0.017 -13"><span class='ocrx_word' id='word_1_771' title='bbox 1870 5087 2167 5154; x_wconf 83' lang='lat' dir='ltr'><strong>Vesperum</strong></span> <span class='ocrx_word' id='word_1_772' title='bbox 2205 5090 2383 5135; x_wconf 68' lang='lat' dir='ltr'><strong>autem</strong></span> <span class='ocrx_word' id='word_1_773' title='bbox 2433 5076 2764 5131; x_wconf 88' lang='lat' dir='ltr'><strong>nominatum</strong></span> <span class='ocrx_word' id='word_1_774' title='bbox 2795 5089 2823 5128; x_wconf 91' lang='lat' dir='ltr'><strong>a</strong></span> <span class='ocrx_word' id='word_1_775' title='bbox 2872 5071 3050 5126; x_wconf 66' lang='lat' dir='ltr'><strong>side-re</strong></span> <span class='ocrx_word' id='word_1_776' title='bbox 3077 5067 3218 5138; x_wconf 92' lang='lat' dir='ltr'><strong>quod</strong></span> <span class='ocrx_word' id='word_1_777' title='bbox 3249 5063 3457 5130; x_wconf 84' lang='lat' dir='ltr'><strong>Vesper</strong></span> 
     </span>
    </p>
   </div>
   <div class='ocr_carea' id='block_1_110' title="bbox 1871 5152 3454 5242">
    <p class='ocr_par' dir='ltr' id='par_1_110' title="bbox 1871 5152 3454 5242">
     <span class='ocr_line' id='line_1_110' title="bbox 1871 5152 3454 5242; baseline -0.017 -12"><span class='ocrx_word' id='word_1_778' title='bbox 1871 5152 2119 5238; x_wconf 81' lang='lat' dir='ltr'><strong>vocatur,</strong></span> <span class='ocrx_word' id='word_1_779' title='bbox 2144 5182 2199 5226; x_wconf 90' lang='lat' dir='ltr'><strong>et</strong></span> <span class='ocrx_word' id='word_1_780' title='bbox 2221 5171 2504 5242; x_wconf 76' lang='lat' dir='ltr'><strong>decitlente</strong></span> <span class='ocrx_word' id='word_1_781' title='bbox 2535 5165 2645 5221; x_wconf 87' lang='lat' dir='ltr'><strong>sole</strong></span> <span class='ocrx_word' id='word_1_782' title='bbox 2667 5166 2929 5218; x_wconf 80' lang='lat' dir='ltr'><strong>exoritur.</strong></span> <span class='ocrx_word' id='word_1_783' title='bbox 2958 5161 3033 5214; x_wconf 88' lang='lat' dir='ltr'><strong>De</strong></span> <span class='ocrx_word' id='word_1_784' title='bbox 3055 5171 3161 5226; x_wconf 93' lang='lat' dir='ltr'><strong>quo</strong></span> <span class='ocrx_word' id='word_1_785' title='bbox 3190 5152 3454 5224; x_wconf 83' lang='lat' dir='ltr'><strong>pr0plteta</strong></span> 
     </span>
    </p>
   </div>
   <div class='ocr_carea' id='block_1_111' title="bbox 1869 5243 3453 5334">
    <p class='ocr_par' dir='ltr' id='par_1_111' title="bbox 1869 5243 3453 5334">
     <span class='ocr_line' id='line_1_111' title="bbox 1869 5243 3453 5334; baseline -0.018 -12"><span class='ocrx_word' id='word_1_786' title='bbox 1869 5267 1996 5322; x_wconf 86' lang='lat' dir='ltr'><strong>dicit</strong></span> <span class='ocrx_word' id='word_1_787' title='bbox 2052 5285 2064 5320; x_wconf 88' lang='lat'><strong>:</strong></span> <span class='ocrx_word' id='word_1_788' title='bbox 2103 5265 2169 5320; x_wconf 72' lang='lat' dir='ltr'><strong>Et</strong></span> <span class='ocrx_word' id='word_1_789' title='bbox 2207 5279 2469 5334; x_wconf 85' lang='lat' dir='ltr'><strong>vesperum</strong></span> <span class='ocrx_word' id='word_1_790' title='bbox 2525 5275 2681 5330; x_wconf 80' lang='lat' dir='ltr'><strong>super</strong></span> <span class='ocrx_word' id='word_1_791' title='bbox 2739 5257 2878 5327; x_wconf 76' lang='lat' dir='ltr'><strong>ﬁlios</strong></span> <span class='ocrx_word' id='word_1_792' title='bbox 2925 5250 3197 5306; x_wconf 84' lang='lat' dir='ltr'><strong>hominum</strong></span> <span class='ocrx_word' id='word_1_793' title='bbox 3242 5243 3453 5316; x_wconf 72' lang='lat' dir='ltr'><strong>prodire</strong></span> 
     </span>
    </p>
   </div>
   <div class='ocr_carea' id='block_1_112' title="bbox 1873 5353 2461 5428">
    <p class='ocr_par' dir='ltr' id='par_1_112' title="bbox 1873 5353 2461 5428">
     <span class='ocr_line' id='line_1_112' title="bbox 1873 5353 2461 5428; baseline -0.009 -17"><span class='ocrx_word' id='word_1_794' title='bbox 1873 5358 2005 5428; x_wconf 81' lang='lat' dir='ltr'><strong>facis</strong></span> <span class='ocrx_word' id='word_1_795' title='bbox 2035 5356 2176 5427; x_wconf 85' lang='lat' dir='ltr'><strong>(Job.</strong></span> <span class='ocrx_word' id='word_1_796' title='bbox 2208 5353 2461 5424; x_wconf 77' lang='lat' dir='ltr'><strong>xxxviii).</strong></span> 
     </span>
    </p>
   </div>
   <div class='ocr_carea' id='block_1_113' title="bbox 2373 5434 2908 5497">
    <p class='ocr_par' dir='ltr' id='par_1_113' title="bbox 2373 5434 2908 5497">
     <span class='ocr_line' id='line_1_113' title="bbox 2373 5434 2908 5497; baseline -0.017 0"><span class='ocrx_word' id='word_1_797' title='bbox 2373 5441 2598 5497; x_wconf 83' lang='lat' dir='ltr'><strong>CAPUT</strong></span> <span class='ocrx_word' id='word_1_798' title='bbox 2649 5434 2908 5493; x_wconf 72' lang='lat' dir='ltr'><strong>CXXVIII</strong></span> 
     </span>
    </p>
   </div>
   <div class='ocr_carea' id='block_1_114' title="bbox 1939 5516 3449 5611">
    <p class='ocr_par' dir='ltr' id='par_1_114' title="bbox 1939 5516 3449 5611">
     <span class='ocr_line' id='line_1_114' title="bbox 1939 5516 3449 5611; baseline -0.016 -17"><span class='ocrx_word' id='word_1_799' title='bbox 1939 5538 2094 5611; x_wconf 82' lang='lat' dir='ltr'><strong>(Isid.</strong></span> <span class='ocrx_word' id='word_1_800' title='bbox 2121 5537 2272 5600; x_wconf 90' lang='lat' dir='ltr'><strong>ibid.,</strong></span> <span class='ocrx_word' id='word_1_801' title='bbox 2296 5553 2342 5589; x_wconf 91' lang='lat' dir='ltr'><strong>c.</strong></span> <span class='ocrx_word' id='word_1_802' title='bbox 2363 5535 2423 5588; x_wconf 71' lang='lat'><strong>2|</strong></span> <span class='ocrx_word' id='word_1_803' title='bbox 2439 5534 2476 5603; x_wconf 91' lang='lat'><strong>.)</strong></span> <span class='ocrx_word' id='word_1_804' title='bbox 2494 5533 2566 5585; x_wconf 91' lang='lat' dir='ltr'><strong>De</strong></span> <span class='ocrx_word' id='word_1_805' title='bbox 2581 5528 2872 5598; x_wconf 90' lang='lat' dir='ltr'><strong>Completis</strong></span> <span class='ocrx_word' id='word_1_806' title='bbox 2890 5532 3070 5578; x_wconf 90' lang='lat' dir='ltr'><strong>autem</strong></span> <span class='ocrx_word' id='word_1_807' title='bbox 3090 5516 3449 5582; x_wconf 88' lang='lat' dir='ltr'><strong>celebrandis,</strong></span> 
     </span>
    </p>
   </div>
   <div class='ocr_carea' id='block_1_115' title="bbox 1869 5611 3448 5686">
    <p class='ocr_par' dir='ltr' id='par_1_115' title="bbox 1869 5611 3448 5686">
     <span class='ocr_line' id='line_1_115' title="bbox 1869 5611 3448 5686; baseline -0.016 1"><span class='ocrx_word' id='word_1_808' title='bbox 1869 5633 1919 5686; x_wconf 75' lang='lat' dir='ltr'><strong>isl</strong></span> <span class='ocrx_word' id='word_1_809' title='bbox 1946 5632 2107 5686; x_wconf 89' lang='lat' dir='ltr'><strong>etiam</strong></span> <span class='ocrx_word' id='word_1_810' title='bbox 2147 5631 2197 5682; x_wconf 92' lang='lat' dir='ltr'><strong>in</strong></span> <span class='ocrx_word' id='word_1_811' title='bbox 2222 5627 2442 5681; x_wconf 89' lang='lat' dir='ltr'><strong>Patrum</strong></span> <span class='ocrx_word' id='word_1_812' title='bbox 2484 5621 2758 5676; x_wconf 81' lang='lat' dir='ltr'><strong>invenitur</strong></span> <span class='ocrx_word' id='word_1_813' title='bbox 2785 5613 3070 5685; x_wconf 77' lang='lat' dir='ltr'><strong>exemplis,</strong></span> <span class='ocrx_word' id='word_1_814' title='bbox 3109 5611 3276 5668; x_wconf 87' lang='lat' dir='ltr'><strong>David</strong></span> <span class='ocrx_word' id='word_1_815' title='bbox 3323 5624 3448 5678; x_wconf 88' lang='lat' dir='ltr'><strong>pro-</strong></span> 
     </span>
    </p>
   </div>
   <div class='ocr_carea' id='block_1_116' title="bbox 1865 5697 3450 5793">
    <p class='ocr_par' dir='ltr' id='par_1_116' title="bbox 1865 5697 3450 5793">
     <span class='ocr_line' id='line_1_116' title="bbox 1865 5697 3450 5793; baseline -0.018 -14"><span class='ocrx_word' id='word_1_816' title='bbox 1865 5725 2028 5793; x_wconf 86' lang='lat' dir='ltr'><strong>pheta</strong></span> <span class='ocrx_word' id='word_1_817' title='bbox 2055 5722 2267 5775; x_wconf 86' lang='lat' dir='ltr'><strong>dicente</strong></span> <span class='ocrx_word' id='word_1_818' title='bbox 2297 5735 2309 5770; x_wconf 92' lang='lat'><strong>:</strong></span> <span class='ocrx_word' id='word_1_819' title='bbox 2348 5715 2408 5770; x_wconf 91' lang='lat' dir='ltr'><strong>Si</strong></span> <span class='ocrx_word' id='word_1_820' title='bbox 2435 5711 2717 5767; x_wconf 81' lang='lat' dir='ltr'><strong>ascendere</strong></span> <span class='ocrx_word' id='word_1_821' title='bbox 2744 5711 2795 5762; x_wconf 87' lang='lat' dir='ltr'><strong>in</strong></span> <span class='ocrx_word' id='word_1_822' title='bbox 2825 5708 3014 5762; x_wconf 86' lang='lat' dir='ltr'><strong>lectum</strong></span> <span class='ocrx_word' id='word_1_823' title='bbox 3060 5703 3209 5758; x_wconf 88' lang='lat' dir='ltr'><strong>strati</strong></span> <span class='ocrx_word' id='word_1_824' title='bbox 3247 5716 3363 5763; x_wconf 82' lang='lat' dir='ltr'><strong>met,</strong></span> <span class='ocrx_word' id='word_1_825' title='bbox 3404 5697 3450 5751; x_wconf 87' lang='lat' dir='ltr'><strong>si</strong></span> 
     </span>
    </p>
   </div>
   <div class='ocr_carea' id='block_1_117' title="bbox 1866 5787 3450 5872">
    <p class='ocr_par' dir='ltr' id='par_1_117' title="bbox 1866 5787 3450 5872">
     <span class='ocr_line' id='line_1_117' title="bbox 1866 5787 3450 5872; baseline -0.019 0"><span class='ocrx_word' id='word_1_826' title='bbox 1866 5787 2057 5872; x_wconf 73' lang='lat' dir='ltr'><strong>dedero</strong></span> <span class='ocrx_word' id='word_1_827' title='bbox 2080 5824 2319 5866; x_wconf 78' lang='lat' dir='ltr'><strong>somnum</strong></span> <span class='ocrx_word' id='word_1_828' title='bbox 2343 5805 2506 5861; x_wconf 84' lang='lat' dir='ltr'><strong>oculis</strong></span> <span class='ocrx_word' id='word_1_829' title='bbox 2549 5803 2700 5867; x_wconf 82' lang='lat' dir='ltr'><strong>meis,</strong></span> <span class='ocrx_word' id='word_1_830' title='bbox 2729 5809 2777 5853; x_wconf 87' lang='lat' dir='ltr'><strong>ct</strong></span> <span class='ocrx_word' id='word_1_831' title='bbox 2799 5796 3060 5870; x_wconf 77' lang='lat' dir='ltr'><strong>paluebris</strong></span> <span class='ocrx_word' id='word_1_832' title='bbox 3099 5794 3225 5851; x_wconf 83' lang='lat' dir='ltr'><strong>meis</strong></span> <span class='ocrx_word' id='word_1_833' title='bbox 3251 5787 3450 5844; x_wconf 68' lang='lat' dir='ltr'><strong>dormi-</strong></span> 
     </span>
    </p>
   </div>
  </div>
