4000 6458
186 332 282 394 925

718 324 1000 384 REGULA
1039 323 1534 384 CANONICORUM
1565 324 1654 380 AB
1691 321 2048 382 AMALARIO
2087 324 2465 399 COLLECTA.
2495 355 2568 368 —
2602 326 2731 383 LIB.
2770 327 2814 384 ι.

3293 331 3400 387 926

181 451 432 512 omittere,
462 444 602 499 aliud
648 444 799 514 pigre
847 460 1166 509 occurrere;
1205 423 1582 513 (liui'usegniter
1631 451 1723 496 aut
1749 421 1911 505 K‘ter
1937 443 2143 498 debitas
2163 427 2394 498 Domino
2442 444 2627 499 laudes
2655 445 2994 514 persolvant;
3045 454 3101 502 et
3133 435 3402 506 suavitate

181 541 320 599 tarde
361 538 423 591 ad
470 534 810 600 matutinum,
843 545 936 589 aut
963 536 1107 590 aliud
1165 532 1440 604 quodlibet
1486 532 1727 587 divinum

178 631 473 700 obsequium
497 627 857 696 peragendum
888 626 1206 690 occurrerit,
1242 626 1486 696 dignum,
1515 633 1574 678 ut
1620 639 1726 680 non

178 739 287 784 cum
318 722 432 775 aliis
474 720 526 774 in
553 720 740 785 choro,
772 721 864 774 sed
908 719 1148 774 omnium
1172 717 1413 782 ultimus,
1443 724 1722 780 aut-certe,

176 828 230 876 nt
249 816 558 871 erubescere
580 813 770 878 discat,
811 813 866 867 in
896 813 1012 868 loco
1057 809 1422 882 hujuscemodi
1454 809 1725 880 negligen-

173 911 304 964 tibus
329 923 356 961 a
383 907 619 977 praelatis
645 907 936 960 constituto
976 913 1080 961 stet
1106 924 1126 959 τ
1151 903 1282 959 foris
1311 917 1443 958 vero
1500 903 1724 957 nullate-

171 1017 262 1068 nus
283 1015 564 1056 remanere
591 1010 903 1070 pratsumat,
931 1015 1000 1054 ne
1028 1001 1139 1054 otio
1165 1008 1219 1053 et
1246 998 1440 1054 fabulis
1467 1006 1639 1059 vacet,
1669 1004 1724 1051 et

170 1110 196 1154 ιι
238 1093 326 1147 Dei
355 1091 873 1161 laudibus‘penitus
923 1091 1131 1146 alienus
1190 1091 1408 1145 existat.
1461 1090 1722 1144 Custodes

165 1195 409 1260 praetcrea
435 1183 686 1239 ecclesiae
715 1186 902 1238 harum
928 1185 1184 1237 horarum
1215 1183 1589 1238 distinctiones
1628 1182 1724 1236 be-

165 1292 225 1334 ne
252 1277 443 1338 norint,
468 1283 528 1328 ut
554 1274 756 1329 scilicet
780 1276 930 1346 signa
953 1276 1116 1330 certis
1132 1275 1460 1344 temporibus
1483 1275 1717 1343 pulsent.

162 1367 456 1424 Luminaria
504 1383 631 1421 vero
659 1384 780 1421 cum
829 1368 974 1422 omni
1014 1367 1290 1437 diligentia
1345 1367 1718 1421 concinnanda

160 1458 478 1530 provideant,
524 1460 704 1529 sitque
750 1475 937 1513 corum
987 1460 1170 1524 studii,
1208 1467 1269 1513 ut
1315 1459 1450 1514 nihil
1503 1460 1570 1513 de
1618 1458 1719 1513 sibi

159 1549 452 1610 commissis
491 1550 654 1604 rebus
678 1550 922 1604 ecclesia)
952 1557 1156 1619 pereat.

667 1663 894 1718 CAPUT
923 1663 1177 1717 CXXXII.

154 1751 296 1824 Quod
333 1753 664 1807 cantantibus
685 1765 732 1808 et
741 1754 1110 1877 fsttllcnlt'btts
1138 1754 1385 1822 Domino,
1413 1754 1715 1825 angelorum

707 1843 736 1877 a
779 1835 1163 1877 sitnrmsenua.

519 1881 525 1890 ,
707 1827 844 1877 adsit
866 1827 1163 1893 prmsentia.

211 1912 561 1968 Psallentium
591 1916 644 1968 in
675 1916 900 1970 ecclesia
931 1917 1155 1970 Domino
1182 1933 1335 1972 mens
1382 1917 1715 1972 concordare

147 2004 290 2057 debet
311 2020 434 2059 cum
458 2021 608 2070 voce,
628 2006 915 2078 ut,impleat
929 2008 1054 2061 illud
1068 2007 1305 2076 Apostoli
1325 2022 1338 2060 ε
1359 2004 1592 2060 Psallam
1608 2006 1714 2075 spi-D

148 2096 263 2156 ritu,
287 2095 510 2164 psallunt
548 2108 590 2149 et
618 2107 784 2150 mente
804 2096 854 2169 (1
884 2097 1006 2150 Cor.
1038 2098 1172 2167 χεν).
1226 2097 1492 2163 Quoniam
1522 2113 1713 2165 quam-

146 2185 218 2237 vis
240 2184 439 2252 ubique
467 2186 748 2239 Dominum
779 2202 874 2255 per
899 2188 1190 2254 potentiam
1217 2187 1515 2241 divinitatis
1546 2202 1709 2241 nove-

148 2275 304 2331 rimus
332 2291 475 2338 esse,
503 2278 774 2346 pra3cipne
799 2285 976 2332 tamen
1016 2294 1160 2344 eum,
1191 2294 1312 2333 cum
1356 2279 1536 2332 divino
1579 2279 1710 2332 assi-

146 2368 326 2420 stimus
371 2366 564 2430 olllcio,
591 2383 688 2436 per
714 2369 942 2437 gratiam
974 2368 1129 2423 nobis
1180 2369 1451 2423 credimus
1497 2369 1706 2424 adesse.

144 2459 212 2518 De
233 2473 333 2526 qua
365 2470 424 2512 re
453 2460 596 2514 Beda
617 2459 954 2516 Venerabilis
981 2463 1281 2532 presbyter,
1301 2461 1359 2515 in
1375 2462 1712 2530 expositione

143 2548 404 2618 Evangelii
437 2549 600 2604 Lucae
630 2551 703 2604 ita
734 2553 864 2607 dicit
895 2552 908 2605 ὲ
936 2551 1050 2607 Non
1085 2554 1216 2606 latet
1250 2552 1472 2621 angelos
1518 2553 1710 2607 crebro

143 2638 315 2696 electis
357 2641 616 2695 invisibili
665 2643 853 2697 adesse
885 2645 1194 2713 praesentia,
1240 2651 1299 2696 ut
1325 2657 1418 2697 eos
1445 2642 1512 2696 ab
1539 2644 1711 2698 hostis

140 2732 304 2794 callidi
335 2733 627 2789 defendant
660 2736 890 2802 insidiis,
929 2737 1013 2791 vel
1049 2737 1243 2807 majori
1289 2737 1523 2791 caelestis
1575 2738 1713 2792 desi-

141 2820 287 2887 derii,
313 2827 488 2894 gratia
521 2827 828 2892 sustollant,
860 2829 1447 2897 Apostoloattestante,
1480 2833 1570 2900 qui
1594 2833 1704 2886 ait:

144 2908 324 2967 Nonne
347 2927 670 2970 omnes'snnt
708 2919 1144 2974 administratorii
1178 2922 1408 2990 spiritus,
1457 2923 1511 2976 in
1555 2924 1710 2977 mini-

141 3005 342 3057 sterium
371 3008 540 3060 'missi
572 3019 782 3078 pmpter
819 3027 904 3063 eos
955 3012 1045 3080 qui
1088 3012 1445 3066 Ita’reditatem
1496 3015 1709 3083 capiunt

138 3093 312 3149 salutis
333 3096 359 3148 ἵ
382 3097 614 3152 Maxime
638 3100 814 3155 tamen
833 3101 1061 3173 angelici
1086 3105 1239 3158 nobis
1263 3105 1486 3174 spiritus
1515 3107 1704 3160 adesse

1765 549 1794 577 -ι
1830 537 2074 591 lectionis
2097 553 2158 591 ac
2187 537 2437 592 ‘melodiae
2461 546 2514 591 et
2537 537 3104 602 doctos-demulceam,
3137 548 3199 594 eo
3219 541 3399 598 minus

1828 627 2012 682 doctos
2033 628 2308 692 erudiant;
2337 628 2559 698 plusque
2579 628 2744 683 velint
2770 629 2834 682 in
2856 629 3085 684 lectione
3119 630 3204 685 vel
3229 640 3399 688 cantu

1823 719 2000 790 populi
2030 720 2456 787 aedificationem,
2496 734 2654 790 quam
2686 721 2999 791 popularem
3033 723 3398 780 vanissima

1824 813 2209 868 adulationem.
2265 815 2366 881 Qui
2424 830 2554 869 vero
2607 816 2737 870 huic
2767 815 2936 870 -doote
2975 829 3243 885 peragere
3286 832 3398 874 ne:-

1822 914 2043 974 queunt,
2073 906 2406 960 'erudiantur
2454 907 2605 975 prius
2654 922 2684 959 a
2733 906 3051 975 magistr-isi:
3083 915 3164 959 οι·
3195 906 3396 961 instra-

1822 996 1916 1058 cti,
1976 995 2091 1050 haec
2124 995 2420 1065 adimplere
2461 996 2842 1062 studeant,-ut
2879 997 3162 1052 audientes
3205 995 3392 1052 {edifi-

1819 1096 1962 1142 cent.
2283 1113 2286 1116 -
2579 1107 2582 1116 -
3233 1109 3242 1131 τ
3337 1099 3360 1107 ··

2335 1178 2561 1236 CAPUT
2589 1178 2872 1235 CXXXIV.

2208 1267 2312 1334 Qui
2338 1270 2520 1322 modus
2551 1271 2618 1322 sit
2644 1270 3000 1339 correptionis.

1889 1355 2206 1427 Quanquam
2227 1367 2652 1428 contemptores
2682 1361 3062 1414 canonicarum
3097 1360 3391 1416 institutio-

1818 1461 1950 1514 num
1975 1449 2263 1519 episcopali
2301 1452 2570 1520 praecipue
2591 1449 2798 1518 judicio
2825 1451 3094 1520 plectendi
3129 1452 3392 1520 sint,=qtra

1819 1553 1976 1608 paena
2007 1539 2088 1610 (ut
2123 1540 2198 1593 ait
2241 1541 2430 1594 beatus
2457 1542 2809 1612 Augustinus)
2857 1544 2909 1596 in
2943 1542 3392 1597 Ecclesia-nulla

1820 1633 1994 1703 major
2020 1647 2140 1687 esse
2167 1636 2856 1704 potest,demonstrandum
2882 1643 3060 1689 tamen
3075 1642 3156 1690 est
3175 1634 3416 1704 qualem,

1773 1761 1787 1777 .
1819 1727 2000 1779 ceteri
2027 1726 2255 1796 praelati,
2295 1729 2385 1796 qui
2411 1728 2516 1782 illis
2546 1729 2804 1797 dignitate
2823 1728 3249 1784 inferiores-esse
3295 1743 3395 1784 no-

1743 1816 1790 1877 B
1818 1826 2063 1884 scuntnr,
2089 1819 2142 1872 in
2173 1819 2306 1874 locis
2328 1821 2429 1874 sibi
2462 1821 2785 1885 commissis,
2820 1821 2871 1874 in
2898 1820 3103 1890 quibus
3132 1819 3394 1875 canonice

1814 1910 2031 1974 vivitur,
2071 1925 2198 1977 erga
2244 1911 2514 1979 subjectos
2555 1928 2797 1982 quosque
2821 1913 3217 1981 delinquentes,
3248 1919 3303 1966 et
3328 1925 3400 1965 ea

1814 2014 1931 2069 qua:
1959 2003 2175 2069 proprie
2213 2003 2279 2055 ad
2304 2018 2491 2055 eorutn
2515 2003 2848 2071 prepositum
2875 2003 3184 2071 pertinenty
3205 2001 3393 2056 obser-

1813 2105 1938 2145 vare
1965 2093 2225 2156 nolentes,
2247 2094 2502 2147 adbibere
2529 2093 2756 2147 debeant
2777 2091 3388 2163 correptionisrnodum.

1813 2181 1918 2235 Sed
1948 2183 2073 2250 quia
2108 2184 2287 2237 omnis
2332 2192 2480 2246 actas,
2509 2184 2590 2237 vel
2622 2183 3391 2254 uniuscujusqueintelligen-

1813 2273 1900 2326 tiae
1939 2275 2230 2342 eapacitas,
2265 2276 2510 2343 proprias
2555 2276 2715 2329 debet
2741 2276 3294 2340 liabere'mensuras,
3335 2283 3391 2331 et

1803 2361 1958 2432 juxta
1989 2365 2204 2418 modum
2234 2366 2513 2433 culparum
2535 2379 2789 2420 mensura
2809 2368 3145 2422 extendenda
3169 2375 3252 2422 est
3276 2382 3392 2422 cor-

1811 2456 2219 2523 reptiomun,-ct
2247 2457 2359 2510 haec
2382 2458 2561 2511 omnia
2581 2457 2705 2528 jure
2755 2457 2808 2511 in
2856 2458 3389 2528 prmlatommr'pen-

1811 2549 1936 2602 dent
1955 2546 2180 2615 judicio,
2214 2557 2323 2618 quo
2344 2558 2400 2604 et
2429 2548 2821 2606 discretissime
2848 2555 3194 2623 temperanda
3221 2563 3385 2612 sunt:
3476 2601 3485 2609 .

1810 2647 2139 2692 necesse‘est
2169 2647 2226 2692 ut
2251 2640 2413 2693 iidem
2445 2641 2659 2711 sprtelati
2685 2643 2832 2697 circa
2875 2643 3250 2714 delinquentes
3275 2659 3391 2700 me-

1811 2730 1916 2784 dici
1940 2730 2249 2799 peritissimi
2289 2732 2568 2786 imitentur
2594 2733 2797 2789 factum
2827 2754 2840 2789 :
2882 2735 3090 2790 scilicet
3123 2745 3182 2790 ut
3205 2737 3388 2792 adbi-

1807 2820 1921 2876 bita
1949 2823 2522 2891 magnae-discretionis
2553 2837 2702 2889 cura,
2738 2826 2866 2895 quid
2886 2827 3084 2897 cuique
3105 2835 3386 2896 congruat,

1809 2912 2006 2980 quidve
2034 2914 2346 2980 conveniat,
2382 2916 2713 2970 adhibeant:
2746 2918 2847 2973 hoc
2897 2935 3241 2988 summopere
3263 2930 3392 2990 per-

1807 3004 2102 3073 pendentes
2147 3014 2222 3068 ut,
2277 3006 2432 3076 juxta
2489 3008 2847 3076 quantitatem
2894 3009 3198 3073 vulnerum,
3235 3011 3391 3065 exbio

1808 3093 1972 3150 beant
1999 3097 2235 3151 fomenta
2262 3098 2630 3164 cbrationum,
2649 3108 2923 3168 quatenus
2940 3116 3045 3155 nec
3068 3099 3220 3156 alteri
3260 3101 3390 3155 dent

135 3186 377 3242 credendi
407 3199 554 3256 sunt,
597 3207 716 3247 cum
744 3194 937 3248 divinis
967 3195 1275 3265 specialiter
1329 3197 1703 3267 mancipamur

1807 3189 1950 3258 quod
1972 3195 2310 3253 noceat,=nec
2335 3189 2489 3244 alteri
2515 3191 2837 3245 subtraham
2859 3193 3000 3261 quod
3013 3193 3194 3262 juvat.
3214 3191 3391 3248 OmitsJ

133 3280 422 3350 obsequiis,
445 3285 500 3339 id
527 3294 632 3350 est,
661 3300 782 3342 cum
807 3289 1091 3343 ecclesiam
1129 3289 1377 3357 ingressi,
1411 3289 1496 3344 vel
1523 3289 1708 3344 lectio-

129 3370 280 3428 nibus
300 3376 470 3430 sacris
493 3389 676 3430 aurem
723 3380 1214 3444 accommodamus,
1239 3381 1345 3433 ‘vel
1395 3381 1706 3449 psalmodize

128 3475 344 3529 ορεηω
382 3466 594 3532 damus,
622 3467 707 3522 vel
734 3471 967 3522 orationi
1007 3471 1510 3534 incnml>imus,'vel
1541 3473 1707 3525 etiam

120 3558 416 3618 missarum
439 3562 702 3616 solemnia
730 3562 1084 3618 celebramus.
1114 3563 1265 3618 Unde
1295 3565 1368 3617 ait
1394 3564 1664 3634 PrOpheta
1691 3584 1702 3619 :

109 3644 178 3704 In
196 3657 490 3718 conspectu
514 3650 816 3719 angelorum
850 3651 1070 3721 psallam
1108 3653 1201 3705 tibi
1234 3649 1404 3720 (Psal.
1443 3657 1702 3725 cxxxvn).

103 3735 214 3791 Nec
260 3739 518 3795 dubitari
546 3741 692 3805 licet,
736 3742 824 3796 ubi
861 3743 1102 3811 corporis
1130 3752 1183 3796 et
1213 3742 1488 3811 sanguinis
1527 3742 1708 3797 Domi-

105 3828 212 3896 nici
255 3839 536 3899 geruntur
581 3833 1250 3902 mysteria,'snpernorum
1279 3833 1478 3887 civium
1520 3834 1709 3888 adesse

111 3922 430 3977 cenventus.
477 3923 648 3979 Unde
678 3925 1002 3980 studendum
1053 3924 1282 3978 solerter
1323 3929 1430 3989 est,
1481 3933 1703 3980 ut'cum

118 4015 400 4070 ecclesiam
455 4017 544 4071 vel
567 4018 633 4072 ad
659 4018 853 4074 divinze
894 4017 1069 4073 laudis
1098 4019 1280 4073 debita
1309 4020 1583 4085 solvenda,
1621 4021 1704 4076 vel

121 4106 184 4166 ad
227 4107 437 4179 agenda
489 4109 778 4164 missarum
831 4111 1092 4165 solemnia
1149 4112 1437 4176 intramus,
1491 4127 1706 4182 semper

125 4201 378 4269 angelica:
417 4202 722 4271 praesentire
752 4218 1042 4268 memores,
1072 4218 1194 4258 cum
1219 4205 1415 4259 timore
1444 4213 1498 4260 et
1542 4219 1704 4259 vene-

124 4292 326 4346 ratione
353 4294 726 4362 competenti,
756 4294 977 4349 cmleste
1019 4294 1386 4364 eompleamus
1412 4293 1644 4349 oﬂlcium
1685 4313 1698 4348 :

125 4399 184 4438 ne
217 4387 259 4440 si
292 4385 474 4456 (quod
512 4386 681 4456 absit)
729 4387 1184 4457 id'negligenter,
1238 4398 1331 4442 aut
1387 4389 1698 4453 inhoneste,

123 4475 428 4547 vel-tepide
478 4478 894 4546 expleverimus,
928 4485 980 4533 et
1013 4480 1081 4533 ad
1129 4480 1518 4549 perliciendum
1561 4482 1697 4552 pigri

1724 4528 1778 4588 D

1808 3280 1883 3336 sis
1921 3281 2086 3350 igitur
2113 3281 2218 3346 his,
2242 3296 2478 3350 quorum
2517 3284 2662 3337 aetati
2689 3283 3022 3354 delinquenti
3054 3285 3384 3355 parcendum

1808 3388 1915 3428 non
1947 3374 2178 3438 est,-sed
2225 3375 2424 3443 potius,
2469 3375 2624 3444 juxta
2674 3374 3040 3442 Salomonem',
3070 3377 3389 3432 eor-umlla»

1808 3471 1946 3528 tera,
1983 3480 2050 3517 ne
2081 3465 2446 3529 indurescant,
2480 3466 2647 3536 virgis
2670 3467 2884 3521 assidue
2903 3493 2908 3498 -
2928 3467 3384 3536 tendentia-sunt;

1809 3555 2040 3624 quaiiter
2069 3569 2194 3626 erga
2227 3566 2458 3612 caeteros
2507 3557 2880 3627 delinquentes
2901 3599 2914 3624 ,
2935 3557 3097 3626 'juxta
3121 3595 3128 3602 -
3148 3559 3388 3614 auctori.

1809 3654 1974 3702 tatem
2005 3649 2262 3713 divinam,
2295 3659 2354 3714 et
2378 3659 2684 3705 sanctorum
2718 3651 2939 3706 Patrum
2989 3651 3234 3722 exempla
3259 3661 3386 3707 ἐπι-

1809 3738 2152 3808 ditioneSqne
2197 3740 2250 3793 id
2290 3740 2406 3794 fieri
2455 3750 2734 3810 oporteat,
2759 3741 3002 3797 strictim
3039 3743 3388 3813 breviterque

1807 3830 2142 3884 ostendatur.
2178 3829 2384 3899 Siquis
2403 3830 2574 3886 frater
2596 3833 2648 3884 in
2670 3832 3098 3902 congregatione
3114 3834 3386 3888 canonica

1807 3923 2158 3988 constitutus,
2187 3924 2352 3978 horas
2391 3925 2692 3979 canonieas:
2732 3924 3082 3994 frequentare
3127 3927 3384 3996 neglexe-

1808 4014 1901 4078 rit,
1937 4015 2331 4084 cedes-iamque
2377 4031 2485 4070 non
2533 4017 2802 4086 religiose,
2835 4019 2939 4073 sed
2957 4019 3384 4089 pompaticeivel

1806 4105 2163 4176 incomposite
2179 4108 2494 4172 intraverit,
2519 4116 2575 4161 et
2587 4109 2839 4178 opaeaDei
2863 4111 3201 4180 negligenter
3225 4125 3384 4166 exse-i

1807 4207 1964 4253 entus
1989 4199 2173 4266 fuerit,
2206 4199 2638 4256 aii-collationem
2669 4202 2880 4255 venire
2903 4203 3220 4266 adistulerit,
3239 4202 3383 4257 obe-

1805 4292 2061 4346 dientiam
2091 4308 2122 4346 a
2147 4295 2424 4363 magistris
2453 4294 2552 4349 sibi
2605 4293 2903 4363 i‘njunctam
2938 4301 3111 4365 tngere
3163 4308 3386 4350 recusa-

1805 4385 1964 4448 verit,
1992 4387 2042 4438 in
2074 4385 2299 4456 legendo
2329 4388 2414 4442 vel
2454 4388 2868 4452 cantando,~vci
2892 4386 3186 4441 in'uteteris
3210 4386 3387 4442 ecclev

1807 4475 2038 4531 siasticis
2055 4477 2538 4548 disciplinis,jnxta
2559 4479 2702 4533 vires
2726 4479 2962 4533 studium
2982 4492 3094 4533 non
3120 4478 3385 4534 exhibue-

125 4565 523 4629 advenerimus,
553 4566 605 4619 in
629 4567 950 4621 sententiam
989 4583 1093 4636 qua
1125 4568 1344 4633 dicitur,
1382 4567 1698 4626 Maledictus
1724 4565 1780 4628 *ί
1802 4569 1981 4634 rit-,ad
2003 4575 2244 4625 mensam
2272 4586 2376 4625 non
2395 4572 2740 4637 necessitate,
2757 4571 2847 4626 sed
2870 4571 3387 4627 vitiotarde'bccur-

124 4656 266 4710 homo
292 4658 386 4729 qui
414 4675 548 4727 opus
579 4657 671 4711 Dei
693 4658 914 4726 tfece'rit-
941 4660 1285 4730 negligenter,
1319 4661 1702 4718 miserabiliter

122 4748 379 4809 labamur.
421 4750 569 4822 Ergo
599 4752 780 4806 solerti
814 4753 1079 4807 industria
1108 4755 1265 4810 nobis
1303 4755 1698 4810 observandum

123 4846 218 4903 est,
269 4855 340 4894 ne
376 4839 514 4910 quid
541 4840 594 4893 in
624 4841 853 4894 ecclesia
901 4841 995 4894 Dei
1031 4842 1292 4910 ineptum,
1324 4860 1392 4897 ne
1421 4846 1549 4914 quid
1579 4860 1700 4914 pcr-

121 4943 346 4998 versum,
374 4947 447 4985 ne
473 4930 602 5000 quid
654 4931 929 4995 indecens,
973 4938 1062 4983 aut
1089 4933 1432 5001 cogitatione,
1461 4943 1552 4986 aut
1581 4949 1700 4987 ver-

121 5019 216 5086 bis,
241 5032 336 5078 aut
354 5023 571 5080 actibus
597 5032 989 5094 perpetremus,
1007 5031 1291 5092 quatenus,
1323 5032 1376 5076 et
1406 5032 1696 5092 conspectu

123 5113 428 5184 angelorum
459 5115 604 5186 digni
637 5113 957 5178 efficiamur,
987 5125 1039 5168 et
1084 5114 1342 5168 Dominus
1387 5116 1454 5169 ad
1486 5131 1583 5168 nos
1615 5131 1696 5169 ve-

121 5211 289 5276 niens,
314 5228 428 5268 non
453 5211 596 5280 quod
616 5211 938 5266 condemnet
958 5209 1012 5264 in
1036 5210 1214 5274 nobis,
1234 5210 1325 5265 sed
1351 5209 1529 5279 potius
1554 5210 1697 5278 quod

122 5313 448 5370 remuneret,
474 5304 754 5362 inveniat“
1015 5296 1019 5301 ’

634 5413 862 5471 CAPUT
897 5413 1173 5470 CXXXIII.

123 5499 310 5572 Quales
333 5507 405 5562 ad
436 5506 711 5579 legendum
739 5516 792 5560 et
812 5507 1132 5632 «gnta-admit
1159 5506 1214 5560 in
1251 5503 1470 5560 ecclesia
1499 5508 1696 5561 consti-

173 5611 182 5618 -
528 5631 534 5632 ,
729 5587 850 5632 tuen
892 5594 908 5630 ι
937 5586 1058 5631 smt.
1659 5625 1662 5630 .

173 5611 182 5618 -
528 5631 534 5632 ,
729 5586 908 5632 tuendi
937 5586 1058 5631 sint.

189 5667 347 5726 Tales
372 5670 442 5725 ad
468 5670 772 5742 legendum,
814 5669 1142 5726 cantandum
1180 5677 1237 5724 et
1264 5668 1599 5740 psallendum
1639 5669 1695 5726 in

121 5762 348 5822 ecclesia
369 5767 788 5826 constituantur.
811 5765 906 5826 aui
931 5779 1038 5821 non
1069 5763 1317 5827 superbe.
1361 5766 1457 5822 sed
1481 5767 1699 5824 humili-

1801 4662 1958 4728 rerit,
1984 4677 2022 4716 e-
2043 4663 2298 4718 claustris
2328 4663 2444 4718 sine
2492 4663 2708 4718 licentia
2740 4664 3084 4732 exierit‘,‘per
3109 4663 3383 4718 licentiam

1801 4771 1930 4810 vero
1979 4770 2252 4827 egressus,
2308 4763 2500 4810 contra
2547 4754 3072 4810 constitutum-sibi
3117 4753 3380 4822 placitum

1802 4861 1982 4900 moras
2021 4845 2229 4907 fecerit,
2277 4845 2333 4899 in
2377 4845 2590 4913 plateas
2619 4845 2717 4906 ire,
2754 4852 2846 4896 aut
2875 4845 2927 4896 in
2955 4843 3116 4896 biviis
3145 4844 3386 4897 residere

1803 4939 2096 4990 tentaverit
2132 4978 2144 5000 ,
2197 4937 2250 4989 in
2309 4935 2630 4989 dormitorio
2689 4933 2893 5000 aliquid
2935 4931 3251 4996 indecens;
3289 4939 3389 4985 aut

1800 5025 2166 5088 inhonestum,
2195 5024 2380 5078 verbis
2427 5033 2519 5076 aut
2541 5021 2753 5077 actibus
2775 5022 3189 5091 perpetrat'erit,
3217 5019 3384 5074 aliubi

1799 5118 1903 5171 nisi
1947 5119 2001 5172 in
2031 5117 2350 5172 dormitorio
2377 5129 2497 5169 cum
2525 5116 2737 5172 caeteris
2764 5117 2969 5184 absque
2993 5127 3166 5168 causa
3199 5111 3386 5166 ineviw

1798 5212 1954 5266 tabili
2021 5211 2259 5265 dormire
2314 5211 2741 5280 praesumpserit,
2789 5207 3048 5263 fratribus
3093 5203 3382 5260 charitatis

1796 5304 1972 5360 ofﬁcio
2035 5305 2349 5360 obedientcr
2395 5305 2599 5360 servire
2653 5301 2992 5371 neglexerit",
3051 5295 3388 5353 discordiam

1795 5412 1980 5466 quam,
2027 5395 2240 5451 dicente
2287 5395 2566 5466 Scriptura
2598 5393 2780 5464 (Prov.
2809 5391 2910 5465 vr),
2939 5390 3032 5446 Dei
3062 5388 3381 5444 anima'des-

1797 5497 2044 5553 tcstatur,
2094 5489 2233 5544 inter
2272 5487 2465 5542 fratres
2507 5485 2874 5549 seminaverit,
2901 5483 3112 5539 et"buic
3157 5481 3377 5538 institu-

1802 5580 1932 5636 tioni
1965 5588 2272 5644 contumax,
2305 5586 2398 5632 aut
2433 5577 2720 5645 superbus,
2747 5589 2842 5630 seu
2879 5587 3238 5635 murmurans,
3281 5579 3378 5626 aut

1797 5674 1853 5729 in
1875 5673 2054 5744 aliquo
2081 5671 2386 5726 contrarius
2407 5667 2696 5733 exstiterit,
2713 5675 2767 5723 et
2787 5674 2981 5722 caetera
2999 5661 3374 5734 hujuscemodi

1799 5781 1962 5835 agere
1996 5763 2309 5831 tentaverit,
2340 5761 2431 5818 hic
2474 5759 2652 5833 primo
2701 5759 3020 5818 secundum‘
3049 5758 3144 5815 Dei
3171 5759 3378 5830 praui
