4000 6454
568 374 675 433 927

1590 351 1990 424 AMALARIUS
2026 358 2439 424 pessuma
2475 365 2836 425 METENSIS.

3749 374 3851 434 ωε

565 504 742 566 ptum,
766 508 875 549 non
906 490 1079 549 solum
1107 489 1293 555 semel,
1321 498 1378 544 et
1400 485 1637 544 secundo
1664 502 1730 542 ac
1771 489 1953 551 tertio,
1985 487 2143 557 quin-
2168 488 2219 547 A
2245 494 2350 550 est,
2377 484 2602 556 diligant
2628 485 2774 555 quod
2800 484 2894 541 Dei
2917 487 3159 544 bonitate
3180 500 3427 546 creatum
3449 501 3562 547 est.
3591 492 3849 552 Teneaut

567 588 676 645 imo
727 586 974 642 crebrius
1021 583 1421 638 admoneatur:
1454 589 1510 636 et
1551 579 1597 635 si
1650 579 1735 634 his
1768 576 2149 633 admonitioni-

567 683 670 739 bus
697 696 806 737 non
832 678 1079 743 cesserit,
1112 677 1342 748 publica
1381 674 1753 746 objurgatione
1800 670 2143 742 corripiatur.

569 773 723 841 Quod
748 772 792 827 si
827 779 883 825 et
908 769 997 825 his
1027 769 1240 823 renisus
1271 766 1453 831 fuerit,
1501 765 1714 821 caeteris
1744 763 1846 818 sibi
1877 761 2149 815 alimentis

568 862 893 928 interdictis,
948 875 1087 932 pane
1119 868 1327 915 tantum
1374 872 1544 926 usque
1593 856 1658 911 ad
1685 856 1902 925 dignam
1934 849 2147 906 satisfa-

570 956 807 1010 ctionem
828 961 1013 1006 utatur
1042 960 1098 1006 et
1124 965 1284 1020 aqua.
1318 948 1374 1002 Si
1424 962 1551 1002 vero
1575 961 1674 1001 nec
1705 946 1781 1000 sic
1803 959 1862 998 se
1893 956 2149 997 correxe-

569 1045 662 1106 rit,
724 1051 1005 1112 separetur
1042 1057 1072 1096 a
1098 1056 1304 1102 mensa,
1347 1048 1403 1093 et
1436 1055 1466 1093 a
1506 1037 1762 1093 societate
1809 1035 2038 1089 fratrum
2091 1033 2145 1086 in

568 1137 737 1193 choro
764 1134 1103 1205 psallentium
1140 1140 1502 1194 removeatur,
1549 1138 1604 1184 et
1629 1144 1894 1191 seorsum,
1921 1128 1976 1181 in
2029 1126 2147 1181 loco

569 1226 939 1298 hujuscemodi
985 1223 1377 1295 negligentibus
1432 1238 1463 1275 a
1524 1219 1761 1291 przelatis
1809 1221 2145 1281 constituto,

572 1327 717 1372 stare
771 1324 1036 1386 cogatur,
1087 1323 1144 1367 ut
1205 1313 1396 1369 saltem
1442 1313 1639 1367 rubore
1696 1309 2145 1379 sequestrationis

569 1407 908 1463 emendetur.
941 1394 1074 1460 Dein
1104 1406 1149 1460 si
1176 1405 1262 1459 his
1299 1403 1474 1458 modis
1497 1412 1782 1471 correptus
1811 1400 2149 1471 incorrigibi-

571 1498 639 1554 lis
662 1496 952 1559 exstiterit,
976 1505 1031 1551 et
1061 1504 1191 1550 tetas
1219 1495 1547 1564 permiserit,
1576 1494 1699 1564 quia
1726 1494 1880 1563 juxta
1904 1491 2148 1545 Salomo-

572 1591 655 1644 nis
679 1605 866 1645 vocem
900 1588 1082 1659 (Prov.
1115 1587 1306 1655 xviii),
1336 1586 1530 1640 stultus
1566 1585 1747 1639 verbis
1784 1599 1888 1638 non
1922 1583 2147 1653 corrigi-

571 1690 677 1743 tur,
733 1694 971 1750 congrua
1021 1678 1070 1732 ei
1122 1677 1410 1731 verberum
1465 1676 1786 1731 adhibeatur
1840 1675 2144 1745 castigatio,

570 1774 760 1843 quibus
795 1780 980 1840 utpote
1019 1769 1161 1823 illius
1191 1769 1524 1833 verberetur,
1553 1778 1819 1840 quatenus
1849 1769 2145 1824 secundum

2247 576 2301 629 in
2352 592 2510 630 manu
2560 576 2808 631 baculum
2858 587 2913 634 et
2960 581 3205 650 virgam;
3254 583 3508 640 baculum
3561 586 3849 655 videlicet,

2246 683 2353 737 quo
2378 668 2606 722 aliorum
2634 669 2829 723 virium
2876 671 3270 729 imbecillitates
3304 676 3584 745 Spiraliter
3624 688 3849 734 susten-

2246 766 2362 813 tent
2394 778 2407 813 :
2442 760 2649 829 virgam
2699 776 2863 825 vero,
2913 779 3018 831 qua
3067 766 3197 819 vitia
3241 766 3683 836 delinquentium
3736 772 3847 827 zelo

2248 852 2584 906 rectitudinis
2635 851 2853 927 feriant.
2893 854 3340 925 Delinquentibus
3390 861 3603 916 interea
3646 877 3708 918 et
3755 880 3846 920 ex-

2246 946 2655 1000 comnumicatis
2703 945 2983 1009 fratribus,
3014 965 3354 1020 nequaquam
3399 954 3593 1008 ueteri
3650 954 3847 1012 fratres

2247 1030 2443 1088 debent
2485 1033 2688 1100 favere,
2728 1046 2822 1091 aut
2850 1053 2945 1092 eos
2974 1040 3086 1095 suis
3112 1041 3519 1099 adulationibus
3555 1046 3835 1115 decipere,

2245 1133 2339 1178 aut
2371 1141 2556 1180 eorum
2580 1136 2761 1181 errata
2787 1126 3073 1185 defendere
3092 1172 3107 1194 ,
3137 1132 3230 1186 sed
3261 1134 3443 1202 potius
3472 1151 3640 1205 opem
3672 1138 3834 1205 ferre,

2245 1225 2305 1271 ut
2331 1219 2602 1288 aequitatis
2634 1234 2870 1275 censura
2891 1221 3137 1277 distriete
3163 1226 3534 1293 corrigantur.

2784 1373 3011 1431 CAPUT
3050 1374 3312 1432 CXXXV.

2318 1482 2559 1540 Solerter
2608 1494 2845 1542 rectores
2889 1489 3241 1545 ecclesiarum
3296 1492 3531 1563 vigilare
3579 1505 3831 1566 oportet,

2245 1581 2305 1629 ut
2339 1577 2492 1645 pueri
2520 1585 2576 1631 et
2609 1578 2994 1642 adolescentes,
3037 1581 3127 1649 qui
3170 1581 3227 1634 in
3265 1587 3699 1654 congregatione
3741 1587 3837 1643 sibi

2248 1669 2536 1724 commissa
2565 1670 2876 1724 nutriuntur
2916 1671 2998 1726 vel
3028 1672 3371 1739 erudiuntur,
3404 1676 3481 1729 ita
3504 1676 3733 1745 iugibus
3752 1694 3832 1733 ec-

2249 1760 2565 1815 clesiastieis
2592 1761 2889 1831 disciplinis
2914 1764 3378 1831 constringuntur,
3410 1777 3475 1821 ut
3516 1784 3713 1824 eorum
3739 1771 3838 1827 las-

567 1838 712 1919 heati
749 1838 994 1931 Gregorii
1028 1861 1348 1915 sententiam
1368 1901 1383 1925 ,
1430 1861 1521 1929 qui
1570 1838 1809 1931 jubentis
1844 1860 2005 1915 verba
2037 1874 2142 1913 non
2173 1838 2219 1896 Β
2248 1850 2367 1904 Civa
2392 1858 2541 1913 mlas.
2573 1860 2628 1904 οι
2660 1852 2725 1904 ad
2755 1852 3082 1919 peccandum
3119 1854 3273 1908 valJe
3306 1856 3597 1925 proclivis,
3642 1861 3834 1916 nullum

571 1953 820 2016 audiunt,
838 1953 1152 2007 verberibus
1172 1952 1582 2017 admoneautur,
1606 1961 1664 2006 ut
1682 1953 1750 2005 ad
1776 1954 1913 2006 bona
1937 1952 2150 2006 deside-

571 2046 654 2100 ria
699 2059 875 2114 paena:
904 2044 1125 2098 trahant
1149 2059 1284 2112 quos
1311 2045 1529 2113 prtemia
1562 2059 1667 2099 non
1694 2044 1944 2098 invitant.
1977 2044 2148 2099 Caete-

568 2153 689 2192 rum
718 2138 763 2192 si
790 2137 913 2192 talis
936 2136 1116 2202 fuerit,
1148 2152 1306 2206 quem
1334 2148 1422 2191 aut
1449 2143 1598 2199 tents,
1633 2145 1726 2190 attt
1763 2137 1996 2205 qualitas
2026 2153 2151 2206 per-

568 2241 716 2282 sona:
754 2227 1032 2283 verberari
1081 2243 1187 2281 non
1223 2227 1440 2290 siverit,
1480 2227 1693 2296 publica
1745 2228 2146 2298 objurgatione,

567 2327 623 2374 et
650 2317 979 2390 jejuniorunt
1003 2320 1255 2373 continua
1280 2317 1582 2384 afﬂictione,
1615 2326 1670 2372 et
1698 2320 2148 2387 sequestratiouis

501 2396 505 2405 ’
566 2416 766 2471 rubore
792 2414 1096 2484 huiusmodi
1125 2414 1470 2484 corripiatur,
1504 2429 1673 2481 usque
1693 2414 1817 2467 dum
1844 2412 2003 2483 digna
2027 2426 2146 2482 poe-

566 2506 810 2562 nitentite
846 2506 1215 2562 satisfactione
1240 2506 1453 2559 veniam
1492 2511 1878 2574 consequatur.
1926 2503 1983 2559 Si
2018 2521 2148 2559 vero

566 2608 816 2669 uterque,
848 2608 903 2652 et
936 2598 1027 2667 qui
1058 2597 1375 2668 flagellatur,
1408 2604 1464 2650 et
1489 2611 1649 2665 quem
1686 2595 1940 2665 ﬂagellari
1990 2605 2144 2660 aetas,

568 2700 662 2747 aut
688 2692 922 2762 qualitas
947 2705 1188 2761 personae
1215 2689 1519 2759 prohibent,
1552 2688 1724 2743 adhuc
1753 2689 2148 2759 incorrigibiles

569 2784 925 2849 exstiterint,
974 2783 1020 2837 si
1070 2782 1219 2836 locus
1259 2781 1399 2835 intra
1450 2779 1685 2835 claustra
1735 2782 2144 2846 canonieoruut,

566 2877 708 2932 sicut
745 2875 927 2929 multis
969 2874 1025 2928 in
1073 2874 1205 2929 locis
1249 2872 1490 2926 noscitur
1516 2887 1658 2937 esse,
1694 2887 1799 2941 quo
1830 2872 1894 2926 ad
1937 2884 2147 2943 tempus

566 2971 941 3032 retrudantur,
978 2976 1033 3021 et
1072 2967 1366 3021 secundum
1408 2965 1621 3019 modum
1670 2964 1839 3034 culpae
1875 2966 2146 3035 castigen-

567 3070 682 3123 tur,
709 3068 767 3112 ut
789 3058 942 3126 juxta
963 3056 1276 3128 Apostolum
1302 3055 1485 3110 traditi
1524 3054 1740 3111 Satanae
1783 3057 1835 3110 in
1869 3057 2144 3111 interitum

566 3151 770 3214 carnis,
795 3150 1017 3219 spiritus
1045 3147 1226 3203 salvus
1251 3148 1320 3203 sit
1355 3147 1406 3201 iu
1437 3146 1526 3202 die
1559 3148 1768 3203 Domini
1801 3147 1886 3220 (II
1914 3146 2038 3202 Cor.
2064 3147 2138 3220 v).

565 3245 717 3314 Quod
766 3245 811 3300 si
846 3244 1010 3300 etiam
1054 3251 1133 3298 tot
1180 3242 1549 3299 saluberrimis
1598 3241 2052 3297 admonitionibus
2088 3249 2144 3297 et

564 3335 1009 3410 castigationibus
1066 3335 1294 3389 necdum
1325 3333 1645 3404 paruerint,
1699 3333 1795 3387 fiat
1840 3347 1937 3403 pro
1965 3333 2046 3388 eis
2076 3334 2143 3388 ab

562 3428 709 3484 omni
736 3426 1150 3498 congregatione
1178 3426 1485 3481 communis
1513 3425 1712 3490 oratio,
1756 3435 1815 3478 ut
1854 3440 1885 3478 a
1914 3424 2142 3480 Domino

561 3529 839 3579 sanentur.
880 3518 1194 3584 Postremo,
1247 3519 1293 3573 si
1344 3532 1567 3587 prorsus
1629 3517 2053 3572 inemendabiles
2088 3525 2144 3573 et

559 3611 954 3679 incorrigibiles
982 3610 1347 3681 apparuerint,
1375 3624 1441 3663 ne
1470 3623 1566 3678 per
1594 3607 1777 3677 plures
1806 3623 1993 3664 eorum
2017 3607 2139 3662 dira

559 3709 782 3771 serpant
804 3702 1073 3773 contagia,
1102 3715 1326 3755 necesse
1349 3709 1435 3755 est
1466 3709 1525 3753 ut
1554 3715 1584 3753 a
1613 3710 1933 3754 eteterorum
1965 3700 2140 3756 socie-

559 3799 688 3855 tate,
719 3800 903 3860 utpote
928 3805 1057 3846 oves
1080 3791 1355 3852 morbidae,
1383 3791 1601 3853 secreti,
1630 3800 1755 3846 ante
1790 3792 2137 3860 praesentiam

559 3882 895 3936 deducantur
935 3881 1197 3951 episcopi,
1237 3889 1297 3934 ut
1321 3881 1389 3933 ab
1413 3895 1479 3934 eo
1511 3880 1771 3935 canonica
1813 3890 1972 3935 aucto
2006 3882 2137 3937 itate

564 3971 781 4042 publice
811 3972 1157 4026 damnentur.
1198 3971 1256 4026 Si
1300 3987 1431 4027 vero
1461 3972 1583 4042 quis
1622 3972 1675 4026 in
1712 3973 1941 4044 collegio
1974 3990 2138 4029 cauo-

557 4064 806 4131 nicorum
849 4067 1060 4133 culpam
1104 4063 1441 4120 criminalem
1482 4065 1782 4129 admiserit,
1832 4068 1957 4124 huic
1988 4069 2136 4124 nulla

554 4165 639 4213 est
665 4153 838 4210 danda
867 4156 1052 4210 dilatio
1070 4196 1087 4222 ,
1114 4156 1242 4225 quin
1274 4164 1365 4210 aut
1403 4164 1597 4225 sponte
1625 4156 2002 4226 paenitentiam
2037 4175 2135 4229 pro

557 4247 796 4301 admisso
838 4246 1066 4301 crimine
1092 4255 1264 4317 gerat,
1302 4256 1394 4317 aut
1435 4247 1478 4300 si
1527 4247 1577 4300 id
1608 4262 1769 4317 agere
1798 4248 2131 4316 refutaverit,

552 4351 736 4392 coram
761 4338 1014 4407 episcopo
1041 4315 1357 4401 deducatur,
1393 4345 1450 4390 ut
1471 4338 1538 4392 ab
1562 4352 1627 4391 eo
1650 4315 1869 4407 publica
1902 4315 2133 4396 mulcteé

553 4435 642 4480 tur
688 4427 1023 4496 poenitentia.
1081 4424 1390 4480 Meminisse
1435 4426 1577 4480 enim
1607 4437 1823 4498 Oportet
1869 4441 2131 4497 rectores,

2249 1941 2421 2012 possit
2447 1943 2686 2012 reperire
2726 1944 2922 2008 locum,
2957 1961 3064 2013 quo
3107 1947 3158 2000 in
3201 1950 3411 2016 peccati
3460 1949 3681 2007 facinus
3724 1971 3836 2023 pro-

2252 2045 2391 2090 ruat.
2431 2036 2770 2107 Quapropter
2809 2039 2863 2092 in
2912 2038 3282 2109 hujuscemoii
3328 2043 3750 2111 custodiendis,
3789 2057 3839 2102 et

2250 2127 2524 2196 Spiraliter
2551 2129 2892 2193 erudiendis,
2930 2131 3053 2186 talis
3093 2148 3123 2186 a
3156 2134 3395 2202 przelatis
3424 2140 3843 2196 constituendus

2249 2228 2333 2274 est
2362 2221 2487 2274 vitae
2513 2222 2806 2290 probabilis
2842 2222 3029 2288 frater,
3055 2226 3145 2296 qui
3175 2242 3363 2282 eorum
3404 2245 3589 2285 curam
3618 2249 3847 2289 summa

2249 2320 2401 2381 gerat
2444 2311 2707 2366 industria
2732 2353 2747 2377 ,
2789 2329 2987 2384 eosque
3030 2316 3104 2370 ita
3140 2320 3433 2374 arctissime
3463 2324 3845 2395 mustringat,

2250 2403 2481 2472 qualiter
2509 2403 2891 2461 ecclesiasticis
2917 2407 3178 2463 doctrinis
3207 2409 3419 2475 imbuti,
3445 2421 3500 2465 et
3529 2416 3715 2470 armis
3738 2417 3847 2485 spi-

2250 2494 2496 2549 ritalibus
2522 2495 2716 2560 induti,
2744 2506 2799 2552 et
2821 2498 3064 2553 ecclesiae
3090 2500 3419 2557 utilitatibus
3446 2505 3713 2561 decenter
3749 2523 3841 2575 pa-

2250 2598 2402 2648 rere,
2433 2594 2488 2639 et
2514 2585 2582 2639 ad
2621 2586 2822 2655 gradus
2857 2589 3260 2647 ecclesiasticos
3306 2596 3649 2666 quandoque
3692 2598 3842 2669 digne

2246 2674 2458 2742 possint
2502 2678 2831 2745 promoveri.
2877 2678 3060 2734 Libuit
3096 2694 3385 2752 prteterea,
3424 2689 3503 2741 ob
3533 2689 3840 2745 tedilicatio-

2248 2782 2371 2820 neut
2416 2782 2709 2837 congruam
2736 2811 2752 2837 ,
2791 2780 2846 2826 et
2906 2772 3322 2834 instructionem
3371 2784 3586 2852 negotii
3636 2782 3704 2838 dc
3740 2800 3834 2854 quo

2247 2862 2444 2931 agitur,
2464 2863 2751 2931 quamdam
2782 2876 3092 2922 sanctorum
3113 2869 3339 2927 Palmm
3362 2878 3708 2931 sententiam
3726 2878 3835 2932 huic

2246 2953 2395 3024 operi
2427 2953 2690 3021 inserere,
2727 2971 2845 3024 quae
2878 2958 2953 3012 ita
2981 2974 3039 3015 se
3068 2960 3233 3017 habet
3275 2982 3288 3018 :
3332 2962 3530 3021 Prona
3568 2977 3654 3023 est
3678 2974 3835 3027 omnis

2245 3052 2377 3100 tetas
2428 3044 2497 3099 ab
2547 3047 2909 3104 adoleSCentia
2968 3050 3021 3104 in
3085 3053 3307 3108 malum.
3376 3056 3537 3112 Nihil
3597 3061 3835 3117 incertius

2247 3152 2409 3206 quam
2440 3138 2547 3191 vita
2574 3138 2999 3196 adolescentium
3028 3139 3178 3213 (Gen.
3202 3147 3349 3218 vui).
3389 3148 3479 3204 0b
3505 3151 3615 3206 hoc
3648 3154 3832 3208 consti-

2250 3228 2505 3283 tuendum
2526 3232 2787 3299 oportuit,
2819 3241 2877 3286 ut
2906 3233 2951 3286 si
2997 3236 3119 3303 quis
3159 3237 3211 3290 in
3243 3237 3394 3293 clero
3430 3255 3579 3309 puer
3612 3253 3720 3309 est,
3755 3254 3835 3298 aut

2243 3319 2611 3377 adolescentes
2658 3324 2920 3391 existunt,
2966 3341 3157 3383 omnes
3195 3330 3251 3384 in
3290 3347 3403 3387 uno
3442 3337 3696 3391 conclavi
3724 3338 3835 3393 atrii

2244 3425 2668 3481 commoreutur,
2698 3426 2758 3470 ut
2783 3416 3007 3474 lubrica:
3027 3423 3204 3477 aetatis
3232 3438 3423 3490 annos,
3456 3443 3567 3482 non
3592 3445 3651 3483 in
3684 3432 3836 3486 luxu-

2242 3505 2344 3570 ria,
2389 3506 2481 3561 sed
2513 3508 2567 3561 in
2612 3508 2911 3579 disciplinis
2939 3512 3325 3571 ecclesiasticis
3368 3528 3554 3588 agant,
3594 3522 3836 3591 deputati

2239 3599 2622 3668 probatissimo
2669 3602 2896 3667 seniori,
2922 3619 3085 3674 quem
3109 3616 3168 3662 et
3203 3611 3531 3678 magistrum
3555 3616 3827 3682 doctrin,

2238 3699 2295 3746 et
2347 3699 2539 3746 testem
2594 3692 2718 3748 vitae
2766 3694 3043 3763 habeant,
3096 3708 3204 3755 etc.
3256 3701 3355 3758 His
3391 3704 3468 3758 ita
3492 3710 3825 3777 premissis:

2237 3791 2452 3850 oportet
2483 3792 2543 3837 ut
2567 3785 2956 3852 probatissimo
2983 3789 3187 3845 seniori
3226 3794 3383 3861 pueri
3423 3796 3498 3850 ad
3536 3800 3831 3853 custodian-

2237 3872 2395 3938 dum,
2441 3872 2570 3930 licet
2607 3875 2676 3929 ah
2703 3875 2811 3933 alio
2839 3880 3197 3947 erudiuntur,
3243 3883 3600 3956 deputentur.
3642 3888 3831 3945 Frater

2237 3979 2389 4028 vero,
2439 3966 2526 4021 cui
2577 3966 2691 4023 haec
2730 3985 2860 4024 cura
2903 3973 3283 4038 committitur,
3323 3977 3372 4031 si
3405 3992 3597 4034 eorum
3638 3996 3832 4036 cura:

2236 4057 2656 4126 parvipeuderit,
2700 4071 2754 4114 et
2799 4062 2941 4117 aliud
2971 4080 3131 4133 quam
3168 4076 3384 4136 oportet
3422 4070 3699 4135 docuerit,
3735 4080 3831 4126 ut

2236 4149 2318 4205 eis
2345 4150 2399 4207 in
2422 4150 2602 4221 aliquo
2635 4150 2925 4219 cujuslibet
2952 4155 3188 4211 laesionis
3212 4159 3485 4214 maculam
3509 4163 3825 4233 ingesserit.

2237 4243 2578 4298 severissime
2603 4255 2886 4314 correptus
2911 4248 2979 4302 ab
3022 4248 3200 4304 ollicio
3221 4262 3562 4318 amoveatur,
3589 4266 3650 4309 et
3674 4255 3827 4310 fratri

2236 4335 2327 4389 alii
2378 4336 2431 4390 id
2474 4339 2886 4403 committatur,
2941 4339 3034 4410 qui
3086 4355 3179 4397 eos
3229 4351 3286 4397 et
3338 4344 3652 4401 innocentis
3706 4348 3828 4403 vita

2235 4426 2498 4497 exemplis
2535 4427 2820 4496 informet,
2862 4439 2918 4486 et
2959 4434 3025 4487 ad
3060 4448 3197 4502 opus
3226 4436 3429 4491 bonum
3453 4440 3828 4509 peragendum

536 4517 676 4586 ‘quia
705 4516 950 4569 columba
993 4524 1078 4570 est
1125 4515 1180 4569 in
1213 4516 1412 4570 divinis
1441 4514 1739 4586 Scripturis
1767 4519 2005 4576 Ecclesia
2038 4537 2129 4593 ap-
2155 4544 2210 4605 Β
2232 4518 2452 4573 excitet.

550 4605 767 4675 pellata,
800 4620 920 4674 quae
942 4620 1047 4660 non
1082 4605 1350 4675 unguibus
1374 4605 1595 4674 lacerat,
1630 4611 1724 4664 sed
1754 4611 1854 4665 alis
1884 4613 1971 4681 pie
2004 4630 2125 4684 per-

549 4695 687 4752 cutit
712 4692 889 4764 (Cant.
924 4694 1024 4762 vr).
1064 4692 1217 4749 Unde
1246 4694 1412 4747 etiam
1444 4694 1548 4750 illis
1573 4712 1918 4767 summopere
1941 4700 2128 4756 obser-

549 4785 783 4841 vandum
813 4792 917 4848 est,
948 4792 1006 4838 ut
1034 4784 1174 4838 sicut
1203 4785 1539 4853 praemissum
1570 4795 1671 4850 est,
1708 4785 1863 4855 juxta
1904 4792 2124 4848 modum

537 4869 849 4947 culparum,
894 4886 950 4931 et
1000 4878 1354 4945 personarum
1404 4886 1565 4948 atque
1609 4887 1852 4944 aetatum,
1904 4884 2127 4939 omnino

545 4967 663 5040 ipsa
711 4973 1010 5037 temperata
1040 4966 1111 5021 sit
1146 4967 1440 5037 correptio,
1469 4976 1528 5020 ut
1553 4984 1654 5023 nec
1685 4969 1873 5023 vitium
1906 4971 2127 5028 desidiae

547 5058 839 5122 inolescat,
885 5072 986 5111 nec
1011 5058 1282 5126 correptio
1329 5058 1758 5113 mansuetudinis
1790 5059 2007 5114 modum
2038 5078 2127 5117 ex.

544 5150 721 5214 cedat,
753 5163 850 5213 ne,
886 5156 943 5202 ut
971 5147 1049 5201 ait
1077 5149 1270 5202 beatus
1299 5145 1584 5210 Maximus,
1618 5156 1715 5202 aut
1740 5148 1968 5204 solutior
1992 5150 2128 5206 leni-

544 5251 629 5298 tas
654 5238 1055 5297 conniventiam
1085 5235 1321 5307 prtebeat
1353 5237 1625 5306 peccauti,
1648 5247 1742 5291 aut
1768 5238 2125 5294 immoderata

542 5331 807 5389 severitas
834 5344 864 5381 a
906 5327 1057 5398 lapsu
1086 5342 1191 5382 nou
1222 5332 1440 5380 revocet
1468 5326 1888 5396 delinquentem.
1930 5328 2035 5382 Sed
2067 5337 2124 5383 et

542 5421 646 5478 hoc
674 5420 780 5475 illis
838 5418 1186 5475 nihilominus
1225 5416 1522 5472 cavendum
1567 5427 1672 5483 est,
1718 5434 1784 5472 ne
1814 5431 1994 5472 errata
2031 5421 2124 5474 de-

541 5511 896 5582 linquentium
930 5509 1158 5578 alicujus
1193 5510 1271 5565 rei
1321 5508 1492 5565 livore
1521 5509 1717 5564 feriant
1743 5550 1758 5574 ,
1790 5512 1884 5564 sed
1920 5512 2118 5579 potius,

542 5608 603 5653 ut
627 5601 703 5653 ait
726 5600 915 5655 beatus
944 5601 1294 5671 Augustinus,
1332 5601 1442 5655 sint
1483 5601 1769 5656 criminum
1808 5614 2119 5670 persecuto-

544 5706 632 5746 res
656 5699 711 5744 et
741 5691 1018 5769 hominum
1056 5693 1391 5773 liberatores.
1432 5692 1659 5751 Oderint
1689 5694 1818 5749 vitia
1838 5736 1853 5760 ,
1892 5693 2119 5765 diligant

542 5782 809 5845 homines.
856 5783 1081 5841 Oderint
1117 5788 1260 5859 quod
1308 5787 1567 5843 instinctu
1603 5787 1801 5845 diaboli
1845 5787 2117 5859 ingestum

2724 4630 2966 4703 parur
2996 4632 3278 4690 cxxxvr.

2300 4766 2561 4838 Expletis,
2622 4766 3032 4839 religiosissime
3082 4768 3341 4839 obsequio
3394 4771 3548 4828 horis
3601 4790 3833 4847 compe-

2228 4860 2489 4926 tentibus,
2513 4859 2723 4915 diurnis
2744 4860 2957 4925 ollieiis,
2992 4860 3060 4915 ab
3078 4862 3332 4917 omnibus
3358 4865 3667 4933 canonicis,
3701 4870 3835 4923 dato

2226 4955 2401 5025 signo,
2452 4954 2799 5009 devotissime
2846 4953 2915 5009 ad
2968 4953 3376 5024 completorium
3431 4956 3837 5016 celebrandu-

2227 5047 2552 5100 veuiendum
2575 5055 2677 5099 est.
2723 5044 2841 5112 Quo
2869 5046 3155 5115 completo,
3186 5054 3401 5116 oportet
3422 5056 3480 5101 ut
3514 5064 3631 5104 non
3650 5053 3835 5123 epulis

2225 5146 2281 5193 et
2332 5136 2717 5206 potationibus,
2777 5135 3034 5205 vanisque
3080 5135 3377 5190 inserviant
3420 5137 3684 5208 loquelis,
3738 5142 3835 5197 sed

2229 5228 2315 5282 his
2342 5229 2560 5298 penitus
2585 5226 2922 5297 postpositis,
2951 5224 3227 5281 humiliter
3254 5235 3309 5281 et
3339 5227 3568 5284 honeste
3611 5232 3837 5287 dormi-

2228 5321 2427 5373 torium
2452 5326 2670 5387 petant:
2704 5326 2759 5371 et
2793 5331 3137 5386 nequaquam
3166 5316 3272 5372 duo
3319 5318 3373 5373 in
3402 5334 3533 5384 uno,
3565 5323 3673 5376 sed
3716 5324 3838 5378 sin-

2230 5411 2335 5481 guli
2369 5413 2420 5466 in
2448 5410 2673 5481 sing'tlis
2698 5410 2853 5465 lecis
2894 5410 3194 5478 quiescant.
3237 5409 3482 5466 Lucerna
3512 5430 3754 5485 quoque
3779 5420 3837 5473 in

2229 5504 2415 5558 eodem
2439 5504 2757 5559 dormitorio
2781 5503 2957 5557 noctis
2983 5513 3222 5571 tempore
3235 5501 3441 5574 jugiter
3465 5505 3695 5562 ardeat.
3742 5508 3843 5565 Ni-

2227 5599 2302 5654 hil
2334 5599 2565 5669 dcnique
2592 5598 2955 5660 inhonestum,
2998 5606 3093 5649 aut
3121 5594 3375 5651 indecens
3403 5597 3456 5650 in
3485 5598 3844 5657 dormitorio

2227 5703 2448 5765 geratur
2469 5695 2536 5747 ab
2572 5692 2774 5762 aliquo,
2807 5705 2906 5746 nec
2930 5689 3196 5760 quispiam
3236 5688 3466 5757 aliquem
3498 5689 3844 5758 inquietare

2224 5793 2539 5858 pnesumat,
2567 5798 2672 5841 nec
2702 5786 2771 5841 ad
2815 5783 2981 5838 verba
3024 5781 3235 5837 inutilia
3263 5789 3318 5835 et
3344 5780 3517 5835 otiosa
3544 5796 3845 5852 pros-um.
