4000 6484
182 411 279 469 929

731 376 1012 461 uacum
1049 399 1538 490 CANONicoaUM
1575 400 1663 456 AB
1699 398 2057 457 AMALARIO
2092 397 2468 459 COLLECTA.
2507 433 2580 445 —
2613 403 2740 459 LIB.
2781 404 2822 458 ι.

3297 399 3404 460 950

180 535 300 595 pere
323 525 496 589 cogat.
530 514 699 584 Hujus
723 531 853 570 vero
891 517 1108 586 capituli
1151 524 1487 586 contemptor
1521 515 1731 584 speeia-
1759 518 1811 578 Α
1837 514 1970 568 alios
1992 518 2302 584 praecedunt
2328 516 2658 587 magisterio,
2702 517 2775 571 ita
2818 517 3072 572 nimirum
3105 519 3406 575 innocentis

182 614 298 668 liter
323 625 352 663 a
371 608 606 679 praelatis
626 618 682 662 et
705 609 976 676 magistris
1004 609 1349 663 severissime
1391 607 1737 676 corripiatur.

691 723 915 779 CAPUT
949 724 1252 780 CXXXVII.

245 817 568 872 Studendnm
593 831 932 886 summopere
959 819 1271 873 cantoribus
1293 826 1394 881 est,
1441 833 1510 872 ne
1539 818 1739 871 donum

177 909 271 966 sibi
299 909 554 962 divinitus
581 907 834 961 collatum
865 909 1008 963 vitiis
1030 909 1252 974 fmdent,
1284 909 1376 963 sed
1400 909 1576 978 potius
1610 907 1740 962 illud

175 1000 491 1063 humilitate,
539 1002 808 1064 castitate,
840 1011 896 1056 et
937 1003 1249 1068 sobrietate,
1279 1011 1332 1056 et
1374 1002 1585 1056 caeteris
1614 1016 1740 1055 san-

175 1102 371 1147 ctarum
399 1095 659 1147 virtutum
686 1096 1018 1149 ornamentis
1046 1103 1311 1150 exornent
1335 1110 1348 1148 :
1373 1109 1599 1164 quorum
1627 1108 1739 1146 me-

173 1181 305 1236 lodia
350 1183 561 1238 animos
616 1185 794 1253 p0puli
853 1186 1251 1239 circumstantis
1295 1187 1360 1239 ad
1421 1185 1738 1238 memoriam

173 1287 512 1341 amoremque
543 1275 868 1338 ctelestium,
901 1291 1005 1329 non
1047 1275 1218 1330 solum
1265 1274 1593 1329 sublimitate
1618 1286 1741 1325 vcr-

171 1363 376 1425 borum,
400 1363 495 1416 sed
523 1363 690 1417 etiam
733 1364 998 1420 suavitate
1023 1373 1290 1424 tonorum,
1323 1380 1440 1433 qua:
1466 1364 1737 1426 dicuntur,

169 1452 345 1520 erigat.
372 1451 660 1507 Cautorcm
690 1463 889 1513 autem,
921 1454 1061 1509 sicut
1090 1455 1343 1508 traditum
1375 1462 1459 1508 est
1486 1469 1515 1506 a
1541 1452 1740 1506 sanctis

168 1540 432 1605 Patribus,
466 1552 522 1596 et
564 1559 694 1598 voce
735 1553 792 1599 et
817 1555 932 1598 arte
977 1544 1315 1614 praeclarum,
1372 1543 1740 1610 illustremque

166 1649 280 1690 esse
328 1643 561 1704 oportet,
617 1637 686 1690 ita
734 1646 793 1690 ut
846 1653 944 1706 per
983 1637 1373 1706 oblectamenta
1419 1635 1737 1700 dulcedinis,

167 1728 371 1780 animos
397 1728 586 1782 incitet
607 1729 970 1791 audientium,
1003 1736 1108 1782 etc.
1143 1727 1403 1782 Cantores
1428 1728 1605 1796 itaque
1633 1742 1738 1780 non

162 1825 378 1886 propter
401 1819 601 1873 donum
631 1819 733 1873 sibi
764 1819 1015 1873 collatum
1058 1834 1115 1873 se
1141 1819 1353 1874 caneris
1381 1817 1738 1887 superbieudo

160 1907 468 1975 praeferant,
501 1907 596 1963 sed
622 1909 894 1962 humiliter
934 1909 1110 1963 socios
1137 1909 1443 1963 exhibeant.
1481 1909 1544 1961 Et
1568 1908 1739 1975 provi-

159 2000 391 2054 dendum
445 2010 526 2056 est
592 2001 719 2066 illis,
779 2002 994 2070 quando
1045 2009 1358 2070 temperate,
1419 2000 1738 2068 quandoque

159 2090 424 2143 submisse
469 2091 707 2144 divinum
759 2100 946 2160 agatur
991 2088 1268 2145 ofﬁcium:
1317 2089 1525 2144 scilicet
1563 2098 1618 2141 ut
1651 2104 1736 2142 se-

160 2181 390 2234 cundum
415 2195 698 2235 numerum
741 2182 1076 2243 clericorum,
1125 2189 1175 2234 et
1206 2181 1365 2236 otIicii
1396 2181 1734 2250 qualitatem,

160 2279 208 2324 et
266 2272 527 2340 temporis
584 2272 965 2341 prolixitatem,
1022 2282 1236 2325 eantum
1287 2275 1632 2342 protendant,
1682 2281 1739 2326 et

161 2376 286 2416 voce
317 2363 666 2417 moderentur
687 2371 1026 2416 cacterorum.
1061 2361 1264 2416 Souum
1287 2353 1447 2416 etiam
1471 2362 1737 2416 vocalium

161 2452 459 2508 litterarum
493 2455 627 2508 bene
649 2463 810 2523 atque
834 2464 1024 2508 ornate
1050 2461 1412 2523 perstrepant.
1452 2453 1546 2506 llis
1587 2467 1735 2517 vero,

159 2545 242 2614 qui
274 2545 432 2615 hujus
459 2545 592 2600 artis
638 2546 815 2600 minus
843 2561 1070 2616 capaces
1098 2554 1245 2609 sunt,
1281 2546 1452 2599 donec
1483 2545 1739 2598 erudian-

161 2643 256 2698 tur,
305 2636 507 2690 melius
547 2638 800 2692 convenit
825 2647 881 2691 ut
922 2637 1140 2701 sileant,
1168 2652 1329 2705 quam
1383 2647 1602 2689 cantare
1646 2649 1739 2687 vo-

160 2727 306 2784 lendo
334 2730 482 2799 quod
520 2731 787 2794 nesciunt,
818 2730 1042 2785 aliorum
1070 2746 1230 2785 voces
1270 2730 1552 2784 dissonare
1591 2743 1739 2782 com-

159 2819 368 2889 pellant.
404 2820 609 2874 Psalmi
659 2838 894 2892 namque
934 2823 986 2876 in
1033 2823 1261 2878 ecclesia
1294 2839 1398 2876 non
1435 2823 1654 2887 cursim,
1682 2831 1737 2876 et

158 2914 378 2970 excelsis
403 2923 574 2984 atque
600 2915 942 2981 inordinatis,
971 2932 1063 2972 seu
1096 2917 1466 2988 intemperatis
1493 2918 1735 2982 vocibus,

159 3004 245 3058 sed
277 3005 435 3074 plane
466 3021 530 3060 ac
579 3005 830 3072 dilucide,
866 3017 921 3061 et
951 3024 1071 3062 cum
1121 3009 1533 3078 compunctione
1559 3009 1738 3064 cordis

161 3095 449 3151 recitentur
471 3113 486 3150 :
511 3104 572 3154 ut
590 3105 646 3151 et
671 3097 1015 3152 recitantium
1039 3113 1191 3152 mens
1218 3098 1428 3152 illorum
1455 3099 1739 3155 dulcedine

161 3196 425 3255 pascatur,
473 3197 528 3244 et
563 3191 896 3246 audientium
952 3208 1113 3246 aures
1159 3192 1369 3246 illorum
1416 3193 1733 3262 pronuntia-
1763 3205 1807 3266 ρ

162 3275 298 3332 tione
358 3279 787 3345 demulceantur,
847 3283 1118 3352 quoniam
1152 3283 1400 3351 quamvis
1453 3283 1737 3337 cantilena:

161 3385 321 3427 sonus
343 3373 398 3427 in
429 3374 550 3428 aliis
575 3373 766 3430 ciliciis
795 3377 1010 3430 excelsa
1036 3377 1206 3434 soleat
1234 3379 1318 3432 edi
1348 3393 1498 3441 voce,
1525 3378 1578 3432 in
1600 3379 1738 3433 reci-

161 3465 333 3520 tandis
364 3474 545 3521 tamen
595 3469 817 3540 psalmis
860 3469 1166 3538 liujusmodi
1216 3469 1435 3523 vitanda
1481 3479 1566 3524 est
1611 3487 1733 3525 vox.

158 3552 568 3612 Constituantur
601 3560 802 3615 interea
834 3562 1074 3615 seniores
1105 3561 1319 3623 fretus,
1363 3562 1739 3631 probabilioris

155 3645 362 3702 scilicet
388 3648 530 3713 vita,
557 3651 646 3719 qui
675 3658 912 3721 tempore
947 3661 1149 3705 statuto
1186 3653 1422 3707 vicissim
1454 3669 1574 3707 cum
1611 3669 1712 3707 can

157 3744 338 3792 torum
399 3740 584 3794 schola
632 3742 760 3807 sint,
804 3759 872 3797 ne
919 3745 974 3797 hi
1021 3745 1111 3813 qui
1158 3745 1369 3799 discere
1399 3744 1616 3808 debent,
1648 3752 1741 3799 aut

154 3827 270 3881 otio
312 3840 528 3896 vacent,
569 3839 663 3885 aut
703 3833 950 3888 inanibus
985 3844 1039 3887 et
1063 3836 1411 3903 supervacuis
1438 3835 1633 3889 fabulis
1660 3836 1740 3890 in-

158 3925 318 3971 stent.
348 3917 406 3972 Si
439 3936 566 3976 vero
587 3932 836 3978 cantores
868 3926 1081 3992 superbi
1111 3926 1434 3989 exstiterint,
1457 3938 1510 3980 et
1541 3939 1735 3993 artem,

159 4023 314 4075 quam
347 4011 607 4067 divinitus
628 4012 794 4082 adjuti
833 4014 1140 4080 didicerint,
1190 4016 1310 4070 aliis
1340 4017 1614 4071 insinuare
1658 4035 1738 4072 re-

163 4103 392 4166 ntterint,
425 4104 662 4173 graviter
691 4121 754 4160 ac
787 4123 977 4166 severe
1013 4109 1339 4177 judicentur,
1373 4120 1430 4163 ut
1467 4110 1739 4164 emendati

164 4202 316 4263 atque
349 4198 600 4259 correcti,
654 4200 912 4252 talentum
967 4202 1066 4254 sibi
1098 4217 1128 4254 a
1186 4201 1294 4254 Deo
1336 4204 1588 4257 collatum
1620 4205 1740 4258 aliis

165 4299 380 4355 erogare
404 4297 714 4357 procurent.
742 4289 1121 4358 Hujuscemotli
1166 4301 1344 4346 autem
1377 4295 1736 4362 correptionis

165 4380 348 4433 modus
375 4393 503 4451 erga
530 4395 626 4436 eos
651 4382 743 4452 qui
781 4382 1144 4451 quarumlibet
1190 4383 1389 4437 artium
1438 4385 1739 4452 disciplinis

164 4467 350 4523 eruditi
403 4479 551 4535 sunt,
609 4479 666 4525 et
707 4471 774 4526 de
823 4471 1021 4527 talento
1066 4471 1168 4527 sibi
1218 4473 1476 4528 divinitus
1516 4473 1734 4540 collato,

166 4560 325 4629 magis
360 4576 420 4616 se
463 4560 584 4616 aliis
610 4562 969 4632 superbiendo
996 4562 1272 4633 praeferre,
1316 4580 1477 4635 quam
1529 4564 1582 4618 id
1615 4580 1735 4620 cum

164 4652 415 4710 charitate
465 4655 735 4711 insinuare
767 4657 1024 4727 gestiunt,
1075 4672 1106 4710 a
1132 4656 1368 4729 praalatis
1411 4657 1611 4713 obnixe
1657 4667 1738 4713 te-

165 4744 360 4799 nendus
384 4751 489 4799 est.

648 4814 875 4872 CAPUT
908 4816 1237 4870 CXXXVIII.

228 4905 451 4977 Oportet
495 4907 738 4962 ecclesiae
777 4907 1045 4976 praelatos,
1097 4917 1157 4960 ut
1201 4908 1266 4960 de
1319 4909 1736 4977 congregatione

165 4996 257 5051 sibi
282 4999 573 5054 commissa
602 4999 736 5053 tales
775 4998 974 5068 eligant
1004 4998 1128 5051 boni
1172 4997 1462 5050 testimonii
1511 4996 1732 5062 fratres,

166 5087 214 5140 in
255 5091 450 5158 quibus
495 5105 661 5144 onera
707 5087 987 5160 regiminis
1039 5102 1229 5142 secure
1270 5087 1477 5156 possint
1522 5086 1731 5156 partiri.

167 5179 359 5247 Quibtts
401 5183 568 5238 etiam
615 5182 773 5236 talem
819 5179 1104 5236 conferant
1146 5187 1488 5249 poteszatem,
1535 5186 1594 5232 ut
1620 5179 1738 5232 vice

169 5270 366 5328 illorum
399 5274 702 5345 fungentes,
732 5280 785 5326 ct
829 5271 1196 5326 inobedientes
1226 5269 1484 5324 canonica
1504 5284 1735 5325 censura

171 5368 448 5438 corripere,
480 5375 535 5420 et
553 5365 866 5421 ohedientes
895 5363 1161 5419 hortando
1188 5364 1254 5417 ad
1277 5362 1499 5417 meliora
1524 5362 1738 5416 valeant

171 5471 471 5525 provocare.
515 5457 628 5513 Non
651 5457 796 5512 enim
821 5455 1175 5510 constituendi
1205 5463 1330 5510 sunt
1359 5451 1735 5524 personaliter,

174 5558 259 5603 aut
293 5567 357 5607 eo
379 5552 590 5615 ordine,
618 5566 726 5620 quo
754 5549 808 5603 in
833 5547 1056 5616 collegio
1085 5544 1314 5600 fratrum
1343 5545 1564 5599 admissi
1590 5551 1735 5606 sunt,

174 5643 261 5697 sed
288 5644 581 5699 secundum
605 5643 728 5696 vitae
747 5639 1019 5703 meritum,
1047 5646 1102 5693 et
1132 5637 1456 5710 spiritalium
1477 5638 1740 5690 donorum

174 5736 592 5805 puerogativam,
625 5733 715 5803 qui
751 5739 806 5786 et
845 5731 900 5786 in
940 5729 1358 5800 congregatione
1381 5727 1582 5783 assidui
1612 5728 1738 5790 sint,

177 5829 228 5876 et
255 5822 477 5880 fratrum
518 5839 700 5880 curam
733 5819 979 5894 pervigili
1023 5820 1202 5875 studio
1240 5825 1468 5890 gerant:
1516 5823 1572 5872 et
1600 5815 1742 5874 sicut

1842 606 1964 660 vita:
1990 596 2280 661 informcnt
2305 607 2570 674 exemplo.
2599 615 2655 660 ut
2675 605 2830 676 juxta
2857 607 3190 676 Apr-stolum,
3217 624 3403 663 exem-

1839 693 1927 762 plo
1953 695 2062 748 sint
2085 695 2299 749 ca'teris
2331 695 2383 748 in
2411 695 2597 758 verbo,
2627 695 2678 748 in
2709 695 3132 755 conversatione,
3150 697 3200 750 in
3229 696 3396 750 chari-

1839 791 1971 850 tate,
2006 786 2060 840 in
2093 786 2215 850 (ide,
2270 787 2322 840 in
2361 787 2627 840 castitate.
2672 785 2774 852 Qui
2816 785 3004 848 etiam,
3043 784 3089 838 si
3140 787 3407 853 prioratus

1838 879 1921 934 sui
1949 895 2111 935 causa
2139 880 2498 934 intumescere
2550 879 2830 949 cceperint,
2874 885 2929 930 et
2966 891 3149 930 curam
3180 876 3408 932 fratrum

1838 971 1990 1026 nihili
2033 971 2338 1042 penderint,
2376 972 2420 1026 si
2469 971 2660 1025 crebro
2709 967 2967 1023 admoniti
3014 966 3409 1036 incorrigibiles

1837 1063 2176 1128 exstiterint,
2230 1081 2258 1117 a
2315 1063 2616 1118 ministerio
2667 1061 3050 1132 propellantur,
3103 1059 3303 1130 aliique
3358 1058 3410 1112 in

1839 1155 1958 1210 loco
1987 1154 2222 1221 illorum,
2249 1156 2342 1225 qui
2388 1156 2442 1211 id
2471 1165 2690 1211 strenue
2732 1168 2990 1224 peragere
3033 1153 3258 1223 possint,
3289 1150 3401 1206 sub

1838 1247 2150 1323 stituantur.

2363 1337 2588 1396 CAPUT
2615 1339 2900 1396 CXXXIX.
3280 1399 3290 1406 _

1911 1428 2165 1496 Quamvis
2202 1445 2389 1486 omnes
2433 1432 2524 1501 qui
2573 1440 2812 1502 praesunt
2853 1429 3153 1501 praepositis
3182 1429 3287 1484 rite
3329 1428 3413 1483 di-

1840 1532 2053 1587 cantur,
2094 1539 2223 1578 usus
2255 1533 2434 1580 tamen
2465 1525 2697 1580 obtinuit
2723 1539 2817 1579 eos
2841 1525 3030 1580 vocari
3071 1523 3412 1594 praepositos,

1841 1614 1932 1682 qui
1978 1615 2262 1684 quamdam
2316 1617 2588 1686 prioratus
2634 1633 2819 1671 curam
2871 1617 2970 1672 sub
3011 1615 3140 1670 aliis
3186 1613 3418 1684 praelatis

1841 1712 2054 1773 gerunt.
2089 1705 2152 1758 lli
2181 1713 2359 1760 tamen
2391 1707 2482 1776 qui
2525 1707 2678 1776 juxta
2711 1710 2853 1764 hunc
2899 1723 3103 1763 morem
3149 1705 3417 1776 praepositi

1842 1805 2125 1859 vocantur,
2153 1797 2286 1850 tales
2310 1806 2368 1850 et
2393 1806 2498 1852 tam
2529 1799 2733 1853 strenui
2763 1797 3121 1853 constituendi
3150 1803 3295 1859 sunt,
3327 1794 3418 1864 qui

1767 1862 1813 1920 Β
1841 1896 1894 1941 et
1917 1889 2038 1942 vitae
2069 1889 2362 1962 probabilis
2392 1890 2520 1954 sint,
2547 1899 2600 1944 et
2621 1907 2682 1944 ea
2709 1906 2829 1960 quze
2854 1891 2955 1944 sibi
2988 1889 3230 1959 injuncta
3271 1862 3418 1953 sunt,

1837 1979 2064 2033 fideliter
2092 1981 2472 2048 humiliterque
2502 1982 2770 2050 expleant,
2802 1990 2855 2035 et
2898 1995 2998 2050 pro
3023 1994 3089 2035 eo
3132 1978 3272 2048 quod
3299 1976 3421 2032 aliis

1835 2070 2042 2138 pnelati
2072 2080 2216 2134 sunt,
2250 2087 2592 2140 nequaquam
2621 2072 3012 2140 parvipendant
3036 2069 3296 2124 canonica
3328 2069 3414 2122 in-

1837 2160 2025 2213 stituta
2063 2176 2077 2224 ;
2134 2161 2226 2214 sed
2276 2169 2480 2228 quanto
2527 2159 2646 2229 plus
2691 2160 3038 2229 implicantur
3083 2159 3139 2212 in
3187 2156 3420 2211 fratrum

1838 2251 2003 2314 curis,
2036 2259 2186 2304 tanto
2232 2251 2405 2321 magis
2432 2252 2685 2306 studeant
2709 2251 3021 2305 ccelestibus
3047 2248 3424 2318 obtemperare

1838 2343 2076 2396 monitis.
2130 2343 2337 2397 Debent
2387 2343 2550 2412 igitur
2583 2349 2792 2396 cunctae
2829 2339 3235 2410 congregationi
3263 2338 3424 2394 utiles

1838 2448 1978 2496 esse,
2009 2442 2064 2487 et
2095 2433 2161 2488 de
2205 2434 2511 2488 ministerio
2549 2433 2650 2486 sibi
2693 2431 2982 2486 commiSso
3030 2429 3260 2484 fideliter
3301 2444 3426 2499 pro-

1839 2524 2012 2578 desse.
2045 2524 2115 2576 Ea
2148 2539 2278 2577 vero
2303 2539 2422 2592 quae
2447 2523 2704 2577 fratribus
2741 2521 2870 2574 dare
2909 2519 3124 2584 debent,
3149 2535 3271 2574 cum
3297 2519 3426 2574 cha-

1840 2617 2001 2669 ritate
2048 2624 2288 2683 tempore
2332 2623 2636 2684 opportuno
2690 2613 3069 2666 incunctanter
3117 2609 3415 2681 praebeant,

1838 2718 2104 2777 quatenus
2130 2723 2159 2761 a
2186 2707 2412 2762 Domino
2438 2707 2504 2760 de
2535 2705 2677 2760 ﬁdeli
2705 2703 3174 2758 administratione
3197 2701 3423 2774 gradum

1838 2801 2039 2853 bonum
2093 2798 2399 2868 acquirant.
2460 2796 2600 2866 Erga
2653 2793 3022 2862 hujuscemodi
3078 2807 3211 2848 vero
3254 2793 3425 2848 delin-

1839 2898 2066 2960 quentes
2097 2897 2149 2943 et
2194 2887 2556 2942 obedientiam
2596 2885 2699 2942 sibi
2748 2885 3091 2940 commissam
3139 2897 3252 2937 non
3287 2883 3426 2938 bene

1839 2984 2304 3043 administrantes,
2348 2982 2538 3037 modus
2582 2980 2832 3049 superius
2875 2977 3299 3048 comprehensus
3340 2983 3425 3030 teo

1839 3076 2045 3130 nendus
2073 3085 2175 3129 est.

2423 3161 2651 3219 CAPUT
2691 3161 2848 3218 CXL.

1910 3259 2080 3312 Debet
2125 3271 2418 3327 procurare
2466 3256 2742 3325 prmlatus,
2792 3265 2852 3310 ut
2892 3253 3157 3310 fratribus
3197 3254 3423 3311 cellara-

1840 3353 2002 3414 riuni,
2032 3366 2136 3404 non
2164 3351 2518 3412 vinolentum,
2552 3365 2654 3404 non
2693 3350 3005 3418 superbum,
3051 3364 3158 3403 non
3189 3348 3422 3413 tardum,

1838 3457 1948 3496 non
1983 3441 2286 3510 prodigum,
2325 3440 2417 3494 sed
2442 3439 2684 3493 moribus
2723 3440 3012 3493 honestum
3040 3453 3105 3492 ae
3147 3438 3315 3493 Deum
3359 3438 3428 3493 ti-

1839 3544 2074 3590 mentem
2099 3535 2414 3598 constituat,
2443 3535 2533 3603 qui
2564 3541 2619 3588 et
2649 3532 2915 3603 stipendia
2941 3530 3166 3586 fratrum
3195 3530 3428 3587 fideliter

1839 3636 2039 3690 servet,
2087 3636 2140 3681 et
2189 3626 2431 3696 diligenti
2479 3641 2609 3680 cura
2641 3623 3070 3678 administrando
3119 3623 3424 3677 nullatenus

1839 3721 2039 3775 fratres
2060 3719 2360 3774 contristet.
2393 3718 2488 3773 Cui
2514 3717 2677 3772 etiam
2706 3715 2992 3786 pistrinum
3019 3713 3247 3770 fratrum
3271 3729 3418 3769 com-

1841 3812 2161 3866 mittendum
2200 3817 2304 3873 est,
2353 3818 2410 3864 ut
2450 3808 2581 3863 illud
2621 3808 2694 3861 ita
2727 3805 3136 3876 vigilantissima
3169 3820 3299 3862 cura
3328 3820 3426 3860 cu-

1838 3904 2060 3966 stodiat,
2095 3917 2160 3956 ne
2196 3900 2434 3956 ministri
2480 3900 2679 3954 ibidem
2721 3897 2986 3966 deputati,
3015 3911 3285 3950 annonam
3316 3893 3428 3949 fra-

1842 4006 1984 4049 trum
2008 4003 2101 4047 aut
2126 3991 2309 4046 furtim
2341 3989 2710 4059 subripiendo,
2744 3997 2837 4042 aut
2861 3988 2965 4042 alio
2995 3986 3233 4056 quolibet
3262 3985 3424 4041 modo

1839 4085 2172 4154 negligenter
2219 4081 2448 4136 vivendo
2491 4080 2772 4148 dissipent.
2826 4078 2889 4132 Hi
2942 4093 3072 4133 vero
3116 4075 3301 4131 famuli
3330 4075 3429 4130 eli—
3485 4076 3497 4080 ’

1838 4187 2032 4248 gantur
2060 4177 2125 4230 de
2156 4173 2460 4230 fidelissima
2488 4171 2730 4226 ecclesiae
2757 4169 2980 4234 familia,
3031 4178 3086 4222 et
3125 4169 3211 4222 his
3236 4167 3426 4222 ofﬁciis

1839 4265 2122 4333 diligenter
2148 4265 2484 4324 erudiantur,
2516 4270 2576 4315 ut
2604 4261 2812 4314 scilicet
2837 4267 2892 4312 et
2931 4259 3154 4328 pistoria
3195 4264 3332 4320 arte,
3365 4263 3421 4310 et

1841 4357 1965 4411 tidei
1999 4356 2234 4424 puritate
2263 4351 2676 4408 necessitatibus
2714 4349 2943 4403 fratrum
2970 4347 3426 4417 opportunissime

1838 4447 2055 4502 valeant
2107 4443 2412 4516 suffragari.
2466 4443 2667 4498 Eadem
2715 4457 2930 4512 quoque
2959 4439 3131 4495 forma
3172 4439 3237 4495 de
3278 4438 3426 4495 cocis

1764 4559 1816 4620 D
1843 4540 2106 4596 servanda
2133 4544 2235 4593 est.
2287 4535 2508 4591 Inutiles
2559 4534 2791 4604 denique
2845 4541 3008 4604 atque
3060 4531 3428 4588 inobedientes

1842 4629 2106 4687 cellararii
2133 4628 2427 4683 secundum
2469 4624 2716 4696 superius
2738 4623 3183 4696 comprehensam
3210 4629 3427 4678 sentcn-

1841 4725 1969 4778 tiam
1992 4721 2321 4793 judicentur.

2407 4805 2635 4864 CAPUT
2671 4805 2849 4862 CXLI.

1911 4901 2252 4974 Evangelicis
2298 4909 2460 4968 atque
2509 4897 2820 4966 apostolicis
2870 4895 3195 4949 instruimur
3254 4896 3424 4950 docu-

1841 4995 2057 5056 mentis,
2091 4995 2144 5046 in
2192 4987 2509 5058 colligendis
2561 4985 2862 5053 hospitibus
2910 4991 3036 5038 ante
3071 4981 3250 5038 omnia
3301 4998 3427 5054 ope-

1843 5099 1957 5137 ram
1983 5085 2112 5137 dare
2139 5080 2358 5138 debere,
2390 5085 2449 5129 ut
2492 5075 2685 5129 merito
2711 5076 2775 5130 de
2815 5076 2969 5131 nobis
3009 5075 3221 5130 dicatur
3244 5090 3274 5129 a
3321 5075 3427 5130 Do-

1841 5177 1988 5230 mino
2013 5193 2026 5226 :
2055 5171 2256 5240 Hospes
2286 5169 2385 5238 fui,
2407 5177 2453 5221 et
2480 5166 2754 5237 coflegistis
2784 5184 2864 5221 me
2895 5165 3109 5237 (Matth.
3138 5164 3288 5236 xxv),
3315 5173 3420 5220 etc.

1841 5265 2076 5322 Proinde
2103 5270 2335 5332 Oportet,
2371 5270 2430 5315 ut
2459 5259 2664 5330 praelati
2709 5258 2950 5314 ecclesiae
2999 5256 3422 5326 praecedentium

1843 5358 2063 5413 Patrum
2110 5353 2355 5423 exempla
2395 5362 2692 5416 sectantes,
2738 5349 2954 5419 aliquod
2991 5356 3294 5418 praeparent
3343 5362 3424 5403 re-

1839 5446 2198 5520 ceptaculum,
2242 5444 2333 5499 ubi
2381 5456 2646 5513 pauperes
2682 5437 3023 5508 colligantur,
3065 5445 3120 5492 et
3153 5437 3219 5492 de
3259 5439 3422 5495 rebus

1838 5541 2081 5597 ecclesiae
2109 5545 2316 5593 tantum
2348 5535 2544 5591 ibidem
2582 5533 2861 5602 deputent,
2890 5528 3032 5583 unde
3056 5536 3302 5601 sumptus
3327 5545 3420 5585 ne-

1840 5635 2109 5692 cessarios
2127 5633 2283 5703 juxta
2309 5627 2720 5698 possibilitatem
2751 5639 2930 5678 rerum
2958 5623 3159 5677 habere
3184 5621 3415 5687 valeant,

1841 5726 2084 5796 exceptis
2110 5720 2356 5784 decimis,
2381 5732 2501 5786 quae
2525 5716 2590 5770 de
2617 5713 2859 5769 ecclesiae
2884 5712 3026 5767 villis
3067 5710 3264 5766 ibidem
3290 5727 3418 5766 cou-

1844 5818 2112 5876 fet‘uutur.
2151 5811 2259 5869 Sed
2283 5819 2340 5868 et
2365 5807 2633 5873 canonici,
2676 5813 2788 5860 tam
2831 5804 2899 5878 de
2940 5803 3208 5882 frugibus,
3252 5816 3418 5882 quam
