4000 6450
572 295 678 359 935

1589 297 1994 356 AMALARIUS
2028 297 2441 356 PRESBYTER
2478 297 2839 356 METENSIS.

1729 545 2028 620 LIBER
2101 541 2660 620 SECUNDUS.

1352 692 1470 763 QUI
1500 693 1632 750 EST
1671 693 1760 750 DE
1795 690 2280 750 INSTITUTIONE
2318 685 2954 763 SANCTIMONIALIUM
2971 699 3020 744 ι.

637 892 790 951 Hanc
815 896 1250 952 constitutionem
1280 915 1436 956 sacer
1455 909 1753 956 conventus
1780 916 1922 955 anno
1951 917 2134 956 incar-
2159 907 2211 964 Α
2237 896 2416 954 divina
2441 891 2738 962 inspirante
2761 887 2932 960 gratia
2961 895 3016 942 et
3038 894 3345 942 sanctorum
3383 884 3618 941 Patrum
3643 899 3837 945 aceto-

567 984 804 1040 nationis
845 985 1055 1042 Domini
1091 989 1216 1054 8l6,
1251 991 1541 1048 indictione
1575 993 1662 1058 lO,
1703 1010 1845 1048 anno
1867 994 2132 1064 siquidem

567 1073 938 1143 gloriosissimi
965 1077 1220 1136 Ludovici
1267 1081 1603 1152 imperatoris
1631 1085 1810 1150 tertio,
1850 1085 1902 1138 in
1933 1085 2132 1154 Aquis-

567 1164 720 1232 grani
751 1165 949 1235 palatio
972 1209 986 1233 ,
1019 1170 1205 1224 eodem
1251 1183 1501 1228 monente
1547 1175 1809 1243 principe,
1839 1175 1907 1229 ob
1933 1175 2136 1228 anima-

568 1266 688 1306 rum
721 1256 1205 1314 sanctimonialium
1241 1263 1499 1318 canonice
1527 1264 1836 1335 degentium
1881 1265 2133 1330 salutem,

647 1397 679 1456 ᾗ
698 1384 866 1456 Hujus
889 1387 1006 1442 libri
1037 1393 1205 1446 codex
1245 1410 1346 1448 ms.
1393 1411 1536 1449 nunc
1582 1404 1664 1450 est
1707 1398 1760 1450 in
1812 1397 2134 1451 bibliotheca

2239 987 2516 1049 ritatibus,
2573 983 2720 1036 velut
2766 995 2833 1034 ex
2888 981 3058 1048 pr..tis
3113 978 3510 1045 vernantibus,
3560 982 3833 1050 quosdam

2239 1082 2492 1140 flosculos
2534 1077 2751 1148 collegit
2779 1085 2835 1131 et
2867 1076 2918 1129 itt
2945 1090 3108 1128 unum
3133 1074 3405 1144 congessit
3431 1114 3448 1138 ,
3475 1082 3654 1143 atque
3685 1091 3832 1130 com-

2239 1177 2385 1230 muni
2410 1181 2555 1235 voto,
2579 1169 2959 1237 communique
2977 1181 3285 1230 consensu,
3315 1166 3834 1223 sanctimonialibus

2241 1263 2526 1320 tenendam
2557 1259 3056 1327 observandamque
3095 1257 3425 1326 percensuit.

2236 1395 2370 1450 colai
2390 1393 2575 1457 Fabri,
2598 1393 2689 1462 qui
2719 1406 2864 1445 nunc
2886 1390 3195 1462 habeturin
3219 1389 3556 1462 bibliotheca
3579 1391 3826 1458 Thuana,

570 1454 830 1520 Colbert.,
857 1459 986 1512 olim
1021 1461 1072 1514 in
1110 1461 1352 1517 Tbuana.
1383 1465 1556 1518 Halm.
1582 1497 1650 1506 —
1677 1466 2001 1522 Postcrinris
2037 1468 2138 1521 bu-
2238 1467 2332 1521 sed
2379 1454 2631 1519 alterum
2657 1471 2874 1516 exstare
2920 1460 3080 1515 audio
3120 1459 3175 1514 in
3231 1460 3467 1516 ecclesia
3515 1454 3830 1518 Antisiodd-

559 1525 650 1612 jus
677 1525 892 1596 Regulae
917 1531 1132 1586 unicum
1173 1534 1328 1589 nobis
1367 1537 1552 1592 videre
1597 1537 1836 1592 codicem
1865 1537 2016 1592 licuit
2044 1537 2138 1591 l\i-
2238 1537 2406 1592 reusi.
2434 1533 2550 1590 Jac.
2585 1534 2742 1588 Sum.

602 1670 2132 1698 ——'———_————_

2251 1678 3772 1700 Μ
3825 1687 3834 1693 ο

1654 1802 1911 1863 INDEX
1954 1793 2311 1862 CAPITUM
2356 1797 2571 1860 LIBRI
2613 1798 2696 1860 II.

624 2023 666 2092 ξ-
688 2025 984 2092 Ercerptum
1009 2043 1072 2080 ex
1099 2031 1300 2092 epistola
1326 2031 1611 2092 Hieronymi
1641 2033 1697 2080 ad
1725 2034 2058 2084 Eustochium.

624 2085 690 2153 II;
719 2088 942 2153 I'Etusdem
970 2093 1026 2137 ad
1064 2085 1424 2140 Demetriadem
1454 2085 1760 2153 excerptum.

625 2146 690 2209 III
740 2147 860 2209 Item
886 2153 1103 2207 eiusdem
1127 2169 1185 2201 ex
1218 2155 1421 2209 epistola
1450 2155 1506 2200 ad
1535 2146 1746 2205 I-‘uiiam.

627 2205 705 2258 lV.
735 2205 1034 2274 Excerptunt
1076 2227 1136 2263 ex
1183 2205 1386 2276 epistola
1428 2217 1646 2277 Cypriani
1681 2218 1744 2266 de
1783 2217 1952 2268 habitu
1975 2217 2132 2277 virgi-

561 2278 695 2318 num.

626 2328 665 2378 V
711 2331 776 2380 Ex
804 2346 1032 2385 sermone
1053 2339 1207 2386 sancti
1229 2336 1428 2390 Czesarif
1451 2341 1664 2402 episcopi
1686 2338 2133 2389 sanctimonialibus

557 2390 760 2442 directo.

626 2454 700 2502 \'l.
729 2456 887 2507 Saneti
913 2458 1154 2508 Athanasii
1183 2461 1240 2508 ad
1262 2475 1463 2512 Sponsas
1486 2463 1684 2512 Christi.

558 2516 728 2626 balVlsl.
755 2519 937 2577 Quales
956 2522 1004 2570 in
1023 2524 1326 2572 monasteriis
1349 2524 1647 2587 puellaribus
1664 2524 1881 2574 debeant
1903 2535 2016 2573 esse
2041 2525 2130 2573 ab-

645 2593 678 2623 ις
709 2595 766 2626 :e.

645 2593 766 2629 ISSIB.

2292 2031 2396 2082 XV.
2424 2031 2486 2080 Ut
2531 2032 2588 2080 ad
2631 2032 2772 2078 horas
2806 2031 3063 2080 canonica:
3102 2029 3428 2080 celebrandas
3474 2031 3827 2082 incunctatae:

2231 2096 2526 2144 conveniant
2553 2095 2862 2140 sanctimonia
2886 2105 2962 2140 es.

2295 2154 2418 2202 XVI.
2445 2155 2518 2202 De
2547 2157 2767 2201 instantia
2793 2157 3046 2202 orationis.

2233 2279 2267 2328 b
2296 2216 2446 2325 XVII.
2479 2216 2539 2265 Ut
2583 2216 2954 2277 cumpletorium
2999 2216 3182 2277 pariter
3239 2214 3632 2265 sanctimoniaies
3677 2213 3833 2267 cele-

2271 2293 2356 2325 ΓΘΙΙ
2386 2315 2396 2325 .

2271 2287 2396 2325 rent.

2298 2338 2471 2387 XVIII.
2501 2339 2590 2396 Qui
2627 2351 2673 2385 m
2695 2339 2798 2383 idus
2820 2339 3144 2398 correptionis
3167 2347 3288 2397 erga
3309 2337 3703 2388 sanctimoniales
3720 2337 3828 2389 do-

2235 2402 2516 2458 linqnentes
2541 2402 2686 2446 adhib
2708 2402 2844 2446 -tulus
2867 2401 2948 2448 sil.

2301 2457 2358 2510 XI
2376 2464 2424 2509 \'.
2457 2462 2512 2509 Ct
2543 2466 2797 2508 abbatissa-
2823 2473 3033 2507 virorum
3058 2457 3366 2520 frequentia
3386 2460 3564 2520 vitent.

2299 2523 2398 2572 XX.
2439 2524 2491 2571 Ut
2521 2537 2636 2572 sane
2662 2523 2914 2570 imunialc-s
2938 2524 3146 2568 viroru'u
3169 2529 3375 2568 ωηειιιι
3397 2519 3730 2580 Eminentia.

2300 2584 2422 2636 XXI.
2469 2585 2527 2634 Ut
2569 2583 2901 2632 sanettmnuial
2939 2596 2963 2630 s
3005 2597 3122 2639 erga
3154 2581 3361 2629 famulas
3402 2584 3504 2630 Sibi
3541 2589 3827 2635 se"th

624 2639 764 2716 illi;
783 2641 1232 2716 Decangregandis
1260 2648 1305 2694 in
1331 2650 1641 2696 monasteriis
1657 2647 2124 2716 sanctitnonialibns.
2157 2657 2202 2716 Β
2233 2647 2524 2716 pervigilem
2549 2648 2640 2693 adh
2666 2645 3005 2716 tieautrnstod
3029 2657 3121 2690 am.

621 2699 683 2749 IX
707 2706 946 2771 “Qualiter
969 2699 1196 2768 blsfquze
1220 2721 1564 2758 monasterium
1604 2718 1864 2771 expetunt,
1887 2709 1950 2757 de
1975 2716 2128 2758 rebus

558 2766 762 2823 propriis
786 2773 1031 2823 agetidum
1059 2766 1141 2818 sit.

553 2822 941 2937 duﬁ.s(3ualitcr
966 2832 1014 2879 in
1040 2833 1334 2882 monasterio
1356 2831 1806 2882 sanctimonialibus
1829 2843 2127 2883 conversan-

620 2944 702 2995 Xl.
732 2947 791 2998 LTt
815 2955 1108 3016 monasteria
1153 2953 1422 3013 puellarum
1468 2955 1684 3014 undique
1715 2955 1991 3004 muniantur
2011 2992 2026 3016 ,
2073 2960 2127 3006 et

557 3015 849 3079 ηθξιςξεεείω
885 3015 1207 3079 habitationes
1243 3017 1446 3063 interius
1470 3027 1822 3075 prepareutnr.

577 3129 603 3140 η
622 3067 704 3117 XII
723 3071 817 3140 “Ut
840 3077 1229 3122 sanctimonialos
1253 3079 1298 3140 in
1328 3090 1419 3124 una
1444 3067 1685 3126 societate
1714 3093 1782 3126 vit
1794 3083 1938 3126 entes
1955 3091 2127 3140 aqua-

554 3125 679 3196 liter
692 3133 851 3196 cibum
875 3143 926 3184 οἰ
950 3146 1112 3196 potum
1135 3139 1383 3192 accipiant.

621 3188 750 3262 XIII.
789 3188 1006 3252 Qualiter
1049 3188 1438 3249 sant-timcniales
1480 3200 1726 3262 stipendia
1774 3201 2002 3262 accipere
2035 3201 2128 3252 de-

555 3249 701 3301 beant
727 3249 927 3305 necessa
943 3262 1016 3304 'ia.

618 3311 747 3387 XIV.
771 3319 905 3375 Quod
929 3319 1123 3377 gemina
1140 3321 1399 3372 abbatissis
1441 3323 1892 3373 sauctimonialibus
1936 3327 2130 3387 impen-

555 3373 714 3425 denda
735 3373 800 3428 sit
822 3373 993 3440 insito.

2293 2704 2442 2759 XXII.
2473 2709 2533 2757 L‘t
2557 2722 2675 2762 erga
2703 2705 2891 2767 puellas
2914 2708 2962 2754 iu
2987 2705 3294 2754 monasteriis
3315 2704 3633 2753 erudiendas
3651 2717 3819 2768 magna

2231 2773 2522 2820 adhibeatur
2547 2769 2819 2830 diligenda.

2299 2833 2444 2881 .\.\|ll
2497 2831 2560 2880 Ut
2596 2827 2657 2877 iu'
2691 2829 3004 2878 monasteriis
3050 2827 3355 2891 puellaribus
3396 2827 3588 2877 domus
3630 2835 3819 2892 μνομσ

2231 2908 2352 2944 anus
2378 2904 2428 2942 et
2452 2894 2664 2941 infirmas
2681 2893 2762 2940 ait.

2291 2957 2326 3006 Χ
2338 2955 2457 3004 XIV.
2486 2953 2667 3011 Quales
2688 2955 2785 3000 sint
2807 2952 3080 3014 pra-posita:
3098 2949 3487 3014 constituendae.

2295 3017 2437 3067 XXV.
2467 3017 2629 3075 Qualis
2653 3029 2712 3062 eo
2746 3012 2992 3063 Stitttrnda
3016 3021 3078 3062 st
3102 3012 3383 3061 cellararia.

2293 3078 2459 3128 XXVI.
2490 3074 2560 3126 De
2591 3081 2800 3134 portarit;
2824 3076 3103 3123 m0naslerii
3131 3074 3501 3124 constituenda.

2299 3139 2491 3189 λλνιι.
2521 3140 2580 3187 ω
2605 3151 2696 3186 non
2726 3140 2818 3186 nisi
2841 3146 3021 3186 statuto
3047 3144 3268 3197 tempore
3312 3137 3610 3194 presbyteri
3639 3146 3821 3185 coram-

2233 3215 2335 3264 que
2349 3203 2579 3264 “ministri
2603 3202 2896 3264 monasteria
2924 3197 3196 3258 puellarum
3224 3197 3600 3258 Ingrediantur.

2301 3261 2409 3371 XlXI
2432 3262 2515 3310 III.
2548 3261 2868 3323 Uthospttale
2895 3274 3167 3323 paupetuut
3212 3269 3358 3308 extra
3394 3259 3823 3308 monasteriude

2303 3338 2330 3371 e
2355 3334 2526 3371 larum.

2237 3334 2526 3387 puellarum.

557 3501 3820 3542 αξξ-ΞΜ

1124 3630 1334 3687 MANSI
1375 3632 1442 3687 IN
1485 3631 1908 3700 SEQUENTEM
1951 3632 2132 3687 MOMI

2251 3631 2339 3686 ΕΜ
2381 3631 2716 3688 RECULAM
2756 3631 3226 3688 ΡΠᾸΞΜΟΝΙΤΙΟ.

630 3736 854 3814 Concilii
901 3737 1354 3814 Aquisgrancnsis
1395 3741 1597 3814 Regula
1646 3759 1743 3814 pro
1775 3741 2280 3814 sanctimonialibtts
2313 3751 2491 3795 exstat
2539 3743 2590 3795 in
2645 3743 3010 3814 vetustissimo
3036 3741 3227 3814 eolice
3257 3742 3707 3814 membranaccog
3733 3755 3820 3796 Sb

554 3806 673 3881 culo
695 3823 789 3881 _tx,
823 3806 1011 3881 eodem
1045 3806 1254 3866 scilicet
1277 3828 1382 3880 quo
1404 3824 1458 3866 et
1476 3806 1771 3867 concilium
1799 3823 1882 3865 est
1904 3813 2146 3865 habitum
2175 3813 2402 3881 scripto,
2434 3814 2523 3881 qui
2555 3829 2685 3866 sane
2715 3813 2892 3868 Codex
2920 3822 3169 3866 servatur
3199 3811 3384 3865 Romae
3410 3811 3466 3864 in
3497 3811 3818 3865 bibliotheca

554 3874 661 3929 PP.
685 3877 1120 3934 Cisterciensium
1155 3874 1466 3937 monasterii
1486 3884 1699 3938 Sanctae
1723 3883 1911 3936 tirueis
1937 3884 1988 3935 in
2017 3874 2374 3935 l-lierttsalétn.
2402 3874 2467 3935 ln'
2480 3898 2546 3936 eo
2570 3899 2700 3936 vero
2719 3885 2898 3936 omnia
2919 3898 3043 3936 cum
3066 3881 3226 3936 editis
3248 3885 3594 3936 concordare
3621 3882 3818 3934 monuit

552 3961 641 4000 me
655 3962 756 4019 per
778 3947 990 4019 litteras
1017 3951 1076 4004 P.
1112 3952 1173 4005 D.
1208 3954 1400 4007 Darius
1430 3953 1689 4006 Marinoni
1724 3951 1963 4017 ejusdem
1994 3952 2204 4004 ordinis
2242 3953 2540 4006 monac-bus
2567 3955 2810 4007 eruditus
2839 3963 2894 4007 et
2917 3952 3157 4019 ejusdem
3187 3953 3510 4006 monasterii
3542 3950 3821 4005 bibliothe-

553 4016 754 4092 carins,
785 4018 885 4092 nisi
914 4022 1053 4088 quod
1075 4030 1199 4076 ante
1219 4024 1499 4076 exordium
1522 4022 1716 4090 capitis
1743 4016 1899 4092 primi
1924 4021 2176 4088 praemitti
2213 4021 2597 4092 animadvertit
2639 4016 3258 4092 sertnonem'quemtlam
3288 4022 3344 4075 S.
3376 4021 3702 4092 Augustino,
3729 4021 3820 4074 tri-

553 4086 764 4162 butum,
787 4086 1335 4162 cujus—apographnm
1362 4095 1426 4145 axi
1457 4108 1540 4147 me
1570 4086 1957 4146 humanissime
1989 4092 2202 4144 transit.
2236 4091 2390 4145 Hunc
2419 4092 2583 4161 igitur
2612 4108 2918 4149 sermonem
2955 4086 3022 4146 ei
3049 4091 3265 4148 Codicis
3296 4086 3819 4161 hujus'auctoritate

552 4155 770 4228 Regula:
798 4155 1298 4218 sanctimoniahbus
1339 4164 1477 4217 datae
1509 4164 1596 4216 hic
1619 4177 1718 4232 ego
1746 4162 1954 4230 primus
1983 4162 2276 4229 praemitti).

1190 4341 1487 4398 INCIPIT

695 4429 926 4488 SERMO
965 4432 1024 4488 S.
1065 4433 1437 4491 AUGUSTINI
1477 4436 1568 4490 AD
1608 4437 1953 4494 VIRGINES.

623 4518 793 4588 Dilige
835 4521 1117 4578 Dominum
1150 4565 1164 4588 ,
1223 4535 1279 4580 et
1327 4527 1530 4580 amabit
1582 4537 1665 4594 te;
1727 4531 1868 4584 servi
1917 4530 2032 4596 illi,
2077 4539 2132 4587 et

552 4608 878 4666 illuminabit
912 4627 1008 4667 cor
1044 4624 1213 4669 tuum.
1252 4615 1463 4671 Honora
1492 4628 1720 4673 matrem
1767 4631 1934 4687 tuam,
1989 4623 2133 4678 sicut

554 4699 782 4756 Matrem
809 4701 1034 4767 Christi,
1065 4713 1120 4759 et
1147 4722 1213 4761 ne
1233 4707 1545 4777 despexeris
1566 4711 1818 4766 canitiem
1848 4711 1990 4782 ejus,
2013 4730 2133 4782 quae

551 4793 763 4865 peperit
794 4804 866 4849 te.
904 4795 1073 4867 Dilige
1109 4813 1323 4854 sorores
1371 4808 1512 4865 tuas,
1567 4802 1706 4856 sicut
1756 4804 1894 4860 filias
1940 4807 2132 4862 matris

552 4891 684 4949 tuae,
706 4893 762 4940 et
786 4902 892 4940 non
925 4887 1264 4958 derelinquas
1290 4891 1405 4946 vias
1429 4893 1594 4961 pacis.
1627 4893 1820 4950 Oriens
1844 4897 1922 4950 sol
1952 4899 2133 4953 videat

552 4976 794 5031 codicem
833 4977 887 5031 in
923 4993 1082 5031 manu
1113 4987 1222 5041 tua,
1247 4991 1302 5034 et
1325 4990 1448 5050 post
1469 4983 1759 5039 secundam
1788 4987 1975 5041 horam
2003 5004 2134 5059 ope-

557 5080 682 5120 rare
710 5081 846 5136 opus
877 5073 1045 5120 tuum.
1103 5065 1210 5120 Ora
1253 5069 1369 5124 sine
1419 5071 1861 5139 intermissione,
1913 5085 1970 5130 et
2021 5093 2134 5133 me-

555 5168 740 5214 mento
769 5159 994 5224 Christi,
1041 5159 1130 5229 qui
1178 5162 1366 5231 genuit
1407 5171 1478 5217 te.
1533 5165 1840 5222 Conventus
1893 5169 2132 5223 virorum

555 5252 756 5317 devita,
787 5260 846 5306 ut
876 5268 981 5306 non
1011 5251 1103 5307 fiat
1129 5253 1327 5308 idolum
1352 5254 1405 5308 in
1439 5265 1529 5308 tua
1555 5256 1734 5310 anima
1761 5298 1776 5322 ,
1819 5269 1874 5313 et
1900 5262 2008 5314 erit
2037 5260 2133 5314 tibi

555 5343 936 5398 oll'endiculum
977 5345 1029 5398 in
1064 5354 1303 5415 tempore
1339 5347 1620 5402 orationis.
1658 5346 1934 5405 Christum
1964 5352 2134 5407 habes

558 5434 811 5490 dilectum
840 5452 854 5500 ;
893 5433 1094 5506 projice
1121 5439 1266 5493 viros
1295 5453 1504 5503 omnes,
1533 5448 1590 5496 et
1622 5457 1729 5495 non
1757 5442 1904 5498 vives
1934 5459 2135 5515 expro-

559 5522 820 5579 brabilem
849 5526 1038 5581 vitam.
1063 5527 1474 5586 Animositatem
1504 5532 1668 5587 etiam
1700 5533 1858 5604 longe
1896 5534 2061 5592 facito
2105 5554 2138 5592 a

563 5621 636 5678 te,
667 5623 721 5669 et
741 5619 1004 5674 memoria
1034 5620 1249 5676 malitiae
1290 5638 1396 5677 non
1421 5625 1734 5682 demoretur
1766 5628 1909 5698 apud
1953 5637 2025 5686 te.
2060 5630 2138 5686 Ne

565 5704 716 5763 dicas
743 5707 900 5764 hodie
922 5709 1175 5780 Coniedo,
1199 5722 1254 5771 et
1273 5731 1396 5772 cras
1419 5735 1525 5776 non
1551 5719 1854 5786 comedam,
1875 5724 2135 5789 quoniam

2154 4359 2198 4419 ρ
2232 4350 2416 4404 nonin
2443 4345 2709 4417 sapientia
2754 4343 2890 4398 facis
2931 4343 3066 4407 hoc;
3111 4342 3218 4396 erit
3260 4341 3406 4395 enim
3448 4341 3668 4396 nocella
3709 4355 3820 4394 cor-

2233 4442 2349 4511 pori
2383 4453 2496 4502 ttto,
2527 4447 2583 4493 et
2609 4436 2883 4490 cruciatus
2914 4434 3194 4488 stomacho
3229 4440 3339 4485 tuo.
3376 4430 3554 4485 Edere
3599 4444 3816 4484 carnem

2233 4550 2338 4588 non
2367 4543 2448 4587 est
2481 4533 2679 4585 bonum
2707 4570 2721 4592 ,
2760 4536 2816 4582 et
2842 4527 3026 4581 bibere
3053 4526 3233 4578 vinum
3267 4539 3375 4578 non
3405 4532 3491 4576 est
3516 4522 3814 4592 optimum;

2230 4624 2410 4680 offerri
2460 4629 2639 4675 autem
2687 4627 2902 4689 oportet
2951 4614 3364 4670 infirmantibus.
3410 4611 3572 4684 Virgo
3637 4613 3822 4666 turbn-

2231 4716 2373 4771 lenta
2426 4729 2533 4767 non
2587 4711 2925 4773 salvabitur,
2967 4715 3024 4762 et
3072 4721 3193 4777 qua:
3237 4706 3290 4760 in
3334 4704 3545 4759 deliciis
3593 4715 3688 4758 est
3722 4719 3823 4759 non

2230 4807 2436 4862 videbit
2475 4819 2732 4874 sponsum
2774 4817 2951 4857 suum.
3013 4797 3091 4852 Ne
3127 4799 3294 4857 dicas.
3329 4796 3700 4850 Contristavit
3745 4809 3826 4848 me

2233 4900 2452 4962 famula,
2489 4907 2544 4952 et
2580 4897 2876 4951 retribuam
2918 4893 2992 4948 illi
3041 4901 3262 4962 propter
3285 4890 3428 4959 quod
3460 4905 3567 4941 non
3599 4897 3692 4942 est
3717 4902 3829 4941 sero

2232 4994 2376 5046 vitus
2419 4992 2473 5045 in
2517 4990 2727 5044 filiabus
2758 4987 2872 5041 Dei.
2903 4985 3018 5039 Non
3052 4985 3149 5038 des
3177 4982 3415 5037 auditum
3443 4988 3595 5034 tuum
3645 4980 3831 5034 verbis

2234 5089 2410 5150 vanis,
2444 5095 2498 5141 et
2539 5085 2882 5139 narrationes
2911 5081 3173 5136 malorum
3204 5080 3346 5151 fuge.
3372 5077 3830 5134 Circumvenien-

2235 5183 2366 5236 tium
2397 5180 2560 5235 ferias
2588 5177 2832 5233 ebriosas
2870 5175 2994 5246 fuge
3021 5216 3036 5240 ,
3079 5182 3133 5229 et
3177 5174 3244 5226 ad
3282 5171 3495 5241 nuptias
3522 5168 3744 5224 alienas
3770 5185 3833 5223 ne

2236 5273 2398 5336 ieris;
2434 5271 2706 5325 immunda
2738 5269 2880 5322 enim
2931 5267 3084 5337 virgo
3115 5264 3321 5318 faciens
3363 5263 3496 5316 htcc.
3553 5260 3732 5331 Aperi
3773 5276 3834 5314 os

2239 5371 2388 5416 tuum
2435 5361 2599 5414 verbo
2631 5360 2743 5421 Dei,
2777 5367 2833 5413 et
2861 5357 3054 5412 cohibe
3107 5371 3135 5409 a
3189 5352 3526 5421 multiloquio
3578 5353 3836 5423 linguam

2237 5461 2405 5508 tuam.
2434 5449 2630 5505 Coram
2653 5449 2880 5504 Domino
2903 5444 3125 5500 humilia
3154 5453 3206 5500 te
3232 5445 3404 5514 ipsam
3423 5484 3438 5507 ,
3467 5450 3525 5496 et
3554 5442 3840 5496 exaltabit

2238 5551 2293 5600 te
2330 5545 2396 5598 de
2441 5551 2584 5596 terra
2625 5541 2762 5610 ejus.
2814 5537 2892 5594 Ne
2923 5537 3190 5592 avertaris
3239 5551 3268 5590 a
3313 5548 3548 5605 paupere
3580 5533 3642 5586 in
3697 5544 3844 5587 tem-

2238 5650 2371 5706 pore
2406 5629 2770 5688 tribulationis
2801 5671 2814 5695 ,
2866 5637 2921 5685 et
2958 5646 3065 5684 non
3106 5628 3321 5684 deficiet
3351 5625 3529 5682 oleum
3580 5624 3842 5697 lampadi

2243 5733 2366 5780 tuaa.
2399 5724 2591 5780 Omnia
2621 5723 2705 5779 fac
2735 5729 2958 5781 uronter
2997 5720 3318 5784 Dominum,
3347 5725 3402 5774 et
3436 5714 3545 5772 noli
3570 5728 3846 5781 qnms
