4000 6450
187 345 285 406 957

674 337 956 399 REGULA
993 335 1625 400 SANCTIMONIALIUM
1659 338 1750 397 AB
1787 338 2145 400 AMALARIO
2180 337 2561 400 COLLECTA.
2584 341 2806 399 -LlB.
2844 339 2909 398 Il.

3320 344 3426 403 938

184 461 250 516 ab
279 454 581 513 hominibus
639 455 866 528 gloriam
901 497 916 524 ,
971 457 1226 528 quoniam
1288 457 1462 530 gloria
1511 458 1748 518 hominis
1777 463 1828 525 Α
1851 466 2001 516 retur
2019 461 2327 518 videntibus
2346 461 2516 518 oculis
2539 462 2678 526 suis,
2712 470 2768 518 et
2786 462 3192 517 tabescentibus
3215 463 3432 519 casibus

182 549 315 607 sicut
355 543 454 602 ﬂos
481 543 625 611 feni;
657 547 828 617 gloria
857 557 1038 604 autem
1068 549 1282 604 Domini
1308 556 1492 604 manet
1511 550 1566 606 in
1591 559 1752 608 mter-

181 652 340 704 num;
381 634 644 708 virginem
691 648 1030 695 mansuetam
1071 639 1245 712 diligit
1283 639 1564 710 Dominus,
1596 643 1750 714 virgo

179 738 350 786 autem
378 728 637 784 iracunda
669 730 884 788 odibilis
927 733 1062 799 erit;
1107 733 1364 790 obediens
1395 735 1545 806 virgo
1588 737 1750 792 mise—

177 822 458 881 ricordiam
508 832 900 896 consequetur,
950 828 1330 884 contradicens
1364 838 1546 884 autem
1591 830 1749 888 valde

177 915 429 988 insipiens
471 925 575 974 est.
640 917 1113 978 Murmuratricem
1161 922 1428 995 virginem
1487 924 1748 995 disperdit

172 1009 452 1075 Dominus,
485 1010 776 1084 gratiosam
802 1021 982 1069 autem
1004 1013 1201 1070 liberat
1237 1030 1268 1070 a
1304 1023 1523 1084 morte;
1577 1019 1748 1089 turpis

172 1104 332 1176 risus,
351 1113 405 1161 et
424 1107 820 1176 exprobrabilis
847 1108 1222 1180 impudentia;
1259 1110 1437 1166 omnis
1479 1112 1624 1168 enim
1669 1113 1750 1168 in-

170 1197 367 1270 sipiens
428 1198 630 1255 talibus
665 1199 1068 1272 implicabitur;
1129 1217 1250 1272 quae
1302 1212 1536 1258 exornat
1583 1205 1748 1261 vesti—

168 1299 341 1348 menta
367 1306 486 1358 sua,
503 1299 559 1347 et
580 1292 832 1348 castitate
852 1293 1197 1349 extrinsecus
1219 1294 1343 1350 erit.
1361 1293 1478 1350 Non
1505 1311 1747 1354 commo-

176 1382 310 1438 reris
347 1381 698 1440 saecularibus
725 1424 741 1451 ,
767 1393 824 1439 et
846 1393 1098 1440 avertent
1134 1393 1286 1440 tuum
1336 1401 1432 1440 cor
1455 1426 1470 1452 ,
1497 1394 1554 1442 et
1592 1387 1746 1443 irrita

167 1471 360 1530 facient
393 1473 621 1530 consilia
663 1471 815 1542 justa
844 1493 859 1542 ;
901 1475 1160 1547 lacrymis
1204 1476 1259 1530 in
1297 1485 1456 1532 nocte
1484 1494 1616 1550 roga
1645 1479 1749 1536 Do-

165 1565 398 1632 minum,
437 1575 494 1622 et
527 1582 691 1622 nemo
717 1568 920 1623 sentiat
946 1576 1229 1640 rogantem
1270 1577 1320 1625 te
1343 1610 1359 1636 ,
1399 1578 1457 1625 et
1502 1571 1746 1629 invenies

162 1656 413 1728 gratiam.
469 1656 983 1730 Concupiscentiam
1012 1660 1507 1718 deambulationum
1542 1663 1746 1720 aliena-

163 1763 280 1804 rum
309 1766 376 1806 ne
399 1750 663 1816 imiteris;
693 1751 916 1819 donum,
957 1761 1014 1808 et
1051 1752 1382 1810 desiderium
1412 1758 1611 1813 avertit
1638 1767 1746 1816 sta-

1854 551 1987 619 suis;
2005 566 2166 623 super
2185 552 2673 624 impossibilitatem
2685 552 2852 607 animi
2876 552 3056 624 gravis
3076 552 3430 620 abstinentia,

1850 651 1908 699 et
1971 644 2061 701 vix
2106 645 2393 716 dirigibilis
2445 646 2692 700 castitas.
2743 643 2888 700 Nihil
2950 643 3160 702 dulcius
3219 645 3432 702 cmlesti

1852 733 2101 809 Sponso;
2160 737 2354 792 animae
2397 737 2663 809 virginum
2717 734 3184 804 illuminabuntur,
3237 738 3434 794 anima:

1851 839 2034 886 autem
2063 830 2468 887 immundorum
2509 830 2768 886 videbunt
2807 829 3080 885 tenebras.
3124 829 3248 885 Vidi
3291 829 3436 886 viros

1850 934 2261 996 corrumpentes
2307 924 2546 996 virgines
2588 923 2644 978 in
2675 923 2933 980 doctrinis
2969 924 3102 989 suis,
3142 930 3198 979 et
3236 937 3435 979 vanam

1848 1016 2115 1074 facientes
2168 1019 2541 1090 virginitatem
2586 1033 2797 1074 earum.
2833 1018 2913 1074 Tu
2958 1030 3136 1073 autem
3172 1018 3297 1074 audi
3323 1059 3339 1085 ,
3372 1018 3436 1075 ﬁ-

1847 1109 1940 1179 lia,
1973 1111 2252 1168 doctrinas
2282 1112 2538 1170 Ecclesiae
2570 1112 2702 1180 Dei,
2729 1121 2784 1168 et
2804 1127 2962 1169 nemo
2985 1111 3193 1170 alienus
3217 1128 3438 1185 persua-

1849 1201 1974 1256 deat
2004 1202 2122 1258 tibi.
2149 1203 2293 1259 Deus
2317 1203 2564 1260 fundavit
2592 1203 2792 1261 caelum
2813 1213 2869 1260 et
2888 1213 3113 1273 terram,
3139 1213 3196 1262 et
3223 1206 3439 1264 laetatur

1846 1292 1905 1350 in
1929 1293 2029 1350 eis.
2069 1294 2186 1351 Non
2214 1304 2301 1352 est
2338 1296 2561 1368 angelus
2598 1313 2708 1353 non
2755 1313 2929 1368 capax
2967 1297 3188 1354 malitiae
3217 1311 3244 1340 ι
3268 1341 3284 1365 ,
3326 1315 3437 1356 non

1846 1395 1931 1444 est
1975 1390 2183 1448 daemon
2240 1399 2435 1448 natura
2487 1393 2682 1450 malus.
2738 1392 3041 1464 Utrumque
3087 1393 3232 1448 enim
3281 1392 3440 1450 liberi

1847 1485 2065 1541 arbitrii
2110 1486 2252 1544 sicut
2297 1487 2462 1544 homo
2486 1529 2502 1552 ,
2557 1495 2614 1544 et
2666 1503 2895 1560 corpore
2949 1487 3334 1558 corruptibili,
3386 1495 3443 1542 et

1848 1577 2030 1633 anima
2082 1579 2328 1635 substitit
2371 1581 2656 1647 rationali;
2709 1581 2788 1650 sic
2835 1588 2893 1635 et
2947 1579 3210 1635 Dominus
3252 1585 3442 1634 noster
3537 1582 3542 1586 ’

1847 1676 2010 1724 natus
2030 1678 2113 1726 est
2135 1671 2252 1728 sine
2276 1682 2501 1743 peccato
2522 1690 2537 1740 ;
2563 1672 2916 1729 manducavit
2942 1679 2998 1726 et
3017 1671 3313 1727 cruciﬁxus
3333 1681 3438 1740 est,

1847 1767 1903 1815 et
1941 1777 2049 1818 non
2093 1771 2212 1819 erat
2236 1764 2374 1820 visio
2401 1765 2527 1822 ﬁcta
2564 1766 2621 1822 in
2665 1765 2841 1821 oculis
2880 1764 3202 1821 hominum:
3233 1764 3311 1820 sic
3335 1764 3443 1819 erit

160 1847 269 1895 tum
300 1841 491 1907 animi,
515 1851 571 1898 et
597 1844 898 1915 corrumpit
918 1854 1223 1915 promptam
1243 1846 1574 1904 voluntatem
1605 1848 1741 1920 ejus.
1772 1838 1822 1898 Β
1849 1857 2182 1913 resurrectio
2210 1867 2572 1915 mortuorum.
2620 1859 2853 1916 Mundus
2877 1859 3076 1915 transit
3101 1859 3226 1926 iste,
3255 1867 3312 1914 et
3336 1873 3439 1915 nos

157 1926 362 1987 Fidelis
405 1931 561 2005 virgo
602 1949 708 1990 non
753 1933 1102 2002 formidabit,
1152 1952 1273 2008 quae
1302 1947 1482 1994 autem
1513 1940 1744 1998 inﬁdelis

155 2027 261 2087 est,
301 2021 474 2094 fugiet
514 2024 680 2079 etiam
724 2026 972 2080 umbram
1013 2042 1185 2082 suam.
1233 2027 1437 2084 invidia
1474 2033 1744 2088 consumit

157 2113 416 2180 animam,
441 2125 495 2172 et
518 2115 657 2172 livor
678 2117 904 2174 devorat
941 2133 1084 2174 eam.
1133 2119 1267 2187 Quae
1318 2124 1622 2179 contemnit
1650 2139 1740 2181 so-

158 2220 330 2261 rorem
375 2206 684 2273 inﬁrmam,
731 2226 764 2265 a
815 2209 1034 2267 Christo
1092 2211 1251 2285 longe
1293 2215 1430 2282 erit;
1480 2233 1548 2274 ne
1593 2220 1742 2278 dicas

159 2311 330 2353 meum
376 2307 460 2354 est
502 2299 624 2365 hoc,
650 2310 705 2356 et
744 2301 876 2358 illud
915 2313 998 2360 est
1040 2312 1219 2372 tuum;
1258 2307 1315 2363 in
1340 2308 1561 2368 Christo
1594 2315 1742 2371 enim

158 2385 280 2446 Jesu
302 2391 487 2448 omnia
508 2395 816 2450 communia
846 2405 991 2452 sunt.
1018 2398 1138 2454 Non
1177 2400 1424 2473 inquiras
1451 2405 1620 2462 vitam
1661 2409 1741 2463 al-

160 2483 320 2540 terius
338 2525 354 2551 ,
396 2494 451 2541 et
481 2485 537 2540 in
560 2487 720 2543 ruina
747 2489 951 2546 sororis
989 2498 1095 2548 ture
1125 2508 1192 2548 ne
1216 2496 1575 2567 congaudeas.
1606 2498 1746 2556 Sub-

159 2574 401 2632 ministra
429 2587 615 2635 autem
651 2578 1000 2651 diligentibus
1023 2583 1358 2656 virginibus,
1413 2597 1470 2643 et
1509 2589 1564 2644 iu
1595 2591 1745 2648 nobi-

157 2665 303 2726 litate
342 2684 433 2729 tua
485 2688 557 2730 ne
613 2675 940 2745 extollaris;
990 2695 1098 2736 non
1127 2681 1376 2752 proferas
1404 2685 1632 2741 verbum
1677 2687 1744 2742 de

157 2775 244 2818 ore
269 2770 361 2821 tuo
389 2765 446 2821 in
475 2767 708 2824 ecclesia
759 2768 995 2837 Domini,
1048 2781 1105 2829 et
1152 2789 1260 2830 non
1287 2777 1742 2860 extollas_oculos

156 2860 303 2921 tuos;
330 2856 597 2915 Dominus
624 2859 770 2915 enim
811 2864 1092 2935 cognoscit
1132 2873 1284 2924 tuum
1324 2885 1420 2926 cor
1447 2880 1505 2926 et
1529 2856 1740 2930 vomnes

157 2945 510 3016 cogitationes
539 2959 662 3007 tuas
689 2952 949 3022 inspicit;
981 2972 1196 3015 omnem
1237 2961 1434 3017 malam
1485 2965 1744 3036 concupi-

157 3037 412 3094 scentiam
442 3042 646 3112 repelle
676 3060 707 3098 a
738 3053 818 3110 te,
865 3055 921 3102 et
962 3064 1070 3104 non
1111 3054 1514 3111 contristabunt
1549 3065 1602 3113 te
1638 3058 1743 3114 ini-

157 3125 279 3182 mici
320 3131 417 3185 tui.
469 3130 644 3190 Psalle
667 3135 734 3192 de
761 3140 926 3195 corde
968 3156 1124 3212 puro,
1166 3153 1221 3199 et
1247 3161 1353 3201 non
1384 3155 1592 3204 tantum
1622 3166 1740 3207 mo-

1844 1949 2017 2018 spolia
2050 1952 2402 2023 accipiemus.
2449 1953 2690 2024 Corpora
2729 1950 3002 2021 justorum
3041 1951 3442 2008 haereditabunt

1843 2037 2026 2095 lumen
2047 2080 2061 2105 ,
2089 2040 2244 2112 impii
2270 2052 2452 2099 autem
2486 2043 2810 2100 habitabunt
2845 2043 2903 2099 in
2953 2043 3213 2100 tenebris.
3256 2041 3437 2111 Virgi-

1843 2130 1930 2187 nis
1954 2132 2099 2188 οωΙὶ
2123 2133 2385 2192 videbunt
2431 2135 2720 2195 Dominum
2743 2178 2761 2207 ,
2793 2145 2852 2195 et
2878 2152 3039 2195 aures
3078 2136 3307 2210 virginis
3341 2152 3438 2194 au-

1843 2222 1994 2280 dient
2026 2233 2195 2282 recte.
2221 2225 2413 2284 Amen.
2724 2229 2726 2231 ’

2333 2319 2564 2378 CAPUT
2610 2319 2905 2381 PRIMUM.

1879 2392 2260 2480 '(Excerptum
2313 2428 2379 2466 ea:
2431 2414 2580 2484 epist.
2643 2414 2705 2470 2i
2745 2415 3058 2489 Hieronymi
3111 2417 3182 2474 ad
3231 2419 3433 2478 Easton

1844 2499 2066 2570 citium.)
2107 2502 2270 2571 Audi,
2312 2503 2452 2573 ﬁlia,
2481 2515 2531 2561 et
2557 2506 2695 2575 uide,
2724 2518 2774 2564 et
2822 2510 3023 2566 inclina
3048 2529 3233 2568 aurem
3263 2523 3433 2581 tuam,

1842 2602 1893 2649 et
1931 2593 2230 2651 obliviscere
2252 2596 2505 2667 populum
2535 2609 2705 2668 tuum,
2749 2610 2797 2656 et
2835 2603 3048 2658 domum
3074 2605 3240 2674 patris
3263 2607 3361 2672 tui,
3386 2616 3436 2661 et

1845 2688 2180 2757 concupiscet
2229 2705 2322 2744 rea;
2373 2691 2615 2746 decorem
2681 2702 2854 2760 tuum,
2899 2695 2954 2750 in
3019 2696 3436 2768 quadragesimo

1843 2786 2041 2847 quarto
2066 2779 2278 2850 psalmo
2304 2782 2448 2838 Deus
2479 2784 2546 2840 ad
2577 2785 2818 2840 animam
2843 2786 3086 2857 loquitur
3113 2788 3432 2857 humanam,

1842 2881 1903 2925 ut
1928 2871 2227 2928 secundum
2280 2875 2586 2946 exemplum
2637 2875 2872 2933 Abraha:
2921 2879 3110 2934 exiens
3168 2880 3234 2935 de
3285 2888 3432 2935 terra

1842 2978 1942 3019 sua
1979 2967 2129 3022 etde
2157 2969 2480 3039 cognatione
2537 2984 2659 3036 sua,
2707 2969 2977 3040 relinquat
3003 2968 3304 3036 Chaldaeos,
3339 2971 3432 3042 qui

1843 3055 1999 3126 quasi
2032 3056 2297 3113 daemonia
2323 3057 2773 3129 interpretantur,
2806 3070 2862 3116 et
2886 3059 3094 3116 habitet
3123 3061 3180 3116 in
3211 3062 3434 3132 regione

1844 3148 2164 3217 viventium,
2207 3167 2373 3222 quam
2425 3152 2552 3208 alibi
2580 3153 2854 3225 Propheta
2905 3153 3145 3226 suspirat
3197 3154 3431 3210 dicens:

156 3229 277 3275 veas
313 3220 558 3295 linguam
608 3227 664 3282 in
701 3244 797 3286 ore
833 3238 958 3299 tuo;
1007 3233 1271 3306 insipiens
1322 3238 1487 3312 Virgo
1537 3243 1742 3298 amavit
1767 3216 1812 3280 Ο
1845 3237 2014 3296 Credo
2038 3243 2212 3298 videre
2239 3243 2376 3298 bona
2415 3244 2629 3299 Domini
2675 3246 2732 3302 in
2759 3255 2900 3300 terra
2947 3247 3229 3301 viventium
3254 3243 3430 3317 (Psal.

155 3321 455 3383 argentum,
492 3319 730 3389 prudens
770 3333 951 3379 autem
987 3329 1208 3397 apponit
1234 3339 1289 3384 et
1310 3346 1508 3400 panem
1535 3349 1735 3403 suum;

151 3400 286 3460 sicut
314 3407 551 3478 impetus
573 3414 685 3483 .gni
721 3414 936 3472 difficile
967 3423 1331 3490 compescitur
1357 3464 1372 3489 ,
1403 3426 1484 3480 sic
1524 3442 1739 3485 annona

149 3494 375 3566 virginis
415 3501 508 3556 vix
551 3505 854 3574 sanabilis;
909 3525 978 3565 ne
1009 3511 1225 3569 dederis
1264 3515 1502 3572 animam
1535 3520 1741 3592 cogita-

144 3585 385 3646 tionibus
413 3593 575 3650 malis
600 3635 616 3661 ,
657 3605 720 3652 ut
771 3615 881 3654 non
932 3603 1178 3672 polluant
1204 3615 1354 3662 tuum
1383 3625 1501 3677 cor,
1547 3585 1741 3669 etvim-

128 3682 394 3737 mundam
460 3688 763 3746 orationem
806 3692 964 3767 longe
1015 3695 1178 3754 facito
1215 3716 1246 3754 a
1290 3710 1362 3756 te.
1413 3702 1606 3762 Gravis
1648 3708 1742 3764 tri-

126 3771 276 3826 stitia
303 3813 320 3838 ,
364 3781 440 3832 el.
482 3779 835 3840 intolerabilis
881 3789 1112 3856 accidia,
1162 3790 1418 3866 lacryma:
1470 3805 1653 3854 autem
1705 3815 1737 3855 a

127 3859 364 3924 Domino
440 3871 729 3931 validiores
782 3889 1048 3951 utroque;
1101 3883 1273 3942 fames
1319 3896 1376 3943 et
1418 3889 1538 3946 sitis
1586 3908 1736 3949 mar-

134 3969 354 4014 cescere
398 3959 544 4017 facit
584 3967 1049 4038 concupiscentias
1091 3976 1282 4041 malas,
1329 3979 1512 4052 vigilia
1550 3994 1733 4042 autem

142 4043 284 4102 bona
331 4052 593 4121 purillcat
633 4071 873 4115 sensum.
923 4063 1064 4120 Iram
1113 4075 1168 4122 et
1199 4043 1600 4134 animositatem
1623 4093 1736 4135 ma-

147 4135 272 4194 litiae
323 4142 667 4203 confundunt
720 4169 985 4222 munera;
1053 4175 1176 4230 quae
1234 4163 1472 4221 detrahit
1520 4171 1733 4227 occulte

148 4233 313 4322 sorori
336 4250 468 4303 suae,
498 4237 631 4296 foris
655 4243 821 4300 stabit
844 4262 872 4300 a
897 4247 1135 4305 thalamo
1162 4251 1381 4322 Sponsi,
1401 4266 1456 4312 et
1479 4258 1734 4318 clamabit

148 4321 212 4419 ad
239 4320 442 4390 januas
489 4328 637 4398 ejus,
683 4343 739 4389 et
784 4351 892 4393 non
935 4320 1290 4411 exaudietur;
1343 4320 1570 4419 virginis
1632 4351 1732 4408 im-

147 4411 516 4474 misericordis
557 4423 934 4496 exstinguetur
975 4430 1228 4503 lampada
1257 4475 1273 4503 ,
1305 4446 1362 4493 et
1385 4411 1495 4496 non
1527 4442 1735 4500 videbit

145 4503 518 4567 advenientem
550 4530 809 4586 sponsum
857 4537 1049 4593 suum;
1098 4528 1300 4586 vitrum
1352 4533 1555 4592 cadens
1597 4553 1730 4596 saxo

144 4602 529 4690 comminuitur
552 4649 566 4673 ,
607 4619 664 4664 et
698 4613 852 4684 virgo
880 4617 1131 4688 adjuncta
1160 4622 1280 4679 viro
1312 4625 1576 4686 innocens
1617 4648 1727 4690 non

145 4688 258 4744 erit.
309 4692 506 4751 Melior
541 4699 735 4756 mulier
763 4719 1066 4777 mansueta,
1099 4727 1262 4782 quam
1295 4717 1446 4789 virgo
1480 4723 1728 4780 animosa

143 4787 193 4834 et
241 4784 526 4844 iracunda.
580 4791 710 4859 Quae
767 4801 992 4856 attrahit
1035 4802 1090 4858 in
1142 4806 1257 4862 risu
1297 4784 1578 4870 sermones
1625 4817 1727 4874 viri

143 4873 324 4934 similis
371 4891 463 4938 est
503 4885 952 4947 circummittenti
1008 4895 1262 4966 laqueum
1303 4901 1358 4956 in
1396 4905 1534 4960 collo
1581 4924 1723 4976 suo;

143 4964 272 5024 sicut
302 4975 604 5046 margarita
661 4979 715 5035 in
755 4978 1034 5041 fundibulo
1065 4964 1230 5044 aureo
1255 5031 1270 5055 ,
1309 4993 1388 5048 sic
1437 4964 1724 5068 virginitas

142 5070 387 5129 cooperta
456 5070 780 5126 reverentia.
841 5071 1064 5132 Cantica
1119 5078 1422 5138 daemonum
1481 5097 1537 5142 et
1575 5087 1724 5145 tibiae

141 5153 414 5214 resolvunt
465 5160 702 5217 animam
743 5173 799 5221 et
831 5166 1149 5238 disperdunt
1179 5171 1550 5234 fortitudinem
1579 5181 1721 5252 ejus,

142 5255 295 5309 quam
322 5251 540 5306 custodi
561 5268 660 5323 per
683 5256 890 5323 omnia,
932 5267 992 5314 ut
1029 5277 1136 5318 non
1164 5267 1559 5335 exprobrabilis
1585 5251 1718 5342 ﬁas;

140 5347 241 5390 non
271 5337 560 5398 delecteris
585 5343 639 5400 in
668 5347 779 5404 risu
805 5389 820 5415 ,
854 5351 984 5406 etin
1009 5353 1441 5425 vituperantibus
1480 5378 1592 5419 non
1631 5337 1722 5422 la);

141 5426 296 5492 teris,
345 5433 605 5502 quoniam
651 5436 911 5496 Dominus
944 5441 1268 5518 derelinquit
1311 5465 1424 5506 eas.
1463 5453 1586 5510 Non
1629 5471 1723 5512 ex-

139 5517 422 5580 probrabis
469 5539 711 5582 sororem
742 5537 888 5585 tuam
919 5517 1204 5604 edentem,
1229 5548 1283 5594 et
1309 5541 1364 5596 in
1391 5543 1723 5604 abstinentia

138 5608 226 5662 tua
276 5626 347 5668 ne
391 5616 685 5686 exalteris;
726 5637 832 5676 non
859 5625 1004 5679 enim
1046 5627 1153 5684 scis
1179 5632 1310 5702 quid
1333 5636 1597 5706 cogitabit
1624 5639 1728 5696 Do-

138 5699 333 5772 minus,
366 5718 461 5764 aut
481 5713 606 5783 quis
625 5715 790 5771 stabit
815 5717 868 5772 in
901 5699 1353 5798 conspectu‘ejus.
1386 5699 1517 5800 dua:
1558 5734 1723 5791 mise-

207 5828 232 5858 ι
259 5817 379 5888 Quo
409 5829 648 5896 tempore
671 5829 878 5886 scilicet
909 5841 1124 5894 creatus
1155 5836 1276 5895 fuit.

535 5922 811 5991 Parnor.
849 5926 973 5991 CV.

1840 3333 2014 3405 xxvr).
2053 3333 2252 3390 Verum
2308 3352 2416 3392 non
2448 3335 2646 3392 sufﬁcit
2692 3337 2787 3393 tibi
2818 3339 2968 3394 exire
3001 3339 3068 3394 de
3103 3339 3280 3409 patria
3314 3347 3430 3406 tua,

1840 3423 1946 3479 nisi
1974 3433 2030 3480 et
2059 3411 2402 3484 obliviscaris
2450 3428 2632 3500 populi
2667 3438 2721 3484 et
2746 3433 2939 3486 domus
2966 3431 3138 3501 patris
3168 3431 3265 3486 tui.
3294 3430 3429 3486 [res

1840 3528 1934 3567 lBl.
1997 3513 2114 3570 Non
2167 3519 2407 3588 expedit,
2475 3519 2816 3589 apprehenso
2875 3532 3081 3589 aratro,
3146 3523 3427 3592 respicere

1838 3612 1962 3674 post
1997 3613 2232 3678 tergum,
2263 3625 2365 3666 nec
2395 3611 2463 3666 de
2491 3626 2623 3681 agro
2653 3613 2853 3669 reverti
2890 3615 3146 3681 domum;
3172 3629 3273 3671 nec
3302 3622 3428 3688 post

1838 3696 2042 3753 Christi
2099 3701 2337 3756 tunicam
2374 3703 2442 3756 ad
2495 3703 2791 3760 tollendum
2844 3705 2990 3762 aliud
3039 3708 3428 3764 vestimentum

1837 3796 1983 3846 tecta
2014 3789 2367 3849 descendere.
2397 3791 2616 3851 Grande
2672 3797 3016 3854 miraculum.
3046 3797 3210 3855 Pater
3259 3799 3428 3856 ﬁliam

1839 3881 2177 3949 cohortatur,
2204 3900 2273 3940 ne
2296 3889 2609 3944 meminerit
2633 3891 2825 3962 patris.
2899 3890 3004 3948 Vos
3030 3894 3096 3948 de
3124 3904 3276 3965 patre
3302 3895 3424 3950 dia-

1837 3973 1954 4029 bolo
2005 3979 2148 4041 estis,
2203 3989 2254 4033 et
2301 3979 2566 4037 desideria
2614 3985 2782 4054 patris
2829 3986 2988 4040 vestri
3039 3986 3197 4044 uultis
3250 3989 3426 4058 facere

1836 4064 2018 4137 (Joan.
2044 4067 2192 4142 vui),
2222 4070 2424 4126 dicitur
2476 4073 2545 4129 ad
2572 4071 2788 4132 Iudaeos
2822 4094 2834 4131 :
2869 4087 2925 4133 et
2951 4077 3080 4134 alibi
3113 4098 3124 4134 :
3161 4079 3266 4146 Qui
3295 4081 3427 4151 facit

1833 4168 2123 4227 peccatum,
2148 4178 2214 4216 ea:
2238 4161 2448 4219 diabolo
2475 4173 2554 4220 est
2604 4165 2657 4237 (I
2685 4165 2849 4222 loan.
2893 4167 3001 4242 ιιι).
3034 4169 3153 4225 Tali
3180 4171 3418 4240 primum

1832 4259 2059 4319 parente
2084 4255 2328 4324 generati
2358 4256 2497 4328 nigri
2528 4273 2738 4323 sumus,
2767 4267 2825 4314 et
2872 4270 2997 4331 post
3043 4261 3420 4332 paenitentiam

1833 4355 1934 4395 nec
1964 4343 2090 4398 dum
2125 4344 2360 4403 culmine
2391 4348 2610 4406 virtutis
2659 4366 2889 4409 ascenso
2941 4353 3176 4411 dicimus
3203 4374 3216 4410 :
3248 4357 3423 4429 Nigra

1832 4448 1971 4499 sum,
1998 4434 2090 4488 sed
2111 4444 2159 4489 et
2192 4437 2447 4507 formosa,
2499 4441 2627 4510 ﬁlia:
2647 4443 2949 4501 Jerusalem
2998 4445 3180 4520 (Cant.
3208 4450 3270 4522 ι).
3314 4450 3422 4506 Ex-

1833 4523 1904 4580 ivi
1935 4526 2002 4582 de
2030 4526 2191 4584 domo
2220 4530 2461 4589 infantia:
2517 4550 2673 4602 mem,
2704 4537 2905 4595 oblitus
2950 4555 3069 4596 sum
3109 4543 3306 4612 patris,
3332 4560 3420 4601 re-

1831 4631 2032 4673 nascor
2055 4618 2112 4674 in
2144 4619 2379 4679 Christo.
2410 4625 2547 4693 Quid
2576 4644 2675 4699 pro
2704 4629 2807 4686 hoc
2851 4634 3121 4690 mercedis
3155 4637 3368 4709 accipio
3395 4639 3420 4693 ‘l

1831 4706 2089 4780 Sequitur
2123 4730 2136 4765 :
2183 4712 2255 4768 Et
2281 4719 2610 4788 concupiscet
2653 4738 2746 4777 rea:
2793 4723 3032 4781 decorem
3059 4738 3206 4783 tuum
3236 4706 3413 4801 (ῥοαί.

1827 4808 1999 4882 xuv).
2059 4809 2175 4868 Hoc
2223 4831 2353 4886 ergo
2403 4818 2533 4874 illud
2568 4837 2822 4894 magnum
2861 4834 2944 4880 est
2981 4842 3408 4887 sacramentum.

1829 4897 2054 4971 Pmpter
2081 4903 2185 4960 hoc
2214 4906 2486 4975 relinquet
2530 4909 2693 4964 homo
2745 4923 2957 4982 patrem
2978 4924 3033 4970 et
3071 4926 3324 4986 matrem,
3357 4929 3415 4977 et

1830 4993 2131 5050 adhaerebit
2180 4997 2332 5052 uxori
2381 5013 2512 5066 sua},
2543 5008 2600 5056 et
2626 5011 2786 5058 erunt
2820 5006 3002 5074 ambo,
3045 5007 3160 5078 jam
3190 5025 3316 5077 non,
3352 5019 3414 5069 ut

1833 5083 1927 5151 ibi,
1987 5087 2043 5141 in
2096 5103 2205 5142 una
2256 5105 2440 5157 carne,
2499 5093 2596 5148 sed
2644 5094 2702 5150 in
2748 5113 2858 5155 uno
2894 5100 3107 5170 spiritu.
3180 5101 3296 5158 Non
3327 5112 3412 5162 est

1832 5191 2063 5246 sponsus
2087 5186 2212 5236 tuus
2257 5196 2652 5254 arrogans,non
2705 5189 2990 5260 superbus,
3016 5191 3410 5262 Ethiopissam

1831 5270 1985 5326 duxit
2011 5288 2254 5329 uxorem.
2312 5274 2507 5334 Statim
2535 5287 2598 5335 ut
2642 5281 2876 5339 volueris
2926 5285 3246 5355 sapientiam
3291 5289 3411 5346 veri

1831 5361 2018 5416 audire
2050 5361 2376 5433 Salomonis,
2409 5377 2466 5424 et
2519 5371 2586 5428 ad
2618 5387 2742 5428 eum
2771 5376 3006 5441 veneris,
3059 5378 3410 5436 conﬁtebitur

1832 5453 1926 5510 tibi
1957 5467 2151 5514 cuncta
2183 5475 2304 5531 qua:
2331 5464 2520 5530 novit;
2550 5474 2606 5520 et
2631 5465 2850 5523 inducet
2896 5477 2949 5525 te
2975 5485 3068 5525 rex
3099 5471 3151 5526 in
3183 5473 3406 5530 cubicu-

1825 5541 1936 5599 lum
1965 5561 2161 5604 suum:
2195 5559 2249 5606 et
2285 5552 2482 5608 mirum
2525 5554 2580 5608 in
2640 5557 2885 5625 modum,
2939 5559 3123 5616 colore
3173 5573 3402 5633 mutato,

1825 5652 2003 5694 sermo
2031 5642 2126 5697 tibi
2160 5643 2247 5698 ille
2271 5646 2598 5702 conveniet:
2635 5647 2768 5715 Qua:
2808 5661 2884 5707 est
2930 5654 3033 5708 ista
3069 5671 3188 5728 qua:
3217 5674 3404 5713 ascen-

1825 5731 1902 5787 dit
1924 5731 2168 5791 dealbata
2189 5735 2216 5789 ?
2251 5735 2386 5792 l'rsu
2423 5753 2520 5794 tsi.
2563 5737 2698 5799 Nolo
2751 5742 2849 5800 tibi
2876 5748 3065 5806 venire
3090 5749 3400 5821 superbiam

2931 5965 3010 6029 30

2123 6022 2137 6032 ν·
2147 6023 2174 6033 sq
