4000 6464
240 371 334 442 ω

722 371 1002 434 REGULA
1041 375 1679 436 SANCTBIONIALIUM
1712 380 1804 434 AB
1839 377 2196 442 AMALARIO
2230 336 2608 444 COLLECTA.
2641 417 2711 429 --
2749 389 2876 445 LIB.
2921 389 2981 446 ll.

3377 391 3484 455 942

235 491 342 566 puli
375 491 526 560 solus
565 490 748 562 justus
816 493 1087 558 iuventus,
1156 491 1458 547 inebriatur
1504 503 1536 546 a
1586 492 1804 549 filiabus
1827 499 1878 560 Α
1903 495 2212 567 gitaverint,
2248 499 2500 556 ebrietati
2547 503 2892 574 sacrilegium
2921 508 3251 576 copulantes,
3281 514 3477 570 aiunt:

237 583 344 642 tuis
377 580 582 654 (Senes.
630 581 765 654 xix).
807 579 874 638 Εἰ
897 584 1026 641 licet
1067 584 1170 639 illa:
1202 589 1457 654 putarent
1484 598 1655 655 genus
1705 587 1808 642 huc

237 687 445 735 manum
468 675 756 743 defecisse,
781 686 838 732 et
871 679 975 733 hoc
1004 678 1250 733 facerent
1300 679 1601 733 liberorum
1631 680 1805 749 magis

235 769 497 828 desiderio
524 783 687 839 quam
712 770 972 836 libidinis,
1031 780 1209 826 tamen
1245 772 1491 828 sciebam
1520 772 1695 826 virum
1715 771 1804 840 ju-

233 874 368 921 stum
406 865 509 920 hoc
543 864 648 920 nisi
676 865 887 920 ebrium
911 877 1019 920 non
1051 881 1170 922 esse
1217 865 1508 921 facturum.
1560 866 1801 936 Denique

232 958 356 1028 quid
375 956 568 1013 fecerit
599 958 884 1029 ignoravit:
937 959 1004 1013 Et
1046 961 1359 1030 quanquam
1392 958 1646 1014 voluntas
1691 974 1802 1014 non

229 1050 297 1106 sit
320 1048 370 1103 in
394 1048 648 1115 crimine;
685 1058 841 1106 error
881 1051 936 1105 in
986 1051 1141 1121 culpa
1197 1059 1300 1106 est.
1336 1048 1470 1105 lrsn
1500 1065 1553 1104 IN
1598 1065 1797 1104 εΑυει.

226 1140 637 1196 innumerabilia
683 1151 809 1199 eunt
852 1143 924 1199 de
951 1143 1236 1214 scripturis
1292 1159 1551 1214 responsa
1592 1144 1796 1211 divina,

225 1246 342 1302 qua:
374 1233 556 1305 gulam
601 1233 881 1301 damnent,
907 1246 962 1292 et
1009 1237 1283 1308 simplices
1315 1236 1465 1292 cibos
1501 1238 1794 1308 praebeant.

225 1325 418 1380 Verum
453 1327 580 1395 quia
626 1339 771 1383 nunc
807 1338 918 1384 non
965 1338 1048 1385 est
1104 1330 1443 1401 propositum
1481 1331 1547 1385 de
1573 1329 1797 1400 jejuniis

222 1414 510 1484 disputare,
537 1425 593 1471 et
620 1418 873 1474 universa
924 1421 1145 1490 exsequi
1171 1421 1254 1475 sui
1288 1427 1372 1475 est
1399 1419 1540 1474 tituli
1570 1429 1624 1473 et
1646 1421 1798 1474 volu-

222 1505 402 1569 minis,
458 1507 574 1562 baee
627 1507 899 1563 suﬁiciast
936 1522 1109 1579 pauca
1149 1510 1215 1564 de
1245 1509 1508 1579 pluribus.
1541 1508 1795 1580 Alioquin

223 1595 292 1647 ad
309 1597 618 1668 exemplum
651 1599 844 1654 horum
871 1601 1078 1669 poteris
1100 1601 1195 1656 tibi
1226 1602 1342 1672 ipsa
1365 1601 1636 1672 colligere,
1662 1617 1795 1672 qqu

219 1687 384 1742 niedo
414 1695 470 1746 et
510 1690 720 1761 primus
764 1692 832 1747 de
862 1693 1116 1762 paradiso
1173 1695 1356 1762 homo,
1411 1695 1588 1751 ventri
1622 1699 1796 1764 magis

215 1773 480 1834 obediens
533 1793 698 1850 quam
753 1779 887 1848 Deo,
947 1784 1001 1837 in
1059 1785 1198 1840 hanc
1238 1785 1601 1857 lacrymarum
1648 1790 1794 1860 deje-

1901 586 2058 644 Absit
2105 596 2164 644 ut
2191 605 2292 660 ego
2319 607 2348 645 a
2372 590 2575 648 Christi
2620 594 2882 664 sanguine
2908 611 2994 651 me
3026 597 3348 657 abstineam.
3382 604 3478 661 Hm

1902 687 2047 744 sunt,
2072 696 2191 750 quae
2214 697 2314 752 per
2347 676 2619 754 publicum
2646 685 2956 741 notabiliter
2983 688 3257 759 incedunt,
3289 679 3343 750 et
3363 695 3481 754 fur-

1904 769 2028 826 tivis
2055 773 2333 828 oculorum
2388 776 2607 831 nutibus
2663 767 3086 834 adolescentium
3135 799 3329 854 greges
3355 799 3481 858 post

1901 876 1959 916 se
1989 865 2246 919 trahunt:
2299 883 2419 936 quae
2449 883 2665 938 semper
2722 869 2946 926 audiunt
2992 888 3089 942 per
3111 877 3427 946 prophetam
3459 899 3475 936 :

1901 951 2090 1010 Facies
2114 961 2399 1016 meretricis
2421 961 2566 1031 facta
2587 973 2659 1016 est
2689 963 2780 1018 tibi
2809 963 2944 1036 (Jer.
2973 956 3081 1038 tu).
3111 966 3245 1024 Nolo
3276 971 3482 1030 habeas

1900 1050 2231 1104 consortium
2261 1061 2672 1120 matronarum;
2710 1055 2834 1110 nolo
2880 1057 2949 1111 ad
2989 1059 3248 1117 nobilium
3287 1063 3479 1122 domos

1867 1185 1871 1187 .
1899 1139 2164 1205 accedas;
2195 1143 2319 1199 nolo
2350 1153 2401 1199 te
2421 1145 2734 1216 frequenter
2751 1148 3480 1219 videre,quodcontemnens

1895 1227 2051 1298 virgo
2078 1246 2198 1286 esse
2220 1233 2456 1289 voluisti.
2490 1235 2674 1307 Neque
2701 1253 2828 1295 vero
2853 1255 3042 1296 earum
3068 1251 3121 1298 te
3148 1255 3356 1302 tantum
3380 1263 3478 1305 cu-

1896 1321 1987 1391 pio
2019 1323 2288 1381 declinare
2324 1343 2678 1400 congressns,
2730 1345 2849 1400 quae
2877 1333 3198 1392 maritorum
3222 1336 3478 1395 inﬂantur

1896 1412 2235 1486 honoribus;
2289 1436 2425 1490 quas
2453 1423 2825 1480 cunuchorum
2857 1442 3047 1498 greges
3078 1430 3311 1500 sopiunt,
3343 1441 3398 1488 et
3425 1434 3479 1489 in

1895 1517 2127 1573 quarum
2177 1511 2419 1567 vestibus
2445 1520 2723 1569 attenuata
2749 1515 2803 1569 in
2834 1515 2982 1571 filum
3010 1518 3128 1573 auri
3156 1520 3374 1576 metalla
3404 1531 3479 1577 te-

1895 1603 2101 1652 xuntur
2132 1617 2144 1652 :
2181 1601 2274 1655 sed
2303 1603 2466 1658 etiam
2505 1619 2600 1660 eas
2620 1603 2764 1676 fuge,
2797 1621 2933 1676 quas
2960 1607 3153 1664 viduas
3181 1612 3479 1668 necessitas

1896 1684 2044 1742 fecit.
2080 1689 2200 1746 Sint
2225 1694 2323 1748 tibi
2351 1695 2535 1762 sociae,
2568 1711 2704 1766 quas
2749 1695 2954 1767 jt‘junia
3011 1707 3252 1766 tenuant,
3283 1704 3481 1775 quibus

1893 1780 2068 1847 pallor
2108 1783 2160 1838 in
2206 1783 2347 1840 facio
2392 1794 2497 1852 est,
2552 1803 2690 1858 quas
2732 1789 2980 1858 probavit
3032 1799 3088 1846 et
3142 1793 3292 1862 vita;
3359 1813 3480 1867 quae

212 1875 336 1922 ctus
372 1878 462 1924 est
501 1871 691 1926 vallem
718 1889 732 1926 :
757 1880 812 1927 et
848 1873 1023 1943 ipsum
1054 1875 1342 1931 Dominum
1387 1877 1619 1934 Satanas
1649 1880 1790 1936 (hinc
1818 1867 1867 1929 Β
1895 1873 2138 1942 quotidie
2169 1874 2226 1929 in
2279 1879 2535 1934 cordibus
2563 1881 2676 1935 suis
2729 1889 2931 1938 canunt
2964 1900 2979 1939 :
3019 1883 3117 1942 Ubi
3152 1889 3353 1956 pascis,
3388 1891 3478 1946 ubi

210 1961 508 2016 tentaverit
531 1963 587 2017 in
624 1964 877 2030 deserto;
914 1972 970 2020 et
1001 1964 1296 2036 Apostolus
1341 1967 1582 2024 clamitet
1610 1970 1788 2025 :Esea

205 2053 396 2114 uentri,
428 2062 478 2107 et
506 2063 684 2108 venter
704 2056 837 2110 escis
862 2069 883 2107 :
910 2055 1053 2110 Dens
1076 2066 1252 2111 autem
1290 2065 1341 2112 et
1368 2059 1528 2126 hunc,
1576 2071 1625 2114 et
1665 2061 1788 2116 illas

207 2140 442 2197 destruet
489 2144 688 2214 (10ml.-
736 2146 858 2218 vr);
905 2155 962 2202 et
1004 2147 1072 2202 de
1131 2147 1426 2205 luxuriosis
1474 2167 1489 2204 ε
1545 2149 1786 2216 Quorum

204 2232 347 2288 Deus
369 2244 546 2289 venter
564 2247 638 2290 est
666 2235 918 2309 (Philipp.
949 2238 1053 2310 in).
1079 2239 1138 2294 ld
1173 2241 1317 2296 enim
1348 2243 1477 2297 colit
1496 2245 1788 2314 unusquis-

205 2339 309 2393 que
345 2327 490 2394 quod
519 2327 709 2399 diligit.
764 2328 845 2383 Ex
875 2337 983 2399 quo
1011 2329 1241 2386 sollicite
1265 2331 1654 2402 providendum
1681 2343 1782 2399 est,

204 2421 262 2468 ut
297 2429 438 2484 quos
475 2417 734 2472 saturitas
769 2417 838 2473 de
868 2419 1122 2488 paradiso
1151 2420 1376 2491 expulit,
1410 2422 1630 2477 reducat
1663 2437 1786 2477 esu-

202 2505 330 2562 ries.
368 2506 527 2574 Quod
569 2509 617 2564 si
645 2509 881 2566 volueris
934 2513 1286 2583 respondere,
1322 2521 1378 2568 te
1414 2514 1580 2570 nobili
1616 2516 1786 2586 stirpe

199 2607 543 2667 generatam,
583 2616 799 2671 semper
830 2603 885 2658 in
940 2602 1168 2670 deliciis,
1213 2619 1430 2675 semper
1461 2607 1518 2661 in
1563 2606 1782 2677 plumis,

199 2704 306 2745 non
340 2707 508 2762 posse
544 2708 577 2748 a
609 2695 737 2748 vino
763 2703 820 2751 et
839 2696 1294 2754 esculentioribus
1327 2699 1464 2755 cibis
1485 2700 1782 2767 abstinere,

195 2796 296 2838 nec
316 2783 402 2840 his
433 2785 646 2856 legibus
668 2787 856 2844 vivere
877 2789 1180 2852 districtus,
1230 2792 1571 2861 respondebo
1599 2809 1614 2846 :
1650 2792 1783 2848 Vive

197 2887 322 2944 ergo
355 2876 480 2949 lege
507 2887 620 2944 tua,
650 2895 768 2952 qua:
798 2881 896 2940 Dei
941 2895 1050 2938 non
1075 2891 1250 2954 potes.
1301 2883 1422 2939 Non
1455 2885 1600 2956 quod
1636 2885 1782 2942 Deus

196 2965 575 3026 universitatis
621 2981 837 3029 creator
865 2983 922 3029 et
964 2975 1242 3039 Dominus,
1271 2976 1655 3034 intestinorum
1679 2995 1780 3034 no-

195 3065 436 3116 strorum
468 3063 676 3136 rugitu,
713 3074 770 3122 et
795 3066 1060 3124 inanitate
1095 3069 1322 3134 ventris,
1356 3069 1782 3140 pulmonumque

1893 1965 2061 2021 cubas
2114 1968 2169 2022 in
2224 1970 2497 2026 meridie?
2529 1987 2652 2042 quas
2677 1988 2746 2028 ex
2798 1974 2995 2030 aﬂ’ectu
3033 1977 3263 2036 dicunt:
3307 1969 3478 2051 Cupio

1891 2054 2111 2110 dissolvi
2142 2065 2196 2112 et
2223 2073 2345 2114 esse
2375 2073 2498 2116 eum
2543 2061 2778 2117 Christo.
2814 2061 2899 2118 Sit
2944 2065 3130 2136 itaque
3158 2069 3254 2125 tibi
3282 2076 3472 2129 mode-

1891 2154 2043 2202 ratus
2089 2148 2269 2212 cibus,
2322 2159 2376 2206 et
2427 2168 2706 2222 nunquam
2759 2163 2953 2212 venter
2986 2157 3252 2228 expletus.
3285 2159 3476 2221 Plures

1890 2239 2090 2310 quippe
2141 2249 2287 2307 sunt,
2344 2257 2465 2312 qua:
2490 2260 2616 2300 eum
2663 2246 2792 2302 vino
2821 2247 2932 2303 sint
2980 2250 3199 2317 sobriae,
3227 2252 3473 2310 ciborum

1888 2327 2138 2399 largitate
2162 2339 2290 2386 sunt
2316 2332 2499 2388 ebriae.
2551 2334 2632 2390 Ad
2659 2337 2962 2394 orationem
2993 2331 3091 2398 tibi
3143 2351 3302 2402 nocte
3355 2360 3474 2403 sura

1887 2420 2034 2490 genti
2088 2436 2197 2476 non
2232 2422 2520 2495 indigestio
2548 2433 2762 2481 ructum
2816 2426 3002 2496 faciat,
3059 2431 3154 2488 sed
3209 2433 3468 2492 inanitas.

1887 2511 2148 2568 Crebrius
2171 2497 2313 2585 lege,
2339 2515 2490 2572 disce
2516 2517 2934 2589 quamplurima.
2971 2521 3198 2580 Tenenti
3224 2517 3469 2584 codicem

1887 2617 2112 2660 somnus
2148 2605 2394 2676 obrepat,
2421 2617 2476 2664 et
2508 2609 2793 2666 cadentem
2821 2610 3015 2670 faciem
3043 2616 3238 2688 pagina
3277 2626 3469 2675 sancta

1886 2693 2167 2764 suscipiat.
2229 2693 2351 2752 Sitit
2378 2697 2477 2753 tibi
2531 2700 2846 2768 quotidiana
2891 2700 3122 2774 jejunia,
3153 2713 3208 2762 et
3242 2704 3469 2765 refectio

1885 2786 2199 2843 satietatem
2225 2787 2459 2860 fugiens.
2491 2789 2636 2846 Nihil
2686 2793 2908 2863 prodest
2937 2795 3120 2862 biduo,
3174 2797 3470 2870 triduoque

1888 2879 2209 2934 transmisso
2262 2895 2493 2936 vacuum
2549 2892 2771 2953 portare
2824 2894 3106 2954 ventrem,
3171 2889 3218 2944 si
3261 2891 3472 2961 pariter

1884 2969 2164 3036 obruatur,
2195 2971 2240 3026 si
2265 2983 2646 3043 compensetur
2693 2976 2978 3032 saturitate
2997 2977 3284 3050 jejunium.
3317 2980 3467 3042 illico

1883 3077 2038 3118 mens
2061 3062 2264 3133 repleta
2294 3067 2577 3136 torpescit,
2628 3075 2684 3124 et
2711 3068 2937 3138 irrigata
2967 3071 3167 3130 humus
3194 3073 3378 3145 spinas
3403 3076 3470 3134 li-

193 3149 502 3209 delectetur
555 3157 752 3220 ardore
775 3175 789 3214 :
815 3159 913 3216 sed
951 3160 1096 3230 quod
1149 3161 1308 3216 aliter
1348 3161 1611 3232 pudicitia
1661 3170 1776 3218 tuta
1824 3231 1845 3232 ﬂ
1880 3154 2128 3211 bidinum
2177 3159 2469 3228 germinat.
2504 3157 2564 3215 Si
2590 3160 2812 3231 quando
2841 3163 3082 3220 senseris
3131 3164 3465 3226 exteriorem

190 3254 312 3298 esse
338 3259 454 3302 non
478 3247 670 3316 possit.
695 3247 794 3306 Job
818 3251 933 3308 Deo
951 3254 1170 3320 chartis,
1198 3261 1252 3309 et
1272 3231 1584 3310 tesit-imtinio
1603 3254 1777 3326 ipsius
1805 3231 1850 3295 (ἶ
1883 3245 2161 3304 hominem
2191 3247 2379 3306 Ποτθιῐι
2427 3250 2809 3308 mammia“:
2837 3255 3135 3326 suspirare:
3161 3265 3218 3314 ει
3243 3269 3467 3332 accepto

189 3328 576 3393 immaculatus
597 3349 653 3394 et
686 3342 938 3413 simplex,
964 3345 1091 3400 audi
1143 3345 1274 3415 quid
1319 3346 1386 3400 de
1428 3345 1646 3401 diabolo
1683 3362 1773 3402 su-

188 3423 438 3492 spicetur
464 3445 477 3482 :
514 3427 695 3486 Virtus
717 3433 834 3502 ejus
859 3435 916 3488 in
941 3435 1156 3502 lumbis,
1181 3445 1230 3490 et
1262 3445 1490 3506 potestas
1522 3438 1578 3491 in
1604 3439 1775 3492 ambis-

184 3511 289 3570 lico
345 3519 498 3592 (τιοῦ,
527 3522 643 3591 ιι).
672 3521 862 3580 Omnis
903 3523 1067 3594 igitur
1101 3526 1364 3582 adversus
1398 3528 1546 3583 viros
1572 3527 1772 3585 diaboli

180 3612 362 3668 virtus
385 3613 446 3668 in
475 3613 673 3670 lumbis
699 3623 784 3671 est
811 3632 825 3669 :
858 3616 1036 3672 omnis
1082 3617 1141 3672 in
1171 3619 1427 3676 umbilico
1474 3629 1665 3676 centra
1694 3620 1772 3676 fe-

176 3706 367 3761 minas
409 3704 690 3763 fortitudo.
718 3707 811 3764 Vis
838 3708 980 3764 scire
999 3710 1076 3770 ita
1106 3725 1230 3767 esse
1257 3721 1317 3767 ut
1358 3713 1632 3770 dicimus?
1661 3713 1770 3769 Ar-

176 3799 302 3868 ripe
341 3801 616 3870 exempla.
643 3801 874 3858 Samson
901 3803 1058 3859 leone
1082 3804 1300 3871 fortior,
1329 3813 1386 3861 et
1406 3821 1538 3862 saxo
1560 3806 1769 3876 durior,

173 3896 233 3944 et
271 3889 372 3958 qui
405 3906 546 3946 unus
567 3899 621 3946 et
649 3892 825 3949 nudus
853 3893 1000 3950 mille
1042 3904 1364 3965 persecutus
1395 3905 1485 3954 est
1506 3906 1765 3966 armatos,

172 3981 230 4036 in
260 3981 460 4038 Dalilae
493 3984 762 4042 mollescit
789 3987 1128 4057 amplexibus
1156 3987 1356 4058 (ludia.
1403 3990 1539 4061 ιη).
1571 3989 1766 4054 δείξω.

176 4087 286 4128 vus
331 4089 471 4130 pos'r
515 4091 704 4132 rauca.
765 4077 920 4148 Piget
956 4078 1138 4136 dicere
1166 4091 1300 4150 quot
1325 4083 1569 4151 quotidie
1600 4084 1767 4154 virgi-

174 4178 273 4218 nes
298 4172 488 4229 ruant,
520 4175 751 4235 quantas
775 4168 843 4224 de
884 4183 983 4224 suo
1011 4171 1220 4240 gremio
1247 4181 1422 4227 mater
1448 4174 1638 4242 perdat
1657 4173 1765 4230 Ec-

177 4251 366 4316 clesia,
395 4269 564 4324 super
595 4264 728 4325 quot
777 4258 956 4314 sidera
1004 4261 1272 4330 superbus
1315 4261 1571 4318 iniicus
1600 4274 1767 4332 ponat

175 4343 441 4399 thronum
474 4360 654 4413 suum,
682 4356 813 4416 quot
839 4357 1026 4418 petras
1071 4362 1319 4417 excavet,
1355 4365 1410 4410 et
1443 4357 1652 4412 habitet
1675 4371 1766 4415 co-

173 4430 331 4489 luber
370 4435 432 4490 in
465 4434 828 4494 foraminibus
858 4455 1080 4496 earum.
1122 4442 1316 4498 Videas
1351 4444 1642 4516 plerasque
1685 4450 1766 4504 vi-

1877 3337 2025 3406 ciho,
2052 3355 2176 3395 cum
2199 3348 2252 3396 te
2275 3341 2331 3397 in
2358 3342 2559 3400 lectulo
2589 3345 2948 3415 compositam
2976 3347 3151 3406 dulcis
3178 3350 3464 3412 libidinum

1876 3447 2074 3502 pompa
2093 3436 2452 3503 concusserit,
2473 3437 2654 3509 arripe
2675 3447 2887 3496 scutum
2906 3440 3048 3506 fidei,
3073 3443 3130 3500 in
3155 3459 3262 3515 quo
3281 3444 3464 3516 ignitae

1876 3522 2078 3579 diaboli
2105 3527 2525 3599 exstinguuntur
2552 3531 2782 3602 sagittae.
2815 3531 3016 3590 Omnes
3066 3536 3457 3606 adulterantes,

1875 3613 2035 3684 quasi
2086 3615 2332 3698 clibanus
2387 3622 2550 3679 corda
2603 3638 2820 3712 eorum.
2853 3624 3129 3691 Saom'run
3159 3647 3213 3686 in
3258 3649 3459 3693 sanun.

1874 3706 2101 3766 Dillieile
2126 3720 2210 3766 est
2233 3713 2532 3772 humanam
2561 3706 2799 3775 animam
2842 3719 3045 3791 aliquid
3094 3739 3204 3789 non
3236 3741 3458 3798 amare;

1873 3807 1930 3856 et
1955 3814 2178 3858 necesse
2201 3812 2374 3860 estut
2402 3807 2457 3861 in
2493 3821 2845 3881 quoscunque
2875 3826 3028 3872 mens
3063 3823 3249 3879 nostra
3278 3819 3458 3876 traha-

1875 3898 1966 3947 tur
1996 3890 2241 3961 ail‘ectus,
2273 3899 2456 3955 carnis
2477 3915 2633 3958 amor
2685 3902 2906 3974 spiritus
2935 3919 3122 3964 amore
3145 3917 3455 3985 superetur.

1872 3983 2213 4044 Desiderium
2263 3990 2536 4048 desiderio
2586 3996 2960 4065 restinguitur,
3018 3983 3279 4069 quidquid
3333 4001 3460 4060 inde

1870 4079 2156 4147 minuitur,
2181 4082 2270 4136 hic
2291 4085 2506 4139 crescit.
2533 4085 2674 4154 Quin
2698 4088 2880 4158 potius
2903 4105 3118 4161 semper
3142 4092 3415 4165 ingemina
3439 4113 3454 4149 :

1871 4172 2048 4245 Super
2067 4175 2317 4231 lectulum
2332 4196 2503 4234 meum
2531 4181 2587 4236 in
2613 4182 2849 4238 noctibus
2863 4186 3079 4255 qumiui
3103 4203 3256 4255 quem
3272 4187 3458 4244 dilexit

1871 4265 2055 4321 anima
2077 4284 2195 4322 mea
2254 4269 2432 4342 (Cant.
2470 4271 2576 4344 lli).
2616 4272 2935 4343 Mortiﬁcate
2983 4277 3168 4346 igitur,
3217 4279 3293 4336 ait
3313 4279 3458 4350 Δρο-

1870 4357 2066 4423 stolus,
2088 4361 2321 4416 membra
2349 4373 2518 4420 vestra
2545 4382 2663 4435 qua:
2684 4375 2807 4421 sunt
2831 4383 2989 4439 super
3009 4377 3205 4426 terram
3227 4368 3453 4444 (Colass.

1872 4453 1998 4522 tu);
2031 4453 2174 4510 unde
2212 4464 2267 4510 et
2310 4457 2426 4525 ipse
2453 4458 2792 4514 conﬁdenter
2836 4459 3014 4516 aiebat
3043 4477 3056 4515 :
3105 4445 3225 4516 Viuo
3255 4472 3452 4531 autem,

176 4524 329 4593 duas,
401 4536 696 4598 antequam
759 4541 974 4603 nuptas,
1032 4533 1305 4592 infelicem
1371 4540 1760 4597 conscientiam
1785 4601 1838 4630 ῃ
1859 4542 1981 4613 jam
2009 4560 2113 4600 non
2153 4562 2266 4616 ego,
2322 4524 2442 4602 uicit
2486 4565 2603 4602 vero
2645 4549 2700 4603 in
2727 4565 2808 4608 me
2834 4547 3076 4607 Christus
3124 4551 3326 4625 (Galat.
3365 4554 3450 4630 ιι).

169 4620 401 4674 mentita
446 4629 659 4676 tantum
686 4632 836 4680 veste
885 4635 1190 4697 protegere,
1234 4645 1368 4700 quas
1419 4631 1525 4688 nisi
1581 4641 1761 4690 tumor

166 4712 325 4778 uteri,
370 4723 428 4770 et
456 4714 726 4774 infantum
756 4718 1054 4786 prodiderit
1083 4723 1316 4792 vagitus,
1357 4735 1573 4782 sanctas
1594 4738 1651 4784 et
1671 4744 1756 4784 ca-

168 4811 277 4857 stas
303 4819 368 4862 se
404 4820 537 4860 esse
569 4807 893 4878 gloriantur,
919 4819 975 4864 et
999 4823 1181 4868 erecta
1205 4816 1437 4881 cervice,
1484 4827 1538 4873 et
1570 4819 1757 4875 luden-

167 4891 309 4948 tibus
339 4896 583 4964 pedibus
630 4898 904 4953 incedunt.
932 4900 1065 4958 Aliae
1094 4917 1222 4958 vero
1253 4906 1593 4962 sterilitatem
1621 4924 1757 4978 prm-

164 4982 379 5055 bibunt,
412 4996 480 5045 et
515 4991 746 5046 necdum
773 4991 875 5045 sati
900 4992 1134 5047 heminis
1156 4995 1504 5052 homicidium
1528 4998 1752 5056 faciunt.

165 5074 461 5137 Nonnulla:
493 5099 614 5137 cum
650 5098 710 5138 se
744 5086 1015 5140 senserint
1057 5090 1371 5159 concepisse
1421 5091 1488 5144 de
1530 5092 1752 5158 scelere,

167 5171 368 5230 abortii
423 5191 638 5231 venena
703 5179 1049 5244 meditantur,
1111 5189 1166 5236 et
1217 5180 1534 5253 frequenter
1592 5187 1757 5240 etiam

168 5260 297 5331 ipsa:
355 5273 717 5323 co‘mmortua:
773 5271 937 5332 trium
983 5273 1269 5328 criminum
1319 5290 1426 5330 rea:
1461 5276 1527 5330 ad
1556 5277 1759 5333 inferos

165 5357 572 5425 perducuntur,
613 5361 897 5416 homicidae
947 5364 1054 5429 sui,
1089 5365 1290 5428 Christi
1343 5367 1621 5433 adulterae,
1657 5384 1758 5424 nec

166 5444 292 5502 dum
317 5452 438 5508 nati
462 5452 557 5508 lilii
580 5453 883 5525 parricidae.
908 5455 1026 5510 Istae
1044 5466 1169 5510 sunt
1191 5473 1312 5526 quae
1337 5460 1513 5514 solent
1536 5461 1751 5516 dicere:

167 5535 362 5596 Omnia
391 5543 593 5600 munda
615 5545 854 5610 mundis,
876 5546 1071 5601 suﬂicit
1094 5548 1224 5605 mihi
1252 5550 1584 5604 conscientia
1612 5567 1752 5608 mea.

166 5625 273 5683 Cor
301 5633 571 5692 mundum
602 5635 872 5692 desiderat
907 5637 1090 5693 Deus:
1145 5656 1244 5696 cur
1274 5657 1360 5695 me
1391 5642 1692 5697 abstineam
1721 5659 1756 5697 a

165 5717 324 5804 cibis,
357 5737 501 5802 quos
541 5727 746 5786 creavit
772 5728 913 5784 Deus
945 5729 1013 5784 ad
1033 5731 1334 5787 utendum?
1371 5733 1440 5788 Et
1467 5733 1512 5788 si
1539 5735 1754 5804 quando

163 5803 348 5882 lepide
385 5821 445 5871 et
473 5813 664 5876 festive
714 5817 897 5877 volunt
926 5821 1123 5890 vivere,
1173 5822 1263 5879 ubi
1303 5839 1360 5880 se
1390 5841 1539 5882 mero
1556 5803 1751 5898 ingur-

1867 4634 1999 4690 Esto
2022 4636 2210 4692 cicada
2267 4640 2527 4696 noctium.
2578 4641 2722 4698 Lava
2750 4659 2846 4714 per
2880 4645 3121 4717 singulas
3156 4655 3344 4706 noctes
3376 4647 3453 4704 le-

1870 4737 2019 4784 ctum
2050 4739 2222 4797 tuum,
2259 4730 2518 4804 lacrymis
2559 4743 2791 4792 stratum
2821 4746 2972 4792 tuum
3002 4740 3134 4810 riga.
3174 4739 3369 4812 Vigila,
3398 4749 3455 4796 et

1868 4819 1970 4890 ﬁas
1993 4822 2134 4876 sicut
2164 4839 2354 4892 passer
2389 4828 2444 4879 in
2493 4828 2800 4883 solitudine.
2843 4815 3012 4884 i’salle
3043 4832 3258 4901 spiritu,
3285 4834 3453 4901 psalle

1867 4918 1923 4964 et
1944 4927 2126 4966 sensu.
2158 4912 2413 4980 Benedic,
2449 4916 2652 4980 anima,
2687 4917 2916 4972 Domino
2949 4931 3041 4982 ;et
3070 4935 3138 4974 ne
3163 4919 3452 4978 oblivisca-

1867 5004 1944 5056 ris
1979 5020 2168 5059 omnes
2219 5006 2605 5060 retributiones
2657 5007 2774 5078 ejus
2820 5009 2911 5080 qui
2947 5011 3278 5083 propitiatur
3313 5027 3448 5068 cun-

1864 5093 1969 5148 ctis
2001 5095 2376 5163 iniquitatibus
2425 5095 2549 5160 tuis,
2589 5099 2680 5168 qui
2731 5109 2892 5159 sanat
2924 5117 3114 5162 omnes
3163 5102 3448 5158 inﬁrmita-

1863 5192 1946 5238 tes
1999 5193 2139 5248 tuas,
2189 5193 2244 5240 et
2288 5186 2508 5244 redimit
2541 5205 2606 5244 ex
2664 5194 3031 5265 corruptione.
3067 5195 3232 5250 vitam
3271 5204 3441 5252 tuam.

1861 5275 1996 5330 illud
2049 5290 2264 5347 quoque
2319 5280 2416 5336 tibi
2471 5283 2750 5340 vitandum
2798 5294 2883 5341 est
2916 5286 3151 5353 cautius,
3187 5303 3255 5344 ne
3289 5304 3442 5344 vana:

1862 5368 2046 5439 gloriae
2069 5371 2266 5426 ardore
2291 5373 2542 5442 capiaris.
2596 5376 2894 5442 Quomodo,
2948 5377 3123 5448 inquit
3152 5377 3330 5447 Jesus,
3354 5397 3445 5452 po-

1865 5461 2010 5515 testis
2072 5463 2281 5529 credere;
2360 5465 2584 5535 gloriam
2650 5467 2714 5520 ab
2776 5467 3072 5522 hominibus
3132 5471 3444 5542 accipientes

1861 5553 2048 5626 (Joan.
2079 5555 2133 5630 v)
2164 5559 2186 5612 ‘i
2227 5559 2360 5616 Vide
2381 5559 2540 5628 quale
2585 5560 2784 5614 malum
2814 5562 2907 5628 sit,
2943 5563 3087 5632 quod
3114 5564 3206 5634 qui
3241 5565 3446 5622 habue-

1859 5648 1954 5714 rit,
1981 5665 2088 5704 non
2116 5659 2296 5721 potest
2355 5653 2597 5707 credere.
2647 5651 2754 5707 Nos
2803 5669 2934 5710 vero
2967 5655 3252 5713 dicamus:
3293 5655 3441 5724 Quo-

1859 5740 2002 5796 niam
2026 5741 2278 5812 gloriatio
2325 5759 2440 5798 mea
2470 5755 2526 5799 tu
2561 5763 2613 5801 es
2638 5743 2813 5817 (Psal.
2841 5746 2924 5820 In)
2947 5764 2963 5814 ;
2989 5758 3064 5816 et,
3106 5750 3209 5817 Qui
3239 5750 3438 5824 gloria—

1859 5842 1968 5904 tur,
2001 5835 2055 5892 in
2073 5834 2297 5894 Domino
2323 5837 2577 5910 glorietur
2592 5839 2677 5914 (II
2700 5838 2822 5898 Cor.
2844 5839 2931 5913 x);
2962 5851 3036 5914 et,
3068 5842 3128 5902 Si
3143 5845 3321 5914 adhuc
3344 5845 3441 5900 h0-
