4000 6460
494 393 599 453 θιδ

495 608 536 679 ι)
571 625 583 660 :
616 581 694 669 et,
732 571 865 655 blilti
894 601 1069 650 autem
1099 590 1235 644 absit
1262 584 1503 658 gloriari,
1535 581 1636 635 nisi
1685 579 1741 633 in
1790 589 1943 629 cruce
1969 571 2077 625 Do-

497 698 627 756 mini
667 691 829 750 nostri
858 687 989 745 Iesu
1016 683 1230 748 Christi,
1257 697 1348 752 per
1371 692 1522 750 quem
1554 673 1682 728 mihi
1709 667 1936 724 mundus
1959 681 2080 719 cru-

499 754 689 852 ciﬁxus
735 791 832 848 est,
862 790 910 835 et
947 794 1040 849 eqo
1090 772 1287 830 mundo
1348 766 1550 841 (Galat.
1582 764 1658 834 γι)
1696 779 1710 827 ;
1744 768 1799 815 et
1829 758 1978 822 illud,
2013 754 2081 852 In

499 847 561 936 te-
581 876 919 934 laudabimur
945 847 1054 924 tota
1083 867 1167 921 die
1195 884 1212 931 ;
1246 863 1314 917 In
1347 860 1575 915 Domino
1607 853 1916 908 laudabitur
1963 847 2082 900 ani-

501 989 590 1028 ma
622 983 738 1022 mea
769 961 942 1037 (Psal.
968 957 1148 1027 thn).
1182 953 1316 1010 Cum
1340 950 1475 1005 facis
1499 948 1916 1016 eleemosynam,
1939 939 2084 992 Deus

502 1059 651 1118 solus
671 1028 871 1118 videat,
911 1065 1034 1106 cum
1060 1046 1276 1118 jejunas
1300 1043 1424 1097 laeta
1476 1041 1547 1095 sit
1571 1037 1738 1091 facies
1761 1043 1872 1088 tua.
1903 1028 2085 1086 Vestis

503 1167 606 1208 nec
655 1148 789 1206 satis
837 1141 1059 1206 munda,
1121 1152 1222 1193 nec
1266 1132 1501 1191 sordida.
1547 1130 1627 1184 Er
1681 1141 1809 1181 uox.
1852 1121 1963 1178 Nec
1998 1136 2086 1175 sa-

505 1246 578 1300 tis
617 1239 873 1310 religiosa
905 1233 1040 1288 velis
1078 1229 1272 1292 videri,
1324 1241 1424 1280 nec
1463 1223 1585 1294 plus
1641 1216 1864 1276 humilis
1922 1227 2087 1284 quam

506 1353 732 1398 necesse
785 1340 902 1398 est,
957 1344 1027 1384 ne
1075 1325 1300 1398 gloriam
1356 1316 1611 1390 fugiendo
1664 1326 1897 1385 quaeras.
1956 1307 2084 1362 Plu-

505 1446 595 1487 res
631 1427 778 1483 enim
829 1417 1188 1494 paupertatis,
1231 1409 1621 1468 misericordiae
1677 1413 1840 1474 atque
1893 1395 2087 1469 jejunii

507 1521 743 1578 arbitros
781 1491 1140 1575 declinantes,
1206 1508 1312 1562 hoc
1362 1503 1482 1572 ipso
1547 1497 1774 1568 cupiunt
1847 1491 2086 1563 placere,

506 1613 652 1685 quod
673 1610 893 1682 placere
915 1606 1290 1662 contemnunt,
1339 1603 1392 1650 et
1419 1593 1619 1648 mirum
1649 1590 1704 1644 in
1726 1585 1948 1642 modum
1971 1583 2092 1638 laus

506 1675 638 1760 dum
663 1675 867 1755 vitatur
886 1693 1180 1765 appetitur.
1227 1687 1369 1743 Sunt
1399 1684 1596 1754 quippe
1619 1675 1890 1735 nonnullae
1909 1680 2094 1729 exter-

511 1796 785 1852 minantes
808 1787 977 1844 facies
1000 1798 1149 1847 suas,
1172 1789 1233 1836 ut
1255 1784 1486 1849 pareant
1509 1769 1817 1828 hominibus
1839 1763 2093 1836 jejunan-

1478 363 1879 430 AMALARIUS
1917 353 2332 419 PRESBYTER
2368 343 2730 408 IETENSIS.

494 508 722 584 minibus
746 503 1027 578 placerem,
1071 493 1271 553 Christi
1319 506 1498 570 servus
1527 504 1632 542 non
1677 499 1840 540 essem
1869 476 2072 552 (Galat.
2103 477 2157 539 Α

3680 330 3794 386 ω

2179 469 2415 528 Christi?
2447 467 2530 521 An
2567 456 2882 520 tribulatio?
2913 451 3294 543 an‘angustia?
3323 463 3393 507 an
3420 449 3795 527 persecutio?

2175 581 2245 622 an
2273 561 2481 618 fames?
2509 573 2576 613 an
2604 553 2863 613 nuditas?
2904 542 3356 620 anpericulum?
3403 559 3474 599 an
3522 542 3796 614 gladius!

2177 656 2247 712 Et
2300 655 2494 709 iterum
2526 665 2541 704 :
2570 647 2764 704 Certus
2797 659 2917 700 sum
2959 641 3084 713 quia
3117 653 3291 709 neque
3345 652 3494 692 mors
3522 677 3543 702 ,
3609 650 3797 705 neque

2177 749 2309 814 vita,
2348 759 2523 816 neque
2547 741 2792 813 angelus,
2827 751 3004 806 neque
3044 733 3404 804 principatus,
3436 743 3639 798 neque
3691 744 3794 798 po-

2183 849 2421 903 testates,
2452 848 2628 908 neque
2651 831 2932 894 instantia,
2960 842 3136 898 neque
3166 826 3370 891 futura,
3402 839 3600 894 neque
3635 820 3794 878 forti-

2182 931 2331 998 tudo,
2358 943 2532 999 neque
2557 924 2856 988 excelsum,
2882 936 3060 990 neque
3085 917 3434 991 profundum,
3468 931 3674 986 neque
3696 916 3795 970 alia

2184 1029 2434 1080 creatura
2477 1017 2679 1089 poterit
2701 1029 2803 1070 nos
2829 1026 3088 1083 separare
3113 1026 3145 1065 a
3173 1009 3447 1065 charitate
3473 1008 3589 1063 Dei
3617 1049 3633 1072 ,
3680 1022 3796 1077 qua

2184 1126 2270 1175 est
2303 1117 2359 1172 in
2385 1113 2604 1170 Christo
2625 1111 2755 1167 Jesu
2787 1109 3017 1164 Domino
3037 1113 3244 1162 nostro.
3269 1104 3484 1161 Habeto
3507 1105 3582 1159 in
3617 1113 3793 1159 mente

2187 1206 2458 1280 quomodo
2489 1205 2545 1259 in
2591 1200 2913 1273 Apocalypsi
2944 1200 2998 1254 in
3040 1197 3355 1269 virginitate
3395 1205 3793 1268 permanentes

2189 1301 2498 1356 laudantur.
2540 1293 2806 1366 Virgines,
2849 1292 3028 1364 inquit
3056 1290 3316 1355 Joannes,
3353 1300 3788 1360 permanserunt.

2193 1390 2267 1445 Hi
2295 1399 2416 1445 sunt
2443 1388 2532 1460 qui
2557 1395 2845 1458 sequuntur
2870 1399 3063 1454 agnum
3083 1398 3391 1453 quocunque
3416 1382 3579 1436 vadit
3608 1381 3783 1452 (Apoc.

2191 1481 2288 1554 IV).
2317 1481 2753 1549 Quotiescunque
2790 1485 2844 1532 te
2869 1490 3007 1530 vana
3052 1475 3234 1531 saeculi
3272 1474 3651 1529 delectaverit
3680 1489 3788 1528 am-

2191 1574 2347 1639 bitio,
2381 1571 2596 1642 quoties
2626 1570 2680 1625 in
2718 1568 2921 1636 mundo
2964 1566 3166 1636 aliquid
3193 1566 3397 1622 videris
3453 1566 3786 1636 gloriosum,

2196 1667 2265 1723 ad
2285 1665 2599 1736 paradisum
2625 1669 2810 1717 mente
2848 1659 3247 1729 transgredere.
3281 1657 3418 1714 Esse
3448 1659 3643 1728 incipe
3664 1659 3790 1728 quod

2197 1759 2381 1814 futura
2407 1773 2488 1822 es,
2510 1764 2566 1812 et
2601 1755 2791 1811 audies
2844 1771 2874 1810 a
2919 1767 3118 1825 sponso
3170 1759 3296 1808 tuo:
3328 1752 3483 1806 Pone
3533 1770 3624 1808 me
3672 1754 3792 1805 sicut

513 1895 614 1952 tes,
641 1896 762 1954 qua:
785 1878 967 1935 statim
987 1883 1050 1930 ut
1071 1841 1308 1942 aliquem
1329 1865 1584 1929 viderint,
1608 1858 1991 1933 ingemiscunt,
2016 1853 2104 1909 de-
2129 1841 2179 1902 Β
2206 1845 2572 1903 umbraculum
2591 1846 2648 1899 in
2677 1844 2835 1899 corde
2862 1853 2951 1897 tuo
2972 1884 2987 1909 ,
3027 1844 3162 1897 sicut
3203 1841 3542 1911 signaculum
3597 1843 3652 1895 in
3680 1842 3791 1895 bra-

1709 1952 1717 1954 -
2253 1941 2299 1954 ..
2370 1949 2379 1954 -
2517 1945 2551 1954 ξ.
2594 1951 2737 1954 μη,
2763 1935 2968 1954 _-_..-_
3046 1947 3104 1954 η
3134 1941 3309 1954 μημ
3337 1933 3547 1954 ,,,,,ε.,
3610 1932 3762 1954 ,μμ

515 1952 739 2034 mittunt
775 1967 1147 2041 supercilium,
1184 1970 1238 2017 et
1255 1967 1444 2030 operta
1487 1955 1646 2020 facie,
1671 1952 1763 2006 vix
1781 1963 1951 2005 unum
1973 1961 2102 2001 ocu-

513 2071 626 2125 lum
646 2039 880 2122 liberant
895 2061 964 2115 ad
982 2054 1272 2113 videndum
1290 2071 1302 2106 :
1326 2051 1493 2106 vestis
1511 2046 1675 2119 pulla,
1701 2039 1969 2113 cingulum
1986 2052 2104 2092 sac-

517 2168 747 2219 ceumet
775 2154 1008 2213 sordidis
1035 2150 1284 2207 manibus
1315 2145 1669 2216 pedibusque,
1709 2145 1900 2192 venter
1933 2133 2102 2198 solus,

520 2254 650 2328 quia
672 2249 846 2307 videri
861 2263 966 2303 non
982 2253 1176 2317 potest,
1201 2246 1394 2298 testuat
1415 2239 1556 2293 cibo.
1586 2234 1682 2288 His
1693 2229 1932 2302 quotidie
1957 2225 2102 2298 psal-

514 2322 638 2404 mus
677 2344 766 2399 ille
791 2339 1045 2398 canitur:
1081 2335 1336 2391 Dominus
1375 2327 1649 2400 dissipabit
1678 2343 1798 2380 ossa
1835 2322 2107 2377 hominum

517 2437 617 2492 sibi
665 2432 984 2507 placentium
1029 2427 1222 2500 (Psal.
1287 2422 1422 2496 ut).
1473 2421 1608 2475 l'rEtt
1663 2433 1756 2473 tm.
1815 2415 1945 2469 Post
1990 2411 2110 2466 haec

517 2541 828 2600 quanquam
880 2519 1172 2593 Apostolus
1215 2529 1432 2585 semper
1462 2526 1624 2568 orare
1660 2524 1760 2564 nos
1781 2507 2002 2577 jubeat,
2055 2509 2112 2558 et

520 2597 728 2678 sanctis
751 2617 920 2674 etiam
948 2614 1063 2684 ipse
1086 2624 1308 2667 somnus
1334 2605 1512 2662 oratio
1542 2603 1635 2666 sit,
1662 2608 1841 2653 tamen
1870 2597 2114 2670 diversas

432 2773 434 2776 ,
523 2711 718 2769 orandi
769 2710 931 2764 horas
959 2703 1220 2758 debemus
1259 2697 1501 2758 habere,
1557 2699 1616 2745 ut
1645 2690 1691 2744 si
1747 2687 1887 2742 forte
1935 2686 2116 2754 aliquo

520 2801 787 2859 fuerimus
815 2810 981 2867 opere
1007 2790 1237 2854 detenti,
1268 2789 1443 2858 ipsum
1469 2797 1570 2837 nos
1599 2780 1667 2834 ad
1713 2777 1945 2833 cilicium
1974 2786 2114 2830 tem-

527 2911 632 2967 pus
669 2892 976 2947 admoneat.
1023 2884 1226 2939 Horam
1277 2877 1534 2940 tertiam,
1593 2880 1822 2936 sextam,
1881 2884 2116 2933 nonam,

525 2962 822 3041 diluculum
860 2989 1076 3048 quoque
1099 2981 1154 3028 et
1190 2983 1498 3041 vesperam,
1531 2980 1690 3020 nemo
1714 2972 1798 3019 est
1823 3004 1837 3018 .
1893 2962 1986 3032 qui
2025 2975 2120 3015 ne-

529 3075 690 3132 sciat.
720 3071 834 3126 Nec
857 3068 966 3124 cibi
1008 3073 1292 3122 sumantur
1313 3103 1327 3129 ,
1360 3057 1486 3115 nisi
1515 3058 1762 3114 oratione
1789 3052 2072 3125 praemissa
2102 3069 2116 3105 :

529 3183 634 3224 nec
658 3164 946 3222 recedatur
974 3175 1005 3215 a
1043 3173 1249 3221 mensa,
1283 3154 1388 3210 nisi
1424 3150 1694 3207 referatur
1717 3145 1963 3204 Creatori
1999 3159 2122 3216 gra-

2216 1941 2332 1994 chio
2363 1949 2475 2004 tuo,
2504 1945 2559 1993 et
2579 1951 2743 2006 opere
2763 1935 2969 2005 pariter
2988 1974 3002 1999 ,
3044 1947 3107 1988 ac
3133 1941 3313 1988 mente
3337 1933 3575 1997 munita,
3603 1932 3791 1988 clama-

2207 2031 2294 2089 bis
2314 2038 2370 2086 et
2406 2029 2553 2085 dices
2580 2046 2593 2084 :
2627 2028 2790 2098 Aquis
2815 2024 2994 2081 multa:
3017 2041 3122 2079 non
3151 2034 3436 2096 potuerunt
3470 2026 3793 2096 exstinguere

2210 2127 2539 2192 charitatent,
2563 2133 2611 2178 et
2631 2123 2856 2194 flumina
2886 2138 2989 2175 non
3019 2120 3258 2192 aperiant
3284 2119 3431 2174 illam
3455 2118 3633 2192 (Cant.
3662 2119 3794 2188 rm).

2832 2213 3060 2272 CAPUT
3099 2214 3160 2270 ll.

2215 2357 2218 2359 Α
2283 2311 2579 2382 (Ejusdem
2644 2309 2955 2379 Hieronymi
3001 2308 3070 2363 ad
3118 2307 3548 2378 Demetriadem.)
3604 2305 3790 2363 Unum

2213 2403 2344 2461 illud
2373 2403 2491 2470 tibi,
2518 2411 2645 2458 nata
2677 2403 2807 2466 Deo,
2841 2415 3060 2470 praeque
3095 2401 3350 2456 omnibus
3384 2416 3546 2454 unum
3593 2398 3796 2468 pradi-

2215 2511 2356 2561 cam,
2384 2503 2438 2549 et
2463 2503 2711 2565 repetens
2745 2495 3049 2563 iterumque
3068 2535 3082 2559 ,
3135 2495 3445 2564 iterumque
3473 2494 3720 2557 monebo,
3746 2500 3802 2546 ut

2216 2588 2456 2642 animum
2479 2594 2630 2641 tuum
2661 2601 2826 2640 sacra:
2849 2583 3096 2640 lectionis
3117 2599 3304 2640 amore
3325 2599 3594 2654 occupes,
3632 2596 3728 2638 nec
3749 2582 3800 2637 in

2215 2681 2355 2736 bona
2381 2688 2523 2735 terra
2549 2679 2788 2750 pectoris
2811 2679 2885 2734 tui
2919 2689 3215 2734 sementem
3242 2678 3378 2745 lolii,
3409 2690 3801 2748 avenarumque

2219 2775 2501 2844 suscipias,
2517 2789 2586 2829 ne
2607 2772 2912 2828 dormiente
2942 2771 3356 2842 patrefamilias,
3376 2772 3637 2827 inimicus
3653 2771 3802 2826 homo

2221 2867 2427 2922 zizania
2441 2865 2861 2935 superseminet;
2887 2865 2981 2919 sed
3006 2877 3221 2934 semper
3237 2863 3490 2933 loquaris
3519 2881 3533 2915 :
3565 2863 3621 2917 1n
3643 2860 3799 2916 nocti-

2221 2963 2324 3018 bus
2339 2960 2563 3030 quaesivi
2583 2974 2743 3029 quem
2769 2958 2943 3028 diligit
2967 2958 3146 3012 anima
3174 2971 3324 3022 mea;
3361 2964 3438 3019 et,
3455 2955 3801 3025 adhzesitpost

2223 3058 2280 3106 te
2300 3050 2482 3105 anima
2510 3063 2651 3112 mea.
2672 3063 2758 3104 me
2785 3048 3022 3119 suscepit
3051 3047 3274 3103 dextera
3301 3054 3418 3102 tua.
3447 3045 3674 3114 Quando
3691 3061 3801 3100 eras

2226 3143 2282 3198 in
2299 3143 2518 3209 saeculo,
2533 3158 2596 3199 ea
2612 3157 2734 3214 qum
2754 3151 2912 3197 erant
2929 3141 3108 3198 saeculi
3131 3142 3392 3212 diligebas
3419 3158 3434 3198 :
3467 3157 3615 3196 nunc
3638 3150 3801 3194 autem

533 3262 627 3316 tia.
653 3256 913 3313 Noctibus
939 3253 1023 3308 bis
1045 3261 1232 3321 terque
1257 3245 1585 3318 surgendum
1603 3283 1618 3308 ,
1648 3239 1972 3296 revolvenda
2002 3214 2123 3307 quae
2149 3214 2194 3278 (ἶ
2225 3235 2350 3305 quia
2373 3234 2626 3289 saeculum
2646 3233 2931 3304 reliquisti,
2966 3241 3023 3289 et
3047 3231 3287 3290 secundo
3318 3242 3443 3304 post
3491 3235 3806 3304 baptismum

535 3351 603 3407 de
665 3345 964 3419 Scripturis
1023 3340 1338 3398 memoriter
1396 3336 1710 3392 retinemus.
1757 3331 1839 3388 Ad
1903 3344 2123 3386 omnem

535 3451 738 3508 actum,
763 3439 833 3495 ad
856 3452 1074 3493 omnem
1119 3435 1393 3490 incessum
1423 3442 1619 3484 manus
1666 3426 1855 3497 pingat
1880 3435 2120 3478 crucem.

535 3535 679 3593 Nulli
707 3533 981 3595 detrahas,
1004 3543 1106 3584 nec
1128 3528 1388 3582 adversus
1414 3521 1584 3576 filium
1611 3515 1805 3572 matris
1833 3523 1937 3572 tum
1954 3527 2127 3584 ponas

538 3625 874 3684 scandalum.
907 3621 1020 3678 Nec
1045 3620 1090 3677 si
1118 3618 1282 3674 biduo
1326 3610 1690 3690 ieiunaveris,
1747 3617 1904 3679 putes
1932 3617 1988 3660 te
2019 3620 2129 3660 non

531 3719 906 3794 jejunantibus
933 3728 1058 3771 esse
1082 3711 1380 3768 meliorem.
1411 3705 1489 3760 Tu
1507 3702 1724 3775 jejunas
1757 3709 1813 3756 et
1837 3697 2126 3755 irasceris:

499 3817 502 3820 ’
542 3791 635 3869 ille
673 3809 947 3874 comedit,
997 3813 1052 3862 et
1095 3804 1274 3859 fronte
1320 3796 1614 3855 blanditur.
1663 3794 1744 3849 Tu
1787 3791 2133 3848 vexationem

545 3907 766 3972 mentis,
798 3912 854 3961 et
875 3900 1084 3959 ventris
1109 3897 1343 3954 esuriem
1367 3891 1594 3948 rixando
1616 3888 1818 3961 digeris
1847 3905 1860 3940 :
1899 3885 1990 3940 ille
2012 3899 2132 3938 mo-

545 3997 790 4055 deratius
819 3993 1000 4058 alitur,
1040 3997 1096 4045 et
1137 3989 1250 4043 Deo
1276 3985 1478 4058 gratias
1525 3982 1653 4054 agit.
1701 3978 1856 4035 Unde
1895 3974 2136 4046 quotidie

547 4091 752 4149 clamat
772 4086 941 4143 Isaias
968 4103 982 4138 :
1019 4081 1144 4138 Non
1167 4080 1271 4135 tale
1292 4079 1559 4151 jejunium
1583 4072 1758 4143 elegit,
1787 4069 1920 4126 dicit
1953 4066 2138 4123 Domi-

551 4201 676 4242 nus.
706 4183 774 4237 In
812 4179 995 4235 diebus
1008 4175 1339 4249 jejuniorum
1368 4179 1660 4225 vestrorum
1689 4163 2024 4218 inveniuntur
2047 4175 2139 4214 oo-

549 4279 780 4334 luntates
811 4285 996 4330 vestrae
1029 4269 1164 4343 Usa.
1193 4265 1367 4339 LVIII).
1392 4263 1503 4320 Nec
1530 4261 1743 4316 illarum
1774 4257 1872 4313 tibi
1893 4253 2139 4325 exempla

549 4383 843 4441 proponas,
869 4380 990 4436 quae
1014 4363 1199 4420 carnis
1219 4373 1406 4416 curam
1439 4349 2141 4423 facientes,possessionum

553 4461 763 4517 reditus
794 4468 850 4514 et
872 4456 1214 4528 qu'otidianas
1262 4453 1453 4508 domus
1511 4451 1786 4519 impensas
1828 4448 2138 4515 supputant.

552 4551 665 4606 Nec
687 4551 855 4606 dicas.
881 4549 975 4602 Illa
997 4556 1050 4602 et
1073 4547 1162 4600 illa
1189 4547 1302 4600 suis
1324 4545 1487 4600 rebus
1510 4540 1730 4605 fruitur,
1757 4540 2057 4594 honoratur
2075 4534 2143 4590 ab

556 4642 898 4707 hominibus;
931 4640 1127 4693 fratres
1154 4639 1221 4693 ad
1247 4651 1366 4692 eam
1403 4633 1750 4696 conveniunt,
1781 4639 1836 4686 et
1880 4645 2096 4686 sorores
2122 4646 2134 4681 :

555 4734 804 4806 nunquid
858 4733 980 4789 ideo
1035 4731 1186 4802 virgo
1228 4744 1348 4784 esse
1392 4727 1588 4782 desiit?
1626 4725 1868 4780 Primum
1921 4723 2142 4779 dubium

558 4836 644 4886 est
689 4841 757 4882 an
808 4825 962 4897 virgo
1007 4822 1079 4878 sit
1133 4820 1298 4876 talis:
1333 4834 1441 4874 non
1484 4817 1629 4873 enim
1669 4814 1940 4886 quomodo
1995 4813 2146 4868 videt

558 4924 745 4986 homo,
777 4919 925 4974 videt
955 4917 1134 4972 Deus:
1175 4915 1336 4969 homo
1374 4909 1522 4966 videt
1552 4910 1605 4963 in
1654 4907 1825 4972 facie;
1876 4907 2016 4961 Deus
2049 4920 2147 4959 au-

559 5022 668 5070 tem
704 5013 760 5068 in
789 5013 973 5066 corde.
1007 5007 1212 5064 Dehinc
1237 5004 1448 5060 etiamsi
1475 5017 1700 5073 corpore
1725 5001 1878 5071 virgo
1903 5005 1987 5052 est
2016 5037 2030 5062 ,
2077 5011 2146 5050 an

561 5106 756 5178 spiritu
803 5105 955 5175 virgo
983 5101 1056 5156 sit
1098 5099 1302 5154 nescio.
1334 5095 1623 5166 Apostolus
1667 5101 1844 5147 autem
1879 5091 1954 5144 ita
1982 5087 2150 5160 virgi-

560 5214 684 5255 nem
710 5194 975 5260 deﬁnivit,
1003 5203 1060 5247 ut
1089 5193 1154 5248 sit
1190 5199 1371 5245 sancta
1412 5204 1629 5258 corpore
1655 5196 1701 5241 et
1732 5186 1915 5256 spiritu
1947 5182 1997 5255 (1
2023 5181 2145 5238 Cor.

561 5290 680 5362 vn).
713 5288 837 5345 Haec
863 5285 1067 5351 omnia,
1093 5299 1211 5354 qua:
1250 5281 1574 5352 digessimus
1594 5321 1609 5345 ,
1661 5280 1795 5334 dura
1823 5277 2151 5331 videbuntur

562 5383 636 5448 ei,
667 5396 786 5452 qum
817 5396 926 5435 non
958 5385 1104 5432 amat
1136 5374 1430 5431 Christum.
1460 5370 1564 5440 Qui
1595 5379 1775 5425 autem
1805 5383 2020 5424 onmem
2052 5384 2152 5424 sae-

564 5474 668 5528 culi
698 5487 952 5544 pompam
996 5485 1095 5538 pro
1121 5474 1478 5538 purgamento
1507 5463 1779 5526 habuerit,
1809 5470 1864 5516 et
1893 5477 2030 5516 vana
2058 5460 2152 5515 du-

565 5564 707 5617 xerit
732 5566 987 5618 universa
1015 5561 1114 5615 sub
1149 5559 1282 5623 sole,
1317 5566 1374 5610 ut
1399 5555 1676 5610 Christum
1703 5551 2031 5617 lucrifaciat,
2058 5552 2152 5623 qui

567 5665 937 5713 conmortuus
992 5661 1076 5710 est
1115 5651 1344 5708 Domino
1373 5667 1507 5715 suo,
1555 5656 1610 5705 et
1661 5646 2043 5712 consurrexit,
2099 5653 2156 5702 et

569 5745 840 5802 crucifixit
893 5759 1113 5807 carnem
1155 5759 1278 5800 cum
1322 5741 1502 5807 vitiis,
1554 5750 1607 5796 et
1663 5737 2150 5810 concupiscentiis,

574 5832 744 5892 libere
775 5829 1166 5905 proclamabit:
1198 5833 1331 5903 Quis
1359 5850 1458 5891 nos
1515 5833 1788 5905 separabit
1820 5849 1851 5888 a
1885 5832 2153 5891 charitate

2225 3327 2396 3399 gradu
2434 3326 2580 3381 inisti
2606 3335 2822 3395 pactum
2857 3341 2983 3382 cum
3024 3327 3338 3384 adversario
3368 3336 3493 3392 tuo,
3519 3327 3708 3382 dicens
3739 3325 3805 3388 ei,

2226 3416 2503 3473 Renuntio
2532 3417 2648 3481 tibi,
2669 3417 2901 3483 diabole,
2919 3425 2976 3473 et
3001 3418 3198 3475 saeculo
3224 3427 3339 3485 tuo,
3371 3427 3420 3473 et
3443 3434 3652 3489 pompze
3683 3428 3807 3482 tuae,

2229 3513 2552 3583 etoperibus
2578 3511 2684 3568 tuis
2712 3529 2725 3566 :
2756 3528 2913 3568 serva
2940 3511 3115 3568 laedas
3140 3513 3287 3584 quod
3325 3514 3588 3585 pepigisti,
3609 3520 3673 3567 et
3693 3518 3815 3566 esto

2231 3604 2592 3670 consentiens,
2626 3613 2957 3675 pactumque
2994 3606 3310 3661 custodiens
3338 3620 3463 3661 cum
3506 3603 3814 3660 adversario

2233 3706 2346 3763 tuo,
2377 3698 2504 3753 dum
2529 3711 2592 3752 es
2619 3696 2674 3751 in
2707 3697 2792 3751 via
2841 3697 3001 3768 hujus
3036 3696 3236 3765 saaculi,
3267 3711 3336 3752 ne
3386 3695 3530 3752 forte
3567 3695 3748 3749 tradat
3771 3700 3813 3746 te

2227 3786 2419 3858 iudici,
2475 3788 2821 3859 tradarisque
2868 3780 3154 3855 ministro;
3212 3797 3270 3845 et
3316 3804 3426 3844 non
3458 3787 3585 3844 inde
3629 3801 3811 3848 exeas,

2235 3883 2341 3939 nisi
2370 3883 2550 3939 solvas
2577 3882 2932 3938 novissimum
2954 3881 3334 3954 quadrantem,
3349 3881 3405 3937 id
3429 3891 3513 3937 est
3543 3881 3815 3936 minimum

2235 3977 2486 4048 quodque
2513 3975 2806 4031 delictum:
2839 3975 2965 4045 quia
3003 3983 3059 4030 et
3085 3989 3185 4046 pro
3224 3975 3401 4030 otioso
3451 3974 3616 4030 verbo
3649 3970 3820 4028 reddi-

2237 4067 2345 4123 turi
2377 4081 2564 4121 sumus
2593 4066 2858 4121 rationem
2893 4066 2946 4120 in
2975 4065 3062 4121 die
3093 4064 3307 4133 judicii.
3342 4063 3472 4120 Hinc
3521 4064 3666 4118 dicta
3723 4061 3822 4117 sint

2239 4174 2346 4214 non
2379 4157 2615 4213 infausto
2644 4166 2834 4212 contra
2860 4165 2915 4212 te
2937 4156 3212 4220 vaticinio,
3237 4155 3330 4212 sed
3358 4155 3824 4226 pavidi.cautiqne

2238 4253 2527 4309 monitoris
2555 4249 2752 4317 olllcio,
2783 4268 2846 4307 ea
2873 4267 3090 4322 quoque
3137 4251 3190 4305 in
3223 4257 3307 4316 te,
3356 4264 3476 4319 qua:
3506 4256 3626 4303 tuta
3679 4253 3817 4310 sunt,

2241 4345 2599 4401 formidantis.
2631 4344 2687 4400 Si
2727 4345 2950 4414 spiritus
2975 4385 2990 4410 ,
3044 4344 3236 4414 inquit,
3270 4350 3599 4414 potestatem
3635 4342 3822 4396 haben-

2243 4440 2316 4496 tis
2343 4439 2649 4497 ascenderit
2699 4454 2861 4508 super
2887 4447 2936 4493 te
2963 4479 2977 4504 ,
3023 4437 3197 4492 locum
3229 4446 3376 4491 tuum
3431 4449 3503 4490 ne
3537 4433 3820 4489 dimiseris

2246 4534 2375 4590 Vult
2405 4547 2504 4587 nos
2527 4531 2646 4588 loco
2677 4546 2895 4587 movere
2920 4531 3112 4595 hostis,
3143 4538 3198 4585 et
3227 4529 3294 4584 de
3324 4527 3492 4598 gradu
3524 4527 3786 4582 excedere
3811 4539 3823 4574 :

2247 4627 2342 4682 sed
2376 4624 2655 4681 solidanda
2697 4631 2823 4679 sunt
2856 4623 3112 4694 vestigia,
3163 4630 3221 4677 et
3267 4619 3559 4676 dicendum
3591 4638 3604 4672 :
3639 4616 3829 4673 Statuit

2248 4735 2410 4791 supra
2440 4725 2652 4788 petram
2699 4718 2864 4788 pedes
2901 4731 3086 4780 meos,
3127 4724 3234 4772 etc.
3275 4712 3333 4770 Si
3368 4714 3423 4769 in
3475 4712 3831 4784 cogitationes

2248 4820 2370 4868 tuas
2407 4810 2628 4868 coluber
2668 4809 3002 4872 ascenderit,
3055 4825 3209 4864 serva
3239 4823 3335 4863 cur
3365 4815 3520 4861 tuum
3546 4847 3561 4869 ,
3611 4813 3675 4858 et
3726 4817 3833 4859 cum

2252 4907 2421 4964 David
2467 4907 2648 4962 canito
2676 4924 2688 4959 :
2723 4906 2796 4959 Ab
2831 4903 3048 4959 occultis
3081 4904 3210 4958 meis
3264 4902 3462 4956 munda
3495 4917 3581 4954 me
3604 4941 3618 4964 ,
3675 4909 3732 4952 et
3783 4896 3836 4947 ci

2251 4999 2438 5055 alienis
2487 5015 2643 5071 parce
2671 5015 2818 5055 servo
2859 5006 2969 5054 tuo.
3007 4995 3206 5056 Claude
3240 4992 3555 5054 cubiculum
3582 4988 3837 5069 pectoris.

2254 5103 2310 5149 et
2334 5097 2528 5149 crebro
2553 5094 2829 5164 signaculo
2851 5095 3030 5150 erucis
3060 5093 3270 5148 munias
3295 5091 3529 5148 frontem
3561 5101 3718 5145 tuam
3738 5133 3751 5155 ,
3782 5103 3840 5142 ne

2257 5186 2651 5244 exterminatur
2674 5185 2890 5257 ,ιι-Σεξιτιί
2923 5187 2975 5240 ἰη
3007 5196 3055 5242 te
3099 5185 3275 5241 locum
3307 5186 3571 5256 reperiat.
3601 5183 3739 5238 Post
3767 5197 3843 5236 co-

2257 5279 2580 5351 gitationum
2609 5277 3076 5348 diligentissimam
3119 5280 3421 5334 cautionem
3452 5320 3467 5343 ,
3511 5275 3842 5344 jejuniorum

2257 5373 2356 5428 tibi
2392 5387 2543 5426 arma
2578 5370 2837 5425 sumenda
2866 5379 3010 5435 sunt,
3045 5378 3099 5425 ct
3124 5370 3428 5425 canendum
3474 5382 3602 5423 cum
3633 5364 3844 5420 David:

2261 5464 2551 5520 Humiliavi
2578 5465 2632 5517 in
2662 5463 2871 5532 jejunio
2899 5464 3132 5517 animam
3159 5478 3350 5526 meam,
3377 5470 3426 5514 et
3467 5462 3702 5513 cinerem
3735 5466 3848 5509 tan-

2259 5573 2416 5630 quam
2459 5572 2646 5626 panem
2698 5556 3008 5614 manducavi
3046 5569 3065 5606 .'
3113 5564 3205 5621 et,
3247 5551 3378 5608 Cum
3433 5551 3640 5605 molesti
3684 5555 3849 5602 essent

2260 5648 2410 5711 mihi,
2441 5645 2695 5699 induebar
2720 5643 2892 5699 cilicio
2917 5643 3089 5718 (Psal.
3118 5643 3326 5716 xxxrv).
3358 5642 3610 5698 Salvator
3631 5636 3853 5711 generis

2263 5739 2503 5806 humani,
2535 5737 2627 5806 qui
2664 5737 2927 5792 virtutum
2974 5747 3030 5794 et
3076 5736 3505 5794 conversationis
3550 5748 3666 5791 sua:
3699 5730 3856 5788 nobis

2261 5833 2479 5904 reliquit
2503 5833 2829 5902 exemplum,
2859 5839 2981 5904 post
3011 5833 3350 5907 baptismum
3379 5830 3567 5890 statim
3602 5825 3855 5902 355935.
