4000 6468
218 449 320 512 945

712 436 993 496 REGULA
1033 432 1675 493 SANCTIMONIALIUM
1717 433 1805 487 AB
1838 429 2196 487 AMALARIO
2232 430 2613 490 COLLECTA.
2650 463 2721 475 —
2758 429 2898 493 ιιιςὶ
2923 435 2989 493 ll.

3382 441 3490 500 θιδ

219 577 305 627 tur
330 580 360 620 a
389 560 601 635 spiritu,
626 565 687 614 ut
703 566 907 629 pugnet
931 565 1120 612 contra
1151 553 1457 618 diabolum;
1489 561 1546 608 et
1570 566 1792 622 oppres-
1818 549 1871 611 A
1895 551 2212 622 pretiosius,
2241 552 2344 606 nisi
2375 552 2519 622 quod
2553 553 2802 608 manibus
2830 553 2938 609 tuis
2983 553 3098 625 ipsa
3125 546 3488 630 (confeceris,

219 671 484 724 suntcum
523 663 687 724 atque
711 651 1003 707 contritum
1035 645 1552 717 tradiditdiscipulis
1583 643 1801 699 concul-
1900 643 1986 698 vel
2030 644 2084 697 in
2130 658 2260 698 usus
2318 645 2594 714 proprios,
2627 645 2710 699 vel
2755 646 2811 699 in
2858 647 3169 717 exemplum
3220 651 3489 724 virginum

217 753 463 816 cundum.
517 747 671 804 Unde
716 753 771 802 et
800 744 1090 817 Apostolus
1135 743 1410 812 loquitur:
1455 740 1594 794 Deus
1625 749 1798 793 autem

217 851 437 908 conteret
463 840 724 898 Satanam
752 839 845 895 sub
873 837 1088 911 pedibus
1114 838 1296 893 vestris
1339 834 1580 891 velociter
1614 833 1793 905 (Rom.

216 940 346 1012 xvx).
380 937 446 992 Et
495 943 677 990 tamen
731 932 905 988 hostis
959 931 1215 1002 antiquus
1269 937 1392 1001 post
1442 926 1797 998 quadraginta

216 1033 416 1090 dierum
438 1027 730 1098 jejunium,
757 1039 855 1096 per
875 1024 1056 1079 cibum
1083 1023 1302 1078 molitur
1353 1021 1599 1084 insidias,
1631 1027 1687 1075 et
1714 1019 1797 1074 di-

214 1127 283 1183 cit
309 1143 320 1177 :
352 1122 412 1178 Si
443 1119 621 1174 Filius
652 1119 752 1174 Dei
789 1136 842 1174 es
869 1160 882 1184 ,
914 1117 999 1172 die
1026 1125 1082 1170 ut
1108 1116 1308 1186 lapides
1338 1115 1426 1170 isti
1474 1131 1635 1185 panes
1662 1114 1797 1184 ﬁant

215 1215 423 1288 (Matth.
461 1212 558 1283 IV).
585 1213 643 1267 ln
668 1210 768 1268 Job
798 1212 1059 1283 scriptum
1096 1218 1180 1265 est
1204 1209 1271 1265 de
1305 1208 1578 1264 dracone:
1616 1206 1796 1261 Virtus

212 1310 321 1381 ejus
340 1309 392 1361 in
421 1304 610 1360 lumbis
635 1306 751 1376 ejus
771 1345 787 1370 ,
840 1313 890 1358 et
929 1303 1184 1374 fortitudo
1220 1300 1364 1355 illius
1406 1317 1563 1371 super
1586 1298 1797 1352 umbili-

211 1415 323 1454 cum
369 1397 559 1451 ventris
615 1396 728 1466 ejus
775 1393 898 1464 (Job
957 1394 1056 1464 ιν).
1124 1393 1424 1446 Adversum
1465 1390 1692 1460 juvenes
1741 1396 1798 1445 et

209 1488 408 1561 puellas
435 1488 610 1543 tetatis
649 1487 846 1542 ardore
897 1486 1074 1542 hostis
1105 1493 1291 1539 noster
1315 1483 1576 1546 abutitur,
1609 1491 1662 1536 et
1709 1483 1793 1536 in-

209 1582 445 1637 ﬂammat
472 1589 648 1636 rotam
701 1581 1002 1635 nativitatis
1055 1587 1281 1643 nostrae;
1338 1585 1391 1632 et
1426 1575 1612 1646 implet
1665 1575 1794 1630 illud

206 1675 396 1732 Oscae:
433 1671 625 1728 Omnes
683 1673 1074 1736 adulterantes,
1127 1671 1280 1742 quasi
1335 1669 1572 1723 clibanus
1632 1668 1794 1722 corda

204 1785 380 1822 eorum
411 1765 584 1837 (Osete
613 1764 712 1836 vn)
739 1784 752 1818 :
784 1781 904 1836 quae
951 1763 1044 1819 Dei
1073 1761 1444 1818 misericordia
1483 1766 1535 1815 et
1562 1757 1796 1829 jejunio-

1899 747 2239 793 cazterarum.
2288 738 2494 793 Bonum
2547 748 2632 794 est
2676 739 2841 811 igitur
2894 739 3114 797 obedire
3156 743 3487 817 majoribus,

1898 846 2092 902 parere
2129 831 2412 902 perfectis;
2443 841 2499 887 et
2523 840 2644 902 post
2671 833 2883 904 regulas
2908 831 3332 905 Scripturarum,
3365 840 3492 895 vitae

1898 939 2009 978 suae
2059 923 2330 979 tramitem
2374 925 2441 979 ab
2467 924 2590 980 aliis
2627 925 2857 992 discere,
2889 943 2989 982 nec
3019 937 3352 1000 praeceptore
3406 932 3488 989 uti

1896 1015 2161 1085 pessimo,
2223 1016 2430 1071 scilicet
2471 1010 2901 1088 praesumptione.
2943 1035 3061 1074 sua.
3113 1018 3486 1078 Matronarum

1895 1108 2109 1162 maritis
2136 1123 2200 1163 ac
2229 1109 2424 1163 sarculo
2463 1109 2813 1163 servientium
2866 1109 2964 1165 tibi
3010 1112 3286 1168 consortia
3322 1113 3491 1170 decli-

1894 1207 2113 1266 nentur,
2141 1215 2209 1254 ne
2237 1200 2561 1257 sollicitetur
2606 1202 2851 1269 animus,
2909 1212 2966 1259 et
3008 1197 3197 1262 audias
3241 1207 3372 1277 quid
3401 1208 3490 1264 vel

1895 1292 2122 1347 maritus
2147 1292 2322 1354 uxori,
2352 1292 2438 1346 vel
2491 1309 2632 1348 uxor
2675 1293 2854 1349 locuta
2907 1294 2976 1349 sit
3017 1295 3154 1350 viro.
3201 1298 3490 1355 Venenatze

1896 1391 2021 1436 sunt
2048 1382 2354 1452 huiusmodi
2384 1381 2867 1448 confabulationes,
2890 1399 3052 1455 super
3081 1401 3312 1456 quarum
3337 1389 3486 1444 dam-

1895 1475 2115 1528 natione
2144 1473 2459 1530 saecularem
2482 1491 2699 1530 versum
2723 1492 3006 1533 assumens
3026 1478 3338 1548 Apostolus,
3357 1479 3490 1535 facit

1895 1565 2322 1620 ecclesiasticum
2355 1585 2367 1619 :
2402 1566 2754 1638 Corrumpunt
2783 1583 2950 1622 mores
2998 1567 3157 1623 bonos
3179 1569 3490 1639 confabula-

1895 1658 2060 1711 tiones
2097 1657 2250 1712 malte
2279 1655 2331 1729 (1
2359 1656 2481 1712 Cor.
2528 1657 2642 1730 xv).
2667 1657 2873 1714 Graves
2899 1656 3115 1715 femina:
3143 1660 3240 1716 tibi
3261 1661 3489 1716 comites

1894 1749 2189 1821 eligantur,
2241 1766 2471 1820 quarum
2515 1753 2742 1821 probata
2789 1760 2872 1807 est
2908 1753 3272 1819 conversatio,
3301 1767 3485 1809 sermo

201 1873 320 1913 rum
345 1857 546 1928 frigore
587 1858 1016 1928 restinguuutur.
1075 1852 1201 1910 Hac
1239 1861 1365 1908 sunt
1395 1852 1564 1922 ignita
1589 1848 1790 1904 diaboli
1819 1917 1862 1928 __
1892 1844 2223 1909 moderatuS,
2252 1850 2441 1900 sancta
2475 1845 2821 1900 verecundia.
2846 1844 2991 1918 Fuge
3018 1845 3296 1901 lasciviam
3336 1844 3489 1917 puel-

197 1948 394 2018 iacula,
421 1965 540 2020 qua:
576 1950 739 2004 simul
784 1958 840 2003 et
866 1949 1175 2011 vulnerant,
1207 1956 1262 2001 et
1288 1945 1643 2000 inﬂammant.
1701 1941 1791 1998 Sic
1818 1917 1866 1979 Β
1894 1933 2092 2001 larum,
2120 1951 2240 2004 (ιυω
2265 1944 2463 1989 omam
2481 1935 2682 2006 capita,
2707 1935 2885 1991 crines
2909 1951 2940 1990 3
2965 1936 3143 1992 ῖΐοηῑθ
3172 1936 3484 1992 demittunt-

197 2055 415 2112 quoque
440 2041 606 2096 debes
634 2039 905 2112 jejunare,
940 2047 1001 2093 ut
1039 2038 1213 2093 fracto
1242 2037 1484 2107 corporis
1527 2036 1788 2105 appetitu,

198 2145 297 2186 nec
328 2132 381 2184 in
409 2131 664 2196 lectione,
690 2147 790 2186 nec
816 2133 868 2185 in
904 2131 1151 2201 psalmis,
1179 2145 1279 2184 nec
1316 2129 1370 2183 in
1405 2128 1605 2201 vigiliis
1631 2129 1791 2185 solito

199 2221 324 2291 quid
352 2221 532 2276 minus
550 2220 739 2276 facias.
771 2220 1042 2291 Jejunium
1069 2236 1174 2276 non
1202 2219 1444 2291 perfecta
1471 2221 1664 2285 virtus,
1694 2221 1791 2276 sed

199 2323 516 2372 exterarum
567 2315 829 2371 virtutum
869 2314 1278 2371 fundamentum
1329 2323 1413 2370 est
1443 2332 1456 2368 :
1485 2323 1543 2370 et
1587 2315 1792 2372 sancti-

199 2405 375 2462 ﬁcatio
400 2417 566 2476 atque
594 2407 876 2476 pudicitia,
901 2407 1021 2463 sine
1049 2423 1156 2478 qua
1187 2421 1347 2462 nemo
1368 2407 1574 2462 videbit
1593 2407 1786 2475 Deum,

197 2505 388 2578 gradus
436 2506 645 2577 praebet
680 2505 748 2560 ad
804 2520 1018 2561 summa
1060 2504 1464 2560 scandentibus.
1519 2503 1790 2576 Legamus

197 2600 535 2672 evangelium
558 2600 862 2671 sapientum
891 2609 946 2654 et
967 2598 1256 2654 stultarum
1284 2598 1552 2669 virginum
1571 2597 1787 2670 (Matth.

197 2693 318 2765 nv)
347 2736 361 2757 ,
393 2709 630 2764 quarum
669 2694 788 2748 alite
825 2693 1130 2748 cubiculum
1168 2693 1546 2765 ingrediuntur
1577 2693 1789 2763 sponsi,

199 2786 310 2841 alia:
335 2788 604 2842 bonorum
634 2801 858 2857 operum
911 2787 1088 2842 oleum
1119 2802 1226 2842 non
1268 2786 1550 2852 habentes,
1583 2787 1791 2842 exstin-

198 2879 294 2933 ctis
318 2878 662 2950 lampadibus
684 2878 1065 2934 excluduntur.
1096 2879 1255 2935 Disce
1280 2881 1410 2950 quid
1435 2881 1563 2935 boni
1591 2880 1791 2936 habeat

198 2971 527 3027 continentia
559 2996 588 3040 ,ο
635 2978 690 3026 et
734 2971 864 3041 quid
917 2987 947 3026 e
999 2971 1274 3026 contrario
1330 2971 1454 3025 mali
1506 2972 1785 3028 saturitas.

199 3057 514 3118 Scurrilitas
555 3070 718 3134 atque
753 3062 976 3118 lascivia
1016 3071 1070 3118 te
1103 3071 1370 3132 praesente
1402 3077 1506 3116 non
1550 3061 1791 3117 habeant

198 3151 387 3210 locum.
423 3155 712 3226 Nunquam
740 3157 964 3210 verbum
996 3154 1343 3210 inhonestum
1383 3153 1594 3220 audias,
1620 3163 1715 3210 aut
1741 3153 1789 3210 si

198 3245 450 3312 audieris,
480 3262 586 3302 non
610 3246 885 3302 inesceris.
932 3245 1162 3301 Perditae
1192 3245 1389 3300 mentis
1409 3245 1656 3301 homines
1677 3261 1786 3302 uno

199 3333 524 3408 frequenter,
555 3339 769 3410 levique
799 3355 1050 3395 sermone
1080 3346 1292 3394 tentant
1317 3338 1552 3394 claustra
1579 3337 1788 3408 pudici-

200 3428 302 3484 tiae.
339 3429 540 3487 Ridere
569 3440 624 3486 et
654 3432 820 3486 rideri
859 3431 1208 3486 steeularibus
1236 3431 1570 3500 derelinque,
1603 3430 1788 3501 gravi—

198 3527 282 3576 tas
323 3529 475 3577 tuam
505 3537 793 3592 personam
823 3524 998 3578 decet.
1029 3521 1372 3592 Superlluum
1412 3538 1537 3578 reor
1585 3529 1636 3578 te
1674 3536 1792 3578 mo-

197 3625 328 3666 nere
357 3623 549 3669 contra
573 3614 881 3680 avaritiam,
912 3629 1034 3669 cum
1070 3613 1364 3684 Apostolus
1390 3616 1582 3670 doceat
1612 3613 1791 3671 avari-

198 3703 332 3758 tiam
361 3720 482 3761 esse
511 3707 780 3762 idolorum
820 3707 1025 3763 cultum
1080 3707 1295 3779 (Ep/tes.
1332 3707 1408 3780 v).
1461 3708 1708 3764 Laudent
1737 3716 1792 3764 te

199 3796 554 3853 esurientium
599 3800 829 3866 viscera,
861 3815 970 3854 non
1024 3799 1352 3856 ructantium
1382 3800 1635 3870 opulenta
1664 3816 1790 3856 con-

199 3887 362 3942 vivia.
407 3903 434 3930 α
465 3891 740 3948 Christum
797 3891 998 3948 vestire
1047 3890 1103 3946 in
1149 3891 1515 3962 pauperibus,
1569 3906 1792 3962 pascere

200 3977 252 4030 in
278 3981 672 4048 esurientibus,
701 3991 756 4038 et
805 3990 1004 4054 prmter
1041 3981 1393 4053 psalmorum,
1433 3989 1488 4037 et
1527 3983 1792 4040 orationis

202 4071 466 4141 ordinem,
499 4076 643 4145 quod
676 4075 769 4130 tibi
798 4075 932 4129 hora
960 4075 1141 4140 tertia,
1175 4082 1350 4138 sexta,
1390 4089 1555 4140 nona,
1591 4076 1660 4130 ad
1704 4090 1794 4132 ve-

203 4175 436 4231 sperum,
467 4166 644 4222 media
673 4173 852 4232 nocte,
890 4173 945 4219 et
982 4182 1141 4221 mane
1187 4181 1402 4237 semper
1427 4175 1510 4221 est
1537 4182 1793 4223 exercen-

206 4251 351 4321 dum,
382 4265 558 4312 statue
585 4266 718 4327 quot
744 4257 894 4312 horis
926 4271 1137 4311 sacram
1179 4255 1517 4326 Scripturam
1548 4257 1792 4312 ediscere

207 4342 415 4414 debeas,
445 4334 652 4422 quanto
682 4360 924 4421 tempore
955 4348 1154 4421 legere,
1181 4364 1288 4404 non
1315 4350 1382 4404 ad
1411 4349 1679 4413 laborem,
1698 4349 1792 4405 sed

208 4435 269 4489 ad
300 4438 712 4498 delectationem
760 4449 814 4496 et
863 4441 1276 4496 instructionem
1305 4441 1516 4496 animae.
1550 4440 1792 4512 Cumque

210 4525 317 4584 hate
348 4530 555 4589 ﬁnieris
583 4533 848 4604 spatia,et
873 4532 1185 4603 frequenter
1207 4540 1258 4588 te
1285 4533 1351 4588 ad
1378 4531 1590 4604 figenda
1617 4547 1793 4603 genua

212 4618 510 4682 sollicitudo
537 4627 731 4680 animae
751 4626 1122 4692 suscitaverit;
1153 4625 1348 4682 habeto
1370 4625 1549 4680 lanam
1579 4640 1794 4696 semper

212 4710 262 4766 in
288 4721 554 4788 manibus,
584 4721 669 4777 vel
709 4721 956 4776 staminis
981 4721 1172 4792 pollice
1197 4720 1284 4775 ﬁla
1315 4720 1585 4786 deducito,
1614 4719 1696 4774 vel
1723 4719 1792 4774 ad

214 4808 503 4876 torquenda
559 4812 898 4882 subtegmina
951 4811 1004 4864 in
1055 4809 1276 4866 alveolis
1308 4810 1427 4866 fusa
1471 4818 1789 4876 vertantur,

215 4894 545 4976 aliarumque
573 4913 718 4969 neta,
750 4911 842 4958 aut
864 4903 915 4957 in
943 4901 1159 4972 globum
1183 4902 1397 4972 collige,
1425 4911 1518 4956 aut
1558 4902 1791 4956 texenda

215 5001 483 5063 compone.
533 4997 588 5053 Si
614 4996 777 5052 tantis
803 5011 1026 5066 operum
1059 4995 1414 5049 varietatibus
1438 4993 1607 5048 fueris
1630 5009 1792 5048 occu-

216 5091 332 5148 Ρέηξι
357 5129 371 5153 ,
419 5107 696 5160 nunquam
739 5091 836 5145 tibi
879 5090 992 5146 dies
1028 5088 1172 5159 longi
1228 5095 1404 5144 erunt.
1451 5087 1575 5143 Haec
1604 5088 1792 5143 obser-

217 5185 361 5245 vans,
391 5193 446 5238 et
473 5195 527 5239 te
551 5185 720 5256 ipsam
751 5183 1006 5243 salvabis.
1035 5190 1088 5237 et
1115 5181 1269 5247 alias,
1299 5187 1354 5236 et
1398 5181 1508 5236 eris
1536 5182 1795 5252 magistra

219 5277 409 5327 sancta:
446 5275 898 5340 conversationis,
925 5273 1325 5343 multarumque
1378 5273 1684 5328 castitatem
1715 5273 1796 5328 lu-

220 5367 362 5414 crum
405 5374 555 5422 tuum
588 5365 775 5432 facies,
809 5365 1089 5434 Scriptura
1134 5364 1380 5420 dicente:
1414 5363 1482 5418 In
1527 5363 1797 5420 desideriis

221 5455 289 5499 est
311 5459 475 5512 omnis
519 5459 696 5512 anima
727 5457 897 5512 otiosi.
930 5455 1056 5510 Ideo
1085 5456 1230 5510 enim
1259 5455 1354 5510 tibi
1392 5470 1515 5510 cum
1544 5455 1796 5510 omnibus

223 5531 567 5606 laborandum
589 5557 692 5614 est,
708 5556 766 5604 ut
792 5564 890 5620 per
914 5547 1252 5603 occasionem
1279 5547 1460 5616 operis
1490 5545 1625 5602 nihil
1652 5545 1798 5601 aliud

227 5632 457 5711 WSites,
504 5641 607 5696 nisi
639 5640 780 5711 quod
811 5639 878 5695 ad
923 5639 1138 5694 Domini
1193 5639 1428 5710 pertinet
1457 5639 1793 5696 servitutem.

169 5759 197 5782 -_
228 5709 548 5814 _Slmpliciter
587 5732 796 5803 loquar.
828 5731 1084 5800 Quamvis
1132 5747 1344 5787 omnem
1391 5745 1614 5786 censum
1646 5738 1794 5785 tuum
1836 5720 1845 5728 ’

228 5817 577 5908 ul.Piluperes
619 5824 952 5894 distribuas,
1007 5824 1140 5880 nihil
1185 5825 1326 5897 apud
1365 5823 1641 5880 Christum
1695 5823 1799 5880 erit

1891 2023 1984 2079 Illa
2009 2027 2078 2080 sit
2111 2026 2206 2080 tibi
2233 2026 2483 2095 pulchra,
2517 2027 2608 2081 illa
2635 2027 2905 2094 amabilis,
2937 2027 3028 2082 illa
3057 2027 3302 2083 habenda
3344 2029 3488 2086 inter

1898 2118 2099 2184 socias,
2133 2133 2256 2188 qua:
2285 2134 2345 2175 se
2371 2119 2545 2174 nescit
2569 2134 2692 2175 esse
2716 2117 3020 2188 pulchram.
3052 2119 3202 2175 Felix
3233 2119 3324 2174 illa
3358 2134 3488 2176 con-

1892 2212 2144 2277 scientia,
2176 2219 2233 2266 et
2255 2210 2418 2267 beata
2449 2211 2756 2283 virginitas,
2807 2211 2864 2266 in
2894 2210 3047 2282 cujus
3077 2211 3240 2267 corde
3287 2219 3488 2281 praeter

1891 2322 2133 2362 amorem
2171 2304 2419 2372 Christi,
2461 2307 2554 2376 qui
2597 2314 2681 2361 est
2732 2305 3019 2376 sapientia,
3069 2305 3292 2360 castitas
3321 2346 3336 2372 ,
3391 2319 3489 2376 pa-

1890 2401 2102 2466 tientia,
2131 2408 2294 2469 atque
2345 2400 2581 2469 justitia,
2615 2407 2933 2468 creterzeque
2978 2399 3208 2455 virtutes
3233 2441 3249 2465 ,
3299 2399 3482 2456 nullus

1891 2489 2028 2544 alius
2048 2500 2300 2546 versatur
2334 2507 2510 2558 amor,
2536 2507 2639 2547 nec
2668 2492 2737 2546 ad
2768 2491 3203 2547 recordationem
3243 2490 3485 2546 hominis

1891 2584 2182 2655 aliquando
2206 2587 2464 2658 suspirat,
2496 2602 2598 2642 nec
2636 2587 2822 2644 videre
2852 2588 3142 2654 desiderat,
3165 2602 3329 2658 quem
3358 2602 3484 2642 cum

1890 2681 2106 2748 viderit,
2155 2682 2292 2738 nolit
2331 2682 2621 2738 dimittere.
2680 2680 3008 2737 Sanctarum
3059 2681 3326 2753 virginum
3364 2696 3487 2753 pro-

1889 2774 2130 2845 positum
2167 2781 2222 2830 et
2270 2773 2574 2830 caelestium
2606 2772 2942 2828 consimilem
2976 2772 3202 2842 gloriam
3229 2788 3486 2844 quarum-

1892 2865 2015 2920 dam
2046 2881 2154 2921 non
2184 2865 2326 2921 bene
2363 2881 2422 2921 se
2471 2865 2744 2936 agentium
2774 2880 2975 2921 nomen
3016 2863 3263 2920 infamat.
3294 2865 3488 2920 Finem

1882 2955 2053 3029 jungo
2081 2957 2369 3028 principio,
2396 2972 2498 3013 nec
2523 2957 2690 3012 semel
2718 2957 2993 3012 monuisse
3023 2964 3311 3012 contentus
3339 2971 3480 3012 sum.

1889 3049 2027 3104 Ama
2098 3050 2401 3121 scripturas
2447 3059 2704 3116 sanctas,
2757 3057 2812 3104 et
2841 3049 3047 3104 amabit
3098 3056 3151 3104 te
3185 3049 3488 3120 sapientia:

1891 3142 2054 3214 dilige
2083 3158 2225 3210 eam,
2259 3152 2316 3198 et
2345 3145 2578 3200 servabit
2611 3153 2665 3200 te
2694 3161 2706 3198 :
2739 3144 2946 3199 honora
2975 3142 3122 3198 illam
3141 3184 3155 3209 ,
3207 3152 3264 3199 et
3291 3142 3492 3214 ample-

1890 3235 2112 3290 xabitur
2137 3244 2206 3291 te.
2267 3235 2392 3292 Have
2432 3237 2654 3292 monilia
2699 3237 2754 3293 in
2792 3244 3014 3308 pectore
3069 3245 3124 3292 et
3174 3237 3230 3292 in
3267 3235 3491 3292 auribus

1892 3327 1999 3383 tuis
2024 3327 2289 3383 haereant.
2339 3327 2485 3383 Nihil
2525 3329 2668 3383 aliud
2718 3329 2933 3386 noverit
2972 3330 3156 3402 lingua
3186 3328 3292 3384 nisi
3333 3327 3493 3384 Chri-

1891 3426 2057 3486 stum,
2085 3419 2222 3474 nihil
2247 3421 2422 3490 possit
2448 3435 2644 3475 sonare
2669 3421 2772 3476 nisi
2797 3421 2941 3492 quod
2963 3429 3210 3476 sanctum
3241 3426 3344 3476 est.

2509 3512 2740 3570 CAPUT
2778 3513 2864 3568 Ill.
3192 3589 3194 3592 ν

1967 3602 2267 3676 (Ejusdem,
2291 3623 2356 3662 ex
2397 3606 2617 3677 epistola
2639 3607 2708 3661 ad
2739 3605 3010 3680 Furiam.)
3031 3607 3246 3679 Arripe,
3273 3623 3483 3679 quieso,

1893 3699 2276 3765 occasionem,
2331 3707 2386 3755 et
2429 3699 2514 3755 fac
2566 3697 2634 3755 de
2677 3701 3006 3758 necessitate
3042 3701 3320 3757 virtutem.
3373 3701 3494 3758 Non

1894 3801 2211 3862 quaeruntur
2250 3793 2305 3848 in
2355 3792 2680 3850 Christianis
2718 3795 2872 3850 initia
2897 3837 2912 3859 ,
2969 3795 3063 3851 sed
3115 3795 3259 3851 finis.
3291 3795 3494 3852 Paulus

1894 3882 2046 3939 male
2084 3884 2271 3956 ccepit,
2323 3886 2418 3941 sed
2445 3886 2583 3941 bene
2630 3885 2825 3942 ﬁnivit.
2854 3885 3003 3942 Iuda:
3023 3887 3311 3944 laudantur
3335 3902 3496 3944 exor-

1895 3975 2002 4042 dia,
2036 3976 2130 4032 sed
2161 3978 2283 4032 linis
2309 3977 2615 4048 proditione
2670 3978 2979 4034 damnatur.
3027 3978 3283 4035 Meretrix
3311 3978 3401 4035 illa
3436 3977 3496 4036 in

1893 4065 2190 4136 Evangelio
2227 4066 2539 4138 baptizata,
2591 4067 2850 4139 lacrymis
2880 4068 2994 4124 suis
3042 4077 3099 4124 et
3139 4069 3290 4124 crine
3314 4109 3331 4136 ,
3384 4082 3493 4138 quo

1893 4157 2094 4214 multos
2143 4166 2268 4213 ante
2320 4159 2634 4230 deceperat,
2664 4158 2830 4228 pedes
2861 4158 3078 4213 Domini
3123 4167 3339 4230 tergens
3387 4157 3496 4212 sal-

1895 4256 2018 4304 vata
2047 4258 2150 4304 est.
2173 4249 2292 4305 Non
2321 4250 2512 4306 habuit
2544 4250 2846 4320 criSpantes
2867 4251 3078 4313 mitras,
3113 4264 3215 4304 nec
3257 4248 3495 4304 striden-

1896 4351 1980 4396 tes
2007 4341 2272 4404 calceolos
2294 4384 2310 4410 ,
2345 4358 2448 4398 nec
2481 4343 2643 4398 orbes
2696 4342 2859 4398 stibio
2899 4340 3242 4414 fuliginatos,
3285 4350 3490 4412 quanto

1896 4431 2112 4498 foedior,
2145 4441 2293 4488 tanto
2344 4433 2641 4504 pulchrior.
2676 4433 2849 4489 Vidua
2880 4449 3001 4504 qua:
3030 4433 3230 4490 marito
3270 4432 3492 4505 placere

1896 4525 2113 4591 desivit,
2148 4533 2202 4580 et
2243 4527 2398 4596 juxta
2437 4525 2760 4597 Apostolum
2804 4540 2934 4581 vere
2971 4525 3132 4581 vidua
3187 4533 3310 4592 est,
3356 4525 3494 4582 nihil

1817 4659 1871 4721 Β
1896 4617 2061 4674 habet
2096 4619 2488 4685 necessarium,
2539 4618 2644 4674 nisi
2694 4619 3175 4690 perseverantiam.
3219 4617 3492 4674 Ardentes

1895 4710 2096 4767 diaboli
2130 4713 2341 4783 sagitta:
2367 4710 2698 4783 jejuniorum
2733 4720 2788 4767 et
2833 4711 3143 4785 vigiliarum
3189 4711 3370 4783 rigore
3399 4725 3490 4766 re-

1893 4804 2228 4874 stinguendae
2255 4812 2398 4859 sunt.
2442 4803 2549 4857 Aut
2574 4803 2903 4873 loquendum
2926 4803 3085 4860 nobis
3111 4809 3196 4858 est
3218 4809 3275 4856 ut
3305 4802 3489 4858 vestiti

1894 4911 2105 4960 sumus,
2135 4894 2581 4950 autvestiendum
2611 4903 2674 4948 ut
2709 4894 2999 4963 loquimur.
3022 4892 3160 4959 Quid
3173 4893 3317 4948 aliud
3329 4893 3492 4964 polli-

1895 5002 2102 5051 cemur,
2135 4994 2190 5040 et
2210 4985 2355 5038 aliud
2379 4983 2750 5038 ostendimus?
2782 4982 2990 5056 Lingua
3025 4991 3282 5056 personat
3320 4985 3488 5040 casti-

1892 5084 2084 5140 tatem,
2111 5083 2166 5129 et
2198 5084 2368 5130 totum
2418 5087 2616 5142 corpus
2656 5074 2866 5146 profert
2911 5076 3325 5148 impudicitiam.
3373 5075 3489 5133 Hoc

1896 5174 2157 5238 quantum
2183 5167 2250 5219 ad
2275 5166 2521 5221 habitum
2548 5169 2790 5237 pertinet
2817 5177 2871 5226 et
2891 5177 3166 5226 ornatum.
3215 5167 3486 5226 Caeterum

1895 5261 2057 5316 vidua
2081 5275 2198 5330 qua:
2225 5260 2279 5312 in
2306 5258 2509 5313 deliciis
2532 5270 2610 5314 est
2646 5261 2775 5334 (non
2814 5269 2896 5317 est
2943 5276 3123 5316 meum
3152 5301 3167 5327 ,
3205 5262 3301 5318 sed
3347 5260 3489 5333 Apo-

1893 5352 2064 5425 stoli),
2092 5353 2264 5407 vivens
2297 5361 2502 5407 mortua
2545 5363 2620 5407 est
2672 5353 2723 5424 (Ι
2765 5353 2900 5408 Tim.
2927 5353 3004 5425 v).
3051 5352 3189 5421 Quid
3219 5355 3324 5410 sibi
3369 5353 3489 5410 vult

1897 5447 2002 5502 hoc
2023 5444 2164 5515 quod
2185 5445 2280 5510 ait,
2305 5445 2476 5499 vivens
2500 5452 2707 5496 mortua
2734 5444 2853 5498 est?
2881 5443 3075 5500 Vivere
3096 5445 3317 5516 quidem
3335 5443 3488 5501 vide«

1901 5545 1992 5592 tur
2025 5536 2428 5608 ignorantibus,
2458 5542 2514 5589 et
2548 5549 2657 5590 non
2685 5550 2806 5591 esse
2848 5544 3073 5607 peccato
3116 5546 3360 5594 mortua:
3391 5539 3488 5595 sed

1859 5616 1866 5624 ’
1902 5632 2121 5689 Christo
2145 5673 2160 5699 ,
2207 5645 2367 5702 quem
2427 5637 2635 5684 secreta
2683 5621 2794 5685 non
2844 5628 3075 5700 fallunt,
3121 5639 3336 5687 mortua
3381 5638 3484 5687 est.

1901 5725 2191 5798 Apostolus
2220 5730 2464 5778 macerat
2498 5737 2695 5792 corpus
2738 5738 2919 5790 suum,
2949 5733 3005 5779 et
3031 5725 3226 5780 animae
3269 5721 3486 5794 subiicit

1903 5820 2152 5893 imperio,
2183 5832 2251 5872 ne
2279 5817 2423 5888 quod
2449 5814 2569 5899 aliis
2597 5818 2859 5889 przeeipit,
2888 5819 3004 5891 ipse
3035 5835 3144 5878 non
3167 5826 3385 5878 servet:
3427 5821 3486 5870 et

296 5938 327 5970 ⁸
358 5931 461 5995 Hic
487 5942 681 6000 desunt
706 5942 974 6004 quaedam,
1020 5939 1314 5998 supplenda
1339 5954 1410 5997 ex
1432 5937 1661 6005 epistola
1682 5936 1795 5994 V11.
1836 5935 2057 5994 Hieron.
2089 5930 2157 5987 ad
2181 5929 2598 5989 Demetriadem.
2641 5928 2816 5984 Ilard.
