4000 6472
466 389 566 451 951
1479 386 1882 449 AMALARIUS
1916 382 2334 445 PRESBYTER
2370 384 2726 444 METENSIS.
2830 390 2831 393 “
3664 393 3784 451 953

470 515 575 573 rat,
623 504 764 578 gula:
808 504 1306 575 concupiscentiam
1353 504 1593 571 vincere,
1643 512 1699 560 et
1738 504 2058 560 ebrietatem
2085 506 2139 566 Α
2165 518 2385 558 suorum
2416 501 2844 556 familiaritatem
2889 503 3093 559 nabere
3131 517 3240 559 non
3271 504 3453 562 debet.
3504 504 3569 561 Si
3613 509 3781 567 enim

468 601 675 666 vitare,
707 607 818 654 tota
850 598 975 654 fidei
1008 598 1210 653 virtute
1237 597 1567 652 contendat:
1602 604 1656 652 et
1687 597 1761 652 ita
1788 605 2059 668 tempera-
2158 612 2287 653 vasa
2308 639 2322 662 ,
2371 612 2492 668 qua:
2531 597 2776 653 ecclesiae
2812 596 3137 666 oﬂ'eruntur,
3184 609 3244 655 ut
3283 602 3338 657 in
3384 606 3777 664 sacrosanctis

469 702 584 748 tum
614 690 944 757 convivium,
978 703 1336 760 mensamque
1362 689 1692 744 mediocrem
1721 687 1922 744 habere
1951 696 2060 743 stu-

469 788 629 852 deat,
659 793 719 841 ut
746 801 875 841 caro
902 784 1045 840 illius
1070 798 1169 839 nec
1194 783 1473 838 nimietate
1498 782 1838 838 abstinentiae
1864 781 2057 836 debili—

470 890 635 945 tetur,
672 893 773 933 nec
801 892 898 948 per
926 876 1243 933 deliciarum
1270 875 1659 935 abundantiam
1688 877 1755 929 ad
1790 873 2060 928 ruxuriam

466 980 815 1045 provocetur.
853 970 1056 1026 Deinde
1095 968 1311 1039 abjecta
1354 969 1643 1040 superbia,
1672 968 1761 1024 cui
1802 967 1945 1023 Deus
1980 981 2061 1023 re-

467 1065 632 1129 sistit,
658 1061 939 1134 profunda:
960 1059 1279 1116 humilitatis
1300 1059 1471 1130 jaciat
1494 1059 1901 1115 fundamentum
1930 1072 1945 1111 :
1972 1057 2057 1112 in-

466 1159 670 1215 vidiam
690 1156 837 1213 velut
854 1156 1131 1226 vipereum
1153 1168 1420 1209 venenum
1447 1152 1749 1207 detestetur
1778 1166 1851 1207 ac
1867 1150 2053 1223 fugiat,

466 1251 708 1323 linguam
747 1249 1032 1314 refraeuet,
1070 1247 1461 1303 detractionem
1493 1244 1646 1315 quasi
1675 1258 1945 1298 venenum
1974 1257 2059 1297 re-

466 1352 654 1417 spuat,
693 1344 860 1400 verba
904 1343 1079 1399 otiosa
1122 1356 1223 1396 nec
1253 1341 1368 1410 ipsa
1400 1337 1676 1409 proferat,
1711 1352 1813 1393 nec
1843 1336 1911 1391 ab
1938 1336 2059 1393 aliis

464 1438 676 1509 prolata
709 1438 934 1494 auribus
969 1436 1082 1492 suis
1118 1435 1349 1490 libenter
1386 1433 1654 1488 admittat.
1689 1430 2056 1487 Vestimenta-

466 1544 586 1583 rum
633 1528 876 1584 habitum
919 1542 1019 1583 nec
1055 1526 1216 1581 nimis
1257 1524 1553 1595 abjectum,
1602 1538 1702 1579 nec
1748 1522 2058 1578 notabiliter

464 1635 805 1690 pomposum,
835 1628 928 1674 aut
947 1618 1251 1690 periculose
1276 1618 1579 1689 elegantem
1604 1618 1806 1672 habere
1829 1630 2061 1671 consue-

466 1724 601 1768 seat.
652 1713 964 1770 Lectionem
1008 1723 1101 1769 aut
1139 1713 1257 1784 ipsa
1298 1712 1636 1783 frequentius
1667 1711 1829 1782 legat,
1860 1718 1953 1765 aut
1984 1709 2060 1764 le-

464 1806 641 1877 gentis
689 1806 855 1861 verba
904 1814 1018 1861 tota
1059 1806 1295 1877 pectoris
1343 1805 1599 1859 aviditate
1651 1803 1929 1873 suscipiat.
1982 1803 2059 1858 Dc

2161 690 2423 745 altaribus
2451 698 2746 761 ponantur,
2788 702 2975 747 sancta
3013 694 3083 749 ab
3109 694 3363 751 omnibus
3389 698 3770 768 appellantur,

2159 790 2215 837 et
2252 782 2405 837 nefas
2440 792 2525 837 est
2560 791 2620 837 ut
2657 784 2725 839 de
2763 784 2993 839 ecclesia
3032 788 3380 856 postmodum
3430 790 3486 844 in
3535 791 3768 847 domum

2160 875 2353 930 laicam
2394 882 2738 939 revocentur,
2786 884 2881 929 aut
2922 876 3111 932 usibus
3156 878 3411 934 humanis
3454 888 3766 949 aptentur:

2159 976 2317 1039 putas
2348 969 2561 1038 qualem
2596 968 2917 1039 dignitatem
2961 972 3102 1038 apud
3146 970 3319 1025 Deum
3364 972 3536 1028 habet
3577 974 3768 1029 anima

2160 1060 2228 1113 ad
2249 1056 2367 1127 ejus
2390 1058 2677 1129 imaginem
2706 1061 3034 1129 procreata?
3065 1060 3218 1117 Sicut
3247 1078 3380 1134 ergo
3409 1078 3545 1119 vasa
3573 1075 3767 1121 sancta

2160 1154 2413 1209 humanis
2444 1154 2630 1209 usibus
2668 1156 2937 1211 servitura
2977 1171 3079 1211 nec
3115 1167 3373 1228 possunt,
3417 1175 3525 1215 nec
3559 1160 3768 1216 debent

2161 1246 2228 1301 de
2253 1247 2487 1302 ecclesia
2518 1248 2795 1314 revocari,
2840 1248 2921 1305 sic
2954 1249 3262 1321 religiosam
3293 1252 3620 1322 quampiam
3660 1268 3764 1307 non

2160 1347 2403 1408 oportet,
2438 1354 2544 1394 non
2578 1340 2764 1405 decet,
2793 1356 2900 1396 non
2926 1342 3176 1411 expedit,
3206 1351 3501 1413 parentum
3538 1359 3761 1399 suorum

2160 1433 2346 1487 multis
2370 1433 2795 1502 obligationibus
2833 1433 3136 1504 implicari,
3177 1444 3271 1489 aut
3300 1450 3761 1505 quorumcunque

2159 1533 2547 1579 extraneorum
2575 1525 2881 1593 perniciosa
2914 1525 3286 1581 familiaritate
3311 1527 3649 1597 constringi.
3701 1526 3765 1580 ll—

2161 1616 2250 1671 lud
2289 1624 2414 1671 ante
2452 1617 2633 1670 omnia
2675 1617 2963 1682 admoneo,
3010 1625 3071 1670 ut
3114 1616 3486 1672 aemulationis
3538 1616 3760 1680 malum,

2161 1710 2316 1779 quasi
2347 1724 2613 1782 venenum
2656 1711 2935 1779 vipereum
2982 1709 3226 1781 fugiatis,
3275 1718 3331 1766 et
3376 1711 3455 1764 ita
3503 1710 3763 1764 intervos

2162 1802 2452 1857 cbaritatis
2484 1801 2825 1858 dulcedinem
2854 1804 3211 1869 conservetis,
3243 1811 3307 1857 ut
3333 1803 3499 1858 vobis
3531 1803 3761 1857 invicem

464 1898 661 1954 divinis
694 1896 1100 1968 Scripturarum
1132 1896 1597 1967 fontibusjugiter
1629 1910 1824 1965 aquam
1864 1894 2057 1951 salutis
2084 1889 2132 1949 B
2159 1913 2259 1969 per
2285 1905 2475 1954 sancta
2510 1897 2779 1968 colloquia
2815 1900 3214 1955 medicamenta
3247 1898 3525 1969 spiritalia
3558 1915 3764 1970 praepa-

464 1989 679 2043 hauriat
709 2009 721 2043 :
757 1988 905 2043 illam
936 1990 1140 2059 utique,
1183 1990 1249 2043 de
1276 2003 1382 2058 qua
1425 1987 1687 2042 Dominus
1717 1987 1850 2043 dicit
1894 2002 1909 2042 :
1953 1987 2057 2055 Qui

464 2081 628 2134 credit
656 2081 710 2134 in
740 2097 851 2145 me,
876 2081 1097 2149 ﬂumina
1126 2080 1190 2133 de
1218 2090 1394 2133 ventre
1422 2080 1536 2149 ejus
1566 2080 1730 2148 ﬂuent
1752 2095 1906 2149 aqua:
1932 2080 2058 2134 viva:

466 2168 650 2243 (Joan.
679 2170 797 2243 vn).
837 2170 912 2225 De
938 2171 1176 2241 paradisi
1208 2171 1371 2227 etiam
1398 2169 1651 2236 floribus,
1684 2170 1791 2226 hoc
1820 2179 1905 2227 est
1932 2187 2057 2227 san-

465 2271 674 2321 clarum
703 2263 1105 2335 Scripturarum
1137 2266 1413 2331 sensibus,
1446 2264 1628 2320 anima
1664 2275 1854 2320 sancta
1883 2280 1942 2320 se
1968 2265 2060 2336 ju-

463 2357 605 2424 giter
628 2371 825 2411 ornare
853 2355 1161 2412 contendat.
1188 2356 1265 2411 Ex
1290 2356 1420 2426 ipsis
1442 2357 1706 2427 pretiosas
1731 2356 2057 2427 margaritas

464 2449 687 2504 auribus
710 2449 822 2504 suis
850 2448 1222 2504 indesinenter
1247 2450 1515 2519 appendat
1533 2469 1545 2503 :
1564 2465 1631 2505 ex
1648 2449 1779 2519 ipsis
1802 2449 2051 2517 annulos,

464 2548 520 2595 et
546 2540 808 2596 dextralia
829 2582 844 2606 ,
877 2541 1004 2596 dum
1040 2549 1261 2597 exercet
1291 2556 1456 2611 opera
1487 2541 1626 2597 bona
1645 2582 1660 2606 ,
1700 2541 1802 2597 sibi
1834 2558 2055 2612 compo-

464 2642 576 2688 nat.
618 2633 694 2688 lbi
730 2633 1012 2689 vulnerum
1047 2633 1475 2699 medicamenta,
1515 2634 1589 2689 ibi
1631 2635 1898 2690 castitatis
1923 2649 2051 2691 aro-

462 2735 639 2793 mata,
687 2727 763 2782 ibi
800 2711 1231 2797 compttnctionis
1265 2727 1581 2783 holocausta
1619 2728 1879 2798 requirat.
1922 2727 2057 2795 Quae

461 2834 595 2875 vero
624 2820 937 2892 religionem
974 2821 1322 2876 immaculato
1363 2819 1525 2876 corde
1562 2828 1615 2874 et
1651 2836 1787 2890 puro
1823 2834 2054 2890 corpore

462 2925 787 2966 conservare
811 2912 1103 2978 desiderat,
1130 2922 1224 2967 aut
1253 2928 1527 2983 nunquam
1554 2914 1608 2968 in
1633 2912 1927 2983 publicum,
1959 2922 2054 2968 aut

462 3011 611 3058 certe
658 3018 767 3058 non
805 3003 909 3060 nisi
956 3020 1056 3074 pro
1094 3005 1286 3077 grandi
1328 3016 1383 3059 et
1431 3004 1687 3062 ineffabili
1729 3006 2054 3062 necessitate

461 3095 745 3166 procedat.
769 3094 965 3162 Nolite,
990 3111 1173 3167 quaeso
1197 3095 1497 3163 vos,nolite
1523 3096 1930 3168 quibuscunque
1961 3106 2054 3153 aut

462 3188 807 3245 occasionem
846 3189 1009 3257 dare,
1046 3199 1139 3246 aut
1166 3190 1587 3247 familiaritatem
1626 3192 1887 3248 tribuere.
1919 3191 2050 3262 Quae

464 3297 594 3338 vero
616 3282 913 3351 libidinem,
939 3283 1156 3341 Christo
1181 3283 1486 3355 adjuvante,
1517 3286 1789 3342 desiderat
1808 3259 2047 3354 vincere,
2080 3259 2126 3324 Ο

464 3372 894 3432 familiaritatem
929 3378 1087 3433 debet
1117 3376 1362 3450 refugere
1393 3397 1405 3433 :
1441 3385 1496 3433 et
1517 3393 1637 3448 qua:
1667 3378 1943 3451 indignam
1974 3380 2055 3435 fa-

464 3468 837 3524 miliaritatem
870 3485 977 3525 non
1026 3471 1312 3541 spreverit,
1362 3478 1455 3525 aut
1495 3485 1554 3527 se
1603 3479 1697 3526 aut
1736 3470 1903 3527 alium
1945 3473 2054 3528 cito

459 3559 674 3631 perdet.
726 3557 833 3616 Sed
876 3560 1016 3618 forte
1048 3563 1179 3619 dicit
1216 3562 1429 3636 aliqua,
1467 3564 1588 3620 ideo
1624 3563 2055 3622 familiaritatem

461 3666 573 3706 non
599 3651 769 3724 fugio,
802 3654 926 3723 quia
953 3654 1076 3711 volo
1103 3654 1304 3712 habere
1332 3656 1475 3726 quod
1505 3657 1719 3712 vincam
1739 3697 1755 3722 ,
1782 3669 1839 3713 et
1862 3657 2057 3713 adver-

462 3745 670 3800 sarium
693 3761 871 3803 meum
900 3747 1057 3816 cupio
1079 3755 1264 3804 tenere
1286 3750 1579 3819 captivum.
1607 3748 1742 3806 Vide
1768 3765 1837 3805 ne
1862 3761 2054 3809 contra

460 3842 514 3890 te
553 3837 896 3893 adversarius
934 3838 1153 3909 incipiat
1183 3838 1477 3906 rebellare,
1517 3841 1639 3896 vide
1686 3856 1754 3896 ne
1799 3850 1853 3897 te
1892 3843 2055 3900 ducat

460 3929 749 3999 captivitas
775 3929 880 3985 ista
907 3931 1194 4000 captivam.
1226 3931 1363 3987 Audi
1393 3932 1707 4004 Apostolum
1736 3934 2006 3991 dicentem
2036 3956 2048 3992 :

462 4018 655 4092 Fugite
694 4021 1092 4091 fornicationem
1128 4022 1180 4096 (Ι
1220 4020 1342 4079 Cor.
1378 4024 1456 4095 v).
1501 4025 1704 4082 Contra
1738 4027 1946 4098 reliqua
1970 4028 2053 4084 vi-

460 4113 539 4168 tia
575 4122 791 4184 oportet
831 4130 929 4171 nos
966 4116 1113 4171 omni
1145 4117 1342 4173 virtute
1376 4118 1633 4174 resistere
1662 4138 1676 4174 :
1708 4129 1899 4175 contra
1929 4120 2053 4176 libi-

461 4207 644 4262 dinem
684 4221 850 4275 vero,
893 4224 1000 4263 non
1043 4210 1263 4280 expedit
1306 4225 1644 4281 repugnare,
1700 4212 1793 4267 sed
1840 4211 2048 4285 fugere.

460 4301 591 4357 Esto
639 4317 771 4374 ergo
816 4303 1055 4359 libidinis
1100 4303 1361 4376 fugitiva,
1408 4304 1452 4359 si
1498 4305 1578 4360 vis
1619 4319 1738 4362 esse
1782 4308 2053 4364 castitatis

457 4396 749 4465 pugnatrix
788 4396 1022 4468 egregia.
1068 4395 1175 4452 Sed
1220 4399 1363 4468 quod
1399 4398 1512 4453 dixi
1549 4398 1837 4469 diligenter
1876 4410 2052 4457 atten-

460 4486 590 4543 dite.
622 4488 847 4556 Quando
882 4490 994 4545 sola
1026 4491 1204 4561 aliqua
1243 4492 1485 4549 libidinis
1512 4493 1745 4548 stimulis
1773 4494 2049 4561 incitatur,

459 4578 679 4635 Christo
707 4581 1024 4652 adjuvante,
1059 4593 1324 4655 repugnet
1346 4593 1611 4655 quantum
1641 4585 1897 4655 prmvalet
1924 4601 2053 4641 con-
2076 4621 2131 4684 Β

460 4678 547 4723 tra
589 4684 667 4734 se,
714 4671 840 4740 quia
883 4686 991 4725 non
1030 4670 1194 4727 habet
1226 4688 1334 4743 quo
1360 4674 1534 4743 possit
1562 4673 1769 4745 fugere.
1822 4675 2051 4742 Quando

419 4830 422 4835 ν
459 4777 592 4818 vero
618 4776 717 4833 per
746 4763 970 4820 alterius
1000 4765 1374 4833 sodalitatem,
1403 4770 1864 4837 opportunitatem
1894 4770 2049 4827 volu-

458 4854 627 4926 ptatis
657 4853 905 4911 diabolus
946 4854 1346 4923 subministrat,
1389 4858 1563 4929 ipsam
1601 4857 2047 4929 familiaritatem,

400 4986 401 4991 η
460 4956 726 5017 quantum
756 4948 1046 5020 praevalet,
1089 4958 1150 5005 ut
1181 4950 1440 5019 diximus,
1473 4952 1654 5008 anima
1683 4964 1873 5011 sancta
1904 4956 2049 5012 refu-

458 5038 591 5108 giat.
631 5038 738 5094 Sed
766 5048 824 5094 ut
855 5041 971 5095 haec
996 5042 1180 5096 omnia
1210 5057 1432 5099 servare
1456 5047 1748 5114 possimus,
1772 5049 2049 5105 abstinen-

459 5131 591 5187 tiam
630 5133 1008 5187 rationabilem
1046 5140 1327 5189 teneamus
1354 5176 1370 5200 ,
1423 5137 1551 5206 quia
1595 5153 1725 5193 vera
1773 5148 1858 5195 est
1906 5140 2051 5198 illius

460 5225 791 5281 sanctissimi
823 5227 926 5281 viri
969 5226 1238 5283 sententia
1272 5242 1287 5282 :
1324 5228 1495 5285 Prout
1539 5234 1873 5290 continueris
1912 5251 2047 5292 ven-

460 5324 641 5383 trem,
691 5318 764 5373 ita
812 5327 867 5373 et
909 5334 1211 5376 venenosos
1258 5333 1438 5378 motus
1486 5323 1621 5393 ejus.
1675 5326 2049 5386 Humilitatem

458 5408 625 5463 etiam
653 5425 839 5465 veram
870 5420 1133 5481 quantum
1165 5428 1459 5483 possumus
1487 5431 1893 5474 conservemus.
1928 5420 2049 5477 Non

459 5500 608 5553 enim
636 5502 725 5557 diu
763 5504 946 5559 carnis
974 5506 1260 5578 integritas
1288 5518 1558 5575 servatur,
1593 5511 1684 5566 ubi
1716 5513 1930 5569 animus
1959 5530 2051 5569 su-

458 5589 659 5659 perbia:
689 5600 898 5647 tumore
927 5597 1313 5666 corrumpitur,
1361 5600 1632 5671 praecipue
1671 5603 1717 5657 si
1755 5602 2048 5660 iracundiae

458 5680 675 5736 ﬂamma
705 5682 1044 5755 frequentius
1074 5691 1282 5762 surgit,
1328 5694 1598 5750 castitatis
1637 5704 1693 5751 et
1721 5697 2049 5768 virginitatis

459 5770 622 5828 ﬂores
647 5773 757 5830 cito
788 5783 1080 5836 consumit.
1116 5780 1278 5836 Casta
1310 5785 1454 5839 enim
1486 5795 1541 5841 et
1571 5788 1682 5843 Deo
1713 5789 1903 5845 devota
1935 5790 2049 5845 ani-

460 5879 580 5929 ma,
625 5881 732 5922 non
771 5868 947 5925 solum
976 5880 1384 5941 extraneorum,
1426 5878 1520 5934 sed
1555 5880 1721 5937 etiam
1758 5890 2047 5952 parentum

2162 1990 2315 2045 retis.
2353 1988 2492 2045 Sunt
2513 1989 2681 2056 enim,
2706 1991 2850 2062 quod
2871 1992 3026 2063 pejus
3049 2000 3154 2057 est,
3174 1991 3373 2062 aliqua:
3394 2007 3524 2063 qua:
3548 1992 3762 2063 quando

2162 2099 2221 2139 se
2246 2083 2453 2153 pariter
2472 2083 2726 2155 jungunt,
2758 2084 2933 2156 magis
2958 2085 3062 2140 sibi
3090 2085 3430 2141 detrahendo
3455 2084 3544 2139 vel
3573 2092 3764 2157 contra

2160 2176 2483 2247 praepositas
2508 2177 2919 2239 murmurando,
2946 2177 3173 2233 vulnera
3196 2176 3421 2243 faciunt,
3452 2192 3623 2249 quam
3652 2178 3766 2245 spi-

2161 2267 2344 2323 ritalia
2373 2267 2773 2324 medicamenta
2804 2278 3158 2339 componunt.
3205 2267 3314 2325 Vos
3350 2285 3493 2334 vero,
3538 2278 3760 2323 sancta:-

2161 2372 2226 2414 ac
2246 2357 2587 2414 venerabiles
2610 2357 2755 2424 filiae,
2778 2359 2823 2414 si
2846 2359 3083 2430 aliquam
3104 2360 3300 2416 videtis
3319 2358 3757 2431 pusillanimem,

2160 2453 2590 2525 consolationem
2622 2453 2921 2525 impendite
2946 2472 2960 2509 :
3000 2455 3046 2509 si
3076 2452 3503 2525 superbientem,
3526 2451 3766 2506 humili—

2161 2549 2290 2603 tatis
2319 2547 2780 2604 medicamentum
2812 2547 3107 2618 apponite:
3155 2547 3201 2602 si
3248 2546 3577 2602 iracundam
3613 2545 3765 2598 vide-

2161 2641 2304 2706 ritis,
2347 2638 2691 2712 refrigerium
2734 2641 3012 2713 patientiae
3053 2640 3383 2695 ministrate.
3446 2637 3511 2693 Si
3554 2637 3762 2693 nobiles

2160 2743 2304 2790 nata:
2332 2736 2489 2800 estis,
2523 2734 2697 2805 magis
2727 2736 2794 2790 de
2823 2728 3102 2806 religionis
3132 2733 3474 2797 humilitate,
3506 2748 3672 2803 quam
3697 2734 3761 2787 de

2161 2827 2346 2882 saeculi
2373 2827 2637 2897 dignitate
2664 2826 2914 2897 gaudete.
2960 2826 3163 2882 Tenete
3199 2822 3335 2898 erg’o
3373 2825 3621 2881 ﬁrmiter
3647 2840 3731 2880 ma

2160 2934 2263 2974 nus
2305 2918 2361 2973 in
2401 2926 2603 2981 aratro,
2649 2925 2704 2971 et
2739 2916 2907 2973 nolite
2940 2917 3212 2988 respicere
3255 2926 3430 2973 retro.
3492 2916 3760 2971 Memento

2161 3021 2213 3068 te
2243 3010 2431 3067 uxoris
2471 3010 2641 3077 Loth,
2684 3024 2804 3080 quae
2838 3018 2985 3066 retro
3029 3009 3325 3079 respiciens
3370 3024 3541 3065 versa
3584 3016 3668 3065 est
3704 3008 3755 3064 in

2160 3117 2397 3164 statuam
2448 3105 2598 3161 salis.
2662 3102 2951 3173 Nunquam
2997 3102 3375 3173 juramentum
3402 3143 3419 3167 ,
3482 3114 3755 3172 nunquam

2160 3201 2511 3258 maledictum
2556 3199 2625 3255 de
2662 3198 2893 3269 virginis
2933 3212 3029 3252 ore
3076 3196 3357 3268 procedat.
3412 3194 3540 3250 Non
3587 3194 3758 3251 solum

2156 3296 2302 3352 enim
2330 3308 2591 3364 corpora,
2632 3291 2727 3347 sed
2758 3291 2923 3346 etiam
2954 3290 3118 3344 corda
3147 3298 3329 3344 vestra
3363 3289 3520 3343 omni
3556 3286 3759 3342 sollici.

2158 3388 2344 3445 tudine
2381 3386 2681 3451 custodite,
2724 3392 2949 3457 propter
2978 3383 3109 3439 illud
3148 3384 3294 3457 quod
3325 3385 3594 3454 scriptum
3626 3390 3755 3438 est:

2159 3481 2318 3540 Omni
2365 3480 2605 3535 custodia
2652 3496 2801 3535 serva
2842 3495 2933 3533 cor
2972 3488 3120 3533 tuum
3158 3477 3346 3549 (Prov.
3375 3476 3467 3549 tv).
3519 3475 3587 3529 Et
3618 3472 3758 3528 illud

2157 3574 2302 3647 quod
2331 3572 2595 3629 Dominus
2629 3571 2688 3627 in
2717 3568 3007 3641 Evangelio
3034 3567 3212 3623 dixit:
3254 3567 3337 3622 De
3372 3566 3528 3621 corde
3562 3573 3759 3620 exeunt

2158 3667 2502 3739 cogitationes
2547 3664 2704 3721 malae
2751 3664 2969 3738 (Matth.
3012 3663 3127 3735 xv).
3179 3660 3238 3718 Si
3288 3662 3435 3717 enim
3486 3661 3545 3716 in
3593 3657 3759 3713 corde

2156 3763 2293 3819 nihil
2321 3762 2461 3819 male
2492 3762 2784 3836 cogitatur,
2825 3760 3088 3832 quidquid
3115 3765 3363 3813 sanctum
3390 3764 3515 3820 est,
3555 3769 3627 3809 ex
3663 3768 3757 3807 ore

2154 3854 2456 3927 profertur,
2493 3854 2621 3925 quia
2661 3853 2803 3910 sicut
2844 3851 3107 3923 scriptum
3143 3857 3266 3905 est:
3300 3847 3392 3903 Ex
3418 3845 3755 3901 abundantia

2157 3947 2331 4003 cordis
2359 3963 2417 4001 os
2442 3945 2678 4017 loquitur
2697 3943 2912 4017 (Matth.
2936 3946 3056 4013 xu).
3096 3940 3209 3996 Hoc
3233 3939 3381 3994 enim
3411 3938 3599 4010 lingua
3633 3950 3757 4007 pro-

2158 4038 2304 4095 ferre
2329 4037 2641 4103 consuevit,
2675 4036 2820 4107 quod
2859 4051 2927 4092 ex
2955 4033 3174 4091 ofﬁcina
3203 4032 3388 4089 cordis
3416 4029 3752 4087 conscientia

2156 4128 2571 4186 ministraverit.
2606 4127 2675 4183 Et
2700 4127 2822 4183 ideo
2850 4127 2896 4182 si
2920 4141 2988 4182 ex
3009 4139 3104 4181 ore
3124 4124 3289 4180 vultis
3309 4122 3457 4178 bona
3482 4119 3755 4194 proferre,

2158 4236 2377 4291 semper
2404 4220 2458 4275 in
2487 4218 2651 4275 corde
2680 4233 2801 4289 qua:
2841 4227 3033 4273 sancta
3070 4224 3197 4273 sunt
3227 4215 3488 4288 cogitate.
3542 4212 3640 4267 Sic
3680 4211 3755 4265 le-

2157 4312 2326 4369 ctioni
2357 4320 2412 4367 et
2441 4310 2677 4366 orationi
2705 4309 2916 4365 debetis
2946 4308 3279 4370 incumbere,
3312 4315 3376 4360 ut
3404 4314 3537 4359 ante
3566 4304 3753 4358 omnia

2156 4404 2322 4459 etiam
2358 4400 2609 4457 manibus
2642 4399 2866 4470 possitis
2894 4399 3099 4469 aliquid
3132 4410 3412 4460 exercere,
3445 4394 3751 4450 secundum

2157 4495 2290 4551 illud
2338 4495 2482 4564 quod
2527 4493 2821 4563 Apostolus
2866 4494 2978 4548 ait:
3034 4491 3138 4559 Qui
3185 4508 3289 4545 non
3333 4498 3613 4559 operatur,
3664 4502 3754 4541 nec

2156 4588 2438 4644 manducet
2467 4584 2556 4657 (11
2583 4584 2738 4641 Thes.
2768 4584 2874 4657 tu).
2927 4582 3204 4640 Meliorem
3232 4595 3449 4652 quoque
3480 4579 3593 4635 diei
3629 4593 3755 4648 par

2156 4690 2266 4737 tem
2296 4688 2487 4736 sancto
2516 4678 2669 4749 operi
2709 4678 2993 4733 dedicate:
3038 4674 3257 4731 lectioni
3286 4687 3487 4729 vacare
3520 4684 3756 4729 consue~

2152 4776 2307 4833 scite.
2363 4773 2553 4831 Oratio
2597 4782 2780 4830 vestra
2826 4774 2903 4829 ita
2944 4789 3068 4830 cum
3109 4772 3327 4829 silentio
3370 4771 3643 4842 procedat
3689 4784 3757 4824 ex

2152 4869 2336 4935 corde,
2353 4877 2413 4924 ut
2429 4868 2519 4923 vix
2544 4868 2796 4924 audiatur
2816 4868 2869 4922 in
2890 4881 3005 4923 ore.
3030 4864 3166 4922 Nam
3188 4865 3281 4937 qui
3303 4863 3411 4919 alta
3429 4877 3570 4918 voce
3583 4875 3759 4916 orare

2151 4960 2415 5026 voluerit,
2456 4970 2513 5015 et
2545 4959 2682 5025 sibi,
2727 4969 2783 5014 et
2810 4958 2966 5014 alteri
2996 4958 3225 5013 multum
3255 4964 3450 5020 nocet,
3486 4955 3612 5010 dum
3648 4968 3761 5024 per

2153 5069 2307 5109 suam
2335 5051 2709 5124 garrulitatem
2734 5050 2956 5106 alterius
2984 5059 3223 5106 mentem
3252 5048 3322 5104 ab
3344 5048 3593 5103 oratione
3627 5061 3761 5102 san-

2151 5155 2239 5201 cta
2269 5152 2323 5200 et
2353 5153 2567 5200 secreta
2593 5143 2894 5215 suspendit.
2926 5143 3195 5215 Pomposa
3223 5143 3542 5198 indumenta
3562 5182 3578 5206 ,
3623 5156 3760 5211 qua

2151 5253 2258 5293 non
2288 5236 2544 5301 utilitati,
2589 5237 2685 5292 sed
2720 5236 2945 5290 vanitati
2982 5236 3256 5303 serviunt,
3302 5234 3543 5291 fastidite
3579 5244 3761 5305 atque

2151 5328 2335 5384 omnia
2372 5329 2726 5384 contemnite.
2784 5327 2964 5385 Multa:
3012 5330 3159 5385 enim
3209 5328 3352 5400 quod
3398 5328 3453 5383 in
3498 5327 3760 5383 moribus

2153 5420 2402 5491 diligunt,
2428 5422 2532 5477 hoc
2559 5422 2724 5477 etiam
2752 5421 2808 5476 in
2835 5422 3092 5492 operibus
3124 5424 3239 5478 suis
3266 5422 3581 5485 ostendunt,
3602 5436 3761 5491 prte-

2149 5522 2347 5584 parant
2387 5513 2491 5569 sibi
2535 5522 2854 5569 ornamenta
2892 5515 3175 5571 satcularia
3218 5514 3473 5571 saeculum
3516 5513 3761 5585 diligen-

2150 5615 2256 5671 tes,
2289 5615 2343 5661 et
2370 5606 2634 5676 voluptati
2666 5608 2970 5663 servientes
2998 5607 3082 5663 vel
3116 5608 3362 5663 luxuriat.
3419 5605 3582 5662 Vobis
3612 5622 3761 5662 vero

2151 5697 2285 5753 nihil
2329 5699 2401 5754 sit
2442 5714 2731 5756 commune
2772 5716 2896 5757 cum
2944 5700 3161 5767 talibus,
3215 5701 3310 5757 sed
3354 5700 3536 5756 omnia
3577 5713 3763 5753 orna-

2151 5801 2352 5859 menta,
2390 5794 2586 5863 quibus
2615 5795 2683 5848 ad
2730 5794 3001 5849 luxuriant
3035 5810 3165 5851 caro
3194 5794 3557 5867 componitur,
3588 5791 3766 5848 velut

2148 5882 2369 5943 inimica
2395 5892 2453 5944 et
2480 5888 2754 5945 contraria
2795 5902 2825 5943 α
2855 5896 3041 5948 vestro
3067 5888 3347 5961 proposito
3390 5892 3759 5961 respuantur.
