4000 6470
284 383 417 464 οων

764 391 1048 454 REGULA
1087 383 1726 450 SANCTIIONIALIUM
1762 386 1854 445 AB
1888 383 2246 446 AMALARIO
2281 382 2665 445 COLLECTA.
2705 415 2779 430 —
2814 383 2948 443 LIB.
2986 383 3053 444 ιι.

2610 300 2630 326 τ

3440 387 3550 445 9M

281 517 422 577 Sunt
447 514 618 581 enim,
643 507 786 583 quod
813 509 968 582 pejus
1003 516 1110 575 est,
1139 520 1261 578 quae
1285 519 1388 577 pro
1410 504 1650 560 vanitate
1676 501 1860 558 seculi
1887 504 1941 566 Α
1963 500 2093 557 Jesu
2116 499 2354 567 Christo,
2379 501 2473 572 qui
2495 500 2632 557 vivit
2673 507 2728 556 et
2757 509 2950 570 regnat
2993 501 3049 557 in
3078 501 3292 560 saecula
3320 501 3545 560 stmulo-

279 611 434 670 istius
445 607 568 680 plus
589 603 810 661 student
823 601 1051 658 terrenis
1073 595 1458 671 cupiditatibus
1469 609 1691 666 operam
1707 596 1858 661 dare,

278 717 440 775 quam
474 697 691 755 lectioni
731 695 923 750 divinae
952 693 1201 764 justitize,
1231 694 1358 747 dum
1392 690 1580 745 volunt
1622 688 1856 761 stragula

275 778 526 864 pulchra,
551 799 605 846 et
632 788 776 860 picta
825 786 1044 857 tapetia,
1075 783 1337 855 plumaria
1371 782 1535 838 etiam
1564 789 1620 836 et
1651 781 1858 851 reliqua

276 884 361 940 his
402 882 630 948 similia,
677 896 801 936 cum
840 878 1046 950 ingenti
1084 885 1298 946 sumptu
1344 883 1399 931 et
1445 871 1713 944 superflua
1757 889 1856 928 ex-

273 993 457 1048 pensa,
488 977 554 1030 ad
582 973 858 1030 oculorum
887 971 1164 1026 libidinem
1191 981 1522 1040 praeparare,
1549 965 1858 1021 nescientes

274 1067 404 1124 illud
432 1065 578 1138 quod
609 1066 865 1121 Dominus
897 1079 994 1135 per
1017 1061 1279 1117 Joannem
1322 1057 1721 1129 Evangelistam
1747 1057 1856 1111 cla-

273 1167 405 1222 mat,
434 1165 491 1212 et
516 1156 682 1212 dicit:
718 1153 898 1209 Nolite
917 1153 1132 1225 diligere
1161 1151 1436 1215 mundum,
1461 1165 1623 1219 neque
1647 1165 1709 1202 ea
1738 1163 1856 1219 quae

271 1253 325 1307 in
367 1250 562 1305 mundo
604 1259 759 1315 sunt;
787 1249 1035 1321 quoniam
1065 1263 1216 1301 omne
1251 1243 1391 1316 quod
1430 1245 1486 1298 in
1531 1241 1730 1296 mundo
1755 1251 1853 1308 est,

269 1342 690 1411 concupiscentia
724 1341 920 1402 carnis,
951 1349 1000 1393 et
1037 1337 1458 1404 concupiscentia
1481 1334 1776 1398 oculorum,
1805 1342 1855 1388 et

270 1433 484 1487 ambitio
511 1431 694 1486 siccati
720 1441 796 1485 est
828 1429 913 1502 (Il
939 1429 1102 1484 Joan.
1128 1430 1211 1500 ιι).
1241 1425 1382 1493 Quid
1408 1425 1631 1495 prodest
1657 1424 1855 1495 virgini

269 1524 632 1595 integritatem
665 1523 910 1594 corporis
951 1521 1248 1586 custodire,
1274 1520 1321 1575 si
1347 1518 1627 1574 oculorum
1656 1533 1857 1573 concu-

265 1618 556 1687 piscentias
582 1615 815 1672 noluerit
843 1615 1082 1670 evitare?
1113 1612 1220 1669 Vos
1248 1627 1400 1678 vero,
1438 1619 1641 1666 sanctae
1663 1619 1718 1666 et
1743 1609 1855 1668 Deo

263 1708 440 1781 digna:
475 1710 701 1776 animae,
748 1717 920 1765 totum
971 1707 1291 1778 spiritaliter
1334 1706 1497 1776 agite.
1551 1705 1854 1776 Sequimini

263 1801 542 1858 Christum
583 1802 814 1858 tenendo
841 1810 1254 1873 perseveranter
1293 1799 1439 1872 quod
1482 1799 1730 1855 voluistis
1764 1815 1853 1854 ar-

1962 610 2105 652 rum.
2133 594 2322 652 Amen.

2573 687 2802 745 CAPUT
2843 687 2929 743 Vl.

2033 782 2128 854 (S.
2174 782 2456 837 Athanasii
2503 781 2573 836 ad
2622 799 2840 852 sponsas
2889 779 3129 852 Christi.)
3161 792 3186 822 ι
3229 779 3442 848 Quanta
3491 781 3546 837 in

1960 876 2274 932 cmlestibus
2305 877 2696 932 beatitudinem
2721 877 3002 946 virginitas
3030 884 3212 931 sancta
3250 875 3542 945 possideat,

1958 979 2160 1042 praeter
2220 969 2627 1041 Scripturarum
2688 969 3026 1034 testimonia,
3075 966 3334 1022 Ecclesiae
3380 966 3544 1022 etiam

1959 1062 2353 1118 consuetudine
2403 1062 2715 1126 edocemur,
2765 1076 2868 1130 qua
2909 1059 3235 1115 addiscimus
3271 1058 3544 1129 peculiare

1957 1154 2035 1210 illi
2075 1154 2373 1211 subsistere
2418 1154 2701 1218 meritum,
2747 1152 2900 1222 cujus
2939 1151 3190 1223 specialis
3224 1159 3308 1206 est
3346 1164 3542 1205 conse-

1957 1247 2148 1301 cratio.
2181 1244 2317 1299 Nam
2359 1259 2480 1299 cum
2521 1244 2770 1300 universa
2819 1243 2976 1298 turba
3021 1244 3357 1298 credentium
3391 1241 3543 1313 paria

1956 1341 2145 1411 gratiae
2173 1339 2312 1394 dona
2361 1339 2644 1410 percipiat,
2691 1347 2747 1394 et
2782 1339 2971 1394 iisdem
3002 1353 3192 1393 omnes
3235 1351 3544 1392 sacramen-

1958 1440 2138 1488 torum
2171 1431 2639 1487 benedictionibus
2670 1431 2990 1502 glorientur,
3022 1431 3125 1485 ista
3163 1429 3228 1484 ad
3264 1428 3544 1498 proprium

1957 1523 2160 1594 aliquid
2202 1540 2313 1595 prae
2357 1525 2567 1579 ueteris
2618 1523 2959 1588 habendum,
3004 1523 3072 1580 de
3119 1522 3210 1578 illo
3255 1528 3444 1576 sancto
3489 1525 3544 1572 et

1957 1615 2303 1672 immaculato
2332 1615 2588 1672 Ecclesiae
2614 1631 2792 1687 grege,
2827 1615 2983 1686 quasi
3010 1615 3330 1678 sanctiores,
3361 1611 3546 1682 purio—

1958 1723 2154 1779 resque
2187 1709 2398 1774 hostire,
2437 1718 2492 1765 et
2515 1723 2613 1779 pro
2646 1708 2940 1764 voluntatis
2969 1724 3081 1764 sua:
3108 1707 3318 1764 meritis
3357 1722 3388 1760 a
3418 1721 3545 1761 san-

1956 1810 2044 1858 cto
2083 1801 2286 1872 Spiritu
2332 1802 2626 1873 eliguntur,
2658 1810 2713 1857 et
2759 1817 2856 1872 per
2886 1817 3159 1857 summum
3205 1799 3545 1856 sacerdotem

260 1893 474 1950 denter.
501 1893 702 1950 lterum
745 1903 908 1964 atque
938 1894 1159 1960 iterum,
1192 1901 1394 1950 sancta:
1423 1901 1477 1948 et
1519 1892 1630 1948 Deo
1659 1893 1852 1949 dicata:
1878 1891 1926 1952 B
1954 1892 2050 1949 Dei
2084 1892 2384 1948 offeruntur
2424 1893 2637 1949 altario.
2686 1893 2934 1948 Possidet
2977 1909 3108 1964 ergo
3155 1893 3458 1964 virginitas,
3489 1898 3548 1947 et

259 1988 484 2052 animae,
528 2002 682 2059 rogo,
712 1996 769 2042 et
807 2001 930 2043 cum
961 1987 1109 2042 omni
1153 1985 1456 2042 humilitate
1494 2000 1594 2056 pro
1632 2000 1854 2041 conser-

256 2081 439 2136 vando
468 2081 798 2152 virginitatis
827 2081 1051 2152 praemio
1080 2080 1366 2135 consilium
1399 2079 1486 2145 do,
1521 2086 1581 2131 ut
1617 2077 1854 2132 familia-

258 2171 481 2226 ritatem
509 2171 861 2242 incongruam
884 2187 914 2226 a
939 2171 1094 2227 vobis
1120 2169 1255 2224 vela
1278 2169 1475 2225 vestris
1502 2169 1700 2223 animis
1723 2167 1852 2224 totis

257 2264 467 2321 viribus
513 2263 773 2334 repellere
823 2263 1098 2319 laboretis.
1144 2261 1279 2316 Nam
1325 2262 1392 2316 ad
1420 2259 1852 2316 conservandam

259 2365 466 2414 sancta:
493 2356 768 2429 religionis
795 2356 1113 2427 dignitatem
1151 2353 1504 2424 singularitas
1537 2353 1691 2409 testis
1728 2367 1852 2406 san-

259 2450 506 2506 ctissima
549 2458 649 2506 est.
697 2448 1065 2504 Familiaritas
1117 2449 1265 2503 enim
1321 2445 1612 2518 cujuslibet
1653 2446 1700 2500 si
1745 2444 1854 2500 fre-

259 2560 432 2615 quens
458 2559 578 2600 esse
605 2544 852 2616 coeperit,
881 2557 989 2598 non
1027 2542 1133 2597 nisi
1162 2540 1567 2610 corruptionem
1595 2539 1848 2606 seminat,

260 2638 392 2693 vitia
421 2636 666 2707 pullulat,
696 2636 974 2693 libidinem
1011 2634 1273 2704 concipit,
1299 2631 1651 2705 ignominiam
1682 2631 1850 2701 parit,

260 2730 470 2788 rabiem
504 2731 761 2796 concitat,
808 2729 1085 2786 lasciviam
1134 2729 1331 2800 pascit,
1365 2726 1721 2798 petulantiam
1753 2741 1842 2779 nu-

262 2824 396 2891 trit,
438 2839 598 2880 casus
655 2823 888 2889 exaltat,
937 2823 1125 2878 ruinas
1169 2821 1432 2888 aedificat,
1475 2818 1852 2876 confusionem

262 2929 558 2986 mercatur,
598 2919 931 2974 thesaurizat
985 2917 1370 2989 opprobrium,
1439 2914 1852 2972 criminationes

257 3023 575 3087 exaggerat,
619 3013 998 3070 excusationes
1051 3009 1385 3076 inflammat,
1435 3016 1490 3064 et
1533 3006 1851 3064 catervatin

255 3105 423 3164 simul
451 3107 506 3162 in
534 3103 736 3163 fascem
773 3105 1158 3176 conglomerat.
1188 3101 1324 3156 Nam
1371 3100 1417 3156 si
1449 3100 1628 3155 anima
1660 3105 1851 3154 sancta

256 3209 530 3258 secretum
557 3215 716 3256 suum
753 3197 1028 3256 custodire
1062 3195 1311 3260 voluerit,
1343 3204 1400 3250 et
1428 3193 1661 3250 assiduae
1690 3192 1848 3247 fami-

254 3293 512 3350 liaritatis
561 3291 762 3348 malum
810 3299 922 3347 tota
977 3289 1143 3344 animi
1189 3289 1394 3343 virtute
1445 3285 1679 3358 fugerit,
1730 3263 1919 3355 ipsaC

254 3395 445 3443 sancta
469 3384 815 3457 singularitas
839 3381 1115 3437 munimen
1143 3379 1216 3434 illi
1244 3379 1502 3434 invictum
1531 3385 1616 3432 est
1645 3377 1846 3431 sancti-

252 3477 477 3540 moniaa,
503 3473 833 3546 expugnatio
864 3471 1018 3526 fortis
1060 3468 1315 3534 infamiae,
1364 3467 1686 3522 exercitium
1721 3481 1852 3522 con-

253 3569 524 3633 tinentize,
555 3564 837 3622 evacuatio
885 3561 1134 3626 luxuriat,
1174 3577 1280 3632 pax
1323 3575 1515 3616 secura
1560 3559 1846 3624 virtutum,

253 3669 314 3716 et
351 3657 684 3729 impugnatio
719 3655 957 3727 inquieta
1003 3653 1266 3708 bellorum
1289 3694 1302 3718 ,
1346 3652 1600 3722 puritatis
1638 3651 1851 3708 culmen

254 3759 317 3807 et
343 3749 586 3804 libidinis
613 3761 824 3812 carcer,
862 3745 1162 3802 honestatis
1207 3752 1398 3815 portus
1440 3752 1495 3800 et
1538 3743 1850 3814 ignominiae

253 3839 636 3911 naufragium,
679 3837 1007 3909 virginitatis
1044 3844 1220 3891 mater
1257 3846 1312 3890 et
1353 3836 1525 3890 hostis
1560 3835 1852 3892 immundi-

251 3933 373 3998 tiae,
405 3930 734 4004 integritatis
763 3930 996 4000 dignitas
1039 3936 1094 3984 et
1136 3927 1510 3983 fornicationis
1557 3927 1847 3994 abdicatio,

251 4021 511 4080 voluntas
540 4021 803 4077 bonorum
843 4035 1070 4090 operum
1115 4028 1170 4076 et
1204 4019 1422 4076 aﬂlictio
1453 4020 1732 4086 vitiorum,
1763 4037 1850 4077 re-

250 4115 540 4188 frigerium
586 4113 860 4185 pudicitia:
889 4121 943 4168 et
988 4127 1149 4184 pmna
1181 4113 1518 4184 petulantiae,
1561 4113 1850 4182 acquisitio

250 4205 655 4276 triumphorum
705 4212 760 4259 et
812 4203 1113 4259 facinorum
1166 4204 1588 4269 detrimentum,
1630 4205 1849 4274 requies

251 4297 450 4356 salutis
477 4305 533 4352 et
579 4295 900 4367 perditionis
948 4295 1219 4359 exsilium,
1251 4295 1361 4348 vita
1392 4295 1619 4364 spiritus
1646 4302 1701 4348 et
1729 4310 1851 4349 car-

249 4395 346 4449 nis
375 4391 646 4448 interitus.
697 4388 824 4445 Haec
867 4389 1050 4444 omnia
1093 4387 1236 4444 mala
1279 4387 1509 4452 fortiter,
1542 4387 1652 4442 Deo
1692 4387 1848 4458 adju-

249 4491 443 4550 vante,
477 4480 825 4554 repellentur,
873 4490 928 4536 et
973 4479 1063 4535 illa
1106 4495 1227 4550 qua:
1273 4479 1507 4536 diximus
1551 4479 1691 4536 bona
1728 4479 1848 4536 feli-

249 4577 396 4633 citer
439 4574 809 4646 acquirentur,
847 4573 893 4628 si
942 4573 1011 4628 ab
1041 4573 1326 4631 animabus
1365 4574 1570 4630 sanctis
1617 4572 1850 4630 familia-

1952 1986 2096 2056 quod
2143 1985 2235 2040 alii
2288 1986 2520 2051 habent,
2561 1995 2616 2040 et
2661 1987 2806 2056 quod
2845 1985 2934 2041 alii
2986 2000 3092 2040 non
3129 1985 3367 2050 habent,
3415 1985 3544 2040 dum

1952 2093 2318 2143 communem,
2346 2087 2401 2133 et
2429 2078 2758 2149 peculiarem
2789 2079 2999 2133 obtinet
3045 2079 3298 2150 gratiam,
3335 2085 3390 2133 et
3417 2092 3545 2148 pro-

1951 2173 2094 2243 prio,
2125 2180 2186 2226 ut
2231 2172 2308 2226 ita
2339 2173 2595 2238 dixerim,
2629 2172 3060 2228 consecrationis
3088 2169 3370 2243 privilegio
3412 2187 3545 2243 gau-

1952 2265 2061 2320 det.
2092 2263 2228 2320 Nam
2258 2275 2314 2320 et
2343 2264 2549 2320 Christi
2596 2281 2828 2337 sponsas
2861 2265 3102 2337 virgines
3146 2266 3328 2322 dicere
3371 2265 3547 2323 eccle-

1952 2355 2172 2412 siastica
2210 2355 2365 2412 nobis
2407 2356 2675 2426 permittit
2713 2357 3036 2421 auctoritas,
3067 2355 3194 2410 dum
3225 2355 3281 2409 in
3320 2370 3546 2426 sponsa-

1951 2464 2074 2504 rum
2117 2449 2336 2504 modum
2381 2463 2516 2519 quas
2561 2456 2846 2504 consecrat
2887 2448 3115 2503 Domino
3153 2447 3328 2513 velat,
3359 2455 3542 2503 osten-

1953 2541 2087 2597 dens
2109 2555 2204 2596 eas
2232 2539 2319 2594 vel
2346 2540 2584 2594 maxime
2605 2539 2890 2595 habituras
2917 2537 3163 2609 spiritale
3188 2538 3539 2606 connubium,

1951 2649 2072 2704 qum
2119 2633 2549 2705 subterfugerint
2603 2632 2822 2688 carnale
2876 2634 3230 2688 consortium.
3271 2633 3338 2688 Et
3382 2634 3542 2705 digne

1951 2727 2064 2784 Deo
2101 2743 2200 2798 per
2225 2728 2560 2784 matrimonii
2587 2729 3053 2798 comparationem
3101 2728 3419 2799 spiritaliter
3453 2745 3546 2786 co-

1951 2822 2230 2892 pulantur,
2261 2837 2379 2892 qua:
2425 2819 2544 2889 ejus'
2580 2821 2885 2876 dilectionis
2927 2835 3093 2877 causa
3142 2822 3378 2877 humana
3419 2837 3544 2878 con-

1952 2912 2115 2967 nubia
2142 2921 2481 2984 spreverunt.
2513 2912 2572 2968 In
2600 2912 2686 2968 his
2713 2928 2876 2982 quam
2917 2913 3154 2968 maxime
3182 2913 3316 2967 illud
3354 2913 3542 2984 imple-

1951 3013 2040 3060 tur
2064 3003 2304 3074 Apostoli
2331 3023 2343 3057 :
2375 3003 2479 3069 Qui
2512 3014 2688 3058 autem
2725 3003 2961 3057 adhteret
2989 3001 3237 3066 Domino,
3269 3019 3406 3057 unus
3441 3001 3544 3073 spi-

1952 3097 2084 3149 ritus
2119 3104 2194 3149 est
2232 3093 2319 3164 (II
2357 3092 2481 3148 Cor.
2509 3093 2606 3166 vi).
2651 3094 2719 3149 Et
2761 3095 3015 3165 quoniam
3061 3094 3230 3150 multa
3261 3102 3386 3150 sunt
3424 3109 3544 3165 qua:

1950 3190 2095 3244 bono
2138 3188 2358 3259 proprio
2393 3194 2603 3252 carent,
2650 3187 2755 3242 nisi
2805 3187 3036 3242 aliarum
3078 3202 3261 3242 rerum
3285 3185 3546 3257 juventur

1951 3280 2172 3346 auxilio,
2203 3281 2462 3335 attentius
2506 3279 2910 3350 praevidendum
2939 3288 3023 3336 est
3061 3295 3129 3336 ne
3172 3279 3312 3336 forte
3345 3289 3402 3336 et
3438 3282 3546 3336 vir-

1951 3374 2160 3446 ginitati
2193 3371 2372 3442 aliqua
2420 3372 2528 3426 sint
2573 3371 2907 3437 necessaria,
2951 3371 3068 3426 sine
3110 3371 3306 3440 quibus
3335 3386 3541 3440 nequa-

1952 3482 2114 3537 quam
2148 3464 2385 3521 fructum
2412 3463 2609 3520 aﬂerre
2644 3462 2877 3520 sufﬁciat
2903 3481 2916 3517 :
2947 3472 3003 3518 et
3030 3472 3214 3520 tantus
3254 3463 3391 3519 nihil
3424 3479 3546 3536 pro-

1953 3557 2094 3613 derit
2132 3556 2307 3624 labor,
2342 3556 2471 3612 dum
2508 3571 2646 3612 vane
2671 3547 2933 3626 prodesse
2960 3553 3225 3618 creditur,
3252 3555 3394 3624 quod
3423 3555 3545 3610 abs-

1952 3665 2058 3723 que
2106 3651 2270 3706 rebus
2327 3649 2652 3705 necessariis
2704 3648 3034 3720 possidetur.
3074 3646 3358 3702 [Eternam
3410 3662 3541 3707 vero

1951 3743 2118 3799 vitam
2145 3759 2252 3798 non
2280 3742 2383 3798 nisi
2418 3758 2515 3812 per
2549 3757 2763 3797 omnem
2795 3741 3107 3796 divinorum
3139 3747 3535 3812 praeceptorum

1953 3835 2248 3892 custodiam
2297 3835 2598 3906 promereri
2636 3849 2795 3906 posse
2852 3832 3135 3904 Scriptura
3189 3841 3436 3890 testatur.
3481 3831 3541 3890 Si

1951 3930 2048 3994 vis,
2078 3927 2271 3998 inquit,
2297 3927 2367 3981 ad
2397 3928 2553 3982 vitam
2588 3927 2812 3998 ingredi,
2837 3944 2984 3981 serva
3024 3927 3280 3981 mandata
3319 3925 3539 3998 (Matth.

1949 4021 2088 4090 xu).
2120 4016 2301 4073 Vitam
2329 4034 2460 4088 ergo
2491 4033 2599 4073 non
2638 4019 2824 4084 habet,
2851 4018 2959 4074 nisi
2999 4017 3092 4088 qui
3128 4017 3260 4089 legis
3289 4019 3544 4073 mandata

1951 4111 2293 4178 servaverit;
2336 4120 2392 4166 et
2436 4112 2530 4182 qui
2579 4112 2746 4166 vitam
2805 4126 2914 4166 non
2972 4108 3254 4177 habuerit,
3306 4109 3544 4166 coelestia

1951 4207 2102 4277 regni
2145 4221 2252 4260 non
2297 4213 2478 4276 potest
2525 4221 2645 4260 esse
2691 4219 2994 4275 possessor.
3032 4206 3175 4276 Ergo
3217 4206 3537 4275 pudicitiam

1951 4299 2427 4370 integritatemque
2477 4296 2842 4364 servantibus,
2890 4306 2946 4352 et
2979 4297 3098 4368 ejus
3148 4297 3544 4353 remuneratio-

1951 4407 2078 4447 nem
2113 4405 2144 4445 a
2183 4391 2278 4446 Dei
2320 4391 2575 4461 :equitate
2614 4391 2980 4462 sperantibus,
3015 4399 3140 4445 ante
3172 4390 3353 4444 omnia
3392 4404 3539 4444 man-

1953 4485 2202 4541 datorum
2251 4492 2378 4538 sunt
2439 4481 2788 4538 custodienda
2838 4489 3131 4553 praecepta,
3181 4496 3248 4536 ne
3295 4480 3544 4552 gloriosa:

1953 4578 2221 4635 castitatis
2248 4586 2304 4634 et
2331 4577 2678 4634 continentiae
2707 4576 2860 4632 labor
2891 4577 2946 4631 in
2983 4576 3198 4631 irritum
3224 4575 3536 4631 deducatur.

250 4673 395 4727 ritas
429 4669 736 4725 inordinata
784 4677 1088 4738 respuatur.
1119 4668 1396 4725 Attendite
1435 4666 1558 4734 vos,
1587 4683 1620 4724 ο
1653 4669 1849 4726 anima:
1873 4636 1926 4697 D
1951 4670 2188 4742 Cupiens
2231 4670 2476 4725 divinum
2536 4669 2762 4742 implere
2811 4670 3130 4736 consilium,
3181 4677 3308 4724 ante
3358 4668 3541 4724 omnia

249 4771 486 4828 sanctae,
531 4761 658 4832 quia
701 4761 844 4816 inter
871 4760 1056 4816 omnia
1102 4762 1424 4828 certamina,
1471 4763 1669 4833 quibus
1702 4779 1848 4820 sem-

246 4869 361 4926 per
411 4869 594 4913 comes
647 4862 731 4911 est
797 4851 1104 4909 Christiana
1168 4855 1397 4921 militia,
1447 4857 1562 4912 sola
1627 4858 1846 4912 duriora

247 4954 392 5002 sunt
429 4946 612 5018 praelia
654 4945 941 5008 castitatis,
976 4945 1067 5001 ubi
1105 4947 1416 5017 quotidiana
1454 4964 1634 5018 pugna
1673 4957 1758 5003 est
1793 4955 1848 5002 et

248 5053 390 5095 rara
427 5039 677 5094 victoria.
715 5037 996 5094 Castitatis
1033 5041 1168 5093 dura
1205 5047 1331 5094 sunt
1368 5039 1572 5110 przelia,
1600 5040 1694 5095 sed
1733 5055 1847 5096 ma-

247 5133 387 5204 jora
434 5141 561 5189 sunt
608 5133 848 5205 prtemia.
889 5131 1170 5188 Castitatis
1216 5132 1454 5204 palmam
1494 5149 1655 5189 nemo
1693 5148 1848 5190 secu-

253 5240 366 5282 rus
413 5224 643 5296 accipit,
685 5224 772 5280 cui
812 5233 1074 5295 quantum
1113 5223 1233 5278 duri
1283 5232 1410 5279 sunt
1466 5225 1671 5290 exitus,
1726 5234 1848 5280 tan-

253 5325 384 5374 tum
424 5315 644 5389 gloriosi
682 5326 806 5373 sunt
844 5315 1072 5372 fructus.
1115 5314 1189 5372 Ut
1237 5331 1366 5388 ergo
1404 5316 1670 5372 castitatis
1707 5333 1849 5388 prte-

249 5411 398 5478 mia,
426 5420 482 5468 et
518 5412 844 5483 virginitatis
873 5426 1128 5468 coronam
1162 5409 1411 5474 feliciter,
1447 5411 1560 5466 Deo
1599 5427 1851 5467 remune-

254 5514 450 5571 rante,
489 5505 709 5577 possitis
735 5520 1004 5575 accnpere,
1036 5503 1395 5574 periculosam
1425 5502 1852 5561 familiaritatem

256 5614 298 5654 a
329 5598 484 5654 vobis
510 5613 724 5670 semper
763 5596 1050 5653 excludite.
1085 5595 1301 5653 Currite
1332 5594 1584 5662 fideliter,
1629 5605 1691 5652 ut
1729 5613 1854 5668 pos-

255 5691 392 5750 sitis
437 5693 723 5765 pervenire
770 5691 1022 5757 feliciter,
1065 5689 1352 5761 adjuvante
1401 5689 1630 5748 Domino
1663 5700 1852 5750 nostro

1949 4780 2108 4821 serva
2149 4763 2462 4820 mandatum
2490 4782 2502 4816 :
2536 4763 2723 4820 volens
2751 4764 3079 4835 virginitatis
3105 4764 3387 4833 praemium
3414 4776 3543 4816 con—

1948 4857 2126 4926 sequi,
2164 4855 2289 4910 vitae
2336 4855 2663 4924 amplectere
2705 4857 2922 4920 merita,
2962 4863 3020 4907 ut
3061 4855 3130 4908 sit
3167 4853 3321 4921 cujus
3360 4869 3541 4907 remu-

1947 4949 2131 5006 nerari
2167 4949 2392 5004 castitas
2421 4949 2613 5017 possit.
2644 4946 2780 5002 Nam
2809 4955 2867 5000 ut
2901 4945 3069 5000 vitam
3105 4954 3328 5018 przestat
3356 4946 3542 4999 obser-

1948 5041 2097 5094 vatio
2135 5040 2535 5104 mandatorum,
2584 5038 2660 5094 ita
2700 5053 2887 5094 eorum
2930 5054 2961 5094 e
2991 5039 3267 5094 contrario
3312 5045 3542 5108 generat

1951 5135 2327 5206 praevaricatio
2370 5144 2619 5191 mortem.
2668 5135 2734 5191 Et
2766 5136 2858 5208 qui
2904 5153 3002 5208 per
3044 5133 3544 5206 praevaricationem

1955 5230 2011 5285 in
2052 5237 2226 5285 morte
2265 5229 2447 5297 fuerit,
2479 5231 2808 5304 virginitatis
2857 5245 3115 5286 coronam
3160 5242 3381 5299 sperare
3427 5242 3536 5281 non

1952 5323 2173 5394 poterit,
2206 5322 2380 5395 neque
2409 5325 2679 5396 pudicitize
2719 5325 3001 5394 praemium
3046 5331 3368 5394 exspectare
3411 5336 3541 5376 con-

1955 5416 2180 5472 stitutus
2220 5417 2274 5472 in
2312 5432 2494 5488 paena.
2528 5417 2662 5474 Nolo
2693 5417 2836 5471 enim
2863 5424 3021 5486 putes
3058 5415 3113 5470 in
3155 5415 3259 5469 hoc
3292 5421 3546 5469 constare

1949 5512 2218 5584 justitiam
2243 5524 2303 5571 ut
2338 5515 2536 5570 malum
2581 5528 2688 5568 non
2730 5513 2922 5578 facias,
2956 5528 3079 5568 cum
3119 5520 3175 5567 et
3203 5510 3405 5568 bonum
3433 5525 3544 5566 non

1951 5605 2136 5663 facere
2169 5607 2372 5664 malum
2411 5608 2502 5672 sit,
2529 5615 2583 5661 et
2615 5606 2666 5660 in
2713 5615 2943 5676 utroque
2993 5603 3129 5677 legis
3164 5602 3544 5675 praevaricatio

1952 5700 2347 5765 committatur,
2389 5697 2648 5770 quoniam
2688 5695 2780 5768 qui
2833 5695 3016 5752 dixit:
3065 5693 3263 5750 Recede
3305 5712 3337 5748 a
3379 5691 3540 5759 malo,

342 5845 373 5906 εξ
390 5831 535 5906 Haec
589 5830 882 5906 paraenesis
920 5827 1106 5906 _mult_o
1151 5827 1412 5906 integrior
1431 5827 1595 5906 ,edita
1659 5827 1716 5888 in
1781 5830 2078 5905 appendice
2114 5829 2332 5891 Codicis
2373 5827 2736 5904 Regularum,
2766 5843 2891 5904 pag.
2936 5827 2991 5897 9,
3021 5825 3152 5886 edit.
3203 5825 3360 5883 Rom.
3410 5838 3538 5879 ann.

256 5901 431 5970 1661,
452 5899 623 5974 opera
652 5901 812 5959 Lucae
837 5899 1100 5960 Holstenii
