4000 6460
490 566 803 633 recesseris,
831 571 886 619 et
924 578 1032 618 non
1077 561 1274 617 feceris
1317 562 1541 625 bonum,
1576 568 1945 630 transgressor
1985 555 2064 610 le-

488 662 591 736 gis,
622 674 743 730 quae
775 672 885 713 non
924 662 1133 711 tantum
1159 655 1215 710 in
1241 653 1505 711 malorum
1534 662 1751 708 actuum
1779 651 2063 707 abomina-

488 753 656 816 tione,
694 750 791 809 sed
835 748 999 804 etiam
1047 747 1105 802 in
1150 746 1414 803 bonorum
1458 759 1685 816 operum
1733 742 2065 815 perfectione

489 844 808 915 completur.
840 840 977 897 Note
1011 840 1156 896 enim
1190 839 1287 895 tibi
1323 839 1378 896 in
1412 839 1517 895 hoc
1548 837 1861 902 blandiaris,
1893 838 1938 893 si
1966 837 2067 895 ali-

490 953 599 1009 qua
627 952 736 992 non
773 934 990 999 ieceris,
1016 947 1140 988 cum
1174 932 1438 1003 scriptum
1473 931 1546 986 sit
1580 950 1591 964 -
1625 929 1733 996 Qui
1768 929 2065 987 universam

493 1031 657 1103 legent
699 1026 1013 1091 servaverit,
1046 1024 1279 1095 offendat
1316 1033 1492 1079 autem
1529 1024 1585 1080 in
1613 1040 1741 1088 uno,
1774 1022 1947 1093 factus
1991 1032 2066 1078 est

494 1123 725 1179 omnium
765 1138 884 1177 reus
926 1118 1116 1192 (Iacob
1143 1116 1227 1189 tt).
1265 1116 1435 1172 Adam
1474 1116 1619 1171 enim
1662 1116 1827 1173 semel
1874 1130 2067 1186 pecca-

492 1217 591 1281 vit,
616 1225 673 1273 et
698 1223 942 1270 mortuus
968 1220 1075 1277 est,
1107 1218 1162 1267 et
1202 1220 1260 1267 tu
1286 1219 1340 1265 te
1367 1209 1550 1265 vivere
1579 1224 1737 1279 posse
1766 1208 2066 1273 existimas,

493 1308 625 1364 illud
649 1321 789 1376 saepe
814 1304 1171 1363 committens.
1201 1302 1344 1372 quod
1375 1301 1559 1366 alium,
1587 1302 1714 1357 dum
1741 1300 1907 1356 semel
1942 1314 2068 1368 per-

1504 336 2742 417 smmmsrmmlm
2896 342 2901 345 '

468 458 605 551 ipse
634 474 803 540 dixit,
837 480 891 527 et
922 470 1021 543 fac
1061 471 1252 527 bam
1289 468 1463 542 (Psal.
1485 466 1713 541 XIII“).
1746 466 1807 523 Si
1849 480 1883 522 ιι
1920 466 2064 522 malo
2091 465 2145 530 Δ
2167 464 2516 534 quinamcnto
2540 471 2725 536 caput,
2744 461 2879 535 quia
2903 462 3111 527 crimen
3134 469 3243 530 est,
3269 464 3402 527 illud
3424 479 3549 543 pm
3572 472 3775 543 claris.

2159 558 2324 617 matis
2376 558 2899 625 sanctiﬁcationem.
2944 558 3233 629 cujuslibet
3284 561 3548 633 pigmenti
3600 564 3768 639 ﬁsco.

2158 651 2246 706 vel
2274 650 2494 721 pulvere
2514 649 2805 716 sordidari,
2830 656 2925 713 aut
2947 665 3102 717 auro,
3128 651 3213 707 vel
3234 654 3483 723 gemmis,
3510 656 3595 713 rel
3620 674 3765 731 qua.

2160 740 2296 799 libet
2329 741 2434 796 alia
2477 749 2696 797 terrena
2737 742 2919 810 specie
2946 743 3219 813 componi.
3252 742 3451 813 Munda
3490 747 3764 817 frenum.

2162 840 2223 887 ut
2270 834 2523 899 humana,
2570 847 2680 891 non
2729 832 2913 905 divina
2954 849 3120 903 opera
3155 836 3459 907 erubescat,
3504 847 3562 905 et
3604 842 3767 903 illam

2165 922 2531 980 confusionem
2575 922 2825 994 recipiat,
2852 940 2977 994 qua:
3023 941 3132 982 non
3172 939 3477 997 peccatum.
3513 933 3611 987 sed
3666 934 3768 997 Dei

2167 1016 2390 1087 gloriam
2428 1016 2590 1087 parit.
2622 1015 2817 1081 Munda
2855 1016 3076 1085 collum,
3120 1027 3179 1073 ut
3212 1035 3319 1089 non
3358 1035 3527 1083 aurea
3564 1038 3634 1089 es
3673 1040 3767 1087 ca-

2167 1110 2310 1181 pillis
2350 1117 2529 1182 portet
2574 1124 2836 1179 suspensa
2866 1111 3109 1181 monilia,
3141 1112 3236 1175 sed
3265 1113 3356 1169 illa
3383 1116 3574 1185 potius
3598 1131 3761 1185 orna.

2168 1209 2347 1265 menta
2381 1200 2750 1268 circumferat,
2779 1202 2847 1261 de
2885 1202 3085 1273 quibus
3119 1202 3401 1276 Scriptura
3447 1207 3591 1275 dicit
3612 1227 3629 1262 :
3663 1208 3757 1264 li

2168 1294 2454 1349 sericordia
2507 1301 2555 1347 et
2604 1294 2796 1353 veritas
2848 1311 2953 1351 non
3006 1295 3252 1364 deﬁciant
3297 1313 3332 1351 ιι
3365 1307 3417 1353 te
3451 1312 3470 1351 :
3504 1302 3769 1371 stupenda

493 1406 781 1472 petrasset,
809 1395 1045 1453 occidit?
1069 1395 1337 1450 Memento
1360 1394 1530 1449 Adam
1563 1402 1618 1448 et
1646 1393 1812 1448 Evam
1835 1391 2071 1463 virgines
2171 1389 2345 1439 autem
2379 1379 2475 1435 ἕίία
2513 1382 2570 1437 in
2612 1382 2748 1438 εοιΙο
2796 1392 2889 1438 tuo
2937 1382 3118 1456 (Ρϊουι
3144 1385 3264 1457 Ill).
3311 1385 3517 1445 Munda
3557 1390 3763 1459 octtlas.

494 1490 804 1560 deliquisse,
831 1504 931 1545 nec
960 1488 1325 1558 integritatem
1369 1485 1610 1554 corporis
1640 1482 1909 1555 profuisse
1946 1497 2074 1553 pec-
2173 1472 2299 1535 dum
2326 1488 2423 1529 eos
2447 1473 2518 1529 ab
2547 1475 2696 1531 omni
2724 1477 3163 1547 concupiscentia
3198 1482 3460 1548 retrahis,
3496 1492 3559 1543 et
3594 1486 3665 1540 ab
3692 1486 3769 1541 in.

491 1583 762 1639 cantibus.
798 1580 1030 1636 Licitnm
1072 1579 1271 1650 quippe
1310 1586 1395 1633 est
1422 1576 1751 1633 matrimonii
1778 1576 1914 1630 inire
1940 1590 2073 1630 con-
2174 1566 2312 1623 tuitu
2342 1581 2640 1638 pauperum
2670 1584 2948 1639 nunquam
2972 1572 3197 1633 avertis.
3231 1571 3433 1631 lunda
3459 1574 3709 1647 linguam
3739 1592 3769 1633 ι

491 1677 743 1741 sortium,
773 1689 899 1730 nam
928 1689 1051 1744 qua:
1090 1671 1360 1729 connubia
1404 1671 1677 1737 deserunt,
1716 1686 1823 1726 non
1868 1669 2072 1735 illicita,
2176 1660 2480 1729 mendacia,
2507 1664 2658 1734 quia,
2688 1663 2763 1720 Os
2788 1665 2936 1735 quod
2969 1666 3233 1721 mentitur
3254 1667 3462 1727 occidit
3493 1669 3769 1737 animam,

494 1766 590 1822 sed
617 1765 765 1821 licita
807 1771 1091 1836 spernunt.
1134 1760 1409 1832 Ejusmodi
1450 1769 1636 1817 autem
1686 1760 1730 1817 si
1769 1760 1990 1830 jurent,
2030 1758 2077 1815 si
2105 1829 2146 1836 _
2179 1767 2209 1808 ὃ
2237 1754 2597 1821 detractione.
2627 1772 2657 1821 ει
2678 1754 3017 1826 iuramento.
3044 1772 3076 1819 ει
3101 1755 3380 1828 periurio:
3416 1758 3635 1816 ὼιιιι..
3668 1761 3768 1817 lin-

490 1829 855 1922 maledicant;
892 1856 940 1910 si
983 1829 1301 1919 detrahant,
1333 1853 1380 1909 si
1416 1829 1779 1909 detrahentes
1801 1852 2079 1920 patiantur
2105 1829 2153 1907 Β
2180 1863 2341 1919 gnam
2377 1856 2526 1907 tuam
2568 1865 2599 1907 ιι
2637 1848 2802 1919 male,
2832 1858 2890 1905 et
2930 1849 3075 1917 labia
3104 1859 3198 1911 tua
3241 1865 3313 1911 ne
3348 1849 3656 1922 loquantur
3680 1852 3769 1908 do-

492 1948 704 2013 audire,
733 1947 778 2002 si
806 1946 1007 2001 malum
1041 1960 1141 2015 pro
1166 1944 1309 1999 malo
1340 1943 1587 2007 reddant,
1616 1943 1661 1997 si
1691 1942 2003 2012 cupiditatis
2022 1942 2080 1996 in
2178 1939 2311 1996 Ιιιιιι.
2339 1939 2407 2005 Ει
2439 1957 2650 2007 memor
2686 1951 2808 2001 esto
2838 1941 3158 2012 Apostolum
3203 1941 3523 2005 dicentem;
3552 1940 3769 1999 Βεηαε.

495 2042 708 2105 alienis,
737 2046 832 2097 aut
870 2038 1112 2094 avaritiae
1149 2038 1205 2093 in
1234 2038 1471 2108 propriis
1514 2038 1722 2093 crimen
1763 2038 2075 2104 incurrant;

494 2133 544 2189 si
579 2132 682 2189 zeli
724 2140 819 2191 aut
862 2130 1048 2189 livoris
1086 2144 1297 2185 venena
1344 2128 1675 2199 possideant,
1706 2129 1751 2184 si
1787 2137 1972 2184 contra
2005 2129 2082 2184 le-

493 2223 637 2295 galia
666 2230 722 2278 et
760 2222 1057 2293 apostolica
1082 2220 1329 2279 instituta
1359 2220 1614 2276 indecens
1639 2219 1842 2290 aliquid
1870 2228 1963 2276 aut
1997 2220 2079 2279 lo-

498 2322 750 2384 quantur,
799 2321 891 2371 aut
914 2313 1183 2385 cogitent;
1230 2313 1276 2369 si
1311 2312 1367 2368 in
1408 2327 1575 2367 carne
1618 2311 1861 2382 placendi
1902 2314 2081 2371 studio

496 2412 723 2474 comptae
751 2412 808 2459 et
850 2411 1057 2459 ornata:
1084 2402 1399 2473 procedant,
1428 2403 1475 2458 si
1506 2402 1609 2457 alia
1647 2410 1705 2456 ut
1734 2403 1935 2459 assolet
1978 2405 2084 2460 illi-

498 2498 606 2565 cita
635 2496 859 2563 iaciant,
882 2497 1012 2568 quid
1036 2496 1278 2567 proderit
1313 2496 1395 2557 eis
1421 2497 1691 2567 sprevisse
1720 2498 1864 2567 quod
1906 2498 2078 2566 licuit,

496 2598 554 2645 et
598 2604 853 2653 exercere
897 2589 1042 2659 quod
1085 2604 1194 2643 non
1239 2588 1412 2647 licet?
1459 2586 1518 2643 Si
1566 2588 1650 2643 vis
1682 2590 1943 2658 prodesse
1986 2590 2085 2645 tibi

498 2682 643 2752 quod
680 2681 829 2741 licito
873 2680 1277 2751 contempsisti,
1318 2680 1441 2735 vide
1471 2694 1541 2736 ne
1587 2680 1716 2752 quid
1745 2696 1935 2737 eorum
1965 2698 2085 2754 qua:

499 2788 610 2831 non
654 2772 820 2831 licent
857 2770 1044 2828 facias.
1092 2770 1339 2832 Stultum.
1356 2778 1441 2827 est
1476 2770 1625 2827 enim
1668 2771 1913 2831 tintuisse
1940 2772 2086 2842 quod

502 2865 682 2921 minus
706 2871 812 2932 est,
833 2872 890 2919 et
915 2878 1025 2933 non
1054 2863 1247 2919 timere
1270 2862 1412 2935 quod
1441 2860 1616 2931 majus
1642 2870 1744 2919 est.
1770 2861 1913 2923 Dicit
1937 2863 2084 2919 enim

502 2956 833 3031 Apostolus:
871 2956 1106 3028 [mpm
1146 2956 1340 3027 cogitat
1374 2972 1494 3028 qua:
1522 2957 1733 3011 Domini
1762 2966 1886 3011 sunt
1905 2997 1920 3024 ,
1947 2974 2082 3030 quo-

501 3048 657 3105 modo
689 3048 893 3120 placeat
927 3048 1059 3117 Deo,
1100 3057 1156 3107 ut
1193 3050 1264 3107 sit
1302 3057 1486 3115 sancta
1511 3065 1745 3129 corpore,
1773 3059 1821 3105 et
1847 3052 2040 3121 spiritu
2062 3064 2081 3103 :

502 3160 620 3216 quae
646 3153 823 3200 autem
854 3152 1017 3215 nupta
1048 3152 1146 3209 est,
1178 3142 1367 3213 cogitat
1401 3159 1518 3214 qua
1552 3153 1673 3199 sunt
1708 3143 1914 3207 mundi,
1952 3161 2084 3215 quo—

2109 3196 2156 3260 C

2179 2033 2304 2101 cite,
2328 2044 2378 2090 et
2418 2034 2580 2105 nolite
2610 2035 2924 2105 maledicere
2969 2034 3142 2108 (Rom.
3168 2033 3291 2111 xu).
3322 2034 3489 2099 Nefas
3514 2045 3605 2099 est
3631 2037 3772 2107 enim

2179 2132 2241 2185 ut
2283 2126 2425 2182 labia
2455 2126 2546 2183 illa
2580 2128 2779 2198 quibus
2803 2128 3093 2195 Dominum
3135 2128 3438 2201 conﬁteris,
3466 2146 3651 2202 ngas,
3680 2132 3759 2193 be

2178 2218 2406 2285 pedicis,
2430 2227 2488 2277 et
2516 2218 2720 2284 laudas,
2751 2219 2977 2290 alicujus
3003 2221 3321 2293 polluantur
3342 2224 3499 2285 κτὼ
3522 2224 3769 2293 pacati.

2181 2307 2375 2365 Nescio
2419 2324 2529 2381 qua
2577 2311 2911 2369 conscientia
2953 2326 3017 2367 ea
3066 2310 3256 2385 lingua
3300 2312 3413 2385 quis
3460 2312 3768 2369 Dominum

2182 2409 2359 2472 rogat,
2402 2416 2509 2472 qua
2551 2409 2648 2457 aut
2678 2403 2959 2469 mentitur,
3000 2412 3094 2459 aut
3122 2404 3382 2461 detrahit.
3405 2403 3583 2461 Labia
3616 2406 3776 2463 enim

2182 2503 2370 2552 sancta
2401 2497 2623 2553 exaudit
2651 2496 2815 2568 Deus,
2843 2507 2898 2554 et
2942 2499 3077 2572 ipsis
3117 2499 3313 2559 annuit
3355 2500 3472 2559 cito
3494 2502 3779 2572 precibus,

2182 2603 2319 2658 quas
2348 2588 2529 2661 lingua
2560 2588 2902 2648 immaculata
2928 2590 3265 2665 pronuntiat.
3288 2590 3497 2649 Munda
3518 2607 3703 2658 aures,
3724 2603 3778 2648 ut

2184 2694 2291 2734 non
2329 2680 2432 2736 nisi
2476 2682 2819 2739 sermonibus
2862 2682 3069 2741 sanctis
3093 2682 3342 2747 auditum
3369 2683 3696 2753 praebeant:
3724 2690 3777 2749 ut

2184 2788 2460 2846 nunquam
2493 2776 2729 2835 obscena
2772 2783 2867 2854 aut
2914 2776 3115 2847 turpia,
3143 2782 3240 2833 aut
3276 2774 3580 2845 smcularia
3618 2774 3777 2831 verba

2185 2869 2503 2940 suscipiant,
2533 2879 2628 2926 aut
2668 2870 2905 2943 aliquem
2932 2869 3000 2929 de
3032 2870 3207 2931 altera
3233 2868 3476 2939 audiant
3513 2873 3776 2942 deman-

2184 2969 2328 3030 tem.
2361 2971 2582 3035 propter
2628 2964 2759 3021 illud
2805 2964 2949 3037 quod
2991 2964 3257 3041 scriptum
3284 2972 3376 3027 est
3412 2982 3429 3035 ς
3467 2961 3600 3037 Seni
3632 2979 3777 3027 arra

2185 3061 2304 3109 tuas
2344 3055 2532 3125 spinis,
2569 3063 2617 3109 et
2658 3052 2769 3115 noli
2805 3054 2992 3121 audire
3032 3052 3269 3127 linguam
3309 3070 3550 3122 utquam
3586 3051 3771 3126 (iacti.

2186 3143 2363 3216 xvm).
2400 3144 2591 3203 Iliacus
2638 3160 2741 3205 nec
2779 3151 3046 3216 βου-θείω
3093 3144 3161 3211 ad
3207 3144 3604 3216 accipiendum
3646 3144 3775 3209 sint,

503 3237 659 3293 modo
689 3236 893 3309 placeat
922 3238 1031 3299 vim
1060 3236 1117 3311 (I
1144 3236 1267 3293 Cor.
1292 3236 1411 3311 vn).
1439 3237 1595 3295 Dicat
1623 3254 1753 3310 ergo
1782 3240 1915 3297 mihi
1960 3255 2081 3310 qua:
2109 3236 2156 3260 “'
2184 3252 2285 3294 nec
2310 3237 2378 3293 ad
2406 3236 2710 3297 feriendum
2738 3246 2970 3311 paratte,
3011 3238 3107 3294 sed
3144 3237 3213 3305 ad
3242 3236 3430 3303 omnia
3469 3236 3780 3305 misericor—

504 3330 680 3387 virum
711 3344 819 3387 non
842 3328 1026 3396 habet,
1057 3336 1114 3386 et
1141 3336 1321 3389 tamen
1343 3344 1464 3400 quae
1491 3331 1674 3387 mundi
1698 3338 1825 3387 sunt
1851 3331 2075 3401 cogitat,

500 3425 588 3481 cui
620 3422 832 3495 placere
859 3422 1170 3485 desiderat?
1192 3438 1372 3488 nonne
1401 3423 1623 3494 incipiat
1651 3423 1728 3487 illi
1752 3432 1921 3496 nupta
1948 3440 2082 3495 prte-

498 3516 663 3587 ponit
686 3516 825 3584 Quia
852 3516 941 3572 illa
976 3516 1267 3589 cogitando
1288 3531 1412 3587 quae
1442 3516 1628 3579 mundi
1665 3524 1811 3583 sunt,
1843 3517 2083 3589 compla-

500 3615 589 3665 cet
642 3608 727 3665 vel
760 3609 992 3672 marito:
1040 3611 1148 3671 ista
1193 3625 1324 3673 vero
1371 3625 1474 3667 nec
1506 3610 1726 3677 marito,
1761 3626 1921 3682 quem
1972 3627 2081 3679 non

502 3696 685 3763 habet.
724 3706 902 3770 potest
940 3700 1179 3771 placere,
1207 3718 1307 3761 nec
1336 3702 1466 3758 Deo.
1497 3700 1603 3758 Sed
1633 3718 1735 3759 nec
1764 3702 1892 3758 illud
1921 3702 2085 3759 silen-

490 3789 579 3845 tio
612 3791 894 3860 premite
936 3808 1036 3849 nos
1079 3793 1363 3859 convenit,
1395 3794 1538 3863 quod
1581 3794 1822 3849 dixerit:
1849 3794 2083 3867 Innupta

503 3881 695 3951 cogitat
727 3898 843 3953 qua
888 3883 987 3943 Dei
1026 3894 1173 3951 sunt,
1215 3884 1473 3955 quomodo
1517 3883 1720 3955 placeat
1763 3884 1893 3951 Deo,
1922 3895 1977 3939 ut
2013 3886 2083 3951 sit

500 3980 683 4035 sancta
704 3988 936 4043 corpore,
955 3984 1006 4031 et
1022 3977 1231 4048 spiritu.
1246 3975 1377 4043 Qua:
1396 3984 1523 4031 sunt
1537 3990 1668 4047 ergo
1684 3976 1917 4044 Domini,
1941 3979 2084 4034 dicat

501 4059 823 4133 Apostolus:
855 4064 1191 4139 auersaque
1214 4076 1337 4127 sunt
1367 4076 1574 4133 sancta,
1606 4084 1930 4141 quacunque
1959 4080 2084 4127 sunt

492 4150 663 4227 justo,
685 4172 1005 4228 quacunque
1042 4156 1313 4225 amabilia,
1344 4173 1666 4231 quacunque
1702 4159 1852 4214 bona:
1882 4160 2082 4231 fam:

503 4247 549 4305 si
590 4265 696 4321 qua
746 4251 932 4318 uirtus,
968 4252 1014 4308 si
1051 4268 1157 4324 qua
1192 4251 1311 4323 laus
1352 4252 1662 4317 disciplina.
1709 4252 1817 4315 Ista
1856 4263 2081 4325 sanctae,

489 4356 664 4409 verae,
707 4351 763 4400 et
790 4345 1100 4417 apostolicae
1126 4346 1362 4418 virgines
1391 4348 1482 4404 diu
1512 4354 1783 4418 noctuque
1823 4347 1941 4405 sine
1972 4348 2083 4407 ullo

500 4436 764 4505 temporis
804 4437 1089 4501 intervallo
1124 4440 1471 4509 meditantur.
1523 4439 1785 4509 Sequitur
1818 4457 1937 4513 qua
1979 4440 2080 4501 Dei

504 4534 647 4593 sunt,
673 4526 930 4595 quomodo
960 4526 1164 4598 placeat
1188 4529 1319 4587 Deo.
1343 4530 1474 4597 Deo,
1504 4530 1746 4601 inquam,
1778 4547 1887 4587 non
1909 4532 2080 4588 homi-

506 4616 685 4683 nibus,
716 4625 771 4670 ut
801 4618 869 4671 sit
895 4626 1078 4675 sancta
1101 4635 1333 4691 corpore,
1360 4629 1407 4679 et
1433 4622 1658 4693 spiritu;
1689 4639 1796 4679 non
1827 4624 1986 4692 dixit,
2021 4634 2081 4682 ut

504 4705 578 4767 sit
603 4713 794 4763 sancta
834 4706 1098 4773 membro,
1139 4716 1234 4765 aut
1259 4724 1486 4783 corpore
1516 4720 1748 4781 tantum,
1784 4716 1901 4780 sed,
1930 4724 1985 4771 ut
2013 4718 2083 4773 sit

502 4809 691 4857 sancta
745 4816 991 4875 corpore,
1038 4810 1089 4857 et
1147 4802 1356 4875 spiritu.
1415 4803 1713 4865 Membrum
1769 4809 1916 4881 enim
1974 4826 2080 4865 una

504 4891 748 4963 corporis
777 4906 908 4969 pars
957 4902 1076 4959 est,
1119 4908 1316 4965 corpus
1354 4910 1485 4950 vero
1528 4898 1769 4961 omnium
1818 4915 2081 4972 compago

505 4985 872 5059 membrorum
911 4992 1014 5045 est.
1044 4984 1178 5043 Cum
1215 5002 1345 5057 ergo
1372 4987 1504 5043 dicit
1540 4997 1597 5043 ut
1637 4989 1703 5043 sit
1745 4999 1930 5049 sancta
1961 5007 2081 5047 cor-

501 5094 645 5153 pore,
686 5077 939 5141 omnibus
964 5079 1221 5139 membris
1255 5094 1373 5135 eam
1411 5082 1608 5139 debere
1643 5083 1972 5149 sanctificari
2004 5091 2083 5140 tc-

505 5176 699 5233 statur.
737 5167 872 5239 Quia
915 5182 1024 5225 non
1072 5168 1313 5238 proderit
1353 5178 1675 5231 caeterorum
1722 5174 2081 5231 sanctiﬁcatio

507 5258 895 5325 membrorum,
926 5260 976 5329 si
1004 5258 1309 5314 inveniatur
1336 5259 1417 5315 vel
1460 5261 1514 5316 in
1553 5278 1658 5317 uno
1683 5265 1990 5334 corruptio;
2029 5273 2083 5320 et

500 5349 614 5422 jam
653 5365 761 5407 non
786 5351 890 5407 erit
919 5357 1103 5421 sancta
1134 5366 1381 5421 corpore,
1409 5353 1553 5422 quod
1581 5368 1650 5408 ex
1673 5355 1926 5411 omnibus
1955 5371 2085 5415 con-

506 5452 617 5511 stat
657 5442 937 5508 membris,
969 5458 1089 5513 qua:
1132 5442 1217 5497 vel
1254 5445 1412 5500 unius
1441 5445 1603 5500 fuerit
1648 5447 2083 5517 coinquinatione

506 5532 729 5605 polluta.
781 5533 953 5601 Unde,
986 5549 1168 5607 quaeso
1198 5542 1273 5601 te,
1304 5537 1478 5606 virgo,
1529 5552 1704 5607 neque
1740 5538 1794 5593 in
1826 5539 1939 5593 sola
1984 5542 2083 5603 tibi

508 5621 766 5694 pudicitia
798 5625 1111 5694 blandiaris,
1143 5642 1212 5683 ne
1245 5627 1298 5683 in
1325 5631 1484 5695 unius
1513 5631 1741 5711 membri
1774 5631 2086 5705 integritate

509 5709 888 5779 conluudaris,
940 5718 1033 5772 sed
1090 5721 1386 5776 secundum
1439 5723 1757 5792 Apostolum
1811 5725 1910 5780 soli
1974 5726 2085 5783 Deo

505 5817 771 5862 comem
795 5808 1038 5878 corporis
1072 5812 1436 5869 sanctitatem
1469 5812 1666 5873 Munda
1696 5817 1765 5871 ab
1799 5817 1949 5873 omni
1996 5818 2086 5873 in;

2181 3330 2284 3386 dire
2312 3337 2368 3385 et
2400 3329 2620 3400 pietatis
2647 3344 2812 3402 opera
2842 3330 2981 3385 satis
3022 3336 3308 3403 promptae.
3340 3326 3541 3394 Munda
3590 3328 3775 3399 pedes,

2180 3437 2252 3481 ne
2294 3420 2460 3485 latam
2490 3428 2545 3481 et
2571 3420 2870 3492 spatiosam
2898 3428 3127 3499 pergant
3171 3418 3344 3491 viam,
3372 3433 3490 3493 quae
3521 3417 3677 3489 ducit
3707 3417 3780 3471 ad

2182 3513 2463 3585 splendida
2502 3512 2685 3569 saeculi
2720 3522 2776 3568 et
2801 3513 3042 3585 pretiosa
3088 3512 3360 3579 convivia,
3400 3508 3493 3569 sed
3538 3510 3776 3565 arduum

2182 3607 2375 3678 magis,
2404 3614 2460 3661 et
2484 3614 2774 3679 angustum
2820 3606 3139 3678 gradiantur
3177 3606 3285 3661 iter
3308 3604 3461 3676 quod
3492 3604 3670 3673 tendit
3714 3604 3780 3671 ad

2184 3700 2403 3765 emtum.
2450 3698 2698 3769 Agnosce
2740 3698 2838 3754 tibi
2883 3714 2916 3754 a
2962 3699 3073 3754 Deo
3116 3697 3331 3761 artiﬁce
3376 3713 3488 3765 non
3520 3697 3592 3753 ad
3626 3697 3776 3761 vitia,

2184 3790 2279 3853 sed
2302 3791 2371 3846 ad
2400 3790 2653 3851 virtutem
2680 3791 2925 3847 membra
2958 3788 3224 3855 fcrmata;
3254 3799 3309 3849 et
3335 3804 3466 3845 cum
3492 3789 3777 3859 universos

2185 3890 2338 3957 artus
2376 3881 2725 3938 mandaveris
2754 3880 2823 3937 ab
2866 3881 3015 3937 omni
3063 3880 3222 3937 sorde
3268 3881 3523 3951 peccati,
3565 3890 3623 3937 et
3668 3891 3777 3941 toto

2184 3971 2356 4039 ~fueris
2384 3973 2725 4031 sanctiﬁcata
2750 3987 2999 4043 corpore,
3028 3981 3153 4033 tunc
3199 3971 3297 4029 tibi
3339 3972 3652 4041 castitatem
3696 3973 3781 4027 in-

2187 4066 2397 4138 telligas
2441 4064 2807 4138 profuturam,
2834 4077 2890 4123 et
2931 4082 3054 4127 cum
3104 4066 3250 4123 omni
3287 4064 3494 4122 llducia
3539 4065 3779 4139 palmam

2184 4164 2513 4235 virginitatis
2542 4172 2818 4235 exspecta.
2915 4163 3085 4236 virgo,
3114 4178 3272 4220 serva
3303 4163 3652 4237 propositum
3685 4162 3779 4221 tibi

2185 4274 2384 4329 magno
2432 4258 2659 4329 praemio
2689 4257 3057 4329 destinatum:
3088 4270 3321 4330 agnosce
3360 4264 3569 4319 statum
3603 4265 3777 4325 tuum,

2183 4364 2417 4420 agnosce
2442 4350 2641 4419 locum,
2674 4363 2912 4421 agnosce
2942 4345 3300 4418 propositum.
3329 4344 3538 4403 Christi
3564 4361 3772 4421 sponsa

2184 4440 2401 4509 diceris,
2436 4439 2560 4497 vide
2596 4454 2666 4496 ne
2710 4440 2841 4511 quid
2884 4439 3165 4513 indignum
3206 4452 3272 4515 et)
3298 4438 3388 4499 sui
3435 4438 3775 4512 desponsata

2106 4555 2158 4625 ι)
2183 4530 2406 4625 videris,
2441 4528 3022 4625 admi_ttas_._Cbt-istum
3070 4544 3328 4625 sponsum
3372 4529 3566 4597 habes,
3616 4546 3653 4585 a
3686 4532 3780 4587 do-

2183 4620 2426 4684 mesticis
2466 4628 2523 4676 et
2571 4620 2931 4683 familiaribus
2974 4620 3092 4692 eius
3139 4621 3433 4699 interniga,
3462 4631 3523 4680 et
3551 4631 3780 4689 strenue

2183 4726 2249 4779 ac
2292 4711 2522 4767 solerter
2550 4713 2765 4784 inquire
2795 4713 2850 4777 in
2875 4714 3073 4787 quibus
3104 4713 3376 4797 praecipue
3421 4713 3780 4779 delectetur:

2182 4805 2399 4878 qualem
2425 4806 2874 4877 compositionem
2919 4807 2973 4868 in
3000 4814 3055 4862 te
3084 4807 3314 4867 chtinm
3342 4807 3557 4883 diligat,
3588 4806 3787 4875 cujus-

2183 4899 2328 4954 modi
2355 4898 2701 4969 concupiscat
2731 4906 3002 4967 ornatum.
3045 4898 3201 4963 Dicat
3239 4898 3335 4954 tibi
3375 4896 3493 4967 ejus
3536 4895 3788 4965 lautitia-

2186 4994 2436 5051 rissimus
2473 4993 2687 5059 Petrus,
2713 4996 2807 5067 qui
2833 5009 2935 5059 nec
2961 4994 3143 5065 nuptis
3188 4994 3403 5065 quidem
3430 4994 3787 5073 corporalem

2185 5087 2454 5158 permittit
2492 5094 2763 5153 ornatum,
2800 5087 2947 5143 sicut
2983 5087 3042 5142 in
3083 5085 3321 5157 Epistula
3357 5101 3454 5153 sua
3501 5088 3783 5159 scripsit:

2190 5176 2441 5233 Mulieres
2481 5179 2723 5241 similiter
2763 5178 3013 5250 subjecta:
3053 5180 3158 5235 sint
3193 5179 3303 5241 suis
3347 5180 3492 5251 viris,
3533 5190 3590 5255 ut
3637 5193 3694 5238 et
3739 5184 3787 5243 si

2190 5270 2277 5341 qui
2302 5286 2405 5325 non
2438 5270 2654 5335 credunt
2680 5272 2855 5338 verba,
2886 5288 2979 5345 per
3010 5270 3292 5331 mulierum
3322 5273 3783 5351 conuersatione.

2188 5361 2301 5429 sine
2352 5362 2501 5419 verba
2551 5360 2851 5433 lucriﬁant,
2893 5362 3283 5433 considerantes
3327 5362 3382 5419 in
3434 5363 3628 5431 timore
3682 5365 3787 5433 υθέ

2182 5461 2381 5517 castam
2409 5454 2853 5519 conversationem
2889 5465 3132 5521 vestram.
3168 5454 3404 5521 Quarum
3437 5456 3506 5521 sit
3549 5473 3662 5525 non
3699 5477 3789 5519 «2.1:-

2182 5546 2435 5601 trinsecus
2478 5545 2815 5616 capillatum,
2856 5556 2947 5607 aut
2986 5546 3337 5603 circumdatio
3364 5546 3509 5613 auri,
3554 5557 3653 5602 aut
3701 5551 3790 5603 in-

2176 5636 2412 5711 dumensi
2462 5636 2880 5701 vestimentorum
2921 5637 3115 5703 cultus,
3155 5636 3247 5691 sed
3294 5635 3385 5709 qui
3426 5636 3785 5707 absconditus

2181 5737 2257 5782 est
2295 5729 2465 5782 cordis
2507 5729 2682 5793 homo,
2720 5730 2775 5783 in
2818 5714 3311 5801 incorruptibilitate
3345 5729 3507 5800 quieti
3552 5740 3599 5782 et
3652 5747 3783 5785 mo-

2176 5820 2314 5877 desti
2353 5822 2593 5889 spiritus,
2635 5824 2727 5894 qui
2770 5831 2848 5877 est
2883 5824 2936 5897 in
2975 5833 3255 5921 conspectu
3298 5823 3392 5907 Dei
3437 5820 3678 5891 locuples
3726 5822 3780 5887 (ι
