4000 6464
228 439 328 502 957

711 428 996 491 REGULA
1034 425 1668 488 SANCTIMONIALIUM
1701 427 1791 484 AB
1826 421 2185 484 AMALARIO
2223 421 2604 483 COLLEGTA.
2641 453 2710 464 —-
2743 407 2875 480 LIB.
2915 423 2980 481 ll.

222 564 362 619 Petr.
394 558 511 622 ιιι).
558 551 715 611 Dicat
751 566 807 612 et
845 556 982 611 alius
1024 554 1298 636 apostolus
1325 555 1515 610 beatus
1542 549 1742 607 Paulus
1771 569 1784 606 :
1815 551 1870 614 Α
1893 563 2060 621 gnere
2089 563 2212 604 cum
2257 546 2494 603 Christo.
2533 544 2668 600 Nolo
2696 544 2842 599 enim
2869 543 2992 601 illas
3016 548 3279 618 respicias
3302 588 3317 612 ,
3352 563 3477 619 quo

221 650 463 710 Mulieres
504 647 748 702 simili-ter
783 647 838 701 in
877 647 1059 702 habitu
1096 656 1283 702 ornato
1323 661 1440 701 cum
1479 642 1788 698 verecundia

219 756 265 802 et
306 742 581 800 sobrietate
633 751 876 796 amantes
919 759 993 807 se,
1040 759 1143 796 non
1202 742 1257 796 in
1323 739 1474 794 tortis
1535 737 1786 803 crinibus,

220 847 307 894 aut
341 850 496 900 auro,
521 843 616 888 aut
644 837 964 906 margaritis,
998 835 1074 890 vel
1099 845 1232 890 veste
1257 835 1503 906 pretiosa,
1530 833 1619 886 sed
1648 831 1788 902 quod

219 931 357 984 decet
409 926 674 992 mulieres,
714 929 1069 998 promittentes
1121 929 1413 981 castitatem
1463 943 1554 997 per
1601 926 1788 979 bonam

218 1026 656 1082 conversationem
694 1023 745 1085 (1
774 1023 909 1078 'l'im.
941 1023 1023 1096 ιι).
1071 1023 1176 1079 Sed
1229 1033 1286 1078 tu
1335 1022 1559 1077 forsitan
1608 1021 1784 1074 dicis:

223 1119 326 1172 Cur
365 1117 480 1171 haec
527 1119 692 1171 iidem
742 1116 967 1187 apostoli
1016 1133 1118 1171 non
1158 1117 1472 1188 jusserunt?
1501 1113 1634 1181 Quia
1678 1127 1788 1167 non

221 1209 586 1266 necessarium
607 1207 944 1277 judicabant,
969 1225 1037 1264 ne
1063 1209 1186 1263 talis
1224 1209 1522 1279 virginibus
1548 1220 1788 1262 commo-

217 1303 346 1357 nitio
375 1301 554 1370 potius
583 1300 777 1371 injuria
818 1316 978 1371 quam
1015 1302 1324 1356 emendatio
1355 1300 1647 1354 videretur.
1683 1298 1788 1353 Sed

213 1409 427 1448 nec-eas
457 1407 693 1462 unquam
722 1401 884 1450 tanta:
913 1395 1232 1448 temeritatis
1264 1393 1378 1447 fore
1407 1392 1784 1453 credidissent,

213 1495 267 1538 ut
292 1500 391 1539 nec
434 1471 616 1556 nuptae
653 1500 911 1540 concessa
943 1486 1182 1540 carnalia
1222 1495 1540 1540 ornamenta
1587 1493 1642 1538 et
1676 1492 1790 1538 ter-

213 1593 336 1632 I'PIlil
385 1589 799 1650 prtesumerent.
829 1580 1038 1634 Revera
1081 1595 1276 1635 ornare
1304 1596 1360 1635 se
1387 1589 1441 1634 οι
1468 1595 1792 1651 componere

211 1670 358 1740 virgo
386 1670 544 1725 debet
573 1689 584 1724 :
618 1685 742 1725 nam
787 1673 1058 1740 quomodo
1089 1685 1288 1742 Sponso
1318 1687 1415 1727 suo
1445 1673 1660 1743 placere
1697 1688 1787 1742 po-

209 1759 353 1822 terit,
393 1760 495 1814 nisi
538 1760 859 1830 composita,
904 1769 958 1815 et
1000 1771 1190 1815 ornata
1236 1763 1596 1832 processerit?
1622 1761 1792 1818 Orne-

209 1862 294 1906 tur
321 1854 502 1924 plane,
540 1853 634 1908 sed
682 1854 1033 1924 interioribus
1075 1856 1431 1920 ornamentis,
1476 1865 1533 1911 et
1575 1857 1790 1926 spirita-

1892 640 2104 706 saeculi,
2141 656 2249 696 non
2278 638 2479 694 Christi
2524 645 2649 693 sunt
2691 636 2930 709 virgines
2975 655 2988 691 :
3040 653 3160 708 quae
3208 640 3474 710 propositi

1891 735 1996 799 sui,
2023 742 2077 788 et
2106 731 2456 803 professionis
2482 731 2846 796 immemores,
2892 732 3126 803 gaudent
3151 735 3206 789 in
3241 735 3471 803 deliciis,

1891 827 1944 882 in
1974 827 2166 896 opibus
2195 825 2549 880 delectantur.
2595 825 2674 878 Tu
2704 833 2885 880 autem
2903 866 2916 890 ,
2941 841 3280 897 quiscunque
3308 830 3472 883 Chri-

1891 918 1981 982 sti,
2010 933 2115 972 non
2140 918 2320 973 saeculi
2351 918 2503 987 virgo
2529 931 2607 980 es,
2635 931 2849 971 onmem
2885 919 3166 986 pnusentis
3207 920 3332 974 vine
3362 921 3475 992 glo-

1892 1008 2027 1062 riam
2060 1006 2217 1078 fuge,
2242 1016 2301 1060 ut
2326 1023 2444 1062 eam
2469 1049 2482 1072 ,
2512 1021 2631 1076 quae
2658 1006 2711 1059 in
2745 1005 2926 1062 futuro
2951 1009 3314 1078 promittitur,
3345 1027 3476 1065 con-

1891 1097 2156 1167 sequaris.
2189 1095 2606 1150 Contentionum
2635 1097 2797 1150 verba
2822 1137 2836 1161 ,
2867 1105 2922 1151 et
2955 1099 3312 1154 animositatis
3347 1116 3477 1154 cau-

1891 1206 1998 1253 sas,
2043 1197 2096 1243 et
2131 1189 2303 1242 litium
2343 1190 2655 1243 occasiones
2700 1187 3028 1260 subterfuge.
3076 1190 3208 1245 Nam
3243 1193 3287 1247 si
3320 1195 3476 1264 juxta

1889 1283 2128 1354 Apostoli
2176 1285 2474 1339 doctrinam
2533 1283 2619 1354 (II
2681 1285 2816 1338 Tim.
2875 1285 2934 1356 ιι)
2991 1301 3205 1342 servum
3261 1291 3474 1346 Domini

1891 1379 2103 1448 litigare
2155 1393 2262 1433 non
2308 1386 2561 1446 oportet,
2602 1387 2806 1448 quanto
2852 1380 3024 1450 magis
3068 1380 3162 1436 Dei
3199 1383 3472 1449 ancillam,

1891 1470 2042 1538 cujus
2075 1487 2181 1540 quo
2200 1471 2556 1526 verecundior
2582 1480 2665 1526 est
2696 1487 2879 1536 sexus,
2913 1475 3126 1529 animus
3158 1475 3315 1530 debet
3355 1492 3476 1533 esse

1891 1565 2221 1620 modestior?
2276 1565 2534 1636 Linguam
2587 1580 2617 1618 a
2668 1565 2983 1636 maliloquio
3027 1567 3252 1634 cohibe,
3297 1581 3350 1624 et
3389 1570 3475 1624 ori

1892 1666 1984 1712 tuo
2037 1657 2247 1712 frenum
2282 1657 2415 1728 legis
2455 1658 2697 1727 impone;
2747 1666 2807 1711 ut
2854 1665 2985 1712 tunc
3028 1657 3166 1713 forte
3210 1659 3469 1731 loquaris,

1891 1749 2106 1818 quando
2163 1757 2341 1804 tacere
2390 1757 2671 1817 peccatum
2727 1749 2834 1814 sit,
2889 1751 3182 1805 secundum
3231 1752 3286 1806 id
3332 1754 3476 1822 quod

1889 1840 2178 1911 Apostolus
2219 1841 2395 1895 dicit:
2439 1839 2622 1895 Omnis
2653 1857 2822 1894 sermo
2861 1841 3035 1896 malus
3073 1859 3138 1897 ea:
3179 1860 3267 1897 ore
3307 1855 3474 1900 vestro

204 1943 350 2010 liter,
397 1961 501 1999 non
551 1944 847 2012 carnaliter
900 1955 1274 2016 componatur,
1317 1947 1441 2016 quia
1489 1947 1631 2002 Deus
1680 1963 1783 2002 non

1895 1948 1998 1985 non
2043 1932 2288 2002 procedat
2336 1931 2354 2002 (
2379 1932 2566 2002 Ephes.
2615 1932 2730 2005 Iv).
2777 1931 3002 2003 Semper
3048 1935 3288 2006 linguam
3327 1944 3474 1990 tuam

203 2039 481 2107 corporis,
529 2040 624 2093 sed
675 2039 867 2092 anima:
917 2038 1166 2106 decorem
1217 2039 1269 2092 in
1316 2039 1403 2093 illa
1456 2039 1782 2095 considerat.

201 2129 345 2200 Ergo
375 2137 432 2183 et
457 2139 545 2195 tu,
578 2143 913 2200 qumcunque
939 2130 1174 2183 animam
1215 2137 1361 2184 tuam
1390 2146 1420 2184 a
1454 2130 1564 2184 Deo
1599 2130 1780 2200 diligi,

202 2230 253 2276 et
291 2223 586 2277 inhabitari
628 2223 982 2300 concupiscis,
1006 2223 1154 2283 omni
1182 2238 1302 2278 eam
1330 2222 1606 2295 diligentia
1641 2241 1785 2279 com-

199 2329 355 2384 pone,
385 2321 443 2368 et
471 2312 805 2384 spiritalibus
839 2314 1167 2368 indumentis
1197 2330 1419 2370 exorna.
1454 2315 1593 2370 Ninil
1624 2316 1678 2370 in
1720 2333 1782 2372 ea

201 2407 562 2472 dedecorum,
623 2407 758 2476 nihil
823 2406 1026 2463 foedum
1091 2418 1365 2480 appareat.
1425 2410 1782 2481 Rcsplendcat

199 2512 327 2552 auro
357 2496 606 2567 iustitiae,
637 2500 865 2570 gemmis
892 2499 1154 2572 refulgeat
1187 2502 1513 2566 sanctitatis,
1560 2517 1623 2556 ac
1661 2517 1784 2571 pre-

196 2587 489 2643 tiosissimo
522 2589 797 2660 pudicitiae
844 2592 1139 2664 margarito
1170 2601 1440 2648 coruscet.
1475 2591 1581 2646 Pro
1621 2593 1783 2663 bysso

196 2686 246 2732 et
275 2681 476 2746 serico,
511 2682 892 2737 misericordiae
934 2691 989 2736 et
1031 2683 1248 2758 pietatis
1285 2685 1466 2740 tunica
1496 2686 1778 2753 vestiatur,

196 2772 493 2836 secundum
548 2775 692 2852 quod
742 2773 1004 2844 scriptum
1058 2783 1189 2830 est:
1229 2774 1444 2830 lnduite
1496 2793 1617 2847 ergo
1669 2794 1779 2844 vos,

195 2861 321 2915 sicut
351 2861 509 2917 electi
541 2863 670 2930 Dei,
700 2865 871 2928 sancti
910 2874 958 2918 et
1007 2865 1206 2934 dilecti,
1244 2868 1442 2921 viscera
1484 2868 1783 2924 misericor»

196 2951 322 3017 dite,
371 2954 779 3026 benignitatem,
833 2956 1210 3025 humilitatem,
1255 2968 1360 3014 etc.
1409 2959 1631 3032 (Coloss.
1662 2963 1776 3037 ιιι).

197 3041 512 3112 Huiusmodi
552 3047 692 3101 Deus
736 3047 930 3117 quaerit
978 3058 1392 3114 ornamentum,
1437 3057 1493 3104 et
1542 3053 1778 3108 animam

197 3133 371 3188 taliter
407 3136 767 3206 compositam
803 3138 1157 3208 concupiscit.
1188 3139 1455 3195 Memento
1489 3150 1539 3196 te
1577 3143 1670 3198 Dei
1717 3143 1780 3198 li-

197 3222 319 3281 liam
346 3226 484 3292 dici,
518 3230 811 3284 secundum
858 3233 1001 3301 quod
1043 3231 1159 3286 ait:
1188 3232 1360 3300 Audi,
1399 3233 1547 3302 ﬁlia,
1573 3244 1622 3289 et
1666 3237 1778 3290 vide

1887 2027 1954 2080 de
2006 2026 2163 2080 bonis
2228 2026 2375 2095 loqui
2435 2040 2724 2091 assuesce,
2792 2035 2848 2081 et;
2901 2028 3143 2082 auditum
3207 2036 3358 2083 tuum
3408 2030 3476 2084 ad

1884 2116 2095 2171 laudem
2123 2117 2386 2171 bonorum
2413 2117 2606 2188 magis,
2635 2131 2794 2186 quam
2834 2118 2903 2172 ad
2946 2117 3212 2172 malorum
3259 2120 3474 2191 vitupe—

1883 2213 2148 2268 rationem
2175 2213 2478 2268 commoda.
2513 2213 2644 2268 Vide
2678 2221 2736 2267 ut
2764 2213 2946 2268 omnia
2975 2229 3313 2285 quaecunque
3336 2216 3473 2269 bene

1884 2305 2018 2377 facis
2044 2314 2266 2378 propter
2301 2305 2591 2361 Dominum
2625 2306 2791 2360 facias
2816 2348 2829 2372 ,
2869 2307 3048 2371 sciens
3092 2305 3210 2376 ejus
3241 2308 3320 2361 rei
3357 2317 3476 2363 tan-

1882 2408 1998 2454 tum
2030 2408 2081 2468 te
2109 2417 2139 2453 a
2181 2398 2408 2454 Domino
2446 2406 2786 2470 recepturam
2818 2413 2938 2454 esse
2969 2399 3266 2466 mercedis,
3299 2415 3473 2472 quan-

1882 2501 1997 2557 tum
2042 2491 2159 2566 ejus
2216 2492 2429 2547 timoris
2478 2499 2532 2547 et
2583 2491 2887 2546 dilectionis
2940 2506 3103 2555 causa
3156 2489 3473 2564 perfeceris.

1884 2569 2085 2641 Sancta
2129 2587 2300 2654 magis
2349 2599 2472 2641 esse
2516 2600 2677 2656 quam
2718 2583 2887 2647 videri
2929 2583 3105 2638 stude.
3147 2581 3204 2648 lu
3247 2581 3478 2654 jejuniis

1881 2691 2011 2732 vero
2042 2678 2214 2750 magis
2255 2693 2418 2750 quam
2463 2676 2518 2731 in
2557 2675 2731 2746 epulis
2766 2674 3069 2740 delectare,
3110 2673 3255 2730 illius
3301 2675 3478 2730 vidua:

1882 2784 2093 2832 memor
2123 2784 2241 2840 quae
2273 2785 2381 2822 non
2421 2767 2733 2823 discedebat
2784 2767 2848 2821 de
2897 2765 3130 2838 templo,
3159 2765 3380 2836 jejuniis
3424 2775 3479 2822 et

1882 2860 2354 2916 obsecrationibus
2382 2860 2623 2916 serviens
2664 2859 2892 2918 Domino
2931 2867 3091 2926 nocte
3127 2875 3190 2912 ac
3228 2859 3333 2914 die.
3382 2859 3473 2913 Di-

1881 2951 2022 3006 vinas
2046 2951 2221 3022 magis
2266 2950 2514 3006 lectionis
2542 2949 2845 3004 convivium
2888 2948 3071 3019 dilige,
3123 2958 3179 3003 et
3213 2948 3474 3020 spiritali-

1881 3042 1984 3098 bus
2011 3050 2064 3096 te
2106 3043 2340 3097 saturari
2382 3042 2611 3112 dapibus
2642 3041 2966 3111 concupisce
3004 3060 3014 3095 :
3046 3049 3101 3096 et
3139 3041 3260 3115 illos
3290 3041 3473 3114 potius

1882 3147 2064 3203 quzere
2104 3133 2254 3188 cibos
2303 3133 2500 3201 quibus
2534 3131 2714 3186 anima
2749 3146 2913 3201 quam
2949 3147 3145 3201 corpus
3178 3131 3472 3186 reliciatur.

1881 3222 2073 3278 Carnis
2098 3230 2153 3278 et
2181 3221 2290 3276 vini
2326 3223 2556 3292 species,
2585 3223 2740 3294 quasi
2773 3222 2970 3278 caloris
2994 3221 3240 3278 fomenta
3271 3231 3328 3278 et
3356 3222 3479 3276 libi-

199 3314 366 3387 (Ρεαι,
400 3319 570 3392 κων),
607 3321 713 3376 Sed
753 3329 808 3377 ει
855 3283 908 3376 ιῖι
954 3324 1092 3394 ipsa,
1129 3283 1558 3398 quoticsgu'nqu;
1593 3329 1776 3384 Domi-
1805 3283 1850 3346 C
1881 3314 2024 3369 diuis
2055 3314 2403 3369 incitamenta
2444 3283 2962 3386 fugeflracundiam
2990 3315 3177 3382 vince,
3213 3315 3475 3370 animosi-

197 3421 321 3462 nnm
364 3409 580 3466 Patrem
622 3413 894 3478 nominas,
927 3415 1022 3468 Dei
1063 3423 1116 3470 te
1163 3416 1327 3470 tiliam
1367 3432 1485 3472 esse
1537 3423 1774 3494 testaris.

196 3497 338 3572 Ergo
371 3502 416 3556 si
443 3502 538 3558 Dei
570 3501 678 3556 ﬁlia
709 3518 787 3569 es,
817 3503 938 3559 vide
967 3519 1034 3558 ne
1064 3507 1192 3575 quid
1223 3523 1411 3576 eorum
1451 3508 1621 3566 facias
1660 3527 1780 3582 qua)

194 3587 306 3645 Deo
354 3591 502 3646 Patri
557 3595 853 3664 incongrua
915 3605 1072 3661 sunt;
1123 3599 1213 3651 sed
1257 3615 1354 3670 age
1398 3602 1580 3656 omnia
1627 3605 1782 3674 quasi

196 3680 306 3735 ﬁlia
357 3683 473 3738 Dei.
521 3683 798 3755 Originem
843 3693 991 3740 tuam
1040 3689 1270 3761 reSpice,
1313 3707 1482 3761 genus
1548 3695 1779 3764 intuere,

195 3774 424 3843 gloriam
470 3773 769 3830 nobilitatis
812 3779 1053 3834 adverte.
1084 3779 1332 3850 Agnosce
1365 3794 1417 3836 te
1448 3799 1554 3838 non
1602 3785 1779 3841 homi-

195 3865 377 3930 nibus,
405 3869 500 3923 sed
525 3867 621 3922 Dei
653 3867 955 3926 divinitatis
1003 3873 1290 3929 nobilitate
1336 3875 1670 3932 decoratam.
1703 3879 1782 3934 Ita

197 3963 249 4012 te
279 3959 495 4026 exhibe,
533 3971 592 4014 ut
621 3961 674 4015 in
722 3970 774 4016 te
812 3963 1050 4034 cmlestis
1081 3965 1338 4021 nativitas
1363 3977 1573 4037 pareat,
1606 3978 1666 4024 ut
1701 3971 1783 4026 in-

199 4051 442 4117 genuitas
484 4051 667 4107 divina
714 4053 994 4109 clarescat.
1028 4055 1110 4111 Sit
1144 4057 1198 4112 in
1245 4066 1296 4113 te
1338 4075 1476 4115 nova
1519 4061 1776 4132 gravitas,

200 4137 455 4196 honestas
504 4143 867 4210 admirabilis,
915 4150 1175 4218 stupenda
1242 4153 1591 4217 verecundia,
1643 4155 1780 4210 mira

199 4233 477 4300 patientia,
510 4235 788 4305 virginalis
817 4238 1083 4304 incessus,
1111 4250 1168 4293 et
1211 4255 1339 4296 vere
1375 4245 1645 4312 pudicitiae
1685 4246 1782 4299 ha-

200 4321 362 4391 bitus,
389 4335 445 4381 et
472 4341 652 4382 sermo
688 4343 901 4397 semper
930 4330 1224 4407 modestus,
1250 4340 1304 4385 et
1336 4348 1431 4388 suo
1458 4335 1511 4388 in
1540 4344 1783 4405 tempore

201 4416 584 4485 proferendus,
631 4428 692 4474 ut
732 4420 980 4490 quisquis
1032 4430 1084 4477 te
1118 4422 1317 4477 viderit
1360 4425 1676 4490 admiretur,
1725 4436 1781 4494 et

203 4504 369 4562 dicat:
391 4508 525 4576 Quae
557 4511 672 4566 haec
710 4527 860 4566 nova:
901 4512 1044 4566 inter
1075 4511 1324 4568 homines
1355 4516 1638 4585 gravitatis
1683 4531 1781 4587 pa-

203 4599 383 4657 tientia
416 4604 532 4659 cst?
556 4617 674 4674 qua:
699 4605 921 4675 pudoris
944 4607 1306 4662 verecundia?
1330 4623 1448 4678 quae
1474 4611 1779 4666 honestatis

203 4695 505 4752 modestia?
547 4713 667 4770 qua:
708 4701 992 4754 maturitas
1039 4701 1348 4771 sapientiae?
1380 4702 1496 4760 Non
1544 4714 1629 4760 est
1677 4705 1780 4760 ista

204 4783 436 4843 humana
467 4789 754 4855 institutio,
785 4804 885 4844 nec
914 4791 1196 4860 disciplina
1249 4794 1528 4848 mortalis:
1560 4795 1782 4851 cmlesle

204 4881 328 4935 mihi
359 4883 564 4952 aliquid
608 4883 662 4937 in
693 4893 910 4954 terreno
945 4898 1170 4952 corpore
1213 4885 1434 4940 redolet.
1473 4886 1609 4939 Puto
1638 4889 1783 4942 enim

207 4975 341 5039 quod
368 4959 585 5030 habitat
605 4975 661 5028 in
685 4973 1006 5046 quibusdam
1037 4975 1346 5030 hominibus
1375 4976 1535 5030 Deus.
1566 4977 1633 5030 Et
1661 4993 1784 5031 cum

208 5073 256 5120 te
299 5069 501 5125 Christi
549 5069 803 5124 famulam
847 5085 966 5125 esse
1036 5070 1371 5141 cognoverit,
1411 5069 1613 5139 majore
1668 5080 1785 5124 stu-

207 5172 329 5228 pore
383 5173 654 5232 teneatur,
700 5173 753 5218 et
799 5165 1000 5234 cogitet
1041 5165 1219 5234 qualis
1260 5165 1330 5219 sit
1372 5165 1461 5219 ille
1526 5166 1785 5221 Dominus

212 5252 355 5321 cujus
388 5256 512 5311 talis
547 5266 601 5311 ct
641 5257 836 5311 ancilla
860 5265 967 5323 est.
1013 5245 1071 5311 Si
1113 5258 1196 5314 vis
1225 5273 1347 5312 esse
1377 5273 1498 5312 cum
1543 5257 1781 5326 Christo,

212 5353 261 5396 et
290 5363 408 5403 cum
439 5347 656 5404 Christo
676 5359 884 5420 partem
913 5349 1130 5414 habere,
1177 5347 1376 5403 Christi
1410 5349 1506 5402 tibi
1536 5333 1784 5420 exemplo

213 5430 492 5490 vivendum
536 5445 641 5502 est,
685 5437 775 5506 qui
817 5437 885 5490 ab
916 5435 1060 5489 omni
1093 5435 1298 5491 malitia
1331 5436 1434 5490 fuit
1470 5446 1786 5492 extraneas.

213 5521 376 5582 Nemo
425 5537 475 5583 te
521 5528 951 5593 circumveniat;
1003 5543 1161 5582 nemo
1209 5536 1261 5581 te
1312 5527 1490 5581 fallaci
1539 5542 1787 5582 sermone

217 5617 448 5674 seducat.
490 5619 606 5675 Non
657 5620 759 5674 nisi
809 5629 1053 5684 sanctos,
1098 5627 1153 5684 et
1201 5620 1505 5690 simplices,
1542 5627 1597 5675 et
1633 5620 1788 5675 inno-

219 5717 424 5776 centes,
457 5719 512 5786 et
552 5728 714 5783 puros
759 5711 995 5767 cmlestis
1033 5710 1154 5764 aula
1186 5711 1441 5780 suscipit,
1489 5718 1544 5776 et
1579 5711 1785 5767 nullum

221 5801 353 5866 apud
379 5801 548 5858 Deum
587 5804 749 5858 habet
787 5803 991 5856 malitia
1027 5802 1221 5858 locum.
1268 5803 1350 5857 Ab
1371 5803 1517 5857 omni
1542 5803 1782 5873 nequitia

224 5878 278 5948 et
315 5894 433 5952 dolo
469 5898 725 5954 mundum
765 5912 885 5954 esse
927 5912 1148 5954 necesse
1198 5905 1282 5953 est
1305 5937 1320 5963 ,
1363 5896 1454 5970 qui
1496 5897 1648 5967 cupis
1690 5911 1782 5952 re-

1807 4648 1862 4710 D

1879 3416 2048 3463 tatem
2079 3409 2299 3474 cohibe,
2337 3417 2392 3463 et
2429 3408 2694 3479 quidquid
2743 3408 2875 3463 illud
2914 3417 2996 3476 est
3027 3409 3173 3482 quod
3222 3416 3347 3488 post
3390 3407 3478 3463 fa~

1881 3506 2028 3554 ctum
2075 3499 2452 3568 pmnitentiam
2497 3500 2723 3572 ingerit,
2763 3499 2910 3555 velut
2953 3497 3188 3570 proximi
3226 3499 3475 3556 criminis

1881 3590 2344 3648 abominationem
2379 3592 2608 3648 declina.
2663 3592 2807 3660 Satis
2849 3592 3198 3666 tranquillam
3227 3599 3283 3658 et
3318 3591 3471 3661 quie-

1882 3693 1993 3738 tam
2017 3685 2266 3739 convenit
2286 3701 2406 3740 esse
2428 3694 2684 3751 mentem,
2712 3693 2766 3754 et
2792 3685 2859 3754 ab
2885 3685 3032 3740 omni
3059 3684 3472 3758 perturbatione

1881 3775 2081 3844 furoris
2097 3777 2348 3844 alienam,
2373 3795 2493 3850 quae
2517 3779 2611 3834 Dei
2634 3777 3002 3838 habitaculum
3023 3793 3145 3832 esse
3181 3776 3474 3832 desiderat.

1880 3866 2015 3926 Cum
2037 3871 2339 3926 orationem
2362 3871 2638 3927 celebrare
2665 3871 2962 3938 desideras,
2991 3869 3153 3926 talem
3177 3878 3228 3926 te
3247 3870 3464 3938 exhibe,

1881 3965 2036 4036 quasi
2062 3981 2183 4036 qua:
2209 3965 2284 4020 sis
2309 3980 2431 4020 cum
2465 3965 2694 4038 Domino
2729 3964 2989 4040 locutura.
3034 3963 3166 4020 Cum
3196 3965 3468 4050 psalmum

1880 4057 2056 4122 dicis,
2101 4056 2256 4127 cujus
2308 4056 2472 4111 verba
2526 4057 2662 4112 dicis
2707 4072 2980 4129 agnosce:
3031 4064 3086 4110 et
3120 4056 3172 4110 in
3206 4071 3466 4125 compun-

1881 4149 2060 4202 ctione
2089 4148 2262 4220 magis
2303 4148 2469 4216 animi
2495 4188 2509 4214 ,
2545 4163 2707 4218 quam
2755 4148 2805 4201 in
2846 4147 3064 4202 tinnulae
3097 4147 3246 4201 vocis
3292 4145 3510 4224 dulce-I

1881 4237 2006 4294 dine
2029 4238 2316 4293 delectare.
2344 4238 2638 4308 Lacrymas
2661 4237 2803 4293 enim
2826 4238 3104 4309 psallentis
3131 4236 3273 4292 Deus
3299 4238 3474 4308 magis

1885 4344 2052 4398 quam
2098 4329 2246 4384 vocis
2292 4328 2521 4400 gratiam
2565 4330 2902 4399 comprobat.
2959 4327 3214 4383 Omnium
3248 4344 3475 4398 operum

1883 4429 1938 4475 et
1976 4419 2360 4490 cogitationum
2408 4431 2620 4476 tuarum
2659 4420 3054 4491 speculatorem
3084 4420 3250 4486 Deum
3285 4421 3466 4487 crede,

1885 4521 1939 4567 et
1969 4527 2098 4574 cave
2128 4528 2196 4567 ne
2226 4513 2354 4586 quid
2382 4513 2525 4592 quod
2555 4512 2749 4568 divinis
2778 4512 2950 4567 oculis
2973 4512 3251 4584 indignum
3282 4511 3351 4566 sit
3384 4520 3476 4566 aut

1887 4605 2130 4680 opereris
2163 4613 2255 4660 aut
2285 4606 2509 4678 cogites.
2546 4604 2768 4660 Crescat
2787 4603 2841 4658 in
2870 4612 2921 4658 te
2944 4619 3064 4659 cum
3092 4602 3247 4658 annis
3275 4603 3471 4676 gratia,

1890 4707 2102 4754 crescat
2130 4714 2252 4753 cum
2278 4707 2439 4754 aatate
2479 4697 2712 4767 justitia.
2748 4696 2918 4754 Omne
2959 4707 3170 4770 tempus
3200 4699 3254 4752 in
3283 4713 3390 4770 quo
3423 4706 3475 4752 te

1891 4806 1995 4845 non
2024 4791 2305 4846 meliorem
2351 4792 2619 4856 senseris,
2653 4791 2758 4845 hoc
2785 4797 2838 4844 te
2868 4790 3120 4844 existima
3154 4789 3472 4857 perdidisse.

1891 4879 2136 4952 Cteptum
2182 4880 2511 4952 virginitatis
2564 4880 2933 4950 prOpositum,
2979 4879 3046 4932 ad
3095 4877 3258 4932 linem
3303 4894 3474 4947 usque

1890 4990 2150 5030 conserva
2171 5014 2184 5038 ,
2235 4971 2361 5042 quia
2398 4987 2503 5046 non
2535 4970 2826 5025 inchoasse
2857 4977 3066 5042 tantum
3091 5010 3105 5038 ,
3151 4970 3243 5024 sed
3297 4967 3477 5041 perfe-

1893 5066 2031 5120 cisse
2058 5064 2273 5118 virtutis
2303 5071 2408 5118 est.
2445 5061 2576 5118 Esto
2610 5077 2740 5134 ergo
2762 5062 3012 5118 omnibus
3038 5061 3252 5116 vivendi
3277 5047 3474 5127 forma,

1889 5166 2007 5212 esto
2052 5154 2378 5224 exemplum.
2425 5153 2705 5228 Virginem
2749 5163 2802 5212 te
2852 5156 2907 5222 in
2956 5155 3206 5211 omnibus
3254 5153 3471 5210 exhibe.

1890 5245 1973 5300 Sit
2008 5253 2063 5300 et
2103 5244 2427 5300 inviolabilis
2476 5246 2818 5302 conversatio
2866 5263 2879 5298 :
2925 5254 2985 5299 ut
3030 5243 3276 5316 quisquis
3305 5245 3472 5298 vitam

1886 5345 2036 5392 tuam
2067 5336 2252 5392 audire
2297 5336 2487 5404 saltem
2531 5336 2836 5406 contigerit,
2888 5335 2942 5389 in
2995 5343 3200 5402 tantum
3244 5335 3346 5390 sibi
3393 5336 3476 5390 in-

1889 5431 2094 5503 telligat
2123 5431 2350 5503 gratiam
2380 5445 2446 5486 ex
2473 5439 2567 5484 tua
2596 5428 3010 5484 conversatione
3046 5428 3384 5494 transfundi,
3417 5436 3476 5483 ut

1890 5526 2018 5580 dum
2043 5535 2095 5580 te
2121 5524 2323 5579 imitari
2352 5521 2687 5579 concupiscit
2739 5521 2834 5576 Dei
2867 5519 3136 5576 sacrificio
3166 5528 3221 5575 et
3255 5520 3369 5594 ipse
3403 5519 3474 5574 sit

1890 5618 2101 5689 dignus.

1959 5708 2100 5763 Ecce
2130 5707 2325 5777 quibus
2355 5703 2725 5770 saluberrimis
2757 5704 3097 5760 documentis
3141 5703 3471 5760 sanctissimi

1885 5809 1941 5856 et
1988 5798 2339 5855 eruditissimi
2383 5798 2486 5852 viri
2537 5797 2647 5853 Deo
2710 5798 2918 5869 dicatas
2977 5798 3043 5872 ad
3097 5794 3473 5866 castimoniale

1883 5893 2218 5974 propositum
2249 5891 2572 5947 servandum
2613 5891 2924 5948 instituant.
2965 5890 3105 5947 Ecce
3146 5890 3343 5964 quibus
3375 5888 3471 5950 ἱιιιι
