  <div class='ocr_page' id='page_1' title='image "/cluster/home/n/w/nwhite01/storage/ocr_20150623/105/hvd.32044021109350/483.png"; bbox 0 0 4000 6460; ppageno 0'>
   <div class='ocr_carea' id='block_1_1' title="bbox 479 415 582 474">
    <p class='ocr_par' dir='ltr' id='par_1_1' title="bbox 479 415 582 474">
     <span class='ocr_line' id='line_1_1' title="bbox 479 415 582 474; baseline -0.019 0"><span class='ocrx_word' id='word_1_1' title='bbox 479 415 582 474; x_wconf 79' lang='lat'><strong>959</strong></span> 
     </span>
    </p>
   </div>
   <div class='ocr_carea' id='block_1_2' title="bbox 1403 391 2715 460">
    <p class='ocr_par' dir='ltr' id='par_1_2' title="bbox 1403 391 2715 460">
     <span class='ocr_line' id='line_1_2' title="bbox 1403 391 2715 460; baseline -0.01 1"><span class='ocrx_word' id='word_1_2' title='bbox 1403 414 1406 417; x_wconf 77' lang='grc'>’</span> <span class='ocrx_word' id='word_1_3' title='bbox 1473 397 1870 460; x_wconf 75' lang='lat' dir='ltr'><strong>AMALARIUS</strong></span> <span class='ocrx_word' id='word_1_4' title='bbox 1906 393 2319 456; x_wconf 79' lang='lat' dir='ltr'><strong>PRESBYTER</strong></span> <span class='ocrx_word' id='word_1_5' title='bbox 2355 391 2715 450; x_wconf 84' lang='lat' dir='ltr'><strong>METENSIS.</strong></span> 
     </span>
    </p>
   </div>
   <div class='ocr_carea' id='block_1_3' title="bbox 3618 402 3751 460">
    <p class='ocr_par' dir='ltr' id='par_1_3' title="bbox 3618 402 3751 460">
     <span class='ocr_line' id='line_1_3' title="bbox 3618 402 3751 460; baseline 0.015 -1"><span class='ocrx_word' id='word_1_6' title='bbox 3618 402 3751 460; x_wconf 79' lang='lat'><strong>960</strong></span> 
     </span>
    </p>
   </div>
   <div class='ocr_carea' id='block_1_4' title="bbox 479 511 3757 603">
    <p class='ocr_par' dir='ltr' id='par_1_4' title="bbox 479 511 3757 603">
     <span class='ocr_line' id='line_1_4' title="bbox 479 511 3757 603; baseline -0.004 -18"><span class='ocrx_word' id='word_1_7' title='bbox 479 529 709 603; x_wconf 77' lang='lat' dir='ltr'><strong>signium</strong></span> <span class='ocrx_word' id='word_1_8' title='bbox 750 525 1007 580; x_wconf 86' lang='lat' dir='ltr'><strong>virtutum</strong></span> <span class='ocrx_word' id='word_1_9' title='bbox 1047 520 1376 578; x_wconf 78' lang='lat' dir='ltr'><strong>indumentis</strong></span> <span class='ocrx_word' id='word_1_10' title='bbox 1425 534 1519 575; x_wconf 89' lang='lat' dir='ltr'><strong>eas</strong></span> <span class='ocrx_word' id='word_1_11' title='bbox 1556 525 1850 582; x_wconf 75' lang='lat' dir='ltr'><strong>exornant,</strong></span> <span class='ocrx_word' id='word_1_12' title='bbox 1889 524 1948 571; x_wconf 91' lang='lat' dir='ltr'><strong>ut</strong></span> <span class='ocrx_word' id='word_1_13' title='bbox 1983 515 2047 570; x_wconf 82' lang='lat' dir='ltr'><strong>il-</strong></span> <span class='ocrx_word' id='word_1_14' title='bbox 2071 513 2126 576; x_wconf 80' lang='grc' dir='ltr'><strong>Α</strong></span> <span class='ocrx_word' id='word_1_15' title='bbox 2148 511 2412 603; x_wconf 76' lang='lat' dir='ltr'><strong>tissimam</strong></span> <span class='ocrx_word' id='word_1_16' title='bbox 2438 525 2630 603; x_wconf 75' lang='lat' dir='ltr'><strong>curam</strong></span> <span class='ocrx_word' id='word_1_17' title='bbox 2665 521 2995 603; x_wconf 83' lang='lat' dir='ltr'><strong>gerant,ne</strong></span> <span class='ocrx_word' id='word_1_18' title='bbox 3032 512 3137 569; x_wconf 87' lang='lat' dir='ltr'><strong>illis</strong></span> <span class='ocrx_word' id='word_1_19' title='bbox 3173 515 3486 574; x_wconf 79' lang='lat' dir='ltr'><strong>absentibus</strong></span> <span class='ocrx_word' id='word_1_20' title='bbox 3525 522 3757 592; x_wconf 61' lang='lat' dir='ltr'><strong>praeda:</strong></span> 
     </span>
    </p>
   </div>
   <div class='ocr_carea' id='block_1_5' title="bbox 478 611 2054 692">
    <p class='ocr_par' dir='ltr' id='par_1_5' title="bbox 478 611 2054 692">
     <span class='ocr_line' id='line_1_5' title="bbox 478 611 2054 692; baseline -0.008 -12"><span class='ocrx_word' id='word_1_21' title='bbox 478 625 582 680; x_wconf 89' lang='lat' dir='ltr'><strong>lius</strong></span> <span class='ocrx_word' id='word_1_22' title='bbox 630 619 840 692; x_wconf 85' lang='lat' dir='ltr'><strong>sponsi,</strong></span> <span class='ocrx_word' id='word_1_23' title='bbox 893 616 981 673; x_wconf 91' lang='lat' dir='ltr'><strong>cui</strong></span> <span class='ocrx_word' id='word_1_24' title='bbox 1023 631 1081 672; x_wconf 91' lang='lat' dir='ltr'><strong>se</strong></span> <span class='ocrx_word' id='word_1_25' title='bbox 1128 615 1461 679; x_wconf 89' lang='lat' dir='ltr'><strong>dicaverunt,</strong></span> <span class='ocrx_word' id='word_1_26' title='bbox 1509 611 1843 682; x_wconf 79' lang='lat' dir='ltr'><strong>amplexibus</strong></span> <span class='ocrx_word' id='word_1_27' title='bbox 1883 612 2054 682; x_wconf 70' lang='lat' dir='ltr'><strong>digna:</strong></span> 
     </span>
    </p>
   </div>
   <div class='ocr_carea' id='block_1_6' title="bbox 480 702 2051 774">
    <p class='ocr_par' dir='ltr' id='par_1_6' title="bbox 480 702 2051 774">
     <span class='ocr_line' id='line_1_6' title="bbox 480 702 2051 774; baseline -0.011 0"><span class='ocrx_word' id='word_1_28' title='bbox 480 719 631 774; x_wconf 81' lang='lat' dir='ltr'><strong>ﬁant.</strong></span> <span class='ocrx_word' id='word_1_29' title='bbox 674 711 829 771; x_wconf 86' lang='lat' dir='ltr'><strong>Unde</strong></span> <span class='ocrx_word' id='word_1_30' title='bbox 876 709 1107 766; x_wconf 77' lang='lat' dir='ltr'><strong>solerter</strong></span> <span class='ocrx_word' id='word_1_31' title='bbox 1159 703 1660 763; x_wconf 90' lang='lat' dir='ltr'><strong>sanctimonialibus</strong></span> <span class='ocrx_word' id='word_1_32' title='bbox 1720 702 2051 773; x_wconf 84' lang='lat' dir='ltr'><strong>vigilandum</strong></span> 
     </span>
    </p>
   </div>
   <div class='ocr_carea' id='block_1_7' title="bbox 480 791 2056 874">
    <p class='ocr_par' dir='ltr' id='par_1_7' title="bbox 480 791 2056 874">
     <span class='ocr_line' id='line_1_7' title="bbox 480 791 2056 874; baseline -0.011 -10"><span class='ocrx_word' id='word_1_33' title='bbox 480 816 592 874; x_wconf 88' lang='lat' dir='ltr'><strong>est,</strong></span> <span class='ocrx_word' id='word_1_34' title='bbox 647 812 708 860; x_wconf 85' lang='lat' dir='ltr'><strong>ut</strong></span> <span class='ocrx_word' id='word_1_35' title='bbox 758 808 1030 858; x_wconf 86' lang='lat' dir='ltr'><strong>tantorum</strong></span> <span class='ocrx_word' id='word_1_36' title='bbox 1074 797 1288 852; x_wconf 87' lang='lat' dir='ltr'><strong>Patrem</strong></span> <span class='ocrx_word' id='word_1_37' title='bbox 1332 794 1645 850; x_wconf 88' lang='lat' dir='ltr'><strong>obedienter</strong></span> <span class='ocrx_word' id='word_1_38' title='bbox 1687 791 2056 863; x_wconf 77' lang='lat' dir='ltr'><strong>obtemperent</strong></span> 
     </span>
    </p>
   </div>
   <div class='ocr_carea' id='block_1_8' title="bbox 481 882 2056 956">
    <p class='ocr_par' dir='ltr' id='par_1_8' title="bbox 481 882 2056 956">
     <span class='ocr_line' id='line_1_8' title="bbox 481 882 2056 956; baseline -0.011 -1"><span class='ocrx_word' id='word_1_39' title='bbox 481 898 702 956; x_wconf 77' lang='lat' dir='ltr'><strong>monitis</strong></span> <span class='ocrx_word' id='word_1_40' title='bbox 745 911 762 950; x_wconf 89' lang='lat'><strong>:</strong></span> <span class='ocrx_word' id='word_1_41' title='bbox 821 908 888 948; x_wconf 92' lang='lat' dir='ltr'><strong>ne</strong></span> <span class='ocrx_word' id='word_1_42' title='bbox 936 890 1142 946; x_wconf 87' lang='lat' dir='ltr'><strong>scilicet</strong></span> <span class='ocrx_word' id='word_1_43' title='bbox 1194 888 1278 943; x_wconf 89' lang='lat' dir='ltr'><strong>his</strong></span> <span class='ocrx_word' id='word_1_44' title='bbox 1326 885 1672 949; x_wconf 89' lang='lat' dir='ltr'><strong>resultando,</strong></span> <span class='ocrx_word' id='word_1_45' title='bbox 1722 899 1846 938; x_wconf 91' lang='lat' dir='ltr'><strong>cum</strong></span> <span class='ocrx_word' id='word_1_46' title='bbox 1893 882 2056 937; x_wconf 83' lang='lat' dir='ltr'><strong>fatuis</strong></span> 
     </span>
    </p>
   </div>
   <div class='ocr_carea' id='block_1_9' title="bbox 481 974 2056 1064">
    <p class='ocr_par' dir='ltr' id='par_1_9' title="bbox 481 974 2056 1064">
     <span class='ocr_line' id='line_1_9' title="bbox 481 974 2056 1064; baseline -0.015 -17"><span class='ocrx_word' id='word_1_47' title='bbox 481 989 779 1064; x_wconf 78' lang='lat' dir='ltr'><strong>virginibus</strong></span> <span class='ocrx_word' id='word_1_48' title='bbox 823 984 1219 1056; x_wconf 90' lang='lat' dir='ltr'><strong>reprobentur,</strong></span> <span class='ocrx_word' id='word_1_49' title='bbox 1265 979 1358 1034; x_wconf 90' lang='lat' dir='ltr'><strong>sed</strong></span> <span class='ocrx_word' id='word_1_50' title='bbox 1416 977 1596 1047; x_wconf 82' lang='lat' dir='ltr'><strong>potius</strong></span> <span class='ocrx_word' id='word_1_51' title='bbox 1639 974 1878 1046; x_wconf 89' lang='lat' dir='ltr'><strong>parendo</strong></span> <span class='ocrx_word' id='word_1_52' title='bbox 1932 988 2056 1064; x_wconf 78' lang='lat' dir='ltr'><strong>cum</strong></span> 
     </span>
    </p>
   </div>
   <div class='ocr_carea' id='block_1_10' title="bbox 482 1062 2057 1153">
    <p class='ocr_par' dir='ltr' id='par_1_10' title="bbox 482 1062 2057 1153">
     <span class='ocr_line' id='line_1_10' title="bbox 482 1062 2057 1153; baseline -0.012 -17"><span class='ocrx_word' id='word_1_53' title='bbox 482 1062 836 1153; x_wconf 86' lang='lat' dir='ltr'><strong>prudentibus</strong></span> <span class='ocrx_word' id='word_1_54' title='bbox 902 1072 1101 1128; x_wconf 85' lang='lat' dir='ltr'><strong>Christi</strong></span> <span class='ocrx_word' id='word_1_55' title='bbox 1174 1069 1412 1124; x_wconf 90' lang='lat' dir='ltr'><strong>thalamo</strong></span> <span class='ocrx_word' id='word_1_56' title='bbox 1477 1066 1850 1121; x_wconf 74' lang='lat' dir='ltr'><strong>admittuntur.</strong></span> <span class='ocrx_word' id='word_1_57' title='bbox 1925 1062 2057 1118; x_wconf 90' lang='lat' dir='ltr'><strong>Dili-</strong></span> 
     </span>
    </p>
   </div>
   <div class='ocr_carea' id='block_1_11' title="bbox 484 1159 2055 1248">
    <p class='ocr_par' dir='ltr' id='par_1_11' title="bbox 484 1159 2055 1248">
     <span class='ocr_line' id='line_1_11' title="bbox 484 1159 2055 1248; baseline -0.012 -18"><span class='ocrx_word' id='word_1_58' title='bbox 484 1183 674 1248; x_wconf 78' lang='lat' dir='ltr'><strong>genter</strong></span> <span class='ocrx_word' id='word_1_59' title='bbox 718 1173 896 1240; x_wconf 87' lang='lat' dir='ltr'><strong>itaque</strong></span> <span class='ocrx_word' id='word_1_60' title='bbox 943 1165 1257 1223; x_wconf 90' lang='lat' dir='ltr'><strong>eorumdem</strong></span> <span class='ocrx_word' id='word_1_61' title='bbox 1311 1170 1623 1218; x_wconf 83' lang='lat' dir='ltr'><strong>sanctorum</strong></span> <span class='ocrx_word' id='word_1_62' title='bbox 1665 1159 1888 1214; x_wconf 88' lang='lat' dir='ltr'><strong>Patrum</strong></span> <span class='ocrx_word' id='word_1_63' title='bbox 1929 1173 2055 1212; x_wconf 87' lang='lat' dir='ltr'><strong>sen-</strong></span> 
     </span>
    </p>
   </div>
   <div class='ocr_carea' id='block_1_12' title="bbox 486 1253 2059 1337">
    <p class='ocr_par' dir='ltr' id='par_1_12' title="bbox 486 1253 2059 1337">
     <span class='ocr_line' id='line_1_12' title="bbox 486 1253 2059 1337; baseline -0.01 -15"><span class='ocrx_word' id='word_1_64' title='bbox 486 1267 667 1322; x_wconf 87' lang='lat' dir='ltr'><strong>tentiis</strong></span> <span class='ocrx_word' id='word_1_65' title='bbox 710 1261 1002 1337; x_wconf 87' lang='lat' dir='ltr'><strong>praelibatis</strong></span> <span class='ocrx_word' id='word_1_66' title='bbox 1028 1300 1044 1324; x_wconf 95' lang='lat'><strong>,</strong></span> <span class='ocrx_word' id='word_1_67' title='bbox 1090 1259 1307 1330; x_wconf 90' lang='lat' dir='ltr'><strong>dignum</strong></span> <span class='ocrx_word' id='word_1_68' title='bbox 1347 1264 1402 1311; x_wconf 94' lang='lat' dir='ltr'><strong>et</strong></span> <span class='ocrx_word' id='word_1_69' title='bbox 1446 1255 1810 1311; x_wconf 87' lang='lat' dir='ltr'><strong>necessarium</strong></span> <span class='ocrx_word' id='word_1_70' title='bbox 1854 1253 2059 1322; x_wconf 87' lang='lat' dir='ltr'><strong>judica-</strong></span> 
     </span>
    </p>
   </div>
   <div class='ocr_carea' id='block_1_13' title="bbox 482 1344 2053 1426">
    <p class='ocr_par' dir='ltr' id='par_1_13' title="bbox 482 1344 2053 1426">
     <span class='ocr_line' id='line_1_13' title="bbox 482 1344 2053 1426; baseline -0.01 -12"><span class='ocrx_word' id='word_1_71' title='bbox 482 1359 678 1421; x_wconf 90' lang='lat' dir='ltr'><strong>vimus,</strong></span> <span class='ocrx_word' id='word_1_72' title='bbox 706 1370 802 1426; x_wconf 91' lang='lat' dir='ltr'><strong>per</strong></span> <span class='ocrx_word' id='word_1_73' title='bbox 824 1352 1031 1423; x_wconf 87' lang='lat' dir='ltr'><strong>singula</strong></span> <span class='ocrx_word' id='word_1_74' title='bbox 1066 1351 1243 1421; x_wconf 90' lang='lat' dir='ltr'><strong>capita</strong></span> <span class='ocrx_word' id='word_1_75' title='bbox 1277 1347 1611 1418; x_wconf 84' lang='lat' dir='ltr'><strong>distinguere</strong></span> <span class='ocrx_word' id='word_1_76' title='bbox 1639 1345 1766 1416; x_wconf 91' lang='lat' dir='ltr'><strong>quid</strong></span> <span class='ocrx_word' id='word_1_77' title='bbox 1799 1344 2053 1414; x_wconf 65' lang='lat' dir='ltr'><strong>prtclatis,</strong></span> 
     </span>
    </p>
   </div>
   <div class='ocr_carea' id='block_1_14' title="bbox 483 1438 2059 1519">
    <p class='ocr_par' dir='ltr' id='par_1_14' title="bbox 483 1438 2059 1519">
     <span class='ocr_line' id='line_1_14' title="bbox 483 1438 2059 1519; baseline -0.007 -17"><span class='ocrx_word' id='word_1_78' title='bbox 483 1448 677 1519; x_wconf 88' lang='lat' dir='ltr'><strong>quidve</strong></span> <span class='ocrx_word' id='word_1_79' title='bbox 711 1445 940 1500; x_wconf 88' lang='lat' dir='ltr'><strong>subditis</strong></span> <span class='ocrx_word' id='word_1_80' title='bbox 977 1442 1372 1498; x_wconf 85' lang='lat' dir='ltr'><strong>observandum</strong></span> <span class='ocrx_word' id='word_1_81' title='bbox 1419 1440 1509 1494; x_wconf 88' lang='lat' dir='ltr'><strong>sit.</strong></span> <span class='ocrx_word' id='word_1_82' title='bbox 1547 1439 1614 1492; x_wconf 87' lang='lat' dir='ltr'><strong>Et</strong></span> <span class='ocrx_word' id='word_1_83' title='bbox 1649 1438 1900 1507; x_wconf 88' lang='lat' dir='ltr'><strong>quoniam</strong></span> <span class='ocrx_word' id='word_1_84' title='bbox 1935 1438 2059 1492; x_wconf 85' lang='lat' dir='ltr'><strong>sub-</strong></span> 
     </span>
    </p>
   </div>
   <div class='ocr_carea' id='block_1_15' title="bbox 483 1528 2056 1601">
    <p class='ocr_par' dir='ltr' id='par_1_15' title="bbox 483 1528 2056 1601">
     <span class='ocr_line' id='line_1_15' title="bbox 483 1528 2056 1601; baseline -0.008 -7"><span class='ocrx_word' id='word_1_85' title='bbox 483 1539 715 1594; x_wconf 88' lang='lat' dir='ltr'><strong>ditarum</strong></span> <span class='ocrx_word' id='word_1_86' title='bbox 757 1537 866 1590; x_wconf 89' lang='lat' dir='ltr'><strong>vita</strong></span> <span class='ocrx_word' id='word_1_87' title='bbox 906 1533 1243 1590; x_wconf 68' lang='lat' dir='ltr'><strong>nrazlatarum</strong></span> <span class='ocrx_word' id='word_1_88' title='bbox 1279 1541 1362 1588; x_wconf 89' lang='lat' dir='ltr'><strong>est</strong></span> <span class='ocrx_word' id='word_1_89' title='bbox 1395 1531 1656 1601; x_wconf 85' lang='lat' dir='ltr'><strong>exemplis</strong></span> <span class='ocrx_word' id='word_1_90' title='bbox 1693 1528 2056 1594; x_wconf 81' lang='lat' dir='ltr'><strong>informanda,</strong></span> 
     </span>
    </p>
   </div>
   <div class='ocr_carea' id='block_1_16' title="bbox 481 1620 2061 1700">
    <p class='ocr_par' dir='ltr' id='par_1_16' title="bbox 481 1620 2061 1700">
     <span class='ocr_line' id='line_1_16' title="bbox 481 1620 2061 1700; baseline -0.007 -16"><span class='ocrx_word' id='word_1_91' title='bbox 481 1630 716 1700; x_wconf 85' lang='lat' dir='ltr'><strong>primum</strong></span> <span class='ocrx_word' id='word_1_92' title='bbox 747 1628 935 1697; x_wconf 89' lang='lat' dir='ltr'><strong>quales</strong></span> <span class='ocrx_word' id='word_1_93' title='bbox 965 1627 1196 1680; x_wconf 86' lang='lat' dir='ltr'><strong>debeant</strong></span> <span class='ocrx_word' id='word_1_94' title='bbox 1217 1624 1506 1679; x_wconf 66' lang='lat' dir='ltr'><strong>abbatissae</strong></span> <span class='ocrx_word' id='word_1_95' title='bbox 1528 1622 1806 1687; x_wconf 91' lang='lat' dir='ltr'><strong>constitui,</strong></span> <span class='ocrx_word' id='word_1_96' title='bbox 1831 1620 2061 1691; x_wconf 84' lang='lat' dir='ltr'><strong>qualiter</strong></span> 
     </span>
    </p>
   </div>
   <div class='ocr_carea' id='block_1_17' title="bbox 483 1715 2062 1790">
    <p class='ocr_par' dir='ltr' id='par_1_17' title="bbox 483 1715 2062 1790">
     <span class='ocr_line' id='line_1_17' title="bbox 483 1715 2062 1790; baseline -0.006 -14"><span class='ocrx_word' id='word_1_97' title='bbox 483 1723 562 1776; x_wconf 92' lang='lat' dir='ltr'><strong>eis</strong></span> <span class='ocrx_word' id='word_1_98' title='bbox 583 1720 890 1785; x_wconf 89' lang='lat' dir='ltr'><strong>vivendum,</strong></span> <span class='ocrx_word' id='word_1_99' title='bbox 920 1719 1150 1790; x_wconf 86' lang='lat' dir='ltr'><strong>qualiter</strong></span> <span class='ocrx_word' id='word_1_100' title='bbox 1178 1717 1419 1772; x_wconf 89' lang='lat' dir='ltr'><strong>subditas</strong></span> <span class='ocrx_word' id='word_1_101' title='bbox 1455 1715 1881 1787; x_wconf 86' lang='lat' dir='ltr'><strong>gubernandum,</strong></span> <span class='ocrx_word' id='word_1_102' title='bbox 1929 1729 2062 1783; x_wconf 91' lang='lat' dir='ltr'><strong>qua-</strong></span> 
     </span>
    </p>
   </div>
   <div class='ocr_carea' id='block_1_18' title="bbox 484 1806 2062 1875">
    <p class='ocr_par' dir='ltr' id='par_1_18' title="bbox 484 1806 2062 1875">
     <span class='ocr_line' id='line_1_18' title="bbox 484 1806 2062 1875; baseline -0.007 -4"><span class='ocrx_word' id='word_1_103' title='bbox 484 1817 675 1872; x_wconf 88' lang='lat' dir='ltr'><strong>literve</strong></span> <span class='ocrx_word' id='word_1_104' title='bbox 702 1815 754 1870; x_wconf 90' lang='lat' dir='ltr'><strong>in</strong></span> <span class='ocrx_word' id='word_1_105' title='bbox 792 1813 1135 1869; x_wconf 87' lang='lat' dir='ltr'><strong>monasteriis</strong></span> <span class='ocrx_word' id='word_1_106' title='bbox 1166 1811 1507 1867; x_wconf 81' lang='lat' dir='ltr'><strong>residendutn</strong></span> <span class='ocrx_word' id='word_1_107' title='bbox 1531 1850 1545 1875; x_wconf 95' lang='lat'><strong>,</strong></span> <span class='ocrx_word' id='word_1_108' title='bbox 1579 1816 1635 1864; x_wconf 91' lang='lat' dir='ltr'><strong>et</strong></span> <span class='ocrx_word' id='word_1_109' title='bbox 1665 1808 1926 1863; x_wconf 88' lang='lat' dir='ltr'><strong>instanter</strong></span> <span class='ocrx_word' id='word_1_110' title='bbox 1959 1806 2062 1860; x_wconf 82' lang='lat' dir='ltr'><strong>Do-</strong></span> 
     </span>
    </p>
   </div>
   <div class='ocr_carea' id='block_1_19' title="bbox 2150 601 3762 674">
    <p class='ocr_par' dir='ltr' id='par_1_19' title="bbox 2150 601 3762 674">
     <span class='ocr_line' id='line_1_19' title="bbox 2150 601 3762 674; baseline 0.01 -18"><span class='ocrx_word' id='word_1_111' title='bbox 2150 601 2282 656; x_wconf 83' lang='lat' dir='ltr'><strong>ﬁant</strong></span> <span class='ocrx_word' id='word_1_112' title='bbox 2319 601 2548 656; x_wconf 68' lang='lat' dir='ltr'><strong>subditae</strong></span> <span class='ocrx_word' id='word_1_113' title='bbox 2590 602 2874 658; x_wconf 78' lang='lat' dir='ltr'><strong>invisibilis</strong></span> <span class='ocrx_word' id='word_1_114' title='bbox 2899 602 3028 674; x_wconf 92' lang='lat' dir='ltr'><strong>lupi.</strong></span> <span class='ocrx_word' id='word_1_115' title='bbox 3071 605 3268 673; x_wconf 87' lang='lat' dir='ltr'><strong>Quales</strong></span> <span class='ocrx_word' id='word_1_116' title='bbox 3291 609 3452 664; x_wconf 90' lang='lat' dir='ltr'><strong>etiam</strong></span> <span class='ocrx_word' id='word_1_117' title='bbox 3484 627 3614 668; x_wconf 83' lang='lat' dir='ltr'><strong>esse</strong></span> <span class='ocrx_word' id='word_1_118' title='bbox 3649 616 3762 671; x_wconf 82' lang='lat' dir='ltr'><strong>de-</strong></span> 
     </span>
    </p>
   </div>
   <div class='ocr_carea' id='block_1_20' title="bbox 2148 692 3762 778">
    <p class='ocr_par' dir='ltr' id='par_1_20' title="bbox 2148 692 3762 778">
     <span class='ocr_line' id='line_1_20' title="bbox 2148 692 3762 778; baseline 0.009 -30"><span class='ocrx_word' id='word_1_119' title='bbox 2148 693 2314 748; x_wconf 86' lang='lat' dir='ltr'><strong>beant</strong></span> <span class='ocrx_word' id='word_1_120' title='bbox 2340 692 2611 748; x_wconf 89' lang='lat' dir='ltr'><strong>ductrices</strong></span> <span class='ocrx_word' id='word_1_121' title='bbox 2634 694 2961 761; x_wconf 86' lang='lat' dir='ltr'><strong>animarum,</strong></span> <span class='ocrx_word' id='word_1_122' title='bbox 2995 706 3214 754; x_wconf 84' lang='lat' dir='ltr'><strong>sanctus</strong></span> <span class='ocrx_word' id='word_1_123' title='bbox 3239 699 3510 758; x_wconf 82' lang='lat' dir='ltr'><strong>Caesarius</strong></span> <span class='ocrx_word' id='word_1_124' title='bbox 3541 705 3595 760; x_wconf 87' lang='lat' dir='ltr'><strong>in</strong></span> <span class='ocrx_word' id='word_1_125' title='bbox 3626 709 3762 778; x_wconf 75' lang='lat' dir='ltr'><strong>epi-</strong></span> 
     </span>
    </p>
   </div>
   <div class='ocr_carea' id='block_1_21' title="bbox 2151 785 3764 869">
    <p class='ocr_par' dir='ltr' id='par_1_21' title="bbox 2151 785 3764 869">
     <span class='ocr_line' id='line_1_21' title="bbox 2151 785 3764 869; baseline 0.007 -29"><span class='ocrx_word' id='word_1_126' title='bbox 2151 785 2287 840; x_wconf 91' lang='lat' dir='ltr'><strong>stola</strong></span> <span class='ocrx_word' id='word_1_127' title='bbox 2325 801 2486 855; x_wconf 91' lang='lat' dir='ltr'><strong>quam</strong></span> <span class='ocrx_word' id='word_1_128' title='bbox 2526 785 2591 840; x_wconf 91' lang='lat' dir='ltr'><strong>ad</strong></span> <span class='ocrx_word' id='word_1_129' title='bbox 2624 786 2930 842; x_wconf 86' lang='lat' dir='ltr'><strong>Oratoriam</strong></span> <span class='ocrx_word' id='word_1_130' title='bbox 2970 789 3303 846; x_wconf 85' lang='lat' dir='ltr'><strong>abbatissam</strong></span> <span class='ocrx_word' id='word_1_131' title='bbox 3347 795 3588 866; x_wconf 88' lang='lat' dir='ltr'><strong>scripsit,</strong></span> <span class='ocrx_word' id='word_1_132' title='bbox 3630 799 3764 869; x_wconf 81' lang='lat' dir='ltr'><strong>ple-</strong></span> 
     </span>
    </p>
   </div>
   <div class='ocr_carea' id='block_1_22' title="bbox 2152 875 3764 952">
    <p class='ocr_par' dir='ltr' id='par_1_22' title="bbox 2152 875 3764 952">
     <span class='ocr_line' id='line_1_22' title="bbox 2152 875 3764 952; baseline 0.009 -21"><span class='ocrx_word' id='word_1_133' title='bbox 2152 876 2374 931; x_wconf 84' lang='lat' dir='ltr'><strong>nissime</strong></span> <span class='ocrx_word' id='word_1_134' title='bbox 2397 875 2554 932; x_wconf 89' lang='lat' dir='ltr'><strong>docet</strong></span> <span class='ocrx_word' id='word_1_135' title='bbox 2583 894 2595 930; x_wconf 86' lang='lat'><strong>:</strong></span> <span class='ocrx_word' id='word_1_136' title='bbox 2629 892 2697 932; x_wconf 82' lang='lat' dir='ltr'><strong>ex</strong></span> <span class='ocrx_word' id='word_1_137' title='bbox 2731 892 2838 947; x_wconf 89' lang='lat' dir='ltr'><strong>qua</strong></span> <span class='ocrx_word' id='word_1_138' title='bbox 2879 880 3124 949; x_wconf 82' lang='lat' dir='ltr'><strong>quaedam</strong></span> <span class='ocrx_word' id='word_1_139' title='bbox 3169 883 3399 952; x_wconf 91' lang='lat' dir='ltr'><strong>capitula</strong></span> <span class='ocrx_word' id='word_1_140' title='bbox 3425 887 3494 940; x_wconf 93' lang='lat' dir='ltr'><strong>ob</strong></span> <span class='ocrx_word' id='word_1_141' title='bbox 3542 887 3764 945; x_wconf 79' lang='lat' dir='ltr'><strong>instru-</strong></span> 
     </span>
    </p>
   </div>
   <div class='ocr_carea' id='block_1_23' title="bbox 2154 970 3761 1049">
    <p class='ocr_par' dir='ltr' id='par_1_23' title="bbox 2154 970 3761 1049">
     <span class='ocr_line' id='line_1_23' title="bbox 2154 970 3761 1049; baseline 0.006 -23"><span class='ocrx_word' id='word_1_142' title='bbox 2154 971 2387 1026; x_wconf 88' lang='lat' dir='ltr'><strong>ctionem</strong></span> <span class='ocrx_word' id='word_1_143' title='bbox 2436 970 2830 1025; x_wconf 88' lang='lat' dir='ltr'><strong>abbatissarum</strong></span> <span class='ocrx_word' id='word_1_144' title='bbox 2875 986 3199 1043; x_wconf 77' lang='lat' dir='ltr'><strong>excerpere,</strong></span> <span class='ocrx_word' id='word_1_145' title='bbox 3244 983 3298 1030; x_wconf 89' lang='lat' dir='ltr'><strong>et</strong></span> <span class='ocrx_word' id='word_1_146' title='bbox 3333 977 3460 1032; x_wconf 90' lang='lat' dir='ltr'><strong>huic</strong></span> <span class='ocrx_word' id='word_1_147' title='bbox 3499 981 3761 1049; x_wconf 87' lang='lat' dir='ltr'><strong>capitulo</strong></span> 
     </span>
    </p>
   </div>
   <div class='ocr_carea' id='block_1_24' title="bbox 2155 1060 3758 1140">
    <p class='ocr_par' dir='ltr' id='par_1_24' title="bbox 2155 1060 3758 1140">
     <span class='ocr_line' id='line_1_24' title="bbox 2155 1060 3758 1140; baseline 0.007 -26"><span class='ocrx_word' id='word_1_148' title='bbox 2155 1068 2442 1115; x_wconf 87' lang='lat' dir='ltr'><strong>annectere</strong></span> <span class='ocrx_word' id='word_1_149' title='bbox 2467 1061 2798 1115; x_wconf 86' lang='lat' dir='ltr'><strong>curavimus.</strong></span> <span class='ocrx_word' id='word_1_150' title='bbox 2829 1060 2972 1117; x_wconf 84' lang='lat' dir='ltr'><strong>Dicit</strong></span> <span class='ocrx_word' id='word_1_151' title='bbox 2992 1063 3134 1118; x_wconf 91' lang='lat' dir='ltr'><strong>enim</strong></span> <span class='ocrx_word' id='word_1_152' title='bbox 3160 1064 3237 1118; x_wconf 90' lang='lat' dir='ltr'><strong>ita</strong></span> <span class='ocrx_word' id='word_1_153' title='bbox 3263 1083 3275 1117; x_wconf 90' lang='lat'><strong>:</strong></span> <span class='ocrx_word' id='word_1_154' title='bbox 3309 1066 3449 1121; x_wconf 81' lang='lat' dir='ltr'><strong>Audi</strong></span> <span class='ocrx_word' id='word_1_155' title='bbox 3473 1083 3611 1140; x_wconf 83' lang='lat' dir='ltr'><strong>ergo</strong></span> <span class='ocrx_word' id='word_1_156' title='bbox 3638 1087 3758 1138; x_wconf 85' lang='lat' dir='ltr'><strong>me,</strong></span> 
     </span>
    </p>
   </div>
   <div class='ocr_carea' id='block_1_25' title="bbox 2155 1151 3760 1230">
    <p class='ocr_par' dir='ltr' id='par_1_25' title="bbox 2155 1151 3760 1230">
     <span class='ocr_line' id='line_1_25' title="bbox 2155 1151 3760 1230; baseline 0.007 -23"><span class='ocrx_word' id='word_1_157' title='bbox 2155 1151 2463 1207; x_wconf 90' lang='lat' dir='ltr'><strong>dulcissima</strong></span> <span class='ocrx_word' id='word_1_158' title='bbox 2501 1166 2677 1217; x_wconf 89' lang='lat' dir='ltr'><strong>soror,</strong></span> <span class='ocrx_word' id='word_1_159' title='bbox 2712 1161 2768 1207; x_wconf 93' lang='lat' dir='ltr'><strong>et</strong></span> <span class='ocrx_word' id='word_1_160' title='bbox 2799 1152 2929 1208; x_wconf 83' lang='lat' dir='ltr'><strong>lilia.</strong></span> <span class='ocrx_word' id='word_1_161' title='bbox 2978 1155 3055 1208; x_wconf 89' lang='lat' dir='ltr'><strong>Tu</strong></span> <span class='ocrx_word' id='word_1_162' title='bbox 3084 1166 3569 1230; x_wconf 85' lang='lat' dir='ltr'><strong>quantumcunque</strong></span> <span class='ocrx_word' id='word_1_163' title='bbox 3604 1177 3760 1217; x_wconf 83' lang='lat' dir='ltr'><strong>sem-</strong></span> 
     </span>
    </p>
   </div>
   <div class='ocr_carea' id='block_1_26' title="bbox 2155 1247 3762 1326">
    <p class='ocr_par' dir='ltr' id='par_1_26' title="bbox 2155 1247 3762 1326">
     <span class='ocr_line' id='line_1_26' title="bbox 2155 1247 3762 1326; baseline 0.007 -26"><span class='ocrx_word' id='word_1_164' title='bbox 2155 1261 2252 1317; x_wconf 86' lang='lat' dir='ltr'><strong>per</strong></span> <span class='ocrx_word' id='word_1_165' title='bbox 2292 1247 2348 1301; x_wconf 88' lang='lat' dir='ltr'><strong>in</strong></span> <span class='ocrx_word' id='word_1_166' title='bbox 2393 1248 2586 1304; x_wconf 89' lang='lat' dir='ltr'><strong>studiis</strong></span> <span class='ocrx_word' id='word_1_167' title='bbox 2630 1249 2963 1318; x_wconf 86' lang='lat' dir='ltr'><strong>spiritalibus</strong></span> <span class='ocrx_word' id='word_1_168' title='bbox 2988 1253 3240 1322; x_wconf 85' lang='lat' dir='ltr'><strong>occupari</strong></span> <span class='ocrx_word' id='word_1_169' title='bbox 3272 1252 3592 1319; x_wconf 87' lang='lat' dir='ltr'><strong>desideras,</strong></span> <span class='ocrx_word' id='word_1_170' title='bbox 3626 1272 3762 1326; x_wconf 89' lang='lat' dir='ltr'><strong>pro-</strong></span> 
     </span>
    </p>
   </div>
   <div class='ocr_carea' id='block_1_27' title="bbox 2156 1342 3761 1411">
    <p class='ocr_par' dir='ltr' id='par_1_27' title="bbox 2156 1342 3761 1411">
     <span class='ocr_line' id='line_1_27' title="bbox 2156 1342 3761 1411; baseline 0.006 -19"><span class='ocrx_word' id='word_1_171' title='bbox 2156 1348 2277 1408; x_wconf 86' lang='lat' dir='ltr'><strong>pter</strong></span> <span class='ocrx_word' id='word_1_172' title='bbox 2313 1353 2526 1393; x_wconf 86' lang='lat' dir='ltr'><strong>sorores</strong></span> <span class='ocrx_word' id='word_1_173' title='bbox 2572 1347 2752 1394; x_wconf 90' lang='lat' dir='ltr'><strong>tamen</strong></span> <span class='ocrx_word' id='word_1_174' title='bbox 2795 1342 3084 1411; x_wconf 65' lang='lat' dir='ltr'><strong>aliquando</strong></span> <span class='ocrx_word' id='word_1_175' title='bbox 3127 1342 3294 1397; x_wconf 90' lang='lat' dir='ltr'><strong>etiam</strong></span> <span class='ocrx_word' id='word_1_176' title='bbox 3326 1346 3605 1399; x_wconf 79' lang='lat' dir='ltr'><strong>exteriora</strong></span> <span class='ocrx_word' id='word_1_177' title='bbox 3660 1347 3761 1402; x_wconf 87' lang='lat' dir='ltr'><strong>tibi</strong></span> 
     </span>
    </p>
   </div>
   <div class='ocr_carea' id='block_1_28' title="bbox 2158 1430 3754 1508">
    <p class='ocr_par' dir='ltr' id='par_1_28' title="bbox 2158 1430 3754 1508">
     <span class='ocr_line' id='line_1_28' title="bbox 2158 1430 3754 1508; baseline 0.006 -23"><span class='ocrx_word' id='word_1_178' title='bbox 2158 1439 2316 1486; x_wconf 89' lang='lat' dir='ltr'><strong>erunt</strong></span> <span class='ocrx_word' id='word_1_179' title='bbox 2345 1431 2561 1500; x_wconf 86' lang='lat' dir='ltr'><strong>negotia</strong></span> <span class='ocrx_word' id='word_1_180' title='bbox 2590 1430 2912 1487; x_wconf 88' lang='lat' dir='ltr'><strong>dirimenda.</strong></span> <span class='ocrx_word' id='word_1_181' title='bbox 2954 1433 3264 1490; x_wconf 86' lang='lat' dir='ltr'><strong>Curandum</strong></span> <span class='ocrx_word' id='word_1_182' title='bbox 3305 1452 3436 1508; x_wconf 89' lang='lat' dir='ltr'><strong>ergo</strong></span> <span class='ocrx_word' id='word_1_183' title='bbox 3470 1438 3576 1492; x_wconf 86' lang='lat' dir='ltr'><strong>tibi</strong></span> <span class='ocrx_word' id='word_1_184' title='bbox 3610 1456 3754 1494; x_wconf 82' lang='lat' dir='ltr'><strong>sum-</strong></span> 
     </span>
    </p>
   </div>
   <div class='ocr_carea' id='block_1_29' title="bbox 2159 1525 3758 1600">
    <p class='ocr_par' dir='ltr' id='par_1_29' title="bbox 2159 1525 3758 1600">
     <span class='ocr_line' id='line_1_29' title="bbox 2159 1525 3758 1600; baseline 0.006 -23"><span class='ocrx_word' id='word_1_185' title='bbox 2159 1537 2380 1593; x_wconf 91' lang='lat' dir='ltr'><strong>mopere</strong></span> <span class='ocrx_word' id='word_1_186' title='bbox 2435 1533 2518 1579; x_wconf 90' lang='lat' dir='ltr'><strong>est</strong></span> <span class='ocrx_word' id='word_1_187' title='bbox 2567 1536 2628 1580; x_wconf 89' lang='lat' dir='ltr'><strong>ut</strong></span> <span class='ocrx_word' id='word_1_188' title='bbox 2680 1525 2726 1580; x_wconf 88' lang='lat' dir='ltr'><strong>si</strong></span> <span class='ocrx_word' id='word_1_189' title='bbox 2781 1527 3098 1596; x_wconf 89' lang='lat' dir='ltr'><strong>temporalia</strong></span> <span class='ocrx_word' id='word_1_190' title='bbox 3145 1529 3300 1598; x_wconf 88' lang='lat' dir='ltr'><strong>quasi</strong></span> <span class='ocrx_word' id='word_1_191' title='bbox 3347 1545 3452 1599; x_wconf 90' lang='lat' dir='ltr'><strong>pro</strong></span> <span class='ocrx_word' id='word_1_192' title='bbox 3506 1539 3758 1600; x_wconf 89' lang='lat' dir='ltr'><strong>tempore</strong></span> 
     </span>
    </p>
   </div>
   <div class='ocr_carea' id='block_1_30' title="bbox 2161 1618 3756 1689">
    <p class='ocr_par' dir='ltr' id='par_1_30' title="bbox 2161 1618 3756 1689">
     <span class='ocr_line' id='line_1_30' title="bbox 2161 1618 3756 1689; baseline 0.004 -19"><span class='ocrx_word' id='word_1_193' title='bbox 2161 1631 2322 1688; x_wconf 84' lang='lat' dir='ltr'><strong>agas;</strong></span> <span class='ocrx_word' id='word_1_194' title='bbox 2356 1624 2412 1671; x_wconf 90' lang='lat' dir='ltr'><strong>at</strong></span> <span class='ocrx_word' id='word_1_195' title='bbox 2438 1632 2653 1687; x_wconf 87' lang='lat' dir='ltr'><strong>semper</strong></span> <span class='ocrx_word' id='word_1_196' title='bbox 2698 1618 2942 1673; x_wconf 86' lang='lat' dir='ltr'><strong>tenacius</strong></span> <span class='ocrx_word' id='word_1_197' title='bbox 2988 1619 3044 1672; x_wconf 91' lang='lat' dir='ltr'><strong>in</strong></span> <span class='ocrx_word' id='word_1_198' title='bbox 3092 1620 3321 1689; x_wconf 87' lang='lat' dir='ltr'><strong>spiritali</strong></span> <span class='ocrx_word' id='word_1_199' title='bbox 3369 1623 3666 1676; x_wconf 79' lang='lat' dir='ltr'><strong>devotione</strong></span> <span class='ocrx_word' id='word_1_200' title='bbox 3703 1631 3756 1678; x_wconf 88' lang='lat' dir='ltr'><strong>et</strong></span> 
     </span>
    </p>
   </div>
   <div class='ocr_carea' id='block_1_31' title="bbox 2161 1708 3755 1784">
    <p class='ocr_par' dir='ltr' id='par_1_31' title="bbox 2161 1708 3755 1784">
     <span class='ocr_line' id='line_1_31' title="bbox 2161 1708 3755 1784; baseline 0.006 -22"><span class='ocrx_word' id='word_1_201' title='bbox 2161 1723 2345 1764; x_wconf 89' lang='lat' dir='ltr'><strong>amore</strong></span> <span class='ocrx_word' id='word_1_202' title='bbox 2370 1708 2659 1775; x_wconf 87' lang='lat' dir='ltr'><strong>inhaereas,</strong></span> <span class='ocrx_word' id='word_1_203' title='bbox 2691 1719 2750 1764; x_wconf 87' lang='lat' dir='ltr'><strong>ut</strong></span> <span class='ocrx_word' id='word_1_204' title='bbox 2775 1726 2897 1765; x_wconf 92' lang='lat' dir='ltr'><strong>cum</strong></span> <span class='ocrx_word' id='word_1_205' title='bbox 2925 1713 3240 1780; x_wconf 87' lang='lat' dir='ltr'><strong>temporalia</strong></span> <span class='ocrx_word' id='word_1_206' title='bbox 3271 1715 3435 1769; x_wconf 90' lang='lat' dir='ltr'><strong>citius</strong></span> <span class='ocrx_word' id='word_1_207' title='bbox 3466 1716 3755 1784; x_wconf 83' lang='lat' dir='ltr'><strong>dispensa-</strong></span> 
     </span>
    </p>
   </div>
   <div class='ocr_carea' id='block_1_32' title="bbox 2161 1801 3755 1879">
    <p class='ocr_par' dir='ltr' id='par_1_32' title="bbox 2161 1801 3755 1879">
     <span class='ocr_line' id='line_1_32' title="bbox 2161 1801 3755 1879; baseline 0.004 -23"><span class='ocrx_word' id='word_1_208' title='bbox 2161 1801 2326 1869; x_wconf 90' lang='lat' dir='ltr'><strong>veris,</strong></span> <span class='ocrx_word' id='word_1_209' title='bbox 2367 1801 2434 1856; x_wconf 90' lang='lat' dir='ltr'><strong>ad</strong></span> <span class='ocrx_word' id='word_1_210' title='bbox 2478 1803 2781 1858; x_wconf 88' lang='lat' dir='ltr'><strong>orationem</strong></span> <span class='ocrx_word' id='word_1_211' title='bbox 2830 1803 2972 1859; x_wconf 91' lang='lat' dir='ltr'><strong>illico</strong></span> <span class='ocrx_word' id='word_1_212' title='bbox 3010 1805 3096 1860; x_wconf 74' lang='lat' dir='ltr'><strong>vel</strong></span> <span class='ocrx_word' id='word_1_213' title='bbox 3138 1804 3451 1872; x_wconf 87' lang='lat' dir='ltr'><strong>lectionem,</strong></span> <span class='ocrx_word' id='word_1_214' title='bbox 3485 1811 3647 1879; x_wconf 86' lang='lat' dir='ltr'><strong>quasi</strong></span> <span class='ocrx_word' id='word_1_215' title='bbox 3688 1810 3755 1863; x_wconf 87' lang='lat' dir='ltr'><strong>ad</strong></span> 
     </span>
    </p>
   </div>
   <div class='ocr_carea' id='block_1_33' title="bbox 487 1881 3754 1972">
    <p class='ocr_par' dir='ltr' id='par_1_33' title="bbox 487 1881 3754 1972">
     <span class='ocr_line' id='line_1_33' title="bbox 487 1881 3754 1972; baseline -0.002 -11"><span class='ocrx_word' id='word_1_216' title='bbox 487 1908 632 1962; x_wconf 88' lang='lat' dir='ltr'><strong>mino</strong></span> <span class='ocrx_word' id='word_1_217' title='bbox 655 1914 768 1962; x_wconf 90' lang='lat' dir='ltr'><strong>tota</strong></span> <span class='ocrx_word' id='word_1_218' title='bbox 797 1905 995 1961; x_wconf 89' lang='lat' dir='ltr'><strong>mentis</strong></span> <span class='ocrx_word' id='word_1_219' title='bbox 1021 1912 1076 1960; x_wconf 92' lang='lat' dir='ltr'><strong>et</strong></span> <span class='ocrx_word' id='word_1_220' title='bbox 1104 1903 1349 1972; x_wconf 90' lang='lat' dir='ltr'><strong>corporis</strong></span> <span class='ocrx_word' id='word_1_221' title='bbox 1381 1900 1663 1957; x_wconf 86' lang='lat' dir='ltr'><strong>devotione</strong></span> <span class='ocrx_word' id='word_1_222' title='bbox 1688 1899 2061 1963; x_wconf 88' lang='lat' dir='ltr'><strong>serviendum;</strong></span> <span class='ocrx_word' id='word_1_223' title='bbox 2091 1881 2140 1941; x_wconf 86' lang='grc' dir='ltr'><strong>Β</strong></span> <span class='ocrx_word' id='word_1_224' title='bbox 2168 1895 2357 1950; x_wconf 91' lang='lat' dir='ltr'><strong>matris</strong></span> <span class='ocrx_word' id='word_1_225' title='bbox 2405 1894 2605 1961; x_wconf 92' lang='lat' dir='ltr'><strong>sinum,</strong></span> <span class='ocrx_word' id='word_1_226' title='bbox 2655 1910 2933 1951; x_wconf 86' lang='lat' dir='ltr'><strong>recurras.</strong></span> <span class='ocrx_word' id='word_1_227' title='bbox 2980 1894 3180 1967; x_wconf 89' lang='lat' dir='ltr'><strong>Optare</strong></span> <span class='ocrx_word' id='word_1_228' title='bbox 3221 1899 3421 1969; x_wconf 86' lang='lat' dir='ltr'><strong>quippe</strong></span> <span class='ocrx_word' id='word_1_229' title='bbox 3464 1900 3635 1955; x_wconf 89' lang='lat' dir='ltr'><strong>debes</strong></span> <span class='ocrx_word' id='word_1_230' title='bbox 3672 1909 3754 1967; x_wconf 90' lang='lat' dir='ltr'><strong>ut,</strong></span> 
     </span>
    </p>
   </div>
   <div class='ocr_carea' id='block_1_34' title="bbox 486 1993 2064 2070">
    <p class='ocr_par' dir='ltr' id='par_1_34' title="bbox 486 1993 2064 2070">
     <span class='ocr_line' id='line_1_34' title="bbox 486 1993 2064 2070; baseline -0.006 -15"><span class='ocrx_word' id='word_1_231' title='bbox 486 2000 612 2056; x_wconf 90' lang='lat' dir='ltr'><strong>dein</strong></span> <span class='ocrx_word' id='word_1_232' title='bbox 663 1999 793 2070; x_wconf 89' lang='lat' dir='ltr'><strong>quid</strong></span> <span class='ocrx_word' id='word_1_233' title='bbox 834 1998 1094 2067; x_wconf 86' lang='lat' dir='ltr'><strong>subjectis</strong></span> <span class='ocrx_word' id='word_1_234' title='bbox 1141 1996 1450 2068; x_wconf 89' lang='lat' dir='ltr'><strong>specialiter</strong></span> <span class='ocrx_word' id='word_1_235' title='bbox 1505 1994 1902 2051; x_wconf 86' lang='lat' dir='ltr'><strong>observandum</strong></span> <span class='ocrx_word' id='word_1_236' title='bbox 1955 1993 2064 2060; x_wconf 89' lang='lat' dir='ltr'><strong>sit,</strong></span> 
     </span>
    </p>
   </div>
   <div class='ocr_carea' id='block_1_35' title="bbox 488 2089 1158 2161">
    <p class='ocr_par' dir='ltr' id='par_1_35' title="bbox 488 2089 1158 2161">
     <span class='ocr_line' id='line_1_35' title="bbox 488 2089 1158 2161; baseline -0.003 -17"><span class='ocrx_word' id='word_1_237' title='bbox 488 2091 797 2161; x_wconf 89' lang='lat' dir='ltr'><strong>ponendum</strong></span> <span class='ocrx_word' id='word_1_238' title='bbox 823 2089 1158 2146; x_wconf 89' lang='lat' dir='ltr'><strong>censuimus.</strong></span> 
     </span>
    </p>
   </div>
   <div class='ocr_carea' id='block_1_36' title="bbox 1088 2219 1463 2279">
    <p class='ocr_par' dir='ltr' id='par_1_36' title="bbox 1088 2219 1463 2279">
     <span class='ocr_line' id='line_1_36' title="bbox 1088 2219 1463 2279; baseline -0.008 0"><span class='ocrx_word' id='word_1_239' title='bbox 1088 2221 1318 2279; x_wconf 82' lang='lat' dir='ltr'><strong>CAPUT</strong></span> <span class='ocrx_word' id='word_1_240' title='bbox 1351 2219 1463 2277; x_wconf 78' lang='lat' dir='ltr'><strong>Vl].</strong></span> 
     </span>
    </p>
   </div>
   <div class='ocr_carea' id='block_1_37' title="bbox 560 2335 2160 2408">
    <p class='ocr_par' dir='ltr' id='par_1_37' title="bbox 560 2335 2160 2408">
     <span class='ocr_line' id='line_1_37' title="bbox 560 2335 2160 2408; baseline -0.003 -17"><span class='ocrx_word' id='word_1_241' title='bbox 560 2335 718 2391; x_wconf 87' lang='lat' dir='ltr'><strong>Tales</strong></span> <span class='ocrx_word' id='word_1_242' title='bbox 765 2335 1053 2392; x_wconf 72' lang='lat' dir='ltr'><strong>abbatissae</strong></span> <span class='ocrx_word' id='word_1_243' title='bbox 1108 2337 1470 2408; x_wconf 89' lang='lat' dir='ltr'><strong>regendarum</strong></span> <span class='ocrx_word' id='word_1_244' title='bbox 1524 2336 1828 2390; x_wconf 89' lang='lat' dir='ltr'><strong>animarum</strong></span> <span class='ocrx_word' id='word_1_245' title='bbox 1880 2348 2067 2389; x_wconf 90' lang='lat' dir='ltr'><strong>curam</strong></span> <span class='ocrx_word' id='word_1_246' title='bbox 2156 2343 2160 2348; x_wconf 85' lang='lat'>&#39;</span> 
     </span>
    </p>
   </div>
   <div class='ocr_carea' id='block_1_38' title="bbox 490 2425 2070 2500">
    <p class='ocr_par' dir='ltr' id='par_1_38' title="bbox 490 2425 2070 2500">
     <span class='ocr_line' id='line_1_38' title="bbox 490 2425 2070 2500; baseline -0.002 -16"><span class='ocrx_word' id='word_1_247' title='bbox 490 2429 764 2499; x_wconf 89' lang='lat' dir='ltr'><strong>suscipere</strong></span> <span class='ocrx_word' id='word_1_248' title='bbox 796 2430 1015 2495; x_wconf 90' lang='lat' dir='ltr'><strong>debent,</strong></span> <span class='ocrx_word' id='word_1_249' title='bbox 1065 2444 1184 2500; x_wconf 68' lang='lat' dir='ltr'><strong>qua:</strong></span> <span class='ocrx_word' id='word_1_250' title='bbox 1217 2429 1449 2484; x_wconf 89' lang='lat' dir='ltr'><strong>subditis</strong></span> <span class='ocrx_word' id='word_1_251' title='bbox 1486 2427 1666 2483; x_wconf 90' lang='lat' dir='ltr'><strong>verbis</strong></span> <span class='ocrx_word' id='word_1_252' title='bbox 1713 2436 1770 2484; x_wconf 90' lang='lat' dir='ltr'><strong>et</strong></span> <span class='ocrx_word' id='word_1_253' title='bbox 1808 2425 2070 2498; x_wconf 84' lang='lat' dir='ltr'><strong>exemplis</strong></span> 
     </span>
    </p>
   </div>
   <div class='ocr_carea' id='block_1_39' title="bbox 490 2519 2070 2592">
    <p class='ocr_par' dir='ltr' id='par_1_39' title="bbox 490 2519 2070 2592">
     <span class='ocr_line' id='line_1_39' title="bbox 490 2519 2070 2592; baseline -0.002 -15"><span class='ocrx_word' id='word_1_254' title='bbox 490 2522 744 2577; x_wconf 89' lang='lat' dir='ltr'><strong>ducatum</strong></span> <span class='ocrx_word' id='word_1_255' title='bbox 790 2521 1065 2592; x_wconf 79' lang='lat' dir='ltr'><strong>praebeant</strong></span> <span class='ocrx_word' id='word_1_256' title='bbox 1120 2529 1320 2576; x_wconf 57' lang='lat' dir='ltr'><strong>sancta</strong></span> <span class='ocrx_word' id='word_1_257' title='bbox 1381 2519 1658 2592; x_wconf 80' lang='lat' dir='ltr'><strong>religionis</strong></span> <span class='ocrx_word' id='word_1_258' title='bbox 1710 2538 1722 2574; x_wconf 88' lang='lat'><strong>:</strong></span> <span class='ocrx_word' id='word_1_259' title='bbox 1794 2535 1914 2590; x_wconf 59' lang='lat' dir='ltr'><strong>quae</strong></span> <span class='ocrx_word' id='word_1_260' title='bbox 1961 2534 2070 2574; x_wconf 91' lang='lat' dir='ltr'><strong>non</strong></span> 
     </span>
    </p>
   </div>
   <div class='ocr_carea' id='block_1_40' title="bbox 491 2608 2071 2682">
    <p class='ocr_par' dir='ltr' id='par_1_40' title="bbox 491 2608 2071 2682">
     <span class='ocr_line' id='line_1_40' title="bbox 491 2608 2071 2682; baseline -0.001 -17"><span class='ocrx_word' id='word_1_261' title='bbox 491 2612 724 2682; x_wconf 88' lang='lat' dir='ltr'><strong>propriis</strong></span> <span class='ocrx_word' id='word_1_262' title='bbox 768 2611 1135 2668; x_wconf 87' lang='lat' dir='ltr'><strong>voluntatibus</strong></span> <span class='ocrx_word' id='word_1_263' title='bbox 1167 2612 1496 2677; x_wconf 88' lang='lat' dir='ltr'><strong>deserviant,</strong></span> <span class='ocrx_word' id='word_1_264' title='bbox 1536 2612 1630 2666; x_wconf 91' lang='lat' dir='ltr'><strong>sed</strong></span> <span class='ocrx_word' id='word_1_265' title='bbox 1671 2610 1844 2682; x_wconf 88' lang='lat' dir='ltr'><strong>magis</strong></span> <span class='ocrx_word' id='word_1_266' title='bbox 1887 2608 2071 2666; x_wconf 90' lang='lat' dir='ltr'><strong>subdi-</strong></span> 
     </span>
    </p>
   </div>
   <div class='ocr_carea' id='block_1_41' title="bbox 491 2704 2069 2775">
    <p class='ocr_par' dir='ltr' id='par_1_41' title="bbox 491 2704 2069 2775">
     <span class='ocr_line' id='line_1_41' title="bbox 491 2704 2069 2775; baseline 0.003 -19"><span class='ocrx_word' id='word_1_267' title='bbox 491 2711 667 2757; x_wconf 89' lang='lat' dir='ltr'><strong>tarum</strong></span> <span class='ocrx_word' id='word_1_268' title='bbox 697 2704 1107 2760; x_wconf 89' lang='lat' dir='ltr'><strong>solertissimam</strong></span> <span class='ocrx_word' id='word_1_269' title='bbox 1144 2719 1328 2760; x_wconf 89' lang='lat' dir='ltr'><strong>curam</strong></span> <span class='ocrx_word' id='word_1_270' title='bbox 1355 2715 1549 2775; x_wconf 78' lang='lat' dir='ltr'><strong>gerant</strong></span> <span class='ocrx_word' id='word_1_271' title='bbox 1578 2723 1590 2758; x_wconf 90' lang='lat'>:</span> <span class='ocrx_word' id='word_1_272' title='bbox 1639 2719 1760 2774; x_wconf 71' lang='lat' dir='ltr'><strong>qua:</strong></span> <span class='ocrx_word' id='word_1_273' title='bbox 1791 2719 1850 2759; x_wconf 91' lang='lat' dir='ltr'><strong>se</strong></span> <span class='ocrx_word' id='word_1_274' title='bbox 1879 2705 2069 2772; x_wconf 88' lang='lat' dir='ltr'><strong>etiam,</strong></span> 
     </span>
    </p>
   </div>
   <div class='ocr_carea' id='block_1_42' title="bbox 493 2792 2072 2866">
    <p class='ocr_par' dir='ltr' id='par_1_42' title="bbox 493 2792 2072 2866">
     <span class='ocr_line' id='line_1_42' title="bbox 493 2792 2072 2866; baseline 0.003 -20"><span class='ocrx_word' id='word_1_275' title='bbox 493 2792 742 2864; x_wconf 90' lang='lat' dir='ltr'><strong>illasque,</strong></span> <span class='ocrx_word' id='word_1_276' title='bbox 778 2803 838 2849; x_wconf 89' lang='lat' dir='ltr'><strong>ut</strong></span> <span class='ocrx_word' id='word_1_277' title='bbox 879 2803 1002 2866; x_wconf 92' lang='lat' dir='ltr'><strong>pote</strong></span> <span class='ocrx_word' id='word_1_278' title='bbox 1044 2811 1174 2851; x_wconf 89' lang='lat' dir='ltr'><strong>vasa</strong></span> <span class='ocrx_word' id='word_1_279' title='bbox 1213 2807 1400 2852; x_wconf 91' lang='lat' dir='ltr'><strong>sancta</strong></span> <span class='ocrx_word' id='word_1_280' title='bbox 1425 2837 1441 2863; x_wconf 97' lang='lat'><strong>,</strong></span> <span class='ocrx_word' id='word_1_281' title='bbox 1482 2798 1537 2852; x_wconf 91' lang='lat' dir='ltr'><strong>in</strong></span> <span class='ocrx_word' id='word_1_282' title='bbox 1573 2797 1770 2866; x_wconf 90' lang='lat' dir='ltr'><strong>quibus</strong></span> <span class='ocrx_word' id='word_1_283' title='bbox 1798 2797 2072 2851; x_wconf 88' lang='lat' dir='ltr'><strong>instanter</strong></span> 
     </span>
    </p>
   </div>
   <div class='ocr_carea' id='block_1_43' title="bbox 493 2885 2072 2961">
    <p class='ocr_par' dir='ltr' id='par_1_43' title="bbox 493 2885 2072 2961">
     <span class='ocr_line' id='line_1_43' title="bbox 493 2885 2072 2961; baseline 0.002 -21"><span class='ocrx_word' id='word_1_284' title='bbox 493 2885 771 2941; x_wconf 89' lang='lat' dir='ltr'><strong>incensum</strong></span> <span class='ocrx_word' id='word_1_285' title='bbox 818 2888 1081 2944; x_wconf 89' lang='lat' dir='ltr'><strong>orationis</strong></span> <span class='ocrx_word' id='word_1_286' title='bbox 1131 2889 1241 2944; x_wconf 91' lang='lat' dir='ltr'><strong>Deo</strong></span> <span class='ocrx_word' id='word_1_287' title='bbox 1299 2889 1456 2961; x_wconf 90' lang='lat' dir='ltr'><strong>digne</strong></span> <span class='ocrx_word' id='word_1_288' title='bbox 1506 2887 1691 2944; x_wconf 77' lang='lat' dir='ltr'><strong>oll‘erri</strong></span> <span class='ocrx_word' id='word_1_289' title='bbox 1742 2890 1950 2960; x_wconf 89' lang='lat' dir='ltr'><strong>possit,</strong></span> <span class='ocrx_word' id='word_1_290' title='bbox 2004 2889 2072 2944; x_wconf 88' lang='lat' dir='ltr'><strong>ab</strong></span> 
     </span>
    </p>
   </div>
   <div class='ocr_carea' id='block_1_44' title="bbox 493 2976 2074 3038">
    <p class='ocr_par' dir='ltr' id='par_1_44' title="bbox 493 2976 2074 3038">
     <span class='ocr_line' id='line_1_44' title="bbox 493 2976 2074 3038; baseline 0.005 -8"><span class='ocrx_word' id='word_1_291' title='bbox 493 2977 639 3031; x_wconf 91' lang='lat' dir='ltr'><strong>omni</strong></span> <span class='ocrx_word' id='word_1_292' title='bbox 690 2976 812 3032; x_wconf 89' lang='lat' dir='ltr'><strong>labe</strong></span> <span class='ocrx_word' id='word_1_293' title='bbox 855 2979 1107 3034; x_wconf 89' lang='lat' dir='ltr'><strong>vitiorum</strong></span> <span class='ocrx_word' id='word_1_294' title='bbox 1154 2981 1426 3036; x_wconf 90' lang='lat' dir='ltr'><strong>custodire</strong></span> <span class='ocrx_word' id='word_1_295' title='bbox 1467 2981 1653 3036; x_wconf 92' lang='lat' dir='ltr'><strong>norint</strong></span> <span class='ocrx_word' id='word_1_296' title='bbox 1696 2999 1709 3035; x_wconf 91' lang='lat'><strong>:</strong></span> <span class='ocrx_word' id='word_1_297' title='bbox 1758 2989 1815 3036; x_wconf 91' lang='lat' dir='ltr'><strong>et</strong></span> <span class='ocrx_word' id='word_1_298' title='bbox 1862 2981 1939 3035; x_wconf 90' lang='lat' dir='ltr'><strong>ita</strong></span> <span class='ocrx_word' id='word_1_299' title='bbox 1980 2995 2074 3038; x_wconf 90' lang='lat' dir='ltr'><strong>eas</strong></span> 
     </span>
    </p>
   </div>
   <div class='ocr_carea' id='block_1_45' title="bbox 493 3071 2075 3142">
    <p class='ocr_par' dir='ltr' id='par_1_45' title="bbox 493 3071 2075 3142">
     <span class='ocr_line' id='line_1_45' title="bbox 493 3071 2075 3142; baseline 0.002 -19"><span class='ocrx_word' id='word_1_300' title='bbox 493 3083 676 3124; x_wconf 85' lang='lat' dir='ltr'><strong>secum</strong></span> <span class='ocrx_word' id='word_1_301' title='bbox 711 3071 765 3125; x_wconf 91' lang='lat' dir='ltr'><strong>in</strong></span> <span class='ocrx_word' id='word_1_302' title='bbox 809 3079 997 3125; x_wconf 92' lang='lat' dir='ltr'><strong>sancto</strong></span> <span class='ocrx_word' id='word_1_303' title='bbox 1041 3072 1315 3142; x_wconf 90' lang='lat' dir='ltr'><strong>proposito</strong></span> <span class='ocrx_word' id='word_1_304' title='bbox 1359 3072 1648 3142; x_wconf 83' lang='lat' dir='ltr'><strong>pervigiles</strong></span> <span class='ocrx_word' id='word_1_305' title='bbox 1695 3073 1966 3137; x_wconf 89' lang='lat' dir='ltr'><strong>reddant,</strong></span> <span class='ocrx_word' id='word_1_306' title='bbox 2013 3081 2075 3127; x_wconf 90' lang='lat' dir='ltr'><strong>ut</strong></span> 
     </span>
    </p>
   </div>
   <div class='ocr_carea' id='block_1_46' title="bbox 493 3158 2074 3233">
    <p class='ocr_par' dir='ltr' id='par_1_46' title="bbox 493 3158 2074 3233">
     <span class='ocr_line' id='line_1_46' title="bbox 493 3158 2074 3233; baseline 0.003 -23"><span class='ocrx_word' id='word_1_307' title='bbox 493 3172 599 3211; x_wconf 90' lang='lat' dir='ltr'><strong>una</strong></span> <span class='ocrx_word' id='word_1_308' title='bbox 639 3158 707 3212; x_wconf 92' lang='lat' dir='ltr'><strong>ad</strong></span> <span class='ocrx_word' id='word_1_309' title='bbox 740 3158 906 3213; x_wconf 88' lang='lat' dir='ltr'><strong>vitam</strong></span> <span class='ocrx_word' id='word_1_310' title='bbox 939 3161 1216 3216; x_wconf 88' lang='lat' dir='ltr'><strong>tendentes</strong></span> <span class='ocrx_word' id='word_1_311' title='bbox 1249 3169 1534 3226; x_wconf 78' lang='lat' dir='ltr'><strong>:cternam,</strong></span> <span class='ocrx_word' id='word_1_312' title='bbox 1571 3163 1830 3218; x_wconf 88' lang='lat' dir='ltr'><strong>societate</strong></span> <span class='ocrx_word' id='word_1_313' title='bbox 1886 3177 2074 3233; x_wconf 91' lang='lat' dir='ltr'><strong>super-</strong></span> 
     </span>
    </p>
   </div>
   <div class='ocr_carea' id='block_1_47' title="bbox 492 3242 2144 3328">
    <p class='ocr_par' dir='ltr' id='par_1_47' title="bbox 492 3242 2144 3328">
     <span class='ocr_line' id='line_1_47' title="bbox 492 3242 2144 3328; baseline 0.002 -25"><span class='ocrx_word' id='word_1_314' title='bbox 492 3264 685 3304; x_wconf 87' lang='lat' dir='ltr'><strong>norum</strong></span> <span class='ocrx_word' id='word_1_315' title='bbox 732 3252 928 3307; x_wconf 83' lang='lat' dir='ltr'><strong>civium</strong></span> <span class='ocrx_word' id='word_1_316' title='bbox 968 3265 1280 3310; x_wconf 87' lang='lat' dir='ltr'><strong>mereantur</strong></span> <span class='ocrx_word' id='word_1_317' title='bbox 1321 3255 1547 3327; x_wconf 84' lang='lat' dir='ltr'><strong>perfrui.</strong></span> <span class='ocrx_word' id='word_1_318' title='bbox 1603 3258 1718 3324; x_wconf 80' lang='lat' dir='ltr'><strong>Qua</strong></span> <span class='ocrx_word' id='word_1_319' title='bbox 1761 3257 1925 3328; x_wconf 80' lang='lat' dir='ltr'><strong>igitur</strong></span> <span class='ocrx_word' id='word_1_320' title='bbox 1974 3273 2072 3310; x_wconf 88' lang='lat' dir='ltr'><strong>au-</strong></span> <span class='ocrx_word' id='word_1_321' title='bbox 2101 3242 2144 3306; x_wconf 91' lang='lat' dir='ltr'><strong>C</strong></span> 
     </span>
    </p>
   </div>
   <div class='ocr_carea' id='block_1_48' title="bbox 492 3344 2074 3418">
    <p class='ocr_par' dir='ltr' id='par_1_48' title="bbox 492 3344 2074 3418">
     <span class='ocr_line' id='line_1_48' title="bbox 492 3344 2074 3418; baseline 0.004 -20"><span class='ocrx_word' id='word_1_322' title='bbox 492 3344 744 3401; x_wconf 88' lang='lat' dir='ltr'><strong>ctoritate</strong></span> <span class='ocrx_word' id='word_1_323' title='bbox 769 3386 784 3412; x_wconf 95' lang='lat'><strong>,</strong></span> <span class='ocrx_word' id='word_1_324' title='bbox 816 3355 911 3401; x_wconf 89' lang='lat' dir='ltr'><strong>aut</strong></span> <span class='ocrx_word' id='word_1_325' title='bbox 939 3348 1133 3418; x_wconf 87' lang='lat' dir='ltr'><strong>quibus</strong></span> <span class='ocrx_word' id='word_1_326' title='bbox 1177 3361 1486 3405; x_wconf 90' lang='lat' dir='ltr'><strong>sanctorum</strong></span> <span class='ocrx_word' id='word_1_327' title='bbox 1518 3351 1738 3405; x_wconf 89' lang='lat' dir='ltr'><strong>Patrum</strong></span> <span class='ocrx_word' id='word_1_328' title='bbox 1781 3351 2074 3407; x_wconf 84' lang='lat' dir='ltr'><strong>documen-</strong></span> 
     </span>
    </p>
   </div>
   <div class='ocr_carea' id='block_1_49' title="bbox 493 3437 2077 3517">
    <p class='ocr_par' dir='ltr' id='par_1_49' title="bbox 493 3437 2077 3517">
     <span class='ocr_line' id='line_1_49' title="bbox 493 3437 2077 3517; baseline 0.007 -27"><span class='ocrx_word' id='word_1_329' title='bbox 493 3437 600 3504; x_wconf 91' lang='lat' dir='ltr'><strong>tis,</strong></span> <span class='ocrx_word' id='word_1_330' title='bbox 657 3439 760 3494; x_wconf 90' lang='lat' dir='ltr'><strong>sibi</strong></span> <span class='ocrx_word' id='word_1_331' title='bbox 805 3441 1105 3496; x_wconf 88' lang='lat' dir='ltr'><strong>attribuunt</strong></span> <span class='ocrx_word' id='word_1_332' title='bbox 1156 3442 1433 3499; x_wconf 91' lang='lat' dir='ltr'><strong>licentiam</strong></span> <span class='ocrx_word' id='word_1_333' title='bbox 1484 3445 1628 3500; x_wconf 82' lang='lat' dir='ltr'><strong>foras</strong></span> <span class='ocrx_word' id='word_1_334' title='bbox 1674 3446 1935 3517; x_wconf 88' lang='lat' dir='ltr'><strong>vagandi,</strong></span> <span class='ocrx_word' id='word_1_335' title='bbox 1983 3453 2077 3501; x_wconf 90' lang='lat' dir='ltr'><strong>aut</strong></span> 
     </span>
    </p>
   </div>
   <div class='ocr_carea' id='block_1_50' title="bbox 492 3529 2072 3605">
    <p class='ocr_par' dir='ltr' id='par_1_50' title="bbox 492 3529 2072 3605">
     <span class='ocr_line' id='line_1_50' title="bbox 492 3529 2072 3605; baseline 0.006 -22"><span class='ocrx_word' id='word_1_336' title='bbox 492 3544 590 3599; x_wconf 88' lang='lat' dir='ltr'><strong>per</strong></span> <span class='ocrx_word' id='word_1_337' title='bbox 624 3529 778 3586; x_wconf 91' lang='lat' dir='ltr'><strong>villas</strong></span> <span class='ocrx_word' id='word_1_338' title='bbox 820 3531 1130 3601; x_wconf 89' lang='lat' dir='ltr'><strong>resideudi,</strong></span> <span class='ocrx_word' id='word_1_339' title='bbox 1172 3543 1265 3589; x_wconf 90' lang='lat' dir='ltr'><strong>aut</strong></span> <span class='ocrx_word' id='word_1_340' title='bbox 1315 3537 1518 3592; x_wconf 89' lang='lat' dir='ltr'><strong>sericas</strong></span> <span class='ocrx_word' id='word_1_341' title='bbox 1557 3545 1734 3592; x_wconf 89' lang='lat' dir='ltr'><strong>vestes</strong></span> <span class='ocrx_word' id='word_1_342' title='bbox 1779 3538 2072 3605; x_wconf 90' lang='lat' dir='ltr'><strong>induendi,</strong></span> 
     </span>
    </p>
   </div>
   <div class='ocr_carea' id='block_1_51' title="bbox 493 3622 2076 3700">
    <p class='ocr_par' dir='ltr' id='par_1_51' title="bbox 493 3622 2076 3700">
     <span class='ocr_line' id='line_1_51' title="bbox 493 3622 2076 3700; baseline 0.008 -26"><span class='ocrx_word' id='word_1_343' title='bbox 493 3629 586 3675; x_wconf 88' lang='lat' dir='ltr'><strong>aut</strong></span> <span class='ocrx_word' id='word_1_344' title='bbox 629 3622 841 3694; x_wconf 88' lang='lat' dir='ltr'><strong>pompis</strong></span> <span class='ocrx_word' id='word_1_345' title='bbox 871 3624 1022 3680; x_wconf 89' lang='lat' dir='ltr'><strong>vanis</strong></span> <span class='ocrx_word' id='word_1_346' title='bbox 1070 3625 1433 3683; x_wconf 87' lang='lat' dir='ltr'><strong>inserviendi?</strong></span> <span class='ocrx_word' id='word_1_347' title='bbox 1472 3628 1576 3684; x_wconf 91' lang='lat' dir='ltr'><strong>Sed</strong></span> <span class='ocrx_word' id='word_1_348' title='bbox 1619 3630 1744 3700; x_wconf 85' lang='lat' dir='ltr'><strong>quia</strong></span> <span class='ocrx_word' id='word_1_349' title='bbox 1784 3631 1887 3686; x_wconf 90' lang='lat' dir='ltr'><strong>hoc</strong></span> <span class='ocrx_word' id='word_1_350' title='bbox 1931 3631 2076 3686; x_wconf 91' lang='lat' dir='ltr'><strong>nulla</strong></span> 
     </span>
    </p>
   </div>
   <div class='ocr_carea' id='block_1_52' title="bbox 493 3714 2079 3795">
    <p class='ocr_par' dir='ltr' id='par_1_52' title="bbox 493 3714 2079 3795">
     <span class='ocr_line' id='line_1_52' title="bbox 493 3714 2079 3795; baseline 0.008 -29"><span class='ocrx_word' id='word_1_351' title='bbox 493 3714 815 3769; x_wconf 89' lang='lat' dir='ltr'><strong>auctoritate</strong></span> <span class='ocrx_word' id='word_1_352' title='bbox 864 3717 965 3772; x_wconf 89' lang='lat' dir='ltr'><strong>sibi</strong></span> <span class='ocrx_word' id='word_1_353' title='bbox 1011 3716 1218 3774; x_wconf 93' lang='lat' dir='ltr'><strong>licitum</strong></span> <span class='ocrx_word' id='word_1_354' title='bbox 1258 3719 1434 3776; x_wconf 71' lang='lat' dir='ltr'><strong>facere</strong></span> <span class='ocrx_word' id='word_1_355' title='bbox 1472 3731 1730 3792; x_wconf 91' lang='lat' dir='ltr'><strong>possunt,</strong></span> <span class='ocrx_word' id='word_1_356' title='bbox 1775 3726 2079 3795; x_wconf 83' lang='lat' dir='ltr'><strong>praesertim</strong></span> 
     </span>
    </p>
   </div>
   <div class='ocr_carea' id='block_1_53' title="bbox 493 3806 2080 3886">
    <p class='ocr_par' dir='ltr' id='par_1_53' title="bbox 493 3806 2080 3886">
     <span class='ocr_line' id='line_1_53' title="bbox 493 3806 2080 3886; baseline 0.009 -28"><span class='ocrx_word' id='word_1_357' title='bbox 493 3818 614 3859; x_wconf 92' lang='lat' dir='ltr'><strong>cum</strong></span> <span class='ocrx_word' id='word_1_358' title='bbox 649 3820 680 3858; x_wconf 90' lang='lat' dir='ltr'><strong>a</strong></span> <span class='ocrx_word' id='word_1_359' title='bbox 707 3806 908 3861; x_wconf 87' lang='lat' dir='ltr'><strong>sanctis</strong></span> <span class='ocrx_word' id='word_1_360' title='bbox 951 3807 1201 3864; x_wconf 90' lang='lat' dir='ltr'><strong>Patribus</strong></span> <span class='ocrx_word' id='word_1_361' title='bbox 1242 3812 1296 3865; x_wconf 92' lang='lat' dir='ltr'><strong>in</strong></span> <span class='ocrx_word' id='word_1_362' title='bbox 1334 3814 1704 3883; x_wconf 87' lang='lat' dir='ltr'><strong>superioribus</strong></span> <span class='ocrx_word' id='word_1_363' title='bbox 1739 3816 1988 3886; x_wconf 91' lang='lat' dir='ltr'><strong>capitulis</strong></span> <span class='ocrx_word' id='word_1_364' title='bbox 2025 3817 2080 3872; x_wconf 91' lang='lat' dir='ltr'><strong>id</strong></span> 
     </span>
    </p>
   </div>
   <div class='ocr_carea' id='block_1_54' title="bbox 494 3898 2081 3975">
    <p class='ocr_par' dir='ltr' id='par_1_54' title="bbox 494 3898 2081 3975">
     <span class='ocr_line' id='line_1_54' title="bbox 494 3898 2081 3975; baseline 0.009 -25"><span class='ocrx_word' id='word_1_365' title='bbox 494 3898 710 3968; x_wconf 89' lang='lat' dir='ltr'><strong>penitus</strong></span> <span class='ocrx_word' id='word_1_366' title='bbox 747 3900 1245 3958; x_wconf 90' lang='lat' dir='ltr'><strong>sanctimonialibus</strong></span> <span class='ocrx_word' id='word_1_367' title='bbox 1292 3903 1502 3975; x_wconf 88' lang='lat' dir='ltr'><strong>legatur</strong></span> <span class='ocrx_word' id='word_1_368' title='bbox 1545 3907 1867 3974; x_wconf 90' lang='lat' dir='ltr'><strong>inhibitum,</strong></span> <span class='ocrx_word' id='word_1_369' title='bbox 1911 3917 2081 3964; x_wconf 89' lang='lat' dir='ltr'><strong>restat</strong></span> 
     </span>
    </p>
   </div>
   <div class='ocr_carea' id='block_1_55' title="bbox 497 3991 2079 4066">
    <p class='ocr_par' dir='ltr' id='par_1_55' title="bbox 497 3991 2079 4066">
     <span class='ocr_line' id='line_1_55' title="bbox 497 3991 2079 4066; baseline 0.009 -22"><span class='ocrx_word' id='word_1_370' title='bbox 497 3997 556 4045; x_wconf 91' lang='lat' dir='ltr'><strong>ut</strong></span> <span class='ocrx_word' id='word_1_371' title='bbox 612 3991 809 4049; x_wconf 90' lang='lat' dir='ltr'><strong>abhinc</strong></span> <span class='ocrx_word' id='word_1_372' title='bbox 863 3994 1229 4066; x_wconf 88' lang='lat' dir='ltr'><strong>hujuscemodi</strong></span> <span class='ocrx_word' id='word_1_373' title='bbox 1269 4013 1399 4054; x_wconf 89' lang='lat' dir='ltr'><strong>usus</strong></span> <span class='ocrx_word' id='word_1_374' title='bbox 1443 4001 1510 4055; x_wconf 90' lang='lat' dir='ltr'><strong>ab</strong></span> <span class='ocrx_word' id='word_1_375' title='bbox 1554 4000 1638 4056; x_wconf 90' lang='lat' dir='ltr'><strong>his</strong></span> <span class='ocrx_word' id='word_1_376' title='bbox 1688 4003 1863 4059; x_wconf 91' lang='lat' dir='ltr'><strong>modis</strong></span> <span class='ocrx_word' id='word_1_377' title='bbox 1901 4005 2079 4058; x_wconf 86' lang='lat' dir='ltr'><strong>omni-</strong></span> 
     </span>
    </p>
   </div>
   <div class='ocr_carea' id='block_1_56' title="bbox 496 4083 2076 4163">
    <p class='ocr_par' dir='ltr' id='par_1_56' title="bbox 496 4083 2076 4163">
     <span class='ocr_line' id='line_1_56' title="bbox 496 4083 2076 4163; baseline 0.009 -25"><span class='ocrx_word' id='word_1_378' title='bbox 496 4083 630 4150; x_wconf 83' lang='lat' dir='ltr'><strong>bus,</strong></span> <span class='ocrx_word' id='word_1_379' title='bbox 680 4099 938 4157; x_wconf 91' lang='lat' dir='ltr'><strong>quantum</strong></span> <span class='ocrx_word' id='word_1_380' title='bbox 983 4089 1244 4146; x_wconf 87' lang='lat' dir='ltr'><strong>Dominus</strong></span> <span class='ocrx_word' id='word_1_381' title='bbox 1291 4108 1451 4163; x_wconf 90' lang='lat' dir='ltr'><strong>posse</strong></span> <span class='ocrx_word' id='word_1_382' title='bbox 1499 4096 1744 4162; x_wconf 89' lang='lat' dir='ltr'><strong>dederit,</strong></span> <span class='ocrx_word' id='word_1_383' title='bbox 1803 4105 2076 4152; x_wconf 88' lang='lat' dir='ltr'><strong>caveatur.</strong></span> 
     </span>
    </p>
   </div>
   <div class='ocr_carea' id='block_1_57' title="bbox 498 4169 2082 4254">
    <p class='ocr_par' dir='ltr' id='par_1_57' title="bbox 498 4169 2082 4254">
     <span class='ocr_line' id='line_1_57' title="bbox 498 4169 2082 4254; baseline 0.009 -30"><span class='ocrx_word' id='word_1_384' title='bbox 498 4169 634 4239; x_wconf 86' lang='lat' dir='ltr'><strong>Quia</strong></span> <span class='ocrx_word' id='word_1_385' title='bbox 678 4177 924 4244; x_wconf 84' lang='lat' dir='ltr'><strong>quamvis</strong></span> <span class='ocrx_word' id='word_1_386' title='bbox 964 4176 1020 4230; x_wconf 90' lang='lat' dir='ltr'><strong>in</strong></span> <span class='ocrx_word' id='word_1_387' title='bbox 1071 4177 1313 4233; x_wconf 65' lang='lat' dir='ltr'><strong>saeculari</strong></span> <span class='ocrx_word' id='word_1_388' title='bbox 1351 4179 1612 4252; x_wconf 89' lang='lat' dir='ltr'><strong>dignitate</strong></span> <span class='ocrx_word' id='word_1_389' title='bbox 1665 4184 1852 4254; x_wconf 58' lang='lat' dir='ltr'><strong>positae</strong></span> <span class='ocrx_word' id='word_1_390' title='bbox 1897 4184 2082 4238; x_wconf 89' lang='lat' dir='ltr'><strong>multi-</strong></span> 
     </span>
    </p>
   </div>
   <div class='ocr_carea' id='block_1_58' title="bbox 499 4265 2081 4344">
    <p class='ocr_par' dir='ltr' id='par_1_58' title="bbox 499 4265 2081 4344">
     <span class='ocr_line' id='line_1_58' title="bbox 499 4265 2081 4344; baseline 0.008 -26"><span class='ocrx_word' id='word_1_391' title='bbox 499 4265 650 4332; x_wconf 83' lang='lat' dir='ltr'><strong>genis</strong></span> <span class='ocrx_word' id='word_1_392' title='bbox 699 4265 906 4323; x_wconf 87' lang='lat' dir='ltr'><strong>deliciis</strong></span> <span class='ocrx_word' id='word_1_393' title='bbox 949 4268 1265 4339; x_wconf 90' lang='lat' dir='ltr'><strong>voluptuose</strong></span> <span class='ocrx_word' id='word_1_394' title='bbox 1317 4270 1687 4342; x_wconf 87' lang='lat' dir='ltr'><strong>hujuscemodi</strong></span> <span class='ocrx_word' id='word_1_395' title='bbox 1735 4277 1944 4331; x_wconf 89' lang='lat' dir='ltr'><strong>soleant</strong></span> <span class='ocrx_word' id='word_1_396' title='bbox 1980 4277 2081 4344; x_wconf 91' lang='lat' dir='ltr'><strong>uti,</strong></span> 
     </span>
    </p>
   </div>
   <div class='ocr_carea' id='block_1_59' title="bbox 500 4357 2083 4440">
    <p class='ocr_par' dir='ltr' id='par_1_59' title="bbox 500 4357 2083 4440">
     <span class='ocr_line' id='line_1_59' title="bbox 500 4357 2083 4440; baseline 0.009 -28"><span class='ocrx_word' id='word_1_397' title='bbox 500 4357 556 4413; x_wconf 90' lang='lat' dir='ltr'><strong>in</strong></span> <span class='ocrx_word' id='word_1_398' title='bbox 610 4363 956 4417; x_wconf 90' lang='lat' dir='ltr'><strong>monasteriis</strong></span> <span class='ocrx_word' id='word_1_399' title='bbox 1003 4371 1217 4430; x_wconf 88' lang='lat' dir='ltr'><strong>tamen,</strong></span> <span class='ocrx_word' id='word_1_400' title='bbox 1268 4367 1320 4421; x_wconf 93' lang='lat' dir='ltr'><strong>in</strong></span> <span class='ocrx_word' id='word_1_401' title='bbox 1363 4369 1557 4437; x_wconf 87' lang='lat' dir='ltr'><strong>quibus</strong></span> <span class='ocrx_word' id='word_1_402' title='bbox 1606 4369 1809 4425; x_wconf 89' lang='lat' dir='ltr'><strong>Christi</strong></span> <span class='ocrx_word' id='word_1_403' title='bbox 1869 4386 2083 4440; x_wconf 76' lang='lat' dir='ltr'><strong>sponsre</strong></span> 
     </span>
    </p>
   </div>
   <div class='ocr_carea' id='block_1_60' title="bbox 501 4451 2079 4531">
    <p class='ocr_par' dir='ltr' id='par_1_60' title="bbox 501 4451 2079 4531">
     <span class='ocr_line' id='line_1_60' title="bbox 501 4451 2079 4531; baseline 0.008 -27"><span class='ocrx_word' id='word_1_404' title='bbox 501 4451 804 4518; x_wconf 89' lang='lat' dir='ltr'><strong>sumptibus</strong></span> <span class='ocrx_word' id='word_1_405' title='bbox 833 4452 1124 4510; x_wconf 90' lang='lat' dir='ltr'><strong>Dominicis</strong></span> <span class='ocrx_word' id='word_1_406' title='bbox 1150 4460 1511 4513; x_wconf 90' lang='lat' dir='ltr'><strong>communiter</strong></span> <span class='ocrx_word' id='word_1_407' title='bbox 1538 4469 1664 4514; x_wconf 92' lang='lat' dir='ltr'><strong>sunt</strong></span> <span class='ocrx_word' id='word_1_408' title='bbox 1696 4460 2079 4531; x_wconf 55' lang='lat' dir='ltr'><strong>gubernanda,</strong></span> 
     </span>
    </p>
   </div>
   <div class='ocr_carea' id='block_1_61' title="bbox 501 4545 2085 4619">
    <p class='ocr_par' dir='ltr' id='par_1_61' title="bbox 501 4545 2085 4619">
     <span class='ocr_line' id='line_1_61' title="bbox 501 4545 2085 4619; baseline 0.013 -27"><span class='ocrx_word' id='word_1_409' title='bbox 501 4556 724 4610; x_wconf 89' lang='lat' dir='ltr'><strong>prorsus</strong></span> <span class='ocrx_word' id='word_1_410' title='bbox 747 4551 829 4596; x_wconf 91' lang='lat' dir='ltr'><strong>est</strong></span> <span class='ocrx_word' id='word_1_411' title='bbox 853 4545 955 4599; x_wconf 92' lang='lat' dir='ltr'><strong>hoc</strong></span> <span class='ocrx_word' id='word_1_412' title='bbox 975 4561 1202 4604; x_wconf 90' lang='lat' dir='ltr'><strong>censura</strong></span> <span class='ocrx_word' id='word_1_413' title='bbox 1223 4551 1491 4619; x_wconf 82' lang='lat' dir='ltr'><strong>aequitatis</strong></span> <span class='ocrx_word' id='word_1_414' title='bbox 1517 4552 1886 4609; x_wconf 89' lang='lat' dir='ltr'><strong>inhibendum.</strong></span> <span class='ocrx_word' id='word_1_415' title='bbox 1913 4553 2085 4613; x_wconf 87' lang='lat' dir='ltr'><strong>Nosse</strong></span> 
     </span>
    </p>
   </div>
   <div class='ocr_carea' id='block_1_62' title="bbox 505 4632 2076 4716">
    <p class='ocr_par' dir='ltr' id='par_1_62' title="bbox 505 4632 2076 4716">
     <span class='ocr_line' id='line_1_62' title="bbox 505 4632 2076 4716; baseline 0.011 -31"><span class='ocrx_word' id='word_1_416' title='bbox 505 4632 702 4685; x_wconf 89' lang='lat' dir='ltr'><strong>etenim</strong></span> <span class='ocrx_word' id='word_1_417' title='bbox 747 4649 838 4688; x_wconf 91' lang='lat' dir='ltr'><strong>eas</strong></span> <span class='ocrx_word' id='word_1_418' title='bbox 881 4646 1120 4704; x_wconf 89' lang='lat' dir='ltr'><strong>oportet,</strong></span> <span class='ocrx_word' id='word_1_419' title='bbox 1171 4641 1297 4710; x_wconf 89' lang='lat' dir='ltr'><strong>quia</strong></span> <span class='ocrx_word' id='word_1_420' title='bbox 1338 4657 1446 4696; x_wconf 90' lang='lat' dir='ltr'><strong>non</strong></span> <span class='ocrx_word' id='word_1_421' title='bbox 1494 4641 1615 4699; x_wconf 90' lang='lat' dir='ltr'><strong>ideo</strong></span> <span class='ocrx_word' id='word_1_422' title='bbox 1656 4645 1890 4714; x_wconf 59' lang='lat' dir='ltr'><strong>praelata;</strong></span> <span class='ocrx_word' id='word_1_423' title='bbox 1933 4656 2076 4716; x_wconf 91' lang='lat' dir='ltr'><strong>sunt,</strong></span> 
     </span>
    </p>
   </div>
   <div class='ocr_carea' id='block_1_63' title="bbox 504 4722 2080 4810">
    <p class='ocr_par' dir='ltr' id='par_1_63' title="bbox 504 4722 2080 4810">
     <span class='ocr_line' id='line_1_63' title="bbox 504 4722 2080 4810; baseline 0.013 -35"><span class='ocrx_word' id='word_1_424' title='bbox 504 4729 567 4776; x_wconf 88' lang='lat' dir='ltr'><strong>ut</strong></span> <span class='ocrx_word' id='word_1_425' title='bbox 614 4736 672 4776; x_wconf 91' lang='lat' dir='ltr'><strong>se</strong></span> <span class='ocrx_word' id='word_1_426' title='bbox 718 4722 1091 4793; x_wconf 89' lang='lat' dir='ltr'><strong>solummodo,</strong></span> <span class='ocrx_word' id='word_1_427' title='bbox 1149 4729 1242 4784; x_wconf 91' lang='lat' dir='ltr'><strong>sed</strong></span> <span class='ocrx_word' id='word_1_428' title='bbox 1286 4733 1466 4800; x_wconf 89' lang='lat' dir='ltr'><strong>potius</strong></span> <span class='ocrx_word' id='word_1_429' title='bbox 1503 4743 1563 4789; x_wconf 91' lang='lat' dir='ltr'><strong>ut</strong></span> <span class='ocrx_word' id='word_1_430' title='bbox 1597 4750 1690 4800; x_wconf 90' lang='lat' dir='ltr'><strong>se,</strong></span> <span class='ocrx_word' id='word_1_431' title='bbox 1732 4736 2080 4810; x_wconf 87' lang='lat' dir='ltr'><strong>subditasque</strong></span> 
     </span>
    </p>
   </div>
   <div class='ocr_carea' id='block_1_64' title="bbox 505 4818 2080 4899">
    <p class='ocr_par' dir='ltr' id='par_1_64' title="bbox 505 4818 2080 4899">
     <span class='ocr_line' id='line_1_64' title="bbox 505 4818 2080 4899; baseline 0.016 -32"><span class='ocrx_word' id='word_1_432' title='bbox 505 4822 770 4884; x_wconf 89' lang='lat' dir='ltr'><strong>pascant,</strong></span> <span class='ocrx_word' id='word_1_433' title='bbox 812 4818 1102 4875; x_wconf 91' lang='lat' dir='ltr'><strong>carnaliter</strong></span> <span class='ocrx_word' id='word_1_434' title='bbox 1142 4823 1422 4891; x_wconf 90' lang='lat' dir='ltr'><strong>videlicet,</strong></span> <span class='ocrx_word' id='word_1_435' title='bbox 1477 4836 1531 4882; x_wconf 91' lang='lat' dir='ltr'><strong>et</strong></span> <span class='ocrx_word' id='word_1_436' title='bbox 1579 4829 1937 4899; x_wconf 79' lang='lat' dir='ltr'><strong>Spiritaliter:</strong></span> <span class='ocrx_word' id='word_1_437' title='bbox 1979 4849 2080 4892; x_wconf 90' lang='lat' dir='ltr'><strong>nec</strong></span> 
     </span>
    </p>
   </div>
   <div class='ocr_carea' id='block_1_65' title="bbox 506 4908 2080 4989">
    <p class='ocr_par' dir='ltr' id='par_1_65' title="bbox 506 4908 2080 4989">
     <span class='ocr_line' id='line_1_65' title="bbox 506 4908 2080 4989; baseline 0.013 -30"><span class='ocrx_word' id='word_1_438' title='bbox 506 4914 566 4960; x_wconf 92' lang='lat' dir='ltr'><strong>ut</strong></span> <span class='ocrx_word' id='word_1_439' title='bbox 593 4908 814 4977; x_wconf 62' lang='lat' dir='ltr'><strong>praesint</strong></span> <span class='ocrx_word' id='word_1_440' title='bbox 850 4917 1060 4966; x_wconf 90' lang='lat' dir='ltr'><strong>tantum</strong></span> <span class='ocrx_word' id='word_1_441' title='bbox 1085 4953 1100 4979; x_wconf 97' lang='lat'><strong>,</strong></span> <span class='ocrx_word' id='word_1_442' title='bbox 1135 4915 1229 4969; x_wconf 87' lang='lat' dir='ltr'><strong>sed</strong></span> <span class='ocrx_word' id='word_1_443' title='bbox 1270 4927 1329 4971; x_wconf 90' lang='lat' dir='ltr'><strong>ut</strong></span> <span class='ocrx_word' id='word_1_444' title='bbox 1358 4919 1594 4989; x_wconf 90' lang='lat' dir='ltr'><strong>prosint,</strong></span> <span class='ocrx_word' id='word_1_445' title='bbox 1636 4937 1665 4975; x_wconf 88' lang='lat' dir='ltr'><strong>a</strong></span> <span class='ocrx_word' id='word_1_446' title='bbox 1697 4921 1924 4979; x_wconf 89' lang='lat' dir='ltr'><strong>Domino</strong></span> <span class='ocrx_word' id='word_1_447' title='bbox 1955 4933 2080 4981; x_wconf 89' lang='lat' dir='ltr'><strong>sunt</strong></span> 
     </span>
    </p>
   </div>
   <div class='ocr_carea' id='block_1_66' title="bbox 507 4997 2082 5083">
    <p class='ocr_par' dir='ltr' id='par_1_66' title="bbox 507 4997 2082 5083">
     <span class='ocr_line' id='line_1_66' title="bbox 507 4997 2082 5083; baseline 0.013 -33"><span class='ocrx_word' id='word_1_448' title='bbox 507 4997 628 5051; x_wconf 91' lang='lat' dir='ltr'><strong>aliis</strong></span> <span class='ocrx_word' id='word_1_449' title='bbox 657 4998 908 5069; x_wconf 56' lang='lat' dir='ltr'><strong>praelatis.</strong></span> <span class='ocrx_word' id='word_1_450' title='bbox 952 5001 1092 5073; x_wconf 85' lang='lat' dir='ltr'><strong>Ergo</strong></span> <span class='ocrx_word' id='word_1_451' title='bbox 1130 5020 1355 5063; x_wconf 91' lang='lat' dir='ltr'><strong>necesse</strong></span> <span class='ocrx_word' id='word_1_452' title='bbox 1393 5018 1477 5064; x_wconf 89' lang='lat' dir='ltr'><strong>est</strong></span> <span class='ocrx_word' id='word_1_453' title='bbox 1515 5019 1574 5065; x_wconf 91' lang='lat' dir='ltr'><strong>ut</strong></span> <span class='ocrx_word' id='word_1_454' title='bbox 1606 5026 1666 5066; x_wconf 83' lang='lat' dir='ltr'><strong>se</strong></span> <span class='ocrx_word' id='word_1_455' title='bbox 1709 5013 1920 5083; x_wconf 91' lang='lat' dir='ltr'><strong>sibique</strong></span> <span class='ocrx_word' id='word_1_456' title='bbox 1955 5015 2082 5070; x_wconf 89' lang='lat' dir='ltr'><strong>sub-</strong></span> 
     </span>
    </p>
   </div>
   <div class='ocr_carea' id='block_1_67' title="bbox 508 5091 2089 5174">
    <p class='ocr_par' dir='ltr' id='par_1_67' title="bbox 508 5091 2089 5174">
     <span class='ocr_line' id='line_1_67' title="bbox 508 5091 2089 5174; baseline 0.011 -28"><span class='ocrx_word' id='word_1_457' title='bbox 508 5091 648 5147; x_wconf 89' lang='lat' dir='ltr'><strong>ditas</strong></span> <span class='ocrx_word' id='word_1_458' title='bbox 697 5093 750 5147; x_wconf 93' lang='lat' dir='ltr'><strong>in</strong></span> <span class='ocrx_word' id='word_1_459' title='bbox 797 5095 1073 5166; x_wconf 89' lang='lat' dir='ltr'><strong>proposito</strong></span> <span class='ocrx_word' id='word_1_460' title='bbox 1118 5109 1318 5155; x_wconf 81' lang='lat' dir='ltr'><strong>sanctae</strong></span> <span class='ocrx_word' id='word_1_461' title='bbox 1365 5102 1642 5174; x_wconf 86' lang='lat' dir='ltr'><strong>religionis</strong></span> <span class='ocrx_word' id='word_1_462' title='bbox 1682 5104 1910 5160; x_wconf 84' lang='lat' dir='ltr'><strong>solerter</strong></span> <span class='ocrx_word' id='word_1_463' title='bbox 1960 5123 2089 5163; x_wconf 93' lang='lat' dir='ltr'><strong>con-</strong></span> 
     </span>
    </p>
   </div>
   <div class='ocr_carea' id='block_1_68' title="bbox 509 5185 2088 5264">
    <p class='ocr_par' dir='ltr' id='par_1_68' title="bbox 509 5185 2088 5264">
     <span class='ocr_line' id='line_1_68' title="bbox 509 5185 2088 5264; baseline 0.011 -27"><span class='ocrx_word' id='word_1_464' title='bbox 509 5185 796 5255; x_wconf 87' lang='lat' dir='ltr'><strong>stringant.</strong></span> <span class='ocrx_word' id='word_1_465' title='bbox 834 5186 901 5241; x_wconf 88' lang='lat' dir='ltr'><strong>Et</strong></span> <span class='ocrx_word' id='word_1_466' title='bbox 948 5187 1088 5242; x_wconf 89' lang='lat' dir='ltr'><strong>sicut</strong></span> <span class='ocrx_word' id='word_1_467' title='bbox 1136 5189 1269 5246; x_wconf 86' lang='lat' dir='ltr'><strong>alias</strong></span> <span class='ocrx_word' id='word_1_468' title='bbox 1313 5194 1624 5261; x_wconf 67' lang='lat' dir='ltr'><strong>praecedunt</strong></span> <span class='ocrx_word' id='word_1_469' title='bbox 1664 5196 1937 5264; x_wconf 86' lang='lat' dir='ltr'><strong>prioratus</strong></span> <span class='ocrx_word' id='word_1_470' title='bbox 1989 5199 2088 5254; x_wconf 88' lang='lat' dir='ltr'><strong>ho-</strong></span> 
     </span>
    </p>
   </div>
   <div class='ocr_carea' id='block_1_69' title="bbox 509 5283 2083 5368">
    <p class='ocr_par' dir='ltr' id='par_1_69' title="bbox 509 5283 2083 5368">
     <span class='ocr_line' id='line_1_69' title="bbox 509 5283 2083 5368; baseline 0.013 -36"><span class='ocrx_word' id='word_1_471' title='bbox 509 5293 660 5344; x_wconf 89' lang='lat' dir='ltr'><strong>nore,</strong></span> <span class='ocrx_word' id='word_1_472' title='bbox 694 5283 1000 5351; x_wconf 57' lang='lat' dir='ltr'><strong>praecedant</strong></span> <span class='ocrx_word' id='word_1_473' title='bbox 1025 5285 1186 5341; x_wconf 90' lang='lat' dir='ltr'><strong>etiam</strong></span> <span class='ocrx_word' id='word_1_474' title='bbox 1219 5288 1322 5358; x_wconf 73' lang='lat' dir='ltr'><strong>pize</strong></span> <span class='ocrx_word' id='word_1_475' title='bbox 1351 5292 1776 5348; x_wconf 85' lang='lat' dir='ltr'><strong>conversationis</strong></span> <span class='ocrx_word' id='word_1_476' title='bbox 1805 5297 2083 5368; x_wconf 80' lang='lat' dir='ltr'><strong>exemplo;</strong></span> 
     </span>
    </p>
   </div>
   <div class='ocr_carea' id='block_1_70' title="bbox 509 5373 2089 5460">
    <p class='ocr_par' dir='ltr' id='par_1_70' title="bbox 509 5373 2089 5460">
     <span class='ocr_line' id='line_1_70' title="bbox 509 5373 2089 5460; baseline 0.015 -38"><span class='ocrx_word' id='word_1_477' title='bbox 509 5378 564 5424; x_wconf 88' lang='lat' dir='ltr'><strong>ct</strong></span> <span class='ocrx_word' id='word_1_478' title='bbox 621 5387 740 5442; x_wconf 74' lang='lat' dir='ltr'><strong>qua:</strong></span> <span class='ocrx_word' id='word_1_479' title='bbox 792 5373 911 5428; x_wconf 91' lang='lat' dir='ltr'><strong>aliis</strong></span> <span class='ocrx_word' id='word_1_480' title='bbox 958 5374 1134 5433; x_wconf 83' lang='lat' dir='ltr'><strong>facere</strong></span> <span class='ocrx_word' id='word_1_481' title='bbox 1180 5380 1498 5449; x_wconf 92' lang='lat' dir='ltr'><strong>prohibent,</strong></span> <span class='ocrx_word' id='word_1_482' title='bbox 1552 5383 1855 5443; x_wconf 87' lang='lat' dir='ltr'><strong>nullatenus</strong></span> <span class='ocrx_word' id='word_1_483' title='bbox 1895 5403 2089 5460; x_wconf 80' lang='lat' dir='ltr'><strong>perpe-</strong></span> 
     </span>
    </p>
   </div>
   <div class='ocr_carea' id='block_1_71' title="bbox 511 5463 2084 5548">
    <p class='ocr_par' dir='ltr' id='par_1_71' title="bbox 511 5463 2084 5548">
     <span class='ocr_line' id='line_1_71' title="bbox 511 5463 2084 5548; baseline 0.016 -36"><span class='ocrx_word' id='word_1_484' title='bbox 511 5465 670 5514; x_wconf 89' lang='lat' dir='ltr'><strong>trent.</strong></span> <span class='ocrx_word' id='word_1_485' title='bbox 717 5463 877 5518; x_wconf 76' lang='lat' dir='ltr'><strong>Recte</strong></span> <span class='ocrx_word' id='word_1_486' title='bbox 905 5467 1069 5533; x_wconf 92' lang='lat' dir='ltr'><strong>enim,</strong></span> <span class='ocrx_word' id='word_1_487' title='bbox 1105 5477 1166 5522; x_wconf 91' lang='lat' dir='ltr'><strong>ut</strong></span> <span class='ocrx_word' id='word_1_488' title='bbox 1195 5470 1356 5526; x_wconf 90' lang='lat' dir='ltr'><strong>habet</strong></span> <span class='ocrx_word' id='word_1_489' title='bbox 1383 5473 1570 5530; x_wconf 87' lang='lat' dir='ltr'><strong>beatus</strong></span> <span class='ocrx_word' id='word_1_490' title='bbox 1600 5474 1916 5548; x_wconf 87' lang='lat' dir='ltr'><strong>Gregorius,</strong></span> <span class='ocrx_word' id='word_1_491' title='bbox 1948 5481 2084 5537; x_wconf 90' lang='lat' dir='ltr'><strong>alio-</strong></span> 
     </span>
    </p>
   </div>
   <div class='ocr_carea' id='block_1_72' title="bbox 513 5561 2084 5640">
    <p class='ocr_par' dir='ltr' id='par_1_72' title="bbox 513 5561 2084 5640">
     <span class='ocr_line' id='line_1_72' title="bbox 513 5561 2084 5640; baseline 0.017 -37"><span class='ocrx_word' id='word_1_492' title='bbox 513 5565 630 5605; x_wconf 87' lang='lat' dir='ltr'><strong>rum</strong></span> <span class='ocrx_word' id='word_1_493' title='bbox 653 5565 831 5610; x_wconf 90' lang='lat' dir='ltr'><strong>errata</strong></span> <span class='ocrx_word' id='word_1_494' title='bbox 855 5561 1097 5630; x_wconf 86' lang='lat' dir='ltr'><strong>corrigit,</strong></span> <span class='ocrx_word' id='word_1_495' title='bbox 1125 5564 1217 5633; x_wconf 88' lang='lat' dir='ltr'><strong>qui</strong></span> <span class='ocrx_word' id='word_1_496' title='bbox 1245 5579 1307 5620; x_wconf 91' lang='lat' dir='ltr'><strong>ea</strong></span> <span class='ocrx_word' id='word_1_497' title='bbox 1333 5582 1454 5637; x_wconf 73' lang='lat' dir='ltr'><strong>quae</strong></span> <span class='ocrx_word' id='word_1_498' title='bbox 1491 5570 1840 5640; x_wconf 88' lang='lat' dir='ltr'><strong>reprehendit</strong></span> <span class='ocrx_word' id='word_1_499' title='bbox 1863 5573 2084 5632; x_wconf 88' lang='lat' dir='ltr'><strong>minime</strong></span> 
     </span>
    </p>
   </div>
   <div class='ocr_carea' id='block_1_73' title="bbox 513 5642 2082 5723">
    <p class='ocr_par' dir='ltr' id='par_1_73' title="bbox 513 5642 2082 5723">
     <span class='ocr_line' id='line_1_73' title="bbox 513 5642 2082 5723; baseline 0.018 -29"><span class='ocrx_word' id='word_1_500' title='bbox 513 5642 642 5712; x_wconf 86' lang='lat' dir='ltr'><strong>agit.</strong></span> <span class='ocrx_word' id='word_1_501' title='bbox 688 5643 793 5700; x_wconf 87' lang='lat' dir='ltr'><strong>Sed</strong></span> <span class='ocrx_word' id='word_1_502' title='bbox 841 5651 964 5718; x_wconf 90' lang='lat' dir='ltr'><strong>quia</strong></span> <span class='ocrx_word' id='word_1_503' title='bbox 1015 5655 1247 5723; x_wconf 88' lang='lat' dir='ltr'><strong>pastoris</strong></span> <span class='ocrx_word' id='word_1_504' title='bbox 1283 5657 1524 5715; x_wconf 82' lang='lat' dir='ltr'><strong>absentia</strong></span> <span class='ocrx_word' id='word_1_505' title='bbox 1565 5661 1746 5717; x_wconf 91' lang='lat' dir='ltr'><strong>ovium</strong></span> <span class='ocrx_word' id='word_1_506' title='bbox 1784 5663 1916 5720; x_wconf 90' lang='lat' dir='ltr'><strong>solet</strong></span> <span class='ocrx_word' id='word_1_507' title='bbox 1965 5665 2082 5723; x_wconf 85' lang='lat' dir='ltr'><strong>ﬁeri</strong></span> 
     </span>
    </p>
   </div>
   <div class='ocr_carea' id='block_1_74' title="bbox 513 5733 2083 5814">
    <p class='ocr_par' dir='ltr' id='par_1_74' title="bbox 513 5733 2083 5814">
     <span class='ocr_line' id='line_1_74' title="bbox 513 5733 2083 5814; baseline 0.017 -27"><span class='ocrx_word' id='word_1_508' title='bbox 513 5733 716 5806; x_wconf 58' lang='lat' dir='ltr'><strong>prada,</strong></span> <span class='ocrx_word' id='word_1_509' title='bbox 739 5752 957 5797; x_wconf 87' lang='lat' dir='ltr'><strong>necesse</strong></span> <span class='ocrx_word' id='word_1_510' title='bbox 985 5752 1069 5799; x_wconf 89' lang='lat' dir='ltr'><strong>est</strong></span> <span class='ocrx_word' id='word_1_511' title='bbox 1094 5753 1154 5800; x_wconf 92' lang='lat' dir='ltr'><strong>ut</strong></span> <span class='ocrx_word' id='word_1_512' title='bbox 1187 5747 1472 5807; x_wconf 71' lang='lat' dir='ltr'><strong>abbatissa:</strong></span> <span class='ocrx_word' id='word_1_513' title='bbox 1499 5752 1553 5807; x_wconf 94' lang='lat' dir='ltr'><strong>in</strong></span> <span class='ocrx_word' id='word_1_514' title='bbox 1578 5757 1922 5812; x_wconf 90' lang='lat' dir='ltr'><strong>monasteriis</strong></span> <span class='ocrx_word' id='word_1_515' title='bbox 1951 5772 2083 5814; x_wconf 89' lang='lat' dir='ltr'><strong>con-</strong></span> 
     </span>
    </p>
   </div>
   <div class='ocr_carea' id='block_1_75' title="bbox 515 5824 2087 5923">
    <p class='ocr_par' dir='ltr' id='par_1_75' title="bbox 515 5824 2087 5923">
     <span class='ocr_line' id='line_1_75' title="bbox 515 5824 2087 5923; baseline 0.017 -43"><span class='ocrx_word' id='word_1_516' title='bbox 515 5824 712 5884; x_wconf 81' lang='lat' dir='ltr'><strong>sistant</strong></span> <span class='ocrx_word' id='word_1_517' title='bbox 751 5832 998 5923; x_wconf 85' lang='lat' dir='ltr'><strong>assidue,</strong></span> <span class='ocrx_word' id='word_1_518' title='bbox 1037 5845 1093 5893; x_wconf 88' lang='lat' dir='ltr'><strong>et</strong></span> <span class='ocrx_word' id='word_1_519' title='bbox 1129 5838 1312 5898; x_wconf 88' lang='lat' dir='ltr'><strong>ovium</strong></span> <span class='ocrx_word' id='word_1_520' title='bbox 1352 5840 1459 5900; x_wconf 83' lang='lat' dir='ltr'><strong>sibi</strong></span> <span class='ocrx_word' id='word_1_521' title='bbox 1497 5842 1838 5907; x_wconf 82' lang='lat' dir='ltr'><strong>subditarum</strong></span> <span class='ocrx_word' id='word_1_522' title='bbox 1863 5847 2087 5919; x_wconf 82' lang='lat' dir='ltr'><strong>vigilan-</strong></span> 
     </span>
    </p>
   </div>
   <div class='ocr_carea' id='block_1_76' title="bbox 2167 1983 3757 2061">
    <p class='ocr_par' dir='ltr' id='par_1_76' title="bbox 2167 1983 3757 2061">
     <span class='ocr_line' id='line_1_76' title="bbox 2167 1983 3757 2061; baseline 0.006 -22"><span class='ocrx_word' id='word_1_523' title='bbox 2167 1983 2380 2053; x_wconf 79' lang='lat' dir='ltr'><strong>abjccta</strong></span> <span class='ocrx_word' id='word_1_524' title='bbox 2404 1985 2763 2041; x_wconf 88' lang='lat' dir='ltr'><strong>sollicitudine</strong></span> <span class='ocrx_word' id='word_1_525' title='bbox 2801 1987 3009 2053; x_wconf 90' lang='lat' dir='ltr'><strong>mundi,</strong></span> <span class='ocrx_word' id='word_1_526' title='bbox 3051 2003 3265 2059; x_wconf 86' lang='lat' dir='ltr'><strong>semper</strong></span> <span class='ocrx_word' id='word_1_527' title='bbox 3301 1991 3512 2061; x_wconf 87' lang='lat' dir='ltr'><strong>cogites</strong></span> <span class='ocrx_word' id='word_1_528' title='bbox 3538 1993 3608 2046; x_wconf 90' lang='lat' dir='ltr'><strong>de</strong></span> <span class='ocrx_word' id='word_1_529' title='bbox 3645 2009 3757 2048; x_wconf 81' lang='lat' dir='ltr'><strong>ser-</strong></span> 
     </span>
    </p>
   </div>
   <div class='ocr_carea' id='block_1_77' title="bbox 2166 2077 3760 2148">
    <p class='ocr_par' dir='ltr' id='par_1_77' title="bbox 2166 2077 3760 2148">
     <span class='ocr_line' id='line_1_77' title="bbox 2166 2077 3760 2148; baseline 0.004 -17"><span class='ocrx_word' id='word_1_530' title='bbox 2166 2078 2302 2133; x_wconf 87' lang='lat' dir='ltr'><strong>vitio</strong></span> <span class='ocrx_word' id='word_1_531' title='bbox 2327 2077 2550 2142; x_wconf 86' lang='lat' dir='ltr'><strong>Christi,</strong></span> <span class='ocrx_word' id='word_1_532' title='bbox 2579 2086 2799 2148; x_wconf 88' lang='lat' dir='ltr'><strong>propter</strong></span> <span class='ocrx_word' id='word_1_533' title='bbox 2823 2078 2954 2135; x_wconf 89' lang='lat' dir='ltr'><strong>illud</strong></span> <span class='ocrx_word' id='word_1_534' title='bbox 2975 2081 3117 2148; x_wconf 88' lang='lat' dir='ltr'><strong>quod</strong></span> <span class='ocrx_word' id='word_1_535' title='bbox 3146 2081 3344 2136; x_wconf 87' lang='lat' dir='ltr'><strong>dicitur</strong></span> <span class='ocrx_word' id='word_1_536' title='bbox 3374 2100 3386 2134; x_wconf 90' lang='lat'><strong>:</strong></span> <span class='ocrx_word' id='word_1_537' title='bbox 3419 2082 3592 2137; x_wconf 82' lang='lat' dir='ltr'><strong>Nemo</strong></span> <span class='ocrx_word' id='word_1_538' title='bbox 3619 2086 3760 2138; x_wconf 80' lang='lat' dir='ltr'><strong>mili-</strong></span> 
     </span>
    </p>
   </div>
   <div class='ocr_carea' id='block_1_78' title="bbox 2167 2167 3755 2247">
    <p class='ocr_par' dir='ltr' id='par_1_78' title="bbox 2167 2167 3755 2247">
     <span class='ocr_line' id='line_1_78' title="bbox 2167 2167 3755 2247; baseline 0.004 -25"><span class='ocrx_word' id='word_1_539' title='bbox 2167 2177 2286 2224; x_wconf 77' lang='lat' dir='ltr'><strong>tans</strong></span> <span class='ocrx_word' id='word_1_540' title='bbox 2308 2168 2415 2222; x_wconf 90' lang='lat' dir='ltr'><strong>Deo</strong></span> <span class='ocrx_word' id='word_1_541' title='bbox 2432 2167 2664 2233; x_wconf 82' lang='lat' dir='ltr'><strong>implicat</strong></span> <span class='ocrx_word' id='word_1_542' title='bbox 2686 2186 2740 2224; x_wconf 86' lang='lat' dir='ltr'><strong>se</strong></span> <span class='ocrx_word' id='word_1_543' title='bbox 2756 2172 2973 2239; x_wconf 78' lang='lat' dir='ltr'><strong>negotiis</strong></span> <span class='ocrx_word' id='word_1_544' title='bbox 3005 2171 3350 2228; x_wconf 67' lang='lat' dir='ltr'><strong>saecularibus</strong></span> <span class='ocrx_word' id='word_1_545' title='bbox 3375 2173 3465 2246; x_wconf 90' lang='grc'><strong>(11</strong></span> <span class='ocrx_word' id='word_1_546' title='bbox 3488 2173 3532 2229; x_wconf 88' lang='grc' dir='ltr'><em>Τ</em></span> <span class='ocrx_word' id='word_1_547' title='bbox 3531 2176 3628 2228; x_wconf 74' lang='lat' dir='ltr'><strong>im.</strong></span> <span class='ocrx_word' id='word_1_548' title='bbox 3669 2177 3755 2247; x_wconf 74' lang='lat' dir='ltr'><strong>tl),</strong></span> 
     </span>
    </p>
   </div>
   <div class='ocr_carea' id='block_1_79' title="bbox 2165 2258 3747 2336">
    <p class='ocr_par' dir='ltr' id='par_1_79' title="bbox 2165 2258 3747 2336">
     <span class='ocr_line' id='line_1_79' title="bbox 2165 2258 3747 2336; baseline 0.004 -22"><span class='ocrx_word' id='word_1_549' title='bbox 2165 2266 2224 2314; x_wconf 88' lang='lat' dir='ltr'><strong>et</strong></span> <span class='ocrx_word' id='word_1_550' title='bbox 2264 2266 2479 2314; x_wconf 66' lang='lat' dir='ltr'><strong>caetera.</strong></span> <span class='ocrx_word' id='word_1_551' title='bbox 2524 2258 2580 2314; x_wconf 91' lang='lat' dir='ltr'><strong>ln</strong></span> <span class='ocrx_word' id='word_1_552' title='bbox 2622 2260 2902 2326; x_wconf 90' lang='lat' dir='ltr'><strong>omnibus,</strong></span> <span class='ocrx_word' id='word_1_553' title='bbox 2945 2260 3097 2330; x_wconf 65' lang='lat' dir='ltr'><strong>juxta</strong></span> <span class='ocrx_word' id='word_1_554' title='bbox 3136 2263 3436 2332; x_wconf 87' lang='lat' dir='ltr'><strong>Apostolum</strong></span> <span class='ocrx_word' id='word_1_555' title='bbox 3480 2263 3610 2334; x_wconf 79' lang='lat' dir='ltr'><strong>(Tit.</strong></span> <span class='ocrx_word' id='word_1_556' title='bbox 3645 2266 3747 2336; x_wconf 82' lang='grc' dir='ltr'><em>ιι),</em></span> 
     </span>
    </p>
   </div>
   <div class='ocr_carea' id='block_1_80' title="bbox 2168 2351 3751 2426">
    <p class='ocr_par' dir='ltr' id='par_1_80' title="bbox 2168 2351 3751 2426">
     <span class='ocr_line' id='line_1_80' title="bbox 2168 2351 3751 2426; baseline 0.005 -22"><span class='ocrx_word' id='word_1_557' title='bbox 2168 2351 2509 2421; x_wconf 72' lang='lat' dir='ltr'><strong>tentetipsam</strong></span> <span class='ocrx_word' id='word_1_558' title='bbox 2540 2351 2720 2420; x_wconf 65' lang='lat' dir='ltr'><strong>praebe</strong></span> <span class='ocrx_word' id='word_1_559' title='bbox 2745 2352 3053 2423; x_wconf 83' lang='lat' dir='ltr'><strong>exemplum</strong></span> <span class='ocrx_word' id='word_1_560' title='bbox 3081 2353 3345 2410; x_wconf 88' lang='lat' dir='ltr'><strong>bonorum</strong></span> <span class='ocrx_word' id='word_1_561' title='bbox 3360 2370 3584 2426; x_wconf 86' lang='lat' dir='ltr'><strong>operum</strong></span> <span class='ocrx_word' id='word_1_562' title='bbox 3602 2396 3621 2422; x_wconf 91' lang='lat'><strong>,</strong></span> <span class='ocrx_word' id='word_1_563' title='bbox 3659 2359 3751 2412; x_wconf 85' lang='lat' dir='ltr'><strong>vi-</strong></span> 
     </span>
    </p>
   </div>
   <div class='ocr_carea' id='block_1_81' title="bbox 2170 2445 3762 2519">
    <p class='ocr_par' dir='ltr' id='par_1_81' title="bbox 2170 2445 3762 2519">
     <span class='ocr_line' id='line_1_81' title="bbox 2170 2445 3762 2519; baseline 0.004 -20"><span class='ocrx_word' id='word_1_564' title='bbox 2170 2451 2334 2515; x_wconf 88' lang='lat' dir='ltr'><strong>taque</strong></span> <span class='ocrx_word' id='word_1_565' title='bbox 2378 2454 2469 2499; x_wconf 90' lang='lat' dir='ltr'><strong>tua</strong></span> <span class='ocrx_word' id='word_1_566' title='bbox 2514 2445 2660 2499; x_wconf 85' lang='lat' dir='ltr'><strong>velut</strong></span> <span class='ocrx_word' id='word_1_567' title='bbox 2692 2454 2987 2515; x_wconf 88' lang='lat' dir='ltr'><strong>pennatum</strong></span> <span class='ocrx_word' id='word_1_568' title='bbox 3031 2447 3234 2503; x_wconf 90' lang='lat' dir='ltr'><strong>animal</strong></span> <span class='ocrx_word' id='word_1_569' title='bbox 3272 2450 3340 2505; x_wconf 89' lang='lat' dir='ltr'><strong>ad</strong></span> <span class='ocrx_word' id='word_1_570' title='bbox 3382 2449 3488 2503; x_wconf 83' lang='lat' dir='ltr'><strong>alta</strong></span> <span class='ocrx_word' id='word_1_571' title='bbox 3533 2465 3762 2519; x_wconf 83' lang='lat' dir='ltr'><strong>semper</strong></span> 
     </span>
    </p>
   </div>
   <div class='ocr_carea' id='block_1_82' title="bbox 2169 2537 3766 2608">
    <p class='ocr_par' dir='ltr' id='par_1_82' title="bbox 2169 2537 3766 2608">
     <span class='ocr_line' id='line_1_82' title="bbox 2169 2537 3766 2608; baseline 0.003 -16"><span class='ocrx_word' id='word_1_572' title='bbox 2169 2552 2269 2608; x_wconf 88' lang='lat' dir='ltr'><strong>per</strong></span> <span class='ocrx_word' id='word_1_573' title='bbox 2297 2537 2624 2592; x_wconf 91' lang='lat' dir='ltr'><strong>desiderium</strong></span> <span class='ocrx_word' id='word_1_574' title='bbox 2667 2537 2861 2604; x_wconf 90' lang='lat' dir='ltr'><strong>evolet,</strong></span> <span class='ocrx_word' id='word_1_575' title='bbox 2905 2553 3004 2608; x_wconf 93' lang='lat' dir='ltr'><strong>per</strong></span> <span class='ocrx_word' id='word_1_576' title='bbox 3030 2540 3257 2595; x_wconf 88' lang='lat' dir='ltr'><strong>verbum</strong></span> <span class='ocrx_word' id='word_1_577' title='bbox 3302 2549 3545 2605; x_wconf 79' lang='lat' dir='ltr'><strong>resonet,</strong></span> <span class='ocrx_word' id='word_1_578' title='bbox 3583 2540 3766 2596; x_wconf 80' lang='lat' dir='ltr'><strong>luceat</strong></span> 
     </span>
    </p>
   </div>
   <div class='ocr_carea' id='block_1_83' title="bbox 2171 2627 3762 2699">
    <p class='ocr_par' dir='ltr' id='par_1_83' title="bbox 2171 2627 3762 2699">
     <span class='ocr_line' id='line_1_83' title="bbox 2171 2627 3762 2699; baseline 0.003 -16"><span class='ocrx_word' id='word_1_579' title='bbox 2171 2644 2270 2699; x_wconf 90' lang='lat' dir='ltr'><strong>per</strong></span> <span class='ocrx_word' id='word_1_580' title='bbox 2299 2629 2625 2698; x_wconf 79' lang='lat' dir='ltr'><strong>exemplum.</strong></span> <span class='ocrx_word' id='word_1_581' title='bbox 2659 2627 2794 2686; x_wconf 89' lang='lat' dir='ltr'><strong>Cum</strong></span> <span class='ocrx_word' id='word_1_582' title='bbox 2814 2645 2943 2685; x_wconf 89' lang='lat' dir='ltr'><strong>vero</strong></span> <span class='ocrx_word' id='word_1_583' title='bbox 2973 2631 3039 2686; x_wconf 90' lang='lat' dir='ltr'><strong>ad</strong></span> <span class='ocrx_word' id='word_1_584' title='bbox 3065 2633 3506 2686; x_wconf 88' lang='lat' dir='ltr'><strong>annuntiandum</strong></span> <span class='ocrx_word' id='word_1_585' title='bbox 3536 2635 3762 2688; x_wconf 87' lang='lat' dir='ltr'><strong>verbum</strong></span> 
     </span>
    </p>
   </div>
   <div class='ocr_carea' id='block_1_84' title="bbox 2172 2719 3758 2793">
    <p class='ocr_par' dir='ltr' id='par_1_84' title="bbox 2172 2719 3758 2793">
     <span class='ocr_line' id='line_1_84' title="bbox 2172 2719 3758 2793; baseline 0.004 -19"><span class='ocrx_word' id='word_1_586' title='bbox 2172 2719 2269 2775; x_wconf 90' lang='lat' dir='ltr'><strong>Dci</strong></span> <span class='ocrx_word' id='word_1_587' title='bbox 2310 2729 2363 2774; x_wconf 89' lang='lat' dir='ltr'><strong>te</strong></span> <span class='ocrx_word' id='word_1_588' title='bbox 2397 2721 2676 2776; x_wconf 91' lang='lat' dir='ltr'><strong>sororibus</strong></span> <span class='ocrx_word' id='word_1_589' title='bbox 2707 2719 3074 2786; x_wconf 72' lang='lat' dir='ltr'><strong>atl‘ectaveris,</strong></span> <span class='ocrx_word' id='word_1_590' title='bbox 3114 2724 3263 2793; x_wconf 91' lang='lat' dir='ltr'><strong>prius</strong></span> <span class='ocrx_word' id='word_1_591' title='bbox 3300 2733 3467 2778; x_wconf 83' lang='lat' dir='ltr'><strong>cauta</strong></span> <span class='ocrx_word' id='word_1_592' title='bbox 3513 2725 3758 2780; x_wconf 84' lang='lat' dir='ltr'><strong>conside-</strong></span> 
     </span>
    </p>
   </div>
   <div class='ocr_carea' id='block_1_85' title="bbox 2172 2814 3761 2888">
    <p class='ocr_par' dir='ltr' id='par_1_85' title="bbox 2172 2814 3761 2888">
     <span class='ocr_line' id='line_1_85' title="bbox 2172 2814 3761 2888; baseline 0.002 -20"><span class='ocrx_word' id='word_1_593' title='bbox 2172 2814 2382 2869; x_wconf 86' lang='lat' dir='ltr'><strong>ratione</strong></span> <span class='ocrx_word' id='word_1_594' title='bbox 2409 2820 2612 2884; x_wconf 73' lang='lat' dir='ltr'><strong>pensa‘,</strong></span> <span class='ocrx_word' id='word_1_595' title='bbox 2651 2823 2709 2868; x_wconf 89' lang='lat' dir='ltr'><strong>ut</strong></span> <span class='ocrx_word' id='word_1_596' title='bbox 2739 2814 2879 2884; x_wconf 92' lang='lat' dir='ltr'><strong>quod</strong></span> <span class='ocrx_word' id='word_1_597' title='bbox 2904 2831 2999 2870; x_wconf 90' lang='lat' dir='ltr'><strong>ore</strong></span> <span class='ocrx_word' id='word_1_598' title='bbox 3035 2815 3272 2886; x_wconf 89' lang='lat' dir='ltr'><strong>promis,</strong></span> <span class='ocrx_word' id='word_1_599' title='bbox 3309 2815 3478 2872; x_wconf 78' lang='lat' dir='ltr'><strong>factis</strong></span> <span class='ocrx_word' id='word_1_600' title='bbox 3518 2817 3761 2888; x_wconf 79' lang='lat' dir='ltr'><strong>impleas,</strong></span> 
     </span>
    </p>
   </div>
   <div class='ocr_carea' id='block_1_86' title="bbox 2173 2907 3768 2980">
    <p class='ocr_par' dir='ltr' id='par_1_86' title="bbox 2173 2907 3768 2980">
     <span class='ocr_line' id='line_1_86' title="bbox 2173 2907 3768 2980; baseline 0.004 -21"><span class='ocrx_word' id='word_1_601' title='bbox 2173 2915 2229 2960; x_wconf 87' lang='lat' dir='ltr'><strong>et</strong></span> <span class='ocrx_word' id='word_1_602' title='bbox 2278 2908 2422 2977; x_wconf 91' lang='lat' dir='ltr'><strong>quod</strong></span> <span class='ocrx_word' id='word_1_603' title='bbox 2465 2907 2585 2962; x_wconf 90' lang='lat' dir='ltr'><strong>aliis</strong></span> <span class='ocrx_word' id='word_1_604' title='bbox 2630 2908 2894 2977; x_wconf 84' lang='lat' dir='ltr'><strong>praedicas</strong></span> <span class='ocrx_word' id='word_1_605' title='bbox 2923 2949 2936 2972; x_wconf 95' lang='lat'><strong>,</strong></span> <span class='ocrx_word' id='word_1_606' title='bbox 2987 2909 3241 2978; x_wconf 90' lang='lat' dir='ltr'><strong>operibus</strong></span> <span class='ocrx_word' id='word_1_607' title='bbox 3288 2911 3568 2980; x_wconf 65' lang='lat' dir='ltr'><strong>praebeas.</strong></span> <span class='ocrx_word' id='word_1_608' title='bbox 3621 2910 3768 2965; x_wconf 81' lang='lat' dir='ltr'><strong>Prior</strong></span> 
     </span>
    </p>
   </div>
   <div class='ocr_carea' id='block_1_87' title="bbox 2174 2996 3762 3070">
    <p class='ocr_par' dir='ltr' id='par_1_87' title="bbox 2174 2996 3762 3070">
     <span class='ocr_line' id='line_1_87' title="bbox 2174 2996 3762 3070; baseline 0.005 -20"><span class='ocrx_word' id='word_1_609' title='bbox 2174 2996 2230 3052; x_wconf 89' lang='lat' dir='ltr'><strong>in</strong></span> <span class='ocrx_word' id='word_1_610' title='bbox 2260 2999 2490 3054; x_wconf 82' lang='lat' dir='ltr'><strong>ecclesia</strong></span> <span class='ocrx_word' id='word_1_611' title='bbox 2540 2999 2836 3055; x_wconf 89' lang='lat' dir='ltr'><strong>inveniaris</strong></span> <span class='ocrx_word' id='word_1_612' title='bbox 2859 3040 2873 3064; x_wconf 94' lang='lat'><strong>,</strong></span> <span class='ocrx_word' id='word_1_613' title='bbox 2912 3011 3183 3070; x_wconf 88' lang='lat' dir='ltr'><strong>postrema</strong></span> <span class='ocrx_word' id='word_1_614' title='bbox 3229 3016 3417 3058; x_wconf 81' lang='lat' dir='ltr'><strong>exeas.</strong></span> <span class='ocrx_word' id='word_1_615' title='bbox 3456 3002 3571 3057; x_wconf 86' lang='lat' dir='ltr'><strong>Par</strong></span> <span class='ocrx_word' id='word_1_616' title='bbox 3606 3004 3681 3058; x_wconf 90' lang='lat' dir='ltr'><strong>sis</strong></span> <span class='ocrx_word' id='word_1_617' title='bbox 3712 3003 3762 3058; x_wconf 83' lang='lat' dir='ltr'><strong>in</strong></span> 
     </span>
    </p>
   </div>
   <div class='ocr_carea' id='block_1_88' title="bbox 2174 3091 3761 3163">
    <p class='ocr_par' dir='ltr' id='par_1_88' title="bbox 2174 3091 3761 3163">
     <span class='ocr_line' id='line_1_88' title="bbox 2174 3091 3761 3163; baseline 0.002 -17"><span class='ocrx_word' id='word_1_618' title='bbox 2174 3091 2450 3146; x_wconf 86' lang='lat' dir='ltr'><strong>communi</strong></span> <span class='ocrx_word' id='word_1_619' title='bbox 2500 3091 2621 3147; x_wconf 88' lang='lat' dir='ltr'><strong>cibo</strong></span> <span class='ocrx_word' id='word_1_620' title='bbox 2671 3108 2794 3147; x_wconf 91' lang='lat' dir='ltr'><strong>cum</strong></span> <span class='ocrx_word' id='word_1_621' title='bbox 2843 3093 3036 3162; x_wconf 88' lang='lat' dir='ltr'><strong>quibus</strong></span> <span class='ocrx_word' id='word_1_622' title='bbox 3084 3096 3195 3163; x_wconf 90' lang='lat' dir='ltr'><strong>pari</strong></span> <span class='ocrx_word' id='word_1_623' title='bbox 3252 3096 3432 3152; x_wconf 88' lang='lat' dir='ltr'><strong>uteris</strong></span> <span class='ocrx_word' id='word_1_624' title='bbox 3479 3096 3539 3150; x_wconf 90' lang='lat' dir='ltr'><strong>in</strong></span> <span class='ocrx_word' id='word_1_625' title='bbox 3587 3109 3761 3150; x_wconf 80' lang='lat' dir='ltr'><strong>mensa</strong></span> 
     </span>
    </p>
   </div>
   <div class='ocr_carea' id='block_1_89' title="bbox 2175 3186 3767 3263">
    <p class='ocr_par' dir='ltr' id='par_1_89' title="bbox 2175 3186 3767 3263">
     <span class='ocr_line' id='line_1_89' title="bbox 2175 3186 3767 3263; baseline 0.003 -23"><span class='ocrx_word' id='word_1_626' title='bbox 2175 3201 2452 3241; x_wconf 85' lang='lat' dir='ltr'><strong>consessu.</strong></span> <span class='ocrx_word' id='word_1_627' title='bbox 2509 3186 2903 3244; x_wconf 81' lang='lat' dir='ltr'><strong>Abstinentiam</strong></span> <span class='ocrx_word' id='word_1_628' title='bbox 2932 3230 2947 3254; x_wconf 98' lang='lat'><strong>,</strong></span> <span class='ocrx_word' id='word_1_629' title='bbox 3007 3205 3169 3261; x_wconf 92' lang='lat' dir='ltr'><strong>quam</strong></span> <span class='ocrx_word' id='word_1_630' title='bbox 3219 3189 3407 3263; x_wconf 89' lang='lat' dir='ltr'><strong>lingua</strong></span> <span class='ocrx_word' id='word_1_631' title='bbox 3467 3193 3767 3262; x_wconf 66' lang='lat' dir='ltr'><strong>pmdimt,</strong></span> 
     </span>
    </p>
   </div>
   <div class='ocr_carea' id='block_1_90' title="bbox 2179 3281 3766 3352">
    <p class='ocr_par' dir='ltr' id='par_1_90' title="bbox 2179 3281 3766 3352">
     <span class='ocr_line' id='line_1_90' title="bbox 2179 3281 3766 3352; baseline 0.003 -17"><span class='ocrx_word' id='word_1_632' title='bbox 2179 3281 2437 3351; x_wconf 68' lang='lat' dir='ltr'><strong>proxima:</strong></span> <span class='ocrx_word' id='word_1_633' title='bbox 2493 3281 2706 3348; x_wconf 82' lang='lat' dir='ltr'><strong>fauces,</strong></span> <span class='ocrx_word' id='word_1_634' title='bbox 2764 3284 2847 3339; x_wconf 90' lang='lat' dir='ltr'><strong>vel</strong></span> <span class='ocrx_word' id='word_1_635' title='bbox 2901 3284 3110 3341; x_wconf 90' lang='lat' dir='ltr'><strong>vicinus</strong></span> <span class='ocrx_word' id='word_1_636' title='bbox 3164 3287 3484 3342; x_wconf 86' lang='lat' dir='ltr'><strong>stomachus</strong></span> <span class='ocrx_word' id='word_1_637' title='bbox 3529 3288 3766 3352; x_wconf 82' lang='lat' dir='ltr'><strong>sentiat,</strong></span> 
     </span>
    </p>
   </div>
   <div class='ocr_carea' id='block_1_91' title="bbox 2178 3375 3773 3450">
    <p class='ocr_par' dir='ltr' id='par_1_91' title="bbox 2178 3375 3773 3450">
     <span class='ocr_line' id='line_1_91' title="bbox 2178 3375 3773 3450; baseline 0.004 -21"><span class='ocrx_word' id='word_1_638' title='bbox 2178 3390 2247 3429; x_wconf 90' lang='lat' dir='ltr'><strong>ne</strong></span> <span class='ocrx_word' id='word_1_639' title='bbox 2274 3375 2500 3430; x_wconf 79' lang='lat' dir='ltr'><strong>forsitan</strong></span> <span class='ocrx_word' id='word_1_640' title='bbox 2549 3379 2775 3433; x_wconf 66' lang='lat' dir='ltr'><strong>subdita:</strong></span> <span class='ocrx_word' id='word_1_641' title='bbox 2816 3379 3096 3435; x_wconf 85' lang='lat' dir='ltr'><strong>audientes</strong></span> <span class='ocrx_word' id='word_1_642' title='bbox 3133 3381 3314 3434; x_wconf 89' lang='lat' dir='ltr'><strong>tacitis</strong></span> <span class='ocrx_word' id='word_1_643' title='bbox 3349 3381 3773 3450; x_wconf 75' lang='lat' dir='ltr'><strong>cogitationibus</strong></span> 
     </span>
    </p>
   </div>
   <div class='ocr_carea' id='block_1_92' title="bbox 2179 3463 3772 3538">
    <p class='ocr_par' dir='ltr' id='par_1_92' title="bbox 2179 3463 3772 3538">
     <span class='ocr_line' id='line_1_92' title="bbox 2179 3463 3772 3538; baseline 0 -18"><span class='ocrx_word' id='word_1_644' title='bbox 2179 3464 2363 3520; x_wconf 86' lang='lat' dir='ltr'><strong>dicant</strong></span> <span class='ocrx_word' id='word_1_645' title='bbox 2387 3483 2398 3518; x_wconf 95' lang='lat'>:</span> <span class='ocrx_word' id='word_1_646' title='bbox 2420 3463 2464 3520; x_wconf 92' lang='grc' dir='ltr'><strong>Ο</strong></span> <span class='ocrx_word' id='word_1_647' title='bbox 2485 3481 2643 3536; x_wconf 89' lang='lat' dir='ltr'><strong>quam</strong></span> <span class='ocrx_word' id='word_1_648' title='bbox 2672 3467 2896 3537; x_wconf 89' lang='lat' dir='ltr'><strong>pulchre</strong></span> <span class='ocrx_word' id='word_1_649' title='bbox 2917 3469 3076 3523; x_wconf 90' lang='lat' dir='ltr'><strong>nobis</strong></span> <span class='ocrx_word' id='word_1_650' title='bbox 3095 3469 3472 3523; x_wconf 83' lang='lat' dir='ltr'><strong>abstinentiam</strong></span> <span class='ocrx_word' id='word_1_651' title='bbox 3499 3467 3772 3538; x_wconf 57' lang='lat' dir='ltr'><strong>praedicat</strong></span> 
     </span>
    </p>
   </div>
   <div class='ocr_carea' id='block_1_93' title="bbox 2177 3557 3771 3628">
    <p class='ocr_par' dir='ltr' id='par_1_93' title="bbox 2177 3557 3771 3628">
     <span class='ocr_line' id='line_1_93' title="bbox 2177 3557 3771 3628; baseline 0.003 -19"><span class='ocrx_word' id='word_1_652' title='bbox 2177 3557 2368 3628; x_wconf 88' lang='lat' dir='ltr'><strong>plenus</strong></span> <span class='ocrx_word' id='word_1_653' title='bbox 2394 3559 2612 3613; x_wconf 86' lang='lat' dir='ltr'><strong>venter!</strong></span> <span class='ocrx_word' id='word_1_654' title='bbox 2652 3557 2720 3613; x_wconf 89' lang='lat' dir='ltr'><strong>Et</strong></span> <span class='ocrx_word' id='word_1_655' title='bbox 2739 3558 2792 3612; x_wconf 91' lang='lat' dir='ltr'><strong>in</strong></span> <span class='ocrx_word' id='word_1_656' title='bbox 2817 3558 2903 3613; x_wconf 91' lang='lat' dir='ltr'><strong>his</strong></span> <span class='ocrx_word' id='word_1_657' title='bbox 2923 3559 3174 3614; x_wconf 91' lang='lat' dir='ltr'><strong>omnibus</strong></span> <span class='ocrx_word' id='word_1_658' title='bbox 3196 3559 3518 3627; x_wconf 67' lang='lat' dir='ltr'><strong>ueterisque</strong></span> <span class='ocrx_word' id='word_1_659' title='bbox 3536 3559 3644 3613; x_wconf 88' lang='lat' dir='ltr'><strong>hoc</strong></span> <span class='ocrx_word' id='word_1_660' title='bbox 3662 3557 3771 3614; x_wconf 85' lang='lat' dir='ltr'><strong>tibi</strong></span> 
     </span>
    </p>
   </div>
   <div class='ocr_carea' id='block_1_94' title="bbox 2179 3651 3771 3723">
    <p class='ocr_par' dir='ltr' id='par_1_94' title="bbox 2179 3651 3771 3723">
     <span class='ocr_line' id='line_1_94' title="bbox 2179 3651 3771 3723; baseline -0.001 -17"><span class='ocrx_word' id='word_1_661' title='bbox 2179 3651 2397 3706; x_wconf 90' lang='lat' dir='ltr'><strong>noveris</strong></span> <span class='ocrx_word' id='word_1_662' title='bbox 2423 3652 2733 3714; x_wconf 90' lang='lat' dir='ltr'><strong>convenire,</strong></span> <span class='ocrx_word' id='word_1_663' title='bbox 2762 3658 2821 3705; x_wconf 91' lang='lat' dir='ltr'><strong>ut</strong></span> <span class='ocrx_word' id='word_1_664' title='bbox 2846 3653 3060 3723; x_wconf 85' lang='lat' dir='ltr'><strong>angusti</strong></span> <span class='ocrx_word' id='word_1_665' title='bbox 3094 3651 3249 3708; x_wconf 91' lang='lat' dir='ltr'><strong>callis</strong></span> <span class='ocrx_word' id='word_1_666' title='bbox 3279 3651 3498 3714; x_wconf 87' lang='lat' dir='ltr'><strong>itinera,</strong></span> <span class='ocrx_word' id='word_1_667' title='bbox 3526 3667 3623 3722; x_wconf 86' lang='lat' dir='ltr'><strong>per</strong></span> <span class='ocrx_word' id='word_1_668' title='bbox 3651 3666 3771 3720; x_wconf 67' lang='lat' dir='ltr'><strong>qua</strong></span> 
     </span>
    </p>
   </div>
   <div class='ocr_carea' id='block_1_95' title="bbox 2181 3743 3767 3814">
    <p class='ocr_par' dir='ltr' id='par_1_95' title="bbox 2181 3743 3767 3814">
     <span class='ocr_line' id='line_1_95' title="bbox 2181 3743 3767 3814; baseline 0.001 -17"><span class='ocrx_word' id='word_1_669' title='bbox 2181 3743 2358 3797; x_wconf 88' lang='lat' dir='ltr'><strong>socias</strong></span> <span class='ocrx_word' id='word_1_670' title='bbox 2387 3744 2646 3798; x_wconf 91' lang='lat' dir='ltr'><strong>admones</strong></span> <span class='ocrx_word' id='word_1_671' title='bbox 2694 3743 3049 3811; x_wconf 84' lang='lat' dir='ltr'><strong>gradiendum</strong></span> <span class='ocrx_word' id='word_1_672' title='bbox 3074 3784 3088 3808; x_wconf 97' lang='lat'><strong>,</strong></span> <span class='ocrx_word' id='word_1_673' title='bbox 3139 3744 3290 3814; x_wconf 91' lang='lat' dir='ltr'><strong>prior</strong></span> <span class='ocrx_word' id='word_1_674' title='bbox 3318 3744 3437 3814; x_wconf 89' lang='lat' dir='ltr'><strong>ipsa</strong></span> <span class='ocrx_word' id='word_1_675' title='bbox 3479 3743 3767 3814; x_wconf 83' lang='lat' dir='ltr'><strong>gradiaris.</strong></span> 
     </span>
    </p>
   </div>
   <div class='ocr_carea' id='block_1_96' title="bbox 2182 3833 3768 3912">
    <p class='ocr_par' dir='ltr' id='par_1_96' title="bbox 2182 3833 3768 3912">
     <span class='ocr_line' id='line_1_96' title="bbox 2182 3833 3768 3912; baseline 0 -24"><span class='ocrx_word' id='word_1_676' title='bbox 2182 3834 2301 3888; x_wconf 85' lang='lat' dir='ltr'><strong>Non</strong></span> <span class='ocrx_word' id='word_1_677' title='bbox 2316 3833 2399 3912; x_wconf 72' lang='lat' dir='ltr'><strong>sis</strong></span> <span class='ocrx_word' id='word_1_678' title='bbox 2420 3834 2660 3888; x_wconf 91' lang='lat' dir='ltr'><strong>vestibus</strong></span> <span class='ocrx_word' id='word_1_679' title='bbox 2690 3835 2935 3889; x_wconf 89' lang='lat' dir='ltr'><strong>ornatior</strong></span> <span class='ocrx_word' id='word_1_680' title='bbox 2959 3835 3190 3901; x_wconf 60' lang='lat' dir='ltr'><strong>caeteris,</strong></span> <span class='ocrx_word' id='word_1_681' title='bbox 3214 3835 3308 3889; x_wconf 91' lang='lat' dir='ltr'><strong>sed</strong></span> <span class='ocrx_word' id='word_1_682' title='bbox 3342 3834 3594 3889; x_wconf 89' lang='lat' dir='ltr'><strong>moribus</strong></span> <span class='ocrx_word' id='word_1_683' title='bbox 3620 3854 3634 3887; x_wconf 94' lang='lat'>:</span> <span class='ocrx_word' id='word_1_684' title='bbox 3665 3850 3768 3888; x_wconf 82' lang='lat' dir='ltr'><strong>non</strong></span> 
     </span>
    </p>
   </div>
   <div class='ocr_carea' id='block_1_97' title="bbox 2183 3924 3772 3997">
    <p class='ocr_par' dir='ltr' id='par_1_97' title="bbox 2183 3924 3772 3997">
     <span class='ocr_line' id='line_1_97' title="bbox 2183 3924 3772 3997; baseline 0 -17"><span class='ocrx_word' id='word_1_685' title='bbox 2183 3941 2304 3997; x_wconf 69' lang='lat' dir='ltr'><strong>qua:</strong></span> <span class='ocrx_word' id='word_1_686' title='bbox 2341 3925 2436 3979; x_wconf 90' lang='lat' dir='ltr'><strong>tibi</strong></span> <span class='ocrx_word' id='word_1_687' title='bbox 2479 3924 2629 3979; x_wconf 90' lang='lat' dir='ltr'><strong>vultu</strong></span> <span class='ocrx_word' id='word_1_688' title='bbox 2668 3925 2975 3996; x_wconf 88' lang='lat' dir='ltr'><strong>intuituque</strong></span> <span class='ocrx_word' id='word_1_689' title='bbox 3001 3925 3294 3996; x_wconf 89' lang='lat' dir='ltr'><strong>placuerit,</strong></span> <span class='ocrx_word' id='word_1_690' title='bbox 3333 3941 3441 3980; x_wconf 92' lang='lat' dir='ltr'><strong>non</strong></span> <span class='ocrx_word' id='word_1_691' title='bbox 3480 3941 3645 3995; x_wconf 83' lang='lat' dir='ltr'><strong>quam</strong></span> <span class='ocrx_word' id='word_1_692' title='bbox 3675 3925 3772 3980; x_wconf 87' lang='lat' dir='ltr'><strong>tibi</strong></span> 
     </span>
    </p>
   </div>
   <div class='ocr_carea' id='block_1_98' title="bbox 2184 4015 3771 4087">
    <p class='ocr_par' dir='ltr' id='par_1_98' title="bbox 2184 4015 3771 4087">
     <span class='ocr_line' id='line_1_98' title="bbox 2184 4015 3771 4087; baseline -0.001 -16"><span class='ocrx_word' id='word_1_693' title='bbox 2184 4015 2252 4071; x_wconf 89' lang='lat' dir='ltr'><strong>ad</strong></span> <span class='ocrx_word' id='word_1_694' title='bbox 2280 4015 2494 4070; x_wconf 91' lang='lat' dir='ltr'><strong>oculum</strong></span> <span class='ocrx_word' id='word_1_695' title='bbox 2523 4017 2870 4085; x_wconf 80' lang='lat' dir='ltr'><strong>cognoveris,</strong></span> <span class='ocrx_word' id='word_1_696' title='bbox 2909 4016 2994 4072; x_wconf 91' lang='lat' dir='ltr'><strong>vel</strong></span> <span class='ocrx_word' id='word_1_697' title='bbox 3023 4017 3176 4087; x_wconf 89' lang='lat' dir='ltr'><strong>cujus</strong></span> <span class='ocrx_word' id='word_1_698' title='bbox 3211 4015 3482 4070; x_wconf 89' lang='lat' dir='ltr'><strong>blandiori</strong></span> <span class='ocrx_word' id='word_1_699' title='bbox 3512 4016 3771 4084; x_wconf 66' lang='lat' dir='ltr'><strong>obsr-qnio</strong></span> 
     </span>
    </p>
   </div>
   <div class='ocr_carea' id='block_1_99' title="bbox 2184 4109 3777 4182">
    <p class='ocr_par' dir='ltr' id='par_1_99' title="bbox 2184 4109 3777 4182">
     <span class='ocr_line' id='line_1_99' title="bbox 2184 4109 3777 4182; baseline -0.001 -16"><span class='ocrx_word' id='word_1_700' title='bbox 2184 4111 2353 4168; x_wconf 85' lang='lat' dir='ltr'><strong>fueris</strong></span> <span class='ocrx_word' id='word_1_701' title='bbox 2381 4112 2602 4167; x_wconf 90' lang='lat' dir='ltr'><strong>delinita</strong></span> <span class='ocrx_word' id='word_1_702' title='bbox 2621 4153 2635 4177; x_wconf 93' lang='lat'><strong>,</strong></span> <span class='ocrx_word' id='word_1_703' title='bbox 2667 4112 2759 4167; x_wconf 91' lang='lat' dir='ltr'><strong>sed</strong></span> <span class='ocrx_word' id='word_1_704' title='bbox 2783 4126 2944 4182; x_wconf 89' lang='lat' dir='ltr'><strong>quam</strong></span> <span class='ocrx_word' id='word_1_705' title='bbox 2972 4127 3126 4166; x_wconf 86' lang='lat' dir='ltr'><strong>amor</strong></span> <span class='ocrx_word' id='word_1_706' title='bbox 3155 4109 3355 4166; x_wconf 90' lang='lat' dir='ltr'><strong>Christi</strong></span> <span class='ocrx_word' id='word_1_707' title='bbox 3385 4119 3439 4164; x_wconf 92' lang='lat' dir='ltr'><strong>et</strong></span> <span class='ocrx_word' id='word_1_708' title='bbox 3467 4109 3777 4180; x_wconf 78' lang='lat' dir='ltr'><strong>religiosior</strong></span> 
     </span>
    </p>
   </div>
   <div class='ocr_carea' id='block_1_100' title="bbox 2186 4201 3776 4275">
    <p class='ocr_par' dir='ltr' id='par_1_100' title="bbox 2186 4201 3776 4275">
     <span class='ocr_line' id='line_1_100' title="bbox 2186 4201 3776 4275; baseline 0.001 -16"><span class='ocrx_word' id='word_1_709' title='bbox 2186 4205 2641 4260; x_wconf 82' lang='lat' dir='ltr'><strong>demonstraverit</strong></span> <span class='ocrx_word' id='word_1_710' title='bbox 2663 4204 2775 4258; x_wconf 88' lang='lat' dir='ltr'><strong>vita</strong></span> <span class='ocrx_word' id='word_1_711' title='bbox 2806 4218 3109 4275; x_wconf 71' lang='lat' dir='ltr'><strong>prmponas.</strong></span> <span class='ocrx_word' id='word_1_712' title='bbox 3146 4201 3372 4273; x_wconf 91' lang='lat' dir='ltr'><strong>Oportet</strong></span> <span class='ocrx_word' id='word_1_713' title='bbox 3395 4201 3546 4258; x_wconf 88' lang='lat' dir='ltr'><strong>enim</strong></span> <span class='ocrx_word' id='word_1_714' title='bbox 3569 4212 3624 4259; x_wconf 84' lang='lat' dir='ltr'><strong>te</strong></span> <span class='ocrx_word' id='word_1_715' title='bbox 3653 4220 3776 4275; x_wconf 78' lang='lat' dir='ltr'><strong>pro-</strong></span> 
     </span>
    </p>
   </div>
   <div class='ocr_carea' id='block_1_101' title="bbox 2183 4293 3777 4367">
    <p class='ocr_par' dir='ltr' id='par_1_101' title="bbox 2183 4293 3777 4367">
     <span class='ocr_line' id='line_1_101' title="bbox 2183 4293 3777 4367; baseline 0 -18"><span class='ocrx_word' id='word_1_716' title='bbox 2183 4304 2305 4366; x_wconf 90' lang='lat' dir='ltr'><strong>pter</strong></span> <span class='ocrx_word' id='word_1_717' title='bbox 2329 4295 2592 4366; x_wconf 90' lang='lat' dir='ltr'><strong>quasdam</strong></span> <span class='ocrx_word' id='word_1_718' title='bbox 2627 4295 2859 4350; x_wconf 91' lang='lat' dir='ltr'><strong>cultrum</strong></span> <span class='ocrx_word' id='word_1_719' title='bbox 2901 4309 3285 4364; x_wconf 85' lang='lat' dir='ltr'><strong>nonnunquam</strong></span> <span class='ocrx_word' id='word_1_720' title='bbox 3323 4293 3528 4350; x_wconf 81' lang='lat' dir='ltr'><strong>habere</strong></span> <span class='ocrx_word' id='word_1_721' title='bbox 3559 4296 3616 4348; x_wconf 91' lang='lat' dir='ltr'><strong>in</strong></span> <span class='ocrx_word' id='word_1_722' title='bbox 3660 4306 3777 4367; x_wconf 82' lang='lat' dir='ltr'><strong>gut-</strong></span> 
     </span>
    </p>
   </div>
   <div class='ocr_carea' id='block_1_102' title="bbox 2184 4387 3777 4459">
    <p class='ocr_par' dir='ltr' id='par_1_102' title="bbox 2184 4387 3777 4459">
     <span class='ocr_line' id='line_1_102' title="bbox 2184 4387 3777 4459; baseline -0.001 -18"><span class='ocrx_word' id='word_1_723' title='bbox 2184 4394 2327 4452; x_wconf 88' lang='lat' dir='ltr'><strong>ture,</strong></span> <span class='ocrx_word' id='word_1_724' title='bbox 2377 4387 2675 4442; x_wconf 89' lang='lat' dir='ltr'><strong>caulerium</strong></span> <span class='ocrx_word' id='word_1_725' title='bbox 2721 4387 2774 4441; x_wconf 92' lang='lat' dir='ltr'><strong>in</strong></span> <span class='ocrx_word' id='word_1_726' title='bbox 2826 4387 3009 4459; x_wconf 90' lang='lat' dir='ltr'><strong>lingua</strong></span> <span class='ocrx_word' id='word_1_727' title='bbox 3041 4397 3276 4458; x_wconf 88' lang='lat' dir='ltr'><strong>gestare,</strong></span> <span class='ocrx_word' id='word_1_728' title='bbox 3322 4387 3532 4458; x_wconf 86' lang='lat' dir='ltr'><strong>virgam</strong></span> <span class='ocrx_word' id='word_1_729' title='bbox 3577 4389 3680 4442; x_wconf 86' lang='lat' dir='ltr'><strong>tibi</strong></span> <span class='ocrx_word' id='word_1_730' title='bbox 3724 4395 3777 4441; x_wconf 82' lang='lat' dir='ltr'><strong>et</strong></span> 
     </span>
    </p>
   </div>
   <div class='ocr_carea' id='block_1_103' title="bbox 2185 4477 3776 4550">
    <p class='ocr_par' dir='ltr' id='par_1_103' title="bbox 2185 4477 3776 4550">
     <span class='ocr_line' id='line_1_103' title="bbox 2185 4477 3776 4550; baseline 0.002 -18"><span class='ocrx_word' id='word_1_731' title='bbox 2185 4477 2434 4533; x_wconf 87' lang='lat' dir='ltr'><strong>baculum</strong></span> <span class='ocrx_word' id='word_1_732' title='bbox 2482 4479 2536 4532; x_wconf 89' lang='lat' dir='ltr'><strong>in</strong></span> <span class='ocrx_word' id='word_1_733' title='bbox 2575 4493 2738 4533; x_wconf 90' lang='lat' dir='ltr'><strong>manu</strong></span> <span class='ocrx_word' id='word_1_734' title='bbox 2782 4477 2926 4534; x_wconf 78' lang='lat' dir='ltr'><strong>ferre</strong></span> <span class='ocrx_word' id='word_1_735' title='bbox 2972 4497 2984 4533; x_wconf 91' lang='lat'><strong>:</strong></span> <span class='ocrx_word' id='word_1_736' title='bbox 3023 4487 3084 4534; x_wconf 89' lang='lat' dir='ltr'><strong>ut</strong></span> <span class='ocrx_word' id='word_1_737' title='bbox 3127 4493 3227 4550; x_wconf 89' lang='lat' dir='ltr'><strong>per</strong></span> <span class='ocrx_word' id='word_1_738' title='bbox 3267 4478 3499 4534; x_wconf 89' lang='lat' dir='ltr'><strong>cultrum</strong></span> <span class='ocrx_word' id='word_1_739' title='bbox 3548 4479 3776 4535; x_wconf 77' lang='lat' dir='ltr'><strong>deseces</strong></span> 
     </span>
    </p>
   </div>
   <div class='ocr_carea' id='block_1_104' title="bbox 2108 4569 3779 4667">
    <p class='ocr_par' dir='ltr' id='par_1_104' title="bbox 2108 4569 3779 4667">
     <span class='ocr_line' id='line_1_104' title="bbox 2108 4569 3779 4667; baseline 0.004 -45"><span class='ocrx_word' id='word_1_740' title='bbox 2108 4603 2161 4667; x_wconf 70' lang='grc' dir='ltr'><strong>Β</strong></span> <span class='ocrx_word' id='word_1_741' title='bbox 2186 4569 2317 4624; x_wconf 91' lang='lat' dir='ltr'><strong>vitia</strong></span> <span class='ocrx_word' id='word_1_742' title='bbox 2337 4610 2350 4635; x_wconf 92' lang='lat'><strong>,</strong></span> <span class='ocrx_word' id='word_1_743' title='bbox 2383 4584 2479 4640; x_wconf 90' lang='lat' dir='ltr'><strong>per</strong></span> <span class='ocrx_word' id='word_1_744' title='bbox 2505 4570 2803 4624; x_wconf 80' lang='lat' dir='ltr'><strong>caulerium</strong></span> <span class='ocrx_word' id='word_1_745' title='bbox 2839 4586 2971 4627; x_wconf 93' lang='lat' dir='ltr'><strong>vero</strong></span> <span class='ocrx_word' id='word_1_746' title='bbox 3003 4571 3072 4626; x_wconf 89' lang='lat' dir='ltr'><strong>ad</strong></span> <span class='ocrx_word' id='word_1_747' title='bbox 3109 4571 3400 4627; x_wconf 90' lang='lat' dir='ltr'><strong>sanitatem</strong></span> <span class='ocrx_word' id='word_1_748' title='bbox 3430 4581 3581 4626; x_wconf 88' lang='lat' dir='ltr'><strong>secta</strong></span> <span class='ocrx_word' id='word_1_749' title='bbox 3612 4574 3779 4628; x_wconf 80' lang='lat' dir='ltr'><strong>redu-</strong></span> 
     </span>
    </p>
   </div>
   <div class='ocr_carea' id='block_1_105' title="bbox 2189 4662 3779 4737">
    <p class='ocr_par' dir='ltr' id='par_1_105' title="bbox 2189 4662 3779 4737">
     <span class='ocr_line' id='line_1_105' title="bbox 2189 4662 3779 4737; baseline 0.001 -19"><span class='ocrx_word' id='word_1_750' title='bbox 2189 4678 2283 4719; x_wconf 89' lang='lat' dir='ltr'><strong>cas</strong></span> <span class='ocrx_word' id='word_1_751' title='bbox 2308 4703 2322 4728; x_wconf 97' lang='lat'><strong>,</strong></span> <span class='ocrx_word' id='word_1_752' title='bbox 2371 4677 2466 4733; x_wconf 91' lang='lat' dir='ltr'><strong>per</strong></span> <span class='ocrx_word' id='word_1_753' title='bbox 2495 4663 2659 4732; x_wconf 69' lang='lat' dir='ltr'><strong>virga:</strong></span> <span class='ocrx_word' id='word_1_754' title='bbox 2700 4662 3037 4735; x_wconf 86' lang='lat' dir='ltr'><strong>disciplinam</strong></span> <span class='ocrx_word' id='word_1_755' title='bbox 3069 4665 3340 4737; x_wconf 76' lang='lat' dir='ltr'><strong>corrigas,</strong></span> <span class='ocrx_word' id='word_1_756' title='bbox 3378 4679 3476 4735; x_wconf 89' lang='lat' dir='ltr'><strong>per</strong></span> <span class='ocrx_word' id='word_1_757' title='bbox 3516 4665 3779 4720; x_wconf 84' lang='lat' dir='ltr'><strong>baculum</strong></span> 
     </span>
    </p>
   </div>
   <div class='ocr_carea' id='block_1_106' title="bbox 2187 4753 3782 4828">
    <p class='ocr_par' dir='ltr' id='par_1_106' title="bbox 2187 4753 3782 4828">
     <span class='ocr_line' id='line_1_106' title="bbox 2187 4753 3782 4828; baseline 0.004 -20"><span class='ocrx_word' id='word_1_758' title='bbox 2187 4769 2318 4808; x_wconf 90' lang='lat' dir='ltr'><strong>vero</strong></span> <span class='ocrx_word' id='word_1_759' title='bbox 2349 4753 2744 4825; x_wconf 89' lang='lat' dir='ltr'><strong>disciplinatam</strong></span> <span class='ocrx_word' id='word_1_760' title='bbox 2785 4765 3074 4813; x_wconf 88' lang='lat' dir='ltr'><strong>sustentes.</strong></span> <span class='ocrx_word' id='word_1_761' title='bbox 3123 4755 3180 4811; x_wconf 88' lang='lat' dir='ltr'><strong>Si</strong></span> <span class='ocrx_word' id='word_1_762' title='bbox 3229 4758 3443 4828; x_wconf 88' lang='lat' dir='ltr'><strong>quando</strong></span> <span class='ocrx_word' id='word_1_763' title='bbox 3475 4772 3610 4812; x_wconf 87' lang='lat' dir='ltr'><strong>vero</strong></span> <span class='ocrx_word' id='word_1_764' title='bbox 3652 4773 3782 4815; x_wconf 85' lang='lat' dir='ltr'><strong>cum</strong></span> 
     </span>
    </p>
   </div>
   <div class='ocr_carea' id='block_1_107' title="bbox 2189 4845 3783 4918">
    <p class='ocr_par' dir='ltr' id='par_1_107' title="bbox 2189 4845 3783 4918">
     <span class='ocr_line' id='line_1_107' title="bbox 2189 4845 3783 4918; baseline 0.004 -18"><span class='ocrx_word' id='word_1_765' title='bbox 2189 4845 2536 4900; x_wconf 83' lang='lat' dir='ltr'><strong>saecularibus</strong></span> <span class='ocrx_word' id='word_1_766' title='bbox 2563 4846 2628 4900; x_wconf 92' lang='lat' dir='ltr'><strong>ad</strong></span> <span class='ocrx_word' id='word_1_767' title='bbox 2663 4845 3075 4918; x_wconf 90' lang='lat' dir='ltr'><strong>colloquendum</strong></span> <span class='ocrx_word' id='word_1_768' title='bbox 3123 4849 3290 4903; x_wconf 82' lang='lat' dir='ltr'><strong>fueris</strong></span> <span class='ocrx_word' id='word_1_769' title='bbox 3328 4858 3576 4912; x_wconf 84' lang='lat' dir='ltr'><strong>evocata,</strong></span> <span class='ocrx_word' id='word_1_770' title='bbox 3614 4852 3783 4918; x_wconf 88' lang='lat' dir='ltr'><strong>prius</strong></span> 
     </span>
    </p>
   </div>
   <div class='ocr_carea' id='block_1_108' title="bbox 2189 4936 3786 5008">
    <p class='ocr_par' dir='ltr' id='par_1_108' title="bbox 2189 4936 3786 5008">
     <span class='ocr_line' id='line_1_108' title="bbox 2189 4936 3786 5008; baseline 0.002 -16"><span class='ocrx_word' id='word_1_771' title='bbox 2189 4952 2338 4992; x_wconf 85' lang='lat' dir='ltr'><strong>arma</strong></span> <span class='ocrx_word' id='word_1_772' title='bbox 2364 4936 2596 4992; x_wconf 78' lang='lat' dir='ltr'><strong>frontem</strong></span> <span class='ocrx_word' id='word_1_773' title='bbox 2638 4949 2841 5008; x_wconf 73' lang='lat' dir='ltr'><strong>tropaeo</strong></span> <span class='ocrx_word' id='word_1_774' title='bbox 2871 4940 3080 5005; x_wconf 91' lang='lat' dir='ltr'><strong>crucis,</strong></span> <span class='ocrx_word' id='word_1_775' title='bbox 3117 4939 3315 4994; x_wconf 80' lang='lat' dir='ltr'><strong>vexillo</strong></span> <span class='ocrx_word' id='word_1_776' title='bbox 3345 4937 3544 4994; x_wconf 89' lang='lat' dir='ltr'><strong>Christi</strong></span> <span class='ocrx_word' id='word_1_777' title='bbox 3576 4948 3786 5008; x_wconf 82' lang='lat' dir='ltr'><strong>pectus</strong></span> 
     </span>
    </p>
   </div>
   <div class='ocr_carea' id='block_1_109' title="bbox 2189 5031 3786 5104">
    <p class='ocr_par' dir='ltr' id='par_1_109' title="bbox 2189 5031 3786 5104">
     <span class='ocr_line' id='line_1_109' title="bbox 2189 5031 3786 5104; baseline 0 -18"><span class='ocrx_word' id='word_1_778' title='bbox 2189 5032 2483 5104; x_wconf 88' lang='lat' dir='ltr'><strong>ingemina,</strong></span> <span class='ocrx_word' id='word_1_779' title='bbox 2510 5041 2569 5086; x_wconf 91' lang='lat' dir='ltr'><strong>ut</strong></span> <span class='ocrx_word' id='word_1_780' title='bbox 2604 5048 2726 5087; x_wconf 92' lang='lat' dir='ltr'><strong>cum</strong></span> <span class='ocrx_word' id='word_1_781' title='bbox 2758 5049 2853 5088; x_wconf 89' lang='lat' dir='ltr'><strong>sua</strong></span> <span class='ocrx_word' id='word_1_782' title='bbox 2887 5032 3205 5103; x_wconf 81' lang='lat' dir='ltr'><strong>virguncula</strong></span> <span class='ocrx_word' id='word_1_783' title='bbox 3240 5031 3488 5089; x_wconf 88' lang='lat' dir='ltr'><strong>Christus</strong></span> <span class='ocrx_word' id='word_1_784' title='bbox 3520 5031 3786 5086; x_wconf 80' lang='lat' dir='ltr'><strong>comitari</strong></span> 
     </span>
    </p>
   </div>
   <div class='ocr_carea' id='block_1_110' title="bbox 2190 5123 3785 5195">
    <p class='ocr_par' dir='ltr' id='par_1_110' title="bbox 2190 5123 3785 5195">
     <span class='ocr_line' id='line_1_110' title="bbox 2190 5123 3785 5195; baseline 0 -17"><span class='ocrx_word' id='word_1_785' title='bbox 2190 5123 2458 5193; x_wconf 85' lang='lat' dir='ltr'><strong>dignetur.</strong></span> <span class='ocrx_word' id='word_1_786' title='bbox 2509 5123 2886 5180; x_wconf 85' lang='lat' dir='ltr'><strong>Confabulatio</strong></span> <span class='ocrx_word' id='word_1_787' title='bbox 2927 5141 3057 5181; x_wconf 92' lang='lat' dir='ltr'><strong>vero</strong></span> <span class='ocrx_word' id='word_1_788' title='bbox 3099 5134 3188 5181; x_wconf 89' lang='lat' dir='ltr'><strong>tua</strong></span> <span class='ocrx_word' id='word_1_789' title='bbox 3226 5139 3438 5195; x_wconf 89' lang='lat' dir='ltr'><strong>semper</strong></span> <span class='ocrx_word' id='word_1_790' title='bbox 3478 5126 3553 5179; x_wconf 90' lang='lat' dir='ltr'><strong>sit</strong></span> <span class='ocrx_word' id='word_1_791' title='bbox 3596 5125 3785 5178; x_wconf 71' lang='lat' dir='ltr'><strong>mixta</strong></span> 
     </span>
    </p>
   </div>
   <div class='ocr_carea' id='block_1_111' title="bbox 2187 5213 3784 5286">
    <p class='ocr_par' dir='ltr' id='par_1_111' title="bbox 2187 5213 3784 5286">
     <span class='ocr_line' id='line_1_111' title="bbox 2187 5213 3784 5286; baseline 0 -18"><span class='ocrx_word' id='word_1_792' title='bbox 2187 5216 2450 5286; x_wconf 87' lang='lat' dir='ltr'><strong>gravitate</strong></span> <span class='ocrx_word' id='word_1_793' title='bbox 2479 5225 2638 5284; x_wconf 87' lang='lat' dir='ltr'><strong>atque</strong></span> <span class='ocrx_word' id='word_1_794' title='bbox 2664 5215 2968 5281; x_wconf 85' lang='lat' dir='ltr'><strong>dulcedine,</strong></span> <span class='ocrx_word' id='word_1_795' title='bbox 2997 5224 3052 5271; x_wconf 88' lang='lat' dir='ltr'><strong>et</strong></span> <span class='ocrx_word' id='word_1_796' title='bbox 3087 5223 3299 5271; x_wconf 90' lang='lat' dir='ltr'><strong>tantum</strong></span> <span class='ocrx_word' id='word_1_797' title='bbox 3327 5213 3567 5284; x_wconf 88' lang='lat' dir='ltr'><strong>loquaris</strong></span> <span class='ocrx_word' id='word_1_798' title='bbox 3590 5229 3784 5284; x_wconf 83' lang='lat' dir='ltr'><strong>quan-</strong></span> 
     </span>
    </p>
   </div>
   <div class='ocr_carea' id='block_1_112' title="bbox 2186 5305 3786 5379">
    <p class='ocr_par' dir='ltr' id='par_1_112' title="bbox 2186 5305 3786 5379">
     <span class='ocr_line' id='line_1_112' title="bbox 2186 5305 3786 5379; baseline 0.001 -18"><span class='ocrx_word' id='word_1_799' title='bbox 2186 5315 2298 5361; x_wconf 91' lang='lat' dir='ltr'><strong>tum</strong></span> <span class='ocrx_word' id='word_1_800' title='bbox 2348 5308 2721 5377; x_wconf 88' lang='lat' dir='ltr'><strong>opportunitas</strong></span> <span class='ocrx_word' id='word_1_801' title='bbox 2769 5306 3093 5379; x_wconf 86' lang='lat' dir='ltr'><strong>ﬂagitaverit</strong></span> <span class='ocrx_word' id='word_1_802' title='bbox 3137 5309 3217 5364; x_wconf 89' lang='lat' dir='ltr'><strong>rei</strong></span> <span class='ocrx_word' id='word_1_803' title='bbox 3262 5323 3327 5363; x_wconf 87' lang='lat' dir='ltr'><strong>ac</strong></span> <span class='ocrx_word' id='word_1_804' title='bbox 3368 5305 3658 5376; x_wconf 85' lang='lat' dir='ltr'><strong>temporis.</strong></span> <span class='ocrx_word' id='word_1_805' title='bbox 3725 5305 3786 5363; x_wconf 85' lang='lat' dir='ltr'><strong>Si</strong></span> 
     </span>
    </p>
   </div>
   <div class='ocr_carea' id='block_1_113' title="bbox 2188 5383 3789 5470">
    <p class='ocr_par' dir='ltr' id='par_1_113' title="bbox 2188 5383 3789 5470">
     <span class='ocr_line' id='line_1_113' title="bbox 2188 5383 3789 5470; baseline 0.003 -21"><span class='ocrx_word' id='word_1_806' title='bbox 2188 5383 2315 5466; x_wconf 90' lang='lat' dir='ltr'><strong>quid</strong></span> <span class='ocrx_word' id='word_1_807' title='bbox 2354 5412 2483 5452; x_wconf 91' lang='lat' dir='ltr'><strong>vero</strong></span> <span class='ocrx_word' id='word_1_808' title='bbox 2517 5398 2583 5453; x_wconf 89' lang='lat' dir='ltr'><strong>ab</strong></span> <span class='ocrx_word' id='word_1_809' title='bbox 2627 5399 2707 5453; x_wconf 90' lang='lat' dir='ltr'><strong>eis</strong></span> <span class='ocrx_word' id='word_1_810' title='bbox 2743 5401 2974 5470; x_wconf 88' lang='lat' dir='ltr'><strong>petitum</strong></span> <span class='ocrx_word' id='word_1_811' title='bbox 3017 5399 3182 5455; x_wconf 85' lang='lat' dir='ltr'><strong>fuerit</strong></span> <span class='ocrx_word' id='word_1_812' title='bbox 3214 5398 3356 5470; x_wconf 90' lang='lat' dir='ltr'><strong>quod</strong></span> <span class='ocrx_word' id='word_1_813' title='bbox 3386 5407 3658 5468; x_wconf 67' lang='lat' dir='ltr'><strong>praestare</strong></span> <span class='ocrx_word' id='word_1_814' title='bbox 3694 5399 3789 5454; x_wconf 48' lang='lat' dir='ltr'><strong>deb</strong></span> 
     </span>
    </p>
   </div>
   <div class='ocr_carea' id='block_1_114' title="bbox 2187 5485 3785 5563">
    <p class='ocr_par' dir='ltr' id='par_1_114' title="bbox 2187 5485 3785 5563">
     <span class='ocr_line' id='line_1_114' title="bbox 2187 5485 3785 5563; baseline 0.003 -23"><span class='ocrx_word' id='word_1_815' title='bbox 2187 5485 2407 5552; x_wconf 89' lang='lat' dir='ltr'><strong>liberas,</strong></span> <span class='ocrx_word' id='word_1_816' title='bbox 2441 5502 2563 5542; x_wconf 90' lang='lat' dir='ltr'><strong>cum</strong></span> <span class='ocrx_word' id='word_1_817' title='bbox 2601 5488 2752 5544; x_wconf 90' lang='lat' dir='ltr'><strong>vultu</strong></span> <span class='ocrx_word' id='word_1_818' title='bbox 2779 5490 2939 5544; x_wconf 87' lang='lat' dir='ltr'><strong>hilari</strong></span> <span class='ocrx_word' id='word_1_819' title='bbox 2970 5500 3185 5560; x_wconf 72' lang='lat' dir='ltr'><strong>praesta.</strong></span> <span class='ocrx_word' id='word_1_820' title='bbox 3223 5490 3280 5545; x_wconf 92' lang='lat' dir='ltr'><strong>Si</strong></span> <span class='ocrx_word' id='word_1_821' title='bbox 3316 5491 3446 5560; x_wconf 89' lang='lat' dir='ltr'><strong>quid</strong></span> <span class='ocrx_word' id='word_1_822' title='bbox 3470 5506 3606 5547; x_wconf 85' lang='lat' dir='ltr'><strong>vero</strong></span> <span class='ocrx_word' id='word_1_823' title='bbox 3633 5504 3785 5563; x_wconf 57' lang='lat' dir='ltr'><strong>pre.</strong></span> 
     </span>
    </p>
   </div>
   <div class='ocr_carea' id='block_1_115' title="bbox 2190 5578 3789 5650">
    <p class='ocr_par' dir='ltr' id='par_1_115' title="bbox 2190 5578 3789 5650">
     <span class='ocr_line' id='line_1_115' title="bbox 2190 5578 3789 5650; baseline 0.003 -18"><span class='ocrx_word' id='word_1_824' title='bbox 2190 5584 2334 5632; x_wconf 88' lang='lat' dir='ltr'><strong>stare</strong></span> <span class='ocrx_word' id='word_1_825' title='bbox 2375 5592 2481 5632; x_wconf 93' lang='lat' dir='ltr'><strong>non</strong></span> <span class='ocrx_word' id='word_1_826' title='bbox 2517 5578 2802 5645; x_wconf 89' lang='lat' dir='ltr'><strong>convenit,</strong></span> <span class='ocrx_word' id='word_1_827' title='bbox 2835 5581 3148 5650; x_wconf 90' lang='lat' dir='ltr'><strong>petitionem</strong></span> <span class='ocrx_word' id='word_1_828' title='bbox 3188 5580 3401 5637; x_wconf 88' lang='lat' dir='ltr'><strong>illorum</strong></span> <span class='ocrx_word' id='word_1_829' title='bbox 3442 5582 3640 5637; x_wconf 84' lang='lat' dir='ltr'><strong>saltem</strong></span> <span class='ocrx_word' id='word_1_830' title='bbox 3687 5585 3789 5636; x_wconf 87' lang='lat' dir='ltr'><strong>ho-</strong></span> 
     </span>
    </p>
   </div>
   <div class='ocr_carea' id='block_1_116' title="bbox 2189 5669 3787 5744">
    <p class='ocr_par' dir='ltr' id='par_1_116' title="bbox 2189 5669 3787 5744">
     <span class='ocr_line' id='line_1_116' title="bbox 2189 5669 3787 5744; baseline 0.003 -22"><span class='ocrx_word' id='word_1_831' title='bbox 2189 5674 2400 5723; x_wconf 90' lang='lat' dir='ltr'><strong>nestate</strong></span> <span class='ocrx_word' id='word_1_832' title='bbox 2439 5669 2703 5724; x_wconf 89' lang='lat' dir='ltr'><strong>sermonis</strong></span> <span class='ocrx_word' id='word_1_833' title='bbox 2731 5670 3002 5727; x_wconf 82' lang='lat' dir='ltr'><strong>molliﬁca.</strong></span> <span class='ocrx_word' id='word_1_834' title='bbox 3044 5672 3250 5729; x_wconf 85' lang='lat' dir='ltr'><strong>Nomen</strong></span> <span class='ocrx_word' id='word_1_835' title='bbox 3278 5683 3427 5728; x_wconf 90' lang='lat' dir='ltr'><strong>tuum</strong></span> <span class='ocrx_word' id='word_1_836' title='bbox 3460 5673 3652 5744; x_wconf 85' lang='lat' dir='ltr'><strong>plures</strong></span> <span class='ocrx_word' id='word_1_837' title='bbox 3683 5687 3787 5727; x_wconf 89' lang='lat' dir='ltr'><strong>no-</strong></span> 
     </span>
    </p>
   </div>
   <div class='ocr_carea' id='block_1_117' title="bbox 2183 5751 3786 5835">
    <p class='ocr_par' dir='ltr' id='par_1_117' title="bbox 2183 5751 3786 5835">
     <span class='ocr_line' id='line_1_117' title="bbox 2183 5751 3786 5835; baseline 0.005 -25"><span class='ocrx_word' id='word_1_838' title='bbox 2183 5751 2401 5825; x_wconf 86' lang='lat' dir='ltr'><strong>verint,</strong></span> <span class='ocrx_word' id='word_1_839' title='bbox 2445 5751 2707 5816; x_wconf 84' lang='lat' dir='ltr'><strong>beneﬁcia</strong></span> <span class='ocrx_word' id='word_1_840' title='bbox 2752 5768 2845 5817; x_wconf 91' lang='lat' dir='ltr'><strong>tua</strong></span> <span class='ocrx_word' id='word_1_841' title='bbox 2893 5762 2947 5817; x_wconf 92' lang='lat' dir='ltr'><strong>in</strong></span> <span class='ocrx_word' id='word_1_842' title='bbox 2984 5771 3243 5834; x_wconf 86' lang='lat' dir='ltr'><strong>quantum</strong></span> <span class='ocrx_word' id='word_1_843' title='bbox 3280 5765 3542 5835; x_wconf 65' lang='lat' dir='ltr'><strong>praevales</strong></span> <span class='ocrx_word' id='word_1_844' title='bbox 3581 5762 3786 5833; x_wconf 78' lang='lat' dir='ltr'><strong>plures</strong></span> 
     </span>
    </p>
   </div>
   <div class='ocr_carea' id='block_1_118' title="bbox 2190 5841 3783 5929">
    <p class='ocr_par' dir='ltr' id='par_1_118' title="bbox 2190 5841 3783 5929">
     <span class='ocr_line' id='line_1_118' title="bbox 2190 5841 3783 5929; baseline 0.003 -23"><span class='ocrx_word' id='word_1_845' title='bbox 2190 5850 2441 5918; x_wconf 86' lang='lat' dir='ltr'><strong>sentiant,</strong></span> <span class='ocrx_word' id='word_1_846' title='bbox 2466 5851 2675 5911; x_wconf 88' lang='lat' dir='ltr'><strong>vultum</strong></span> <span class='ocrx_word' id='word_1_847' title='bbox 2701 5841 2812 5912; x_wconf 84' lang='lat' dir='ltr'><strong>rari</strong></span> <span class='ocrx_word' id='word_1_848' title='bbox 2849 5865 3194 5927; x_wconf 86' lang='lat' dir='ltr'><strong>cognoscant.</strong></span> <span class='ocrx_word' id='word_1_849' title='bbox 3234 5855 3292 5914; x_wconf 89' lang='lat' dir='ltr'><strong>Si</strong></span> <span class='ocrx_word' id='word_1_850' title='bbox 3327 5857 3545 5929; x_wconf 84' lang='lat' dir='ltr'><strong>quando</strong></span> <span class='ocrx_word' id='word_1_851' title='bbox 3581 5868 3783 5911; x_wconf 84' lang='lat' dir='ltr'><strong>autem</strong></span> 
     </span>
    </p>
   </div>
  </div>
