4000 6460
234 339 326 399 961

703 331 986 392 REGULA
1019 325 1650 414 SANCTIMONIALIUM
1685 324 1776 382 AB
1812 320 2174 382 ΑΠΑΜΜο
2206 312 2586 378 COLLECTA.
2624 342 2698 358 --
2733 313 2862 371 LIB.
2901 309 2968 366 Il.

3357 305 3464 365 962

226 452 320 512 tibi
341 461 437 523 pro
458 446 781 505 necessitate
811 447 1125 506 monasterii
1153 463 1397 504 seorsum
1430 444 1594 500 fuerit
1623 443 1786 499 collo-
1813 444 1866 505 Α
1889 440 2012 495 ﬁdei
2043 437 2252 503 amico,
2284 413 2379 508 qui
2414 449 2508 491 eas
2534 431 2657 503 jure
2702 431 2808 486 fori
2849 425 3121 485 defendat.
3153 424 3468 523 secundum

229 548 508 623 quendum,
535 560 656 601 cum
687 545 912 610 duabus,
939 544 1023 600 vel
1056 551 1201 599 certe
1231 557 1353 598 cum
1390 540 1566 595 tribus
1605 538 1791 594 electis

226 640 490 700 sororibus
510 637 692 692 facito.
716 636 850 705 Quia
876 637 1057 708 opinio
1085 638 1237 692 bona:
1260 635 1438 700 fama},
1463 633 1603 688 sicut
1625 632 1792 686 etiam

225 733 466 808 perfecte
489 731 614 786 vita:
639 730 902 796 custodia,
937 731 1033 785 tibi
1064 727 1368 784 necessaria
1394 734 1479 782 est
1521 743 1534 779 :
1573 734 1628 780 et
1665 734 1792 780 tunc

223 829 448 903 primum
472 826 813 897 despicienda
839 826 1074 881 humana
1105 823 1367 880 detractio
1391 837 1514 877 cum
1544 819 1791 876 Christus

224 924 274 979 in
309 936 469 978 causa
512 928 613 975 est.
653 919 840 974 Omnis
882 933 1093 988 quoque
1137 915 1278 972 actio
1328 925 1419 969 tua
1459 928 1672 983 semper
1721 913 1792 966 sit

220 1020 432 1086 propter
468 1010 671 1075 Deum,
719 1025 932 1080 semper
959 1010 1025 1064 de
1067 1009 1178 1064 Deo
1205 1005 1456 1078 cogitatio
1500 1005 1552 1059 in
1595 1003 1786 1058 Deum.

220 1103 283 1160 Et
325 1103 562 1172 exceptis
600 1103 777 1167 vitiis,
818 1101 1014 1172 quibus
1050 1117 1158 1156 non
1188 1098 1524 1170 compassio,
1564 1098 1659 1154 sed
1703 1113 1790 1152 re-

219 1193 418 1250 ctitudo
453 1193 716 1258 debetur,
758 1193 1008 1249 omnibus
1055 1202 1108 1247 te
1153 1191 1311 1262 cupio
1340 1206 1460 1246 esse
1501 1190 1790 1260 compassi-

217 1285 396 1349 bilem,
419 1287 668 1342 omnibus
687 1297 918 1357 gratam,
939 1284 1188 1339 omnibus
1217 1292 1269 1340 te
1291 1282 1600 1354 praefectam
1622 1282 1788 1352 piam.

221 1377 289 1434 Ut
328 1376 580 1433 videlicet
623 1376 775 1446 juxta
823 1375 1050 1431 Paulum
1083 1374 1134 1446 (I
1164 1374 1286 1430 Cor.
1326 1372 1423 1446 vu)
1471 1374 1547 1428 sis
1579 1383 1787 1438 sancta,

215 1484 440 1540 corpore
466 1477 522 1525 et
549 1469 763 1539 spiritu,
794 1467 911 1538 ipso
933 1481 1152 1536 sponso,
1181 1474 1236 1520 et
1263 1464 1493 1520 Domino
1518 1472 1610 1519 tuo
1634 1478 1792 1519 men-

219 1568 319 1616 tem
350 1571 497 1616 tuam
526 1569 779 1632 regente,
808 1568 864 1614 et
894 1559 1010 1613 vias
1047 1566 1169 1613 tuas
1196 1566 1416 1613 sanctas
1445 1556 1788 1627 disponente,

213 1655 302 1724 qui
327 1654 464 1710 vivit
483 1663 540 1710 et
567 1662 757 1726 regnat
783 1653 839 1708 in
868 1652 1063 1708 saecula
1094 1651 1436 1708 saeculorum.
1464 1650 1687 1707 Amen.‘

1892 531 2030 588 hanc
2077 531 2243 603 igitur
2293 526 2698 585 constitutionis
2744 523 2993 586 formam,
3028 517 3468 578 sanctimoniales

1893 638 2022 678 suas
2061 621 2308 692 proprias
2364 635 2450 674 res
2497 615 2798 672 deliberent
2838 623 2895 668 et
2933 614 3243 683 disponant,
3276 619 3332 668 et
3373 616 3470 666 aut

1891 715 2095 779 servis,
2128 724 2220 768 aut
2260 720 2405 768 certe
2435 710 2554 765 aliis
2580 751 2594 775 ,
2625 709 2818 779 quibus
2848 705 2953 762 illis
2983 706 3228 770 libuerit,
3271 719 3366 761 eas
3399 702 3470 760 ad

1891 808 2320 876 procurandum,
2352 803 2562 873 sibique
2591 800 2820 855 ﬁdeliter
2841 813 3029 853 earum
3060 796 3270 853 fructus
3298 796 3470 852 admi-

1892 895 2251 961 nistrandum,
2291 893 2691 957 commendent,
2722 890 2976 962 quoniam
3005 897 3132 946 aute
3162 890 3471 961 ingressum

1891 987 2222 1051 monasterii,
2252 996 2468 1051 cuncta,
2499 994 2559 1041 ut
2585 985 2925 1055 praemissum
2946 991 3050 1050 est,
3075 982 3473 1038 rationabiliter

1891 1077 1999 1133 illis
2023 1078 2350 1149 disponenda
2379 1086 2536 1144 sunt,
2567 1085 2628 1132 ut
2653 1084 2861 1132 remota
2892 1076 3256 1148 quarumlibet
3286 1075 3470 1132 foren-

1892 1169 2030 1226 sium
2060 1187 2241 1226 rerum
2267 1171 2622 1242 occupatione
2640 1211 2654 1236 ,
2684 1186 2840 1225 suum
2867 1169 3119 1235 liberius,
3151 1179 3209 1226 et
3237 1169 3472 1240 quietius

1890 1261 2100 1332 possint
2144 1264 2417 1318 custodire
2467 1263 2826 1333 propositum.
2897 1259 3004 1318 Sed
3058 1271 3113 1318 et
3168 1263 3236 1319 de
3294 1265 3475 1322 adole-

1894 1352 2169 1418 scentulis,
2186 1362 2241 1409 et
2268 1355 2334 1408 de
2357 1355 2443 1409 his
2475 1370 2704 1424 quarum
2732 1354 3144 1410 conversatione
3171 1354 3474 1414 simultates

1893 1449 1948 1497 et
1989 1442 2352 1498 dissentiones
2394 1444 2710 1515 plerumque
2756 1446 2866 1514 pati
2911 1443 3086 1500 solent
3122 1447 3474 1512 monasteria,

1892 1536 2192 1590 cavendum
2238 1537 2528 1593 abbatissis
2554 1547 2661 1604 est,
2707 1555 2778 1594 ne
2823 1538 3040 1594 incaute
3085 1547 3140 1594 et
3180 1539 3477 1596 indiscrete

1892 1641 1988 1681 eas
2015 1625 2068 1679 in
2098 1629 2516 1699 congregatione
2543 1629 2858 1697 admittant,
2897 1647 2967 1688 ne
2996 1631 3136 1688 forte
3165 1647 3354 1687 earum
3382 1632 3478 1688 δάε

1800 1715 1804 1718 ’
1893 1720 2083 1778 missio
2106 1721 2322 1792 aliquod
2345 1723 2400 1778 in
2429 1732 2702 1795 posterum
2732 1734 2958 1797 generet
2988 1726 3326 1784 scandalum.

801 1793 1028 1853 CAPUT
1064 1795 1197 1851 VIII.

278 1904 619 1965 Studendum
646 1925 988 1981 summopere
1010 1908 1301 1964 abbatissis
1321 1915 1404 1964 est
1425 1915 1486 1963 ut
1517 1915 1597 1965 tot
1625 1907 1787 1963 tales-

203 2017 315 2072 que
353 2002 407 2056 in
455 2003 800 2057 monasteriis
837 2001 1126 2056 admittant
1157 1999 1598 2055 sanctimoniales
1621 2041 1635 2065 ,
1668 2013 1790 2069 quae

203 2100 262 2147 et
298 2107 515 2146 morum
547 2093 818 2163 probitate
851 2091 1315 2156 commendentur,
1351 2099 1405 2146 et
1453 2090 1788 2145 ecclesiasti-

204 2182 283 2238 cis
308 2183 522 2252 possint
560 2183 956 2238 rationabiliter
982 2182 1275 2238 sustentari
1314 2181 1616 2252 stipendiis.
1658 2181 1789 2246 Qum

204 2292 333 2332 vero
370 2277 550 2332 adhuc
597 2277 908 2332 carnalibus
960 2276 1404 2331 delectationibus
1447 2275 1786 2342 irrctiuntur,

203 2382 550 2438 nequaquam
593 2377 716 2422 sunt
764 2368 818 2422 in
858 2367 1205 2422 monasteriis
1236 2366 1619 2431 admittendte,
1663 2366 1789 2435 quia

202 2461 370 2516 satius
432 2471 520 2517 est
570 2462 709 2525 illis,
739 2459 898 2529 juxta
945 2460 1171 2516 Paulum
1216 2459 1518 2528 apostolum
1559 2457 1612 2530 (Ι
1662 2455 1786 2512 Cor.

200 2550 319 2624 vn),
353 2551 496 2606 foris
523 2551 748 2618 nubere,
787 2559 997 2606 tantum
1023 2551 1077 2605 in
1104 2549 1358 2614 Domino,
1398 2565 1558 2619 quam
1589 2548 1643 2603 in
1675 2565 1792 2604 mo-

200 2643 464 2698 nasteriis
492 2645 737 2708 admitti,
767 2652 822 2699 et
850 2644 950 2700 sub
980 2644 1212 2713 imagine
1238 2642 1502 2698 simulatae
1533 2642 1792 2698 sanctita~

200 2733 269 2789 tis
297 2735 569 2790 dissolute
594 2737 798 2791 vivere.
830 2734 963 2791 Cum
989 2735 1156 2805 igitur
1183 2734 1490 2803 hujusmodi
1515 2733 1792 2805 religionis

201 2828 379 2897 gratia
421 2828 760 2882 monasteria
801 2827 1193 2898 expetiverint,
1228 2843 1334 2881 non
1365 2827 1444 2881 eis
1489 2826 1666 2882 facilis
1695 2827 1792 2881 tri-

201 2919 402 2976 buatur
443 2921 741 2992 ingressus,
783 2920 954 2975 donec
992 2920 1144 2991 prius
1168 2921 1247 2975 eis
1277 2919 1392 2976 haec
1415 2919 1668 2991 legantur
1693 2935 1788 2974 ca-

199 3012 376 3083 pitula
405 3033 420 3067 :
460 3019 521 3068 ut
546 3013 629 3068 his
652 3012 905 3084 perlectis
929 3014 1178 3069 noverint
1201 3013 1328 3083 quid
1353 3014 1432 3068 eis
1456 3013 1507 3067 in
1536 3013 1799 3084 castimo—q

203 3104 334 3158 niali
357 3105 644 3175 proposito
685 3103 1112 3170 observandum,
1146 3103 1343 3174 quidve
1372 3103 1653 3159 vitandum
1695 3104 1786 3158 sit.

203 3195 343 3263 Quia
384 3205 677 3268 postquam
722 3215 781 3253 se
824 3197 1054 3264 Domino
1085 3197 1140 3253 in
1170 3198 1272 3253 hac
1299 3197 1495 3252 militia
1532 3196 1792 3252 devinxe—
1818 3183 1863 3246 C

204 3285 338 3352 rint,
370 3301 716 3358 nequaquam
745 3288 847 3344 sibi
880 3288 1089 3344 licitum
1119 3289 1223 3345 erit
1248 3289 1483 3360 propriis
1513 3291 1591 3344 uti
1621 3290 1795 3345 consi-

203 3373 313 3441 liis,
349 3391 456 3431 nec
498 3375 831 3432 secularibus
877 3379 1095 3448 penitus
1131 3377 1396 3446 implicari
1431 3392 1590 3446 posse
1626 3394 1794 3448 nego-

202 3467 296 3522 tiis
328 3486 342 3521 :
380 3483 485 3524 nec
532 3468 894 3537 frequentiam
930 3469 1173 3524 virorum
1195 3509 1210 3534 ,
1251 3477 1346 3522 aut
1376 3467 1796 3525 collocutionem

199 3560 542 3616 familiarem
571 3562 776 3631 absque
821 3576 983 3617 causa
1022 3561 1317 3616 inevitabili
1347 3562 1550 3617 habere
1577 3561 1794 3617 debent.

198 3651 452 3708 Proinde
499 3662 811 3709 scrutentur
840 3654 992 3724 prius
1016 3668 1215 3709 arcana
1249 3653 1430 3708 cordis
1459 3655 1565 3720 sui,
1613 3654 1800 3709 simul-

200 3756 316 3812 que
347 3756 521 3812 super
549 3743 832 3798 adnotatas
876 3752 1190 3799 sanctorum
1229 3742 1452 3800 Patrum
1498 3746 1799 3802 sententias

199 3833 440 3889 assidua
485 3836 837 3892 meditatione
887 3837 1200 3909 perlegant,
1252 3853 1322 3894 ne
1368 3839 1701 3905 inconsulte,
1744 3845 1801 3893 et

199 3924 396 3981 minus
448 3936 606 3981 caute
652 3927 926 3983 vinculum
979 3929 1330 3984 continentia:
1375 3938 1431 3985 et
1469 3930 1799 4002 virginitatis

202 4019 561 4090 arripientes,
594 4019 816 4074 redeant
843 4028 966 4092 post
999 4021 1187 4090 Satan,
1224 4029 1280 4079 et
1311 4022 1444 4078 ﬁant
1473 4022 1617 4079 sicut
1646 4021 1798 4080 canis

205 4125 473 4166 reversus
504 4110 574 4166 ad
597 4110 879 4167 vomitum.

817 4222 1045 4279 CAPUT
1083 4223 1177 4278 IX.

278 4334 690 4391 Providendum
716 4341 800 4390 est
827 4334 913 4389 his
948 4349 1068 4404 quae
1094 4334 1164 4389 ob
1193 4347 1438 4390 amorem
1465 4331 1672 4389 Christi
1708 4347 1800 4388 ca-

207 4427 489 4484 stimoniae
527 4441 586 4482 se
614 4426 942 4491 dicaverint,
972 4435 1027 4482 et
1067 4427 1122 4481 in
1152 4426 1375 4499 collegio
1415 4427 1802 4483 sanctimonia-

1819 1812 1871 1874 B

2515 1841 2741 1898 CAPUT
2777 1842 2846 1898 Χ.

1962 1927 2269 1986 Meminisse
2317 1932 2516 1988 debent
2562 1949 2683 2003 quae
2723 1949 2784 1989 se
2813 1934 3208 1991 castimonialis
3237 1935 3478 1994 nominis

1889 2019 2227 2091 professione
2257 2021 2486 2078 Domino
2517 2023 2892 2091 devinxerunt,
2923 2025 2977 2080 in
3011 2028 3357 2083 monasteriis
3387 2026 3476 2097 ju-

1889 2111 2032 2182 giter
2077 2113 2334 2181 residere,
2382 2123 2439 2170 et
2484 2116 2712 2171 Domino
2747 2126 2858 2172 tota
2905 2118 3104 2174 mentis
3142 2126 3198 2173 et
3230 2118 3478 2190 corporis

1889 2202 2191 2259 intentione
2245 2205 2511 2261 instanter
2562 2207 2836 2263 deservire
2882 2207 3117 2274 debere,
3166 2224 3266 2263 nec
3305 2209 3478 2264 solum

1889 2294 2252 2350 velamentum
2312 2297 2556 2366 corporis
2604 2297 2720 2352 sine
2764 2307 3087 2354 ornamento
3130 2301 3330 2355 mentis
3375 2301 3478 2356 sibi

1891 2388 2148 2456 prodesse
2198 2403 2374 2457 posse.
2410 2388 2678 2455 Quoniam
2718 2389 2852 2442 nihil
2899 2391 3120 2459 prodest
3160 2406 3358 2462 corpus
3388 2408 3480 2448 ve-

1891 2479 2006 2562 lare
2032 2521 2046 2545 ,
2087 2488 2143 2535 et
2171 2481 2366 2536 mentis
2401 2481 2656 2535 vitiorum
2698 2482 2965 2551 portentis
2994 2483 3290 2538 maculare.
3332 2483 3473 2551 Quid

1891 2570 2035 2627 enim
2061 2573 2282 2642 prodest
2302 2588 2499 2643 corpus
2519 2571 2718 2638 velare,
2743 2579 2796 2627 et
2823 2573 3061 2629 animum
3088 2574 3288 2630 habere
3315 2591 3476 2631 vene-

1891 2663 2114 2717 natum?
2145 2661 2286 2730 Quid
2311 2661 2532 2733 prodest
2557 2663 2726 2734 nigris
2751 2663 2992 2719 vestibus
3026 2665 3206 2733 indui,
3239 2675 3294 2722 et
3321 2683 3352 2722 a
3383 2667 3476 2723 de-

1892 2756 2159 2812 tractione
2226 2756 2465 2827 linguam
2513 2773 2621 2812 non
2674 2757 2974 2813 cohibere?
3020 2775 3143 2814 cum
3182 2761 3476 2830 Apostolus

1892 2847 2037 2903 dicat
2067 2867 2079 2902 :
2119 2846 2182 2903 Si
2212 2849 2329 2919 quis
2348 2858 2498 2919 putat
2520 2865 2575 2903 se
2595 2847 2896 2919 religiosum
2916 2867 3044 2916 esse,
3074 2869 3178 2906 non
3205 2853 3478 2923 refrenans

1892 2940 2128 3012 linguam
2164 2959 2315 2996 suam
2341 2982 2356 3009 ,
2387 2942 2478 2996 sed
2517 2941 2766 2996 seducens
2797 2959 2888 2997 cor
2915 2960 3068 2997 suum
3093 2985 3109 3010 ,
3143 2944 3303 3014 hujus
3343 2961 3480 2999 vana

1891 3041 1967 3087 est
1998 3032 2180 3103 religio
2223 3031 2365 3104 (lac.
2400 3032 2460 3104 ι).
2489 3032 2744 3102 Nunquid
2775 3034 2920 3088 enim
2947 3035 3310 3090 velamentum
3351 3051 3475 3090 cor-

1892 3125 2041 3196 poris
2066 3124 2244 3181 celare
2269 3133 2450 3196 potest
2486 3126 2839 3194 cupiditatem
2867 3127 3100 3182 mentis?
3147 3127 3284 3196 Quia
3312 3128 3479 3199 igitur

1892 3218 2063 3274 oculis
2114 3218 2211 3273 Dei
2259 3225 2455 3274 cuncta
2501 3232 2666 3285 opera
2720 3217 2956 3273 ﬁliorum
2999 3217 3172 3274 Adam
3222 3218 3366 3274 nuda
3420 3227 3476 3275 et

1894 3323 2078 3383 aperta
2121 3320 2271 3377 sunt,
2301 3319 2358 3368 et
2399 3311 2678 3368 humilitas
2718 3314 2950 3369 vestium
2992 3314 3127 3368 nihil
3173 3314 3317 3371 valet
3361 3316 3481 3370 sine

1895 3406 2200 3461 humilitate
2233 3405 2533 3473 mentium',
2564 3415 2619 3462 et
2648 3407 2774 3478 quia
2803 3422 2910 3462 non
2941 3407 3045 3463 nisi
3079 3407 3244 3464 corde
3278 3409 3480 3464 mundo

1896 3497 2040 3555 Deus
2066 3498 2236 3553 videri
2264 3508 2469 3569 potest;
2507 3515 2730 3556 necesse
2756 3509 2842 3556 est
2869 3501 3012 3570 quod
3037 3501 3227 3556 habitu
3255 3501 3478 3558 demon-

1899 3598 2097 3656 strant,
2126 3606 2290 3661 opere
2319 3592 2633 3662 perﬁciant,
2662 3602 2718 3648 et
2742 3593 3052 3658 humilitas,
3084 3609 3247 3664 quam
3278 3593 3332 3648 in
3361 3608 3483 3650 cor-

1897 3698 2030 3754 pore
2078 3691 2334 3754 gestant,
2385 3684 2440 3738 in
2496 3692 2678 3740 mente
2728 3685 3068 3755 potissimum
3119 3684 3477 3754 resplendeat.

1899 3775 2037 3830 Nam
2067 3777 2136 3842 si,
2164 3777 2617 3848 quemadmodum
2645 3777 2785 3848 apud
2817 3777 3157 3834 Salomonem
3182 3778 3402 3850 legitur,
3425 3777 3480 3834 in

1901 3867 2059 3922 domo
2086 3867 2257 3937 patris
2291 3868 2483 3940 positae
2507 3909 2522 3935 ,
2567 3868 2991 3934 instantersunt
3036 3870 3260 3925 monitis
3290 3877 3474 3940 pater-

1899 3960 1984 4014 nis
2029 3960 2367 4027 erudiendae;
2413 3969 2471 4016 et
2516 3976 2660 4017 nexu
2685 3959 2948 4032 conjugali
2985 3962 3285 4030 devinctae,
3318 3961 3476 4033 juxta

1897 4051 2255 4121 Apostolum,
2319 4053 2516 4108 debent
2569 4053 2700 4110 viris
2748 4055 3150 4113 essesubditae
3197 4074 3210 4110 :
3273 4064 3480 4126 quanto

1897 4143 2070 4213 magis
2122 4144 2178 4198 in
2226 4143 2386 4198 domo
2425 4143 2549 4210 Dei,
2591 4159 2711 4214 quae
2758 4159 2818 4200 se
2855 4144 3103 4217 religiose
3153 4145 3338 4201 vivere
3381 4146 3480 4200 de-

1901 4241 2200 4299 voverunt,
2251 4234 2447 4289 divinis
2501 4243 2625 4288 sunt
2676 4234 2983 4290 erudiendae
3032 4234 3371 4306 disciplinis,
3425 4245 3483 4293 et

1900 4339 2099 4396 sponso
2128 4341 2226 4380 suo
2251 4325 2470 4381 Christo
2499 4325 2731 4380 Domino
2758 4340 2880 4380 cum
2910 4327 3056 4380 omni
3087 4327 3391 4382 humilitate
3425 4337 3482 4383 et

1899 4417 2150 4472 castitate
2179 4417 2405 4473 subdita:
2429 4419 2591 4476 esse?
2623 4417 2758 4473 Illud
2797 4432 3032 4488 namque
3057 4420 3199 4489 quod
3233 4419 3288 4474 in
3318 4421 3480 4477 domo

206 4517 343 4573 lium
373 4533 439 4573 se
463 4516 675 4571 admitti
705 4517 1108 4585 postulaverint,
1133 4527 1194 4572 ut
1215 4533 1302 4574 res
1327 4534 1474 4585 suas,
1507 4529 1798 4591 antequam
1822 4537 1876 4598 ι)
1901 4510 2072 4580 Patris
2114 4517 2170 4564 ει
2217 4509 2272 4563 in
2315 4510 2531 4566 VinCUIO
2577 4509 2843 4583 coniugali
2901 4511 3210 4567 constitutis
3257 4527 3480 4583 prorsus

205 4612 614 4669 monasterium
656 4612 1048 4682 ingrediantur,
1079 4613 1151 4666 ita
1182 4613 1458 4682 sapienter
1478 4614 1802 4685 prudenter-

208 4719 317 4775 que
371 4702 682 4758 deliberent
725 4713 887 4771 atque
923 4704 1238 4773 disponant,
1279 4713 1338 4758 ut
1384 4705 1451 4759 ad
1481 4706 1646 4760 vitam
1683 4715 1803 4761 ten-

207 4795 410 4850 dentes
444 4804 702 4848 aeternam
723 4833 738 4858 ,
773 4793 972 4847 nullam
999 4810 1186 4849 earum
1209 4796 1496 4851 occasione
1522 4798 1802 4866 patiantur

209 4885 711 4957 perturbationem.
755 4883 989 4940 Proinde
1017 4886 1061 4939 si
1091 4885 1268 4955 aliqua
1306 4888 1799 4942 sanctimonialium

209 4994 301 5034 res
330 4993 475 5033 suas
501 4977 752 5047 proprias
780 4977 1021 5032 ecclesiae
1047 4977 1121 5031 ita
1146 4978 1455 5045 contulerit,
1483 4987 1544 5033 ut
1572 4979 1709 5034 nihil
1729 4994 1799 5036 ex

209 5069 300 5124 his
328 5069 444 5124 sibi
471 5067 750 5139 proprium
790 5067 1098 5135 vindicare,
1129 5068 1222 5124 sed
1251 5077 1458 5123 tantum
1493 5068 1656 5124 rebus
1679 5083 1800 5125 sus-

207 5165 428 5220 tentari
460 5162 590 5216 velit
623 5157 889 5220 ecclesize,
919 5156 1044 5210 huic
1073 5153 1400 5210 sufﬁcienter
1431 5155 1486 5210 in
1517 5171 1813 5229 congrega-

210 5254 368 5309 tione
400 5250 674 5322 stipendia
704 5249 1004 5319 largiantur
1031 5245 1358 5300 necessaria.
1395 5245 1452 5300 Si
1499 5255 1680 5302 autem
1714 5264 1808 5307 ec-

209 5343 403 5399 clesia:
448 5357 542 5396 eas
582 5337 887 5402 tradiderit,
934 5343 988 5390 et
1024 5333 1428 5410 usufructuario
1482 5335 1686 5392 habere
1713 5353 1810 5394 vo-

208 5433 411 5498 luerit,
463 5441 702 5502 quaestor
739 5428 980 5486 ecclesiae
1022 5441 1136 5492 eas,
1167 5435 1225 5481 ut
1254 5435 1376 5496 pote
1405 5427 1670 5495 ecclesiae,
1714 5432 1808 5487 de-

207 5525 432 5600 fendat.
491 5524 645 5591 Quod
701 5523 746 5578 si
801 5537 894 5577 eas
937 5519 1178 5576 ecclesia:
1231 5520 1477 5575 conferre
1533 5522 1806 5592 noluerit,

218 5619 534 5682 abbatissa,
563 5625 618 5672 et
638 5616 849 5673 caeteris
876 5612 1381 5699 sanctimonialibus
1407 5613 1807 5670 conniventiam
1837 5609 1840 5612 ’

210 5709 629 5775 adhibentibus,
674 5707 979 5764 committat
1020 5720 1114 5761 eas
1157 5719 1254 5776 per
1294 5706 1556 5776 scriptum
1592 5706 1807 5778 publice

210 5805 566 5890 roboratam,
612 5808 704 5860 aut
742 5799 1064 5875 propinquo,
1112 5807 1205 5858 aut
1244 5798 1610 5871 alio,cuilibet
1646 5799 1806 5865 bona

1903 4605 2004 4660 fuit
2030 4604 2295 4667 illicitum,
2325 4620 2431 4674 qua
2453 4606 2794 4670 auctoritate,
2828 4605 2936 4660 imo
2961 4621 3070 4676 qua
3101 4604 3394 4671 dementia,
3423 4607 3479 4662 in

1901 4698 2246 4755 monasteriis
2286 4699 2475 4769 positae
2519 4699 2659 4765 sibi,
2705 4698 2812 4754 nisi
2850 4699 2920 4754 ob
2957 4714 3109 4754 suam
3159 4698 3478 4770 perniciem,

1899 4791 2080 4848 facere
2107 4800 2361 4863 poterunt
2386 4790 2633 4846 licitum?
2656 4791 2959 4860 praesertim
2983 4806 3106 4845 cum
3135 4791 3326 4844 beatus
3355 4790 3480 4844 Hie-

1897 4899 2156 4954 ronymus
2209 4883 2373 4948 dicat,
2420 4882 2668 4951 pessimae
2711 4896 2832 4936 esse
2879 4879 3304 4945 consuetudinis,
3349 4895 3475 4935 cum

1901 4973 2106 5046 fragilis
2132 4990 2316 5038 sexus,
2363 4982 2417 5028 et
2444 4971 2725 5026 imbecillis
2750 4979 2884 5026 tetas
2915 4986 3014 5028 suo
3050 4971 3275 5027 arbitrio
3303 4970 3482 5026 abuti-

1901 5073 2027 5131 tur,
2078 5075 2132 5121 et
2174 5073 2330 5136 putat
2378 5064 2541 5118 licere
2585 5064 2729 5136 quod
2781 5079 2890 5120 non
2947 5063 3091 5120 licet.
3142 5063 3481 5134 Quapropter

1901 5163 2114 5226 oportet
2139 5166 2198 5211 ut
2227 5157 2330 5212 sibi
2360 5155 2545 5213 illicita
2572 5171 2914 5228 nequaquam
2940 5155 3141 5212 faciant
3173 5155 3342 5220 licita,
3383 5154 3480 5212 sed

1901 5261 2093 5302 earum
2145 5247 2389 5305 voluntas
2445 5248 2656 5304 Domini
2704 5248 3002 5312 voluntati,
3055 5247 3162 5301 imo
3206 5246 3477 5314 servituti,

1901 5338 2236 5394 succumbat.
2274 5339 2332 5393 In
2370 5340 2714 5396 monasteriis
2754 5353 2969 5409 quoque
3004 5338 3194 5408 posita:
3225 5354 3335 5394 non
3364 5339 3478 5397 otio

1898 5437 2177 5500 torpeant,
2209 5446 2316 5486 non
2344 5432 2768 5488 detractionibus
2794 5440 2850 5485 et
2876 5431 3126 5486 obscenis
3161 5431 3478 5487 confabula-

1895 5523 2132 5578 tionibus
2166 5524 2476 5580 incumbant
2508 5542 2522 5576 :
2557 5524 2650 5578 sed
2679 5533 2772 5578 aut
2795 5523 3124 5594 psalmorum
3154 5524 3472 5582 modulatio-

1855 5691 1858 5695 Δ
1897 5615 2086 5683 nibus,
2134 5624 2226 5672 aut
2272 5631 2529 5670 manuum
2574 5615 2976 5685 operationibus
3018 5616 3315 5683 insistant,
3379 5625 3477 5672 aut

1898 5719 2046 5765 certe
2094 5708 2292 5764 divinis
2318 5708 2637 5765 lectionibus
2664 5725 2851 5766 aurem
2879 5712 3306 5768 accommodent.
3345 5711 3476 5766 Fre-

1899 5800 2151 5873 quentias
2176 5808 2228 5857 et
2260 5798 2656 5858 familiaritates
2675 5842 2690 5872 ,
2716 5811 2879 5877 atque
2911 5802 3371 5870 confabulationes
3395 5802 3475 5862 vi-
