3978 6460
471 351 574 414 96$

1463 335 1864 409 A'MALARIUS
1903 331 2319 407 FRESBYTER
2357 333 2722 406 ME'I‘ENSIS.

3655 347 3780 411 963

472 487 679 538 rorum,
728 471 869 529 sicut
913 486 946 526 a
993 467 1198 528 sanctis
1243 466 1497 526 Patribus
1539 465 1835 534 inhibetur,
1884 465 2060 523 inodi's'.
2083 455 2140 531 Α
2163 462 2322 520 tissas
2345 461 2679 534 negligenter
2709 467 2765 517 et
2797 460 2976 530 tepide
3000 460 3230 519 subditis
3262 465 3528 537 stipendia
3555 481 3783 525 neces-

470 566 722 621 omnibus
760 571 1004 621 caveant.
1048 555 1249 621 Omnes
1294 551 1348 620 in
1395 562 1712 618 dormitorio
1753 561 2045 628 dormiant,

473 657 702 729 singulae
733 658 936 714 scilicet
975 659 1029 714 in
1071 657 1292 730 singulis
1325 655 1497 712 lectis.
1525 654 1583 710 In
1613 653 1901 711 refectorio
1923 670 2052 726 quo-

472 739 602 804 tidie
646 749 846 819 pariter
881 748 1213 815 reiiciantur,
1263 749 1368 804 nisi
1417 764 1579 819 quam
1610 747 1920 814 inﬁrmitas,
1957 756 2052 802 aut

470 839 644 894 aetatis
674 836 1013 894 imbecillitas
1038 838 1089 892 id
1113 837 1289 892 facere
1315 837 1675 906 prohibuerit.
1711 835 1914 891 Omnes
1946 834 2047 890 sibi

471 930 754 988 cliaritatis
798 927 972 986 olIicio
1006 929 1242 984 vicissim
1292 929 1552 983 serviant.
1598 927 1706 983 Illis
1734 943 1966 997 namque
1992 928 2048 982 in

474 1021 759 1078 refectorio
804 1015 1208 1077 comedentibus
1231 1062 1245 1086 ,
1277 1029 1332 1076 et
1374 1021 1623 1092 religiose
1666 1019 1939 1074 silentium
1971 1025 2052 1072 te-

472 1116 743 1180 nentibus,
772 1115 1126 1170 continuatim
1169 1111 1378 1186 legatur
1407 1115 1565 1170 lectio
1599 1122 1655 1168 et
1684 1112 2050 1168 intensissime

471 1206 539 1261 ab
565 1207 649 1262 his
674 1205 940 1260 audiatur.
967 1205 1050 1262 Ad
1084 1205 1426 1262 collationem
1455 1205 1695 1278 quotidie
1725 1205 1963 1270 veniant,
1997 1213 2051 1259 et

473 1297 612 1352 hanc
639 1296 1052 1363 institutionem,
1082 1297 1195 1352 sive
1224 1293 1448 1352 aliarum
1475 1297 1781 1352 divinarum
1809 1295 2052 1367 Scriptu-

473 1405 652 1444 rarum
694 1389 954 1444 lectiones
991 1389 1289 1461 perlegant,
1335 1401 1388 1444 et
1423 1389 1487 1444 de
1520 1389 1714 1444 anima:
1743 1405 1852 1443 sum
1881 1386 2052 1444 salute

469 1493 811 1556 pertractant.
833 1483 935 1541 Ubi
955 1484 1117 1541 etiam
1146 1479 1685 1553 delinquentesjuxta
1715 1485 1932 1537 modum
1959 1482 2050 1536 de.

469 1577 581 1632 licli
607 1576 992 1646 corripiantur.
1035 1567 1209 1631 Horas
1241 1575 1533 1630 cauonicas
1572 1588 1694 1629 cum
1718 1571 1866 1627 omni
1891 1571 2054 1626 devo-

471 1667 615 1720 tione
643 1665 968 1732 custodiant,
991 1647 1154 1720 et‘his
1184 1664 1422 1720 divinum
1452 1662 1684 1718 ollicium
1710 1659 1934 1718 honeste
1959 1677 2052 1716 ex-

469 1759 668 1832 pleant.
685 1758 964 1815 Honorem
986 1751 1086 1817 sibi
1111 1761 1342 1816 invicem
1369 1759 1646 1814 humiliter
1663 1752 1926 1812 deferant.
1963 1743 2053 1809 Mi-

2153 556 2298 612 saria
2335 553 2614 619 conferre,
2659 553 3144 624 opportunissime,
3197 555 3306 610 imo
3351 559 3784 616 rationabiliter

2153 655 2419 706 statutum
2444 657 2550 715 est,
2579 656 2638 702 ut
2667 648 2720 702 in
2745 648 2997 705 omnibus
3025 652 3370 706 monasteriis
3391 653 3775 722 puellaribus,

2151 743 2206 798 in
2269 743 2465 814 quibus
2535 742 2794 798 canonice
2857 743 3098 805 vivitur,
3170 746 3394 815 singula:
3451 749 3780 802 sanctimo-

2151 833 2322 889 niales
2351 849 2448 904 per
2475 833 2592 889 dies
2627 831 2867 906 singulos
2911 843 3019 890 tres
3056 831 3224 892 libras
3259 838 3416 908 panis
3455 841 3772 910 accipiant,

2151 933 2206 980 et
2236 927 2290 980 in
2321 927 2405 982 his
2433 927 2774 998 regionibus,
2804 941 2923 996 quae
2951 928 3193 983 viniferze
3223 942 3348 984 sunt
3369 971 3384 995 ,
3426 939 3542 986 tres
3585 931 3774 987 libras

2150 1019 2263 1073 vini
2289 1060 2303 1084 ,
2331 1020 2377 1074 si
2407 1018 2666 1074 sterilitas
2689 1020 2950 1088 temporis
2972 1033 3077 1075 non
3108 1020 3451 1090 impedierit;
3493 1023 3539 1077 si
3569 1031 3772 1078 autem

2152 1111 2312 1183 plene
2338 1114 2530 1168 eadem
2561 1113 2710 1182 regio
2734 1113 2846 1167 vini
2877 1111 3032 1167 ferax
3064 1128 3169 1167 non
3199 1114 3384 1179 fuerit,
3419 1113 3561 1169 duas
3589 1114 3770 1171 libras

2153 1203 2288 1270 vini,
2320 1211 2374 1258 et
2404 1205 2538 1259 duas
2566 1204 2812 1258 cervisize
2842 1222 2855 1258 :
2885 1213 2938 1258 et
2963 1205 3008 1258 si
3044 1205 3268 1259 minime
3300 1205 3410 1260 vini
3444 1205 3603 1260 ferax
3651 1205 3769 1259 fue-

2155 1294 2261 1362 rit,
2303 1303 2413 1350 tres
2449 1295 2616 1351 libras
2656 1296 2930 1360 cervisitc,
2981 1303 3035 1350 et
3074 1295 3119 1350 si
3157 1293 3388 1350 facultas
3414 1297 3762 1367 permiserit,

2152 1387 2346 1443 libram
2387 1388 2518 1443 vini.
2550 1387 2608 1442 In
2638 1388 2772 1443 locis
2795 1403 2924 1443 vero
2961 1388 3281 1452 minoribus,
3309 1389 3594 1458 accipiant
3629 1390 3762 1444 duas

2153 1479 2321 1534 libras
2357 1477 2505 1544 vini;
2539 1487 2596 1532 et
2633 1478 2676 1532 si
2719 1479 2910 1532 eadem
2948 1478 3130 1550 regio,
3163 1487 3224 1532 ut
3251 1479 3610 1547 praemissum
3656 1489 3756 1540 est,

2128 1570 2264 1636 vini
2303 1569 2455 1623 ferax
2487 1585 2595 1623 non
2631 1567 2817 1633 fuerit,
2852 1569 2988 1623 duas
3010 1567 3178 1623 libras
3205 1569 3500 1634 cervisize,
3533 1575 3588 1625 et
3617 1572 3666 1624 si
3689 1571 3760 1623 fa-

2154 1661 2328 1716 cultas
2355 1661 2612 1731 suppetit,
2650 1659 2846 1716 libram
2874 1660 3008 1715 vini.
3038 1659 3188 1716 Licet
3215 1662 3366 1717 enim
3391 1664 3450 1717 in
3481 1664 3756 1718 nonnullis

2153 1753 2448 1823 provinciis
2486 1753 2640 1822 copia
2693 1753 2831 1807 desit
2866 1752 3012 1817 vini,
3063 1752 3304 1807 abundat
3335 1761 3527 1808 tamen
3573 1763 3754 1809 sancta

465 1865 630 1919 nores
648 1862 776 1906 natu
792 1867 884 1907 eas
904 1868 1021 1921 quae
1035 1860 1304 1921 provectae
1319 1850 1632 1906 suntzetatis
1655 1850 1915 1917 obsequio
1929 1863 2052 1902 san-
2080 1832 2128 1904 Β
2156 1844 2251 1898 Dei
2291 1843 2558 1908 Ecclesia,
2608 1841 2839 1896 Domino
2885 1843 3248 1907 attribueute,
3297 1843 3538 1898 aliarum
3577 1860 3754 1898 rerum

466 1942 674 2000 ctitatis
703 1949 1049 1997 venerentur.
1095 1943 1372 1998 Provecta:
1396 1956 1608 2012 quoque
1631 1938 2048 2006 annisjuniores

472 2031 635 2088 dictis
662 2039 717 2086 et
742 2031 1000 2101 exemplis
1023 2031 1091 2085 ad
1112 2032 1252 2087 bene
1275 2033 1563 2086 vivendum
1600 2027 1912 2084 informem.
1945 2027 2052 2083 No-

466 2118 602 2187 biles
630 2135 822 2190 genere
852 2135 1189 2192 nequaquam
1212 2122 1621 2193 ignobilioribus
1653 2135 1710 2175 se
1735 2118 2048 2192 praeferant,

468 2207 701 2267 scientes
750 2213 875 2282 quia
914 2225 1268 2284 personarum
1313 2223 1566 2286 acceptor
1614 2225 1722 2270 non
1760 2221 1843 2270 est
1886 2213 2046 2268 Deus.

467 2295 652 2376 Neque
694 2306 840 2361 enim
880 2314 1000 2376 quae
1042 2307 1288 2362 castitate
1335 2316 1389 2361 et
1431 2315 1749 2364 cmterorum
1785 2307 2052 2362 bonorum

466 2411 689 2467 operum
744 2397 1144 2468 przerogativis,
1202 2407 1293 2452 aut
1345 2399 1582 2454 scientiae
1627 2397 1891 2453 doctrinis
1938 2395 2054 2467 pol-

467 2485 600 2552 ient,
627 2503 686 2543 se
707 2489 917 2543 caeteris
938 2487 1230 2559 praeferant
1261 2507 1274 2544 :
1311 2490 1403 2546 sed
1428 2492 1607 2561 potius
1635 2491 1701 2548 de
1737 2493 2054 2549 muneribus

468 2580 570 2636 sibi
599 2580 858 2637 divinitus
885 2582 1094 2639 collatis
1114 2583 1224 2639 Deo
1249 2585 1452 2656 gratias
1478 2591 1717 2658 agentes,
1735 2595 2053 2643 czeterarum

472 2672 931 2730 imbecillitatibus
979 2674 1260 2731 charitatis
1302 2675 1478 2732 oﬁlcio
1540 2677 1818 2732 humiliter
1857 2669 2054 2734 conde-

473 2765 754 2831 scendant,
807 2779 1020 2838 semper
1061 2768 1193 2824 illud
1227 2767 1468 2842 Apostoli
1492 2772 1908 2842 perpendentes,
1949 2788 2056 2844 quo

475 2856 673 2910 dicitur
697 2874 710 2910 :
740 2855 844 2922 Qui
866 2875 919 2913 ae
936 2863 1084 2930 putat
1108 2867 1270 2926 stare,
1296 2861 1464 2916 videat
1486 2877 1547 2916 ne
1573 2864 1727 2917 cadat
1753 2861 1805 2936 (I
1823 2865 1942 2919 Cor.
1971 2865 2050 2934 ι).

468 2947 534 3001 Et
559 2946 687 3002 illud
716 2947 1028 3022 Hieronymi
1057 2971 1068 3005 :
1097 2952 1437 3019 Timendum,
1463 2955 1654 3026 inquit,
1679 2965 1731 3011 et
1753 2955 2054 3012 cavendum

467 3045 569 3102 est,
599 3053 668 3094 ne
695 3047 932 3096 veterem
955 3042 1202 3113 gloriam,
1224 3051 1277 3100 et
1299 3044 1523 3102 solidam
1548 3047 1862 3105 ﬁrmitatem
1882 3050 2054 3106 ‘unius

469 3129 616 3186 hora)
642 3131 874 3202 procella
904 3135 1204 3191 subvertat.

1075 3228 1308 3288 CAPUT
1356 3227 1446 3287 XI.

539 3317 762 3374 Summa
799 3321 1105 3378 intensione
1151 3313 1440 3379 abbatissis
1481 3324 1836 3396 satagendum
1873 3329 1957 3380 est
1991 3329 2054 3380 ut

470 3413 797 3468 monasteria
838 3413 1139 3485 puellarum
1179 3416 1253 3470 ita
1291 3417 1526 3487 undique
1563 3417 1891 3472 ilrmissimis
1945 3418 2052 3473 cir-

468 3505 726 3561 cumdant
749 3508 1161 3574 munitionibus,
1180 3510 1381 3565 utnulli
1406 3511 1662 3576 intrandi,
1690 3511 2048 3578 autexeundi,

469 3598 574 3653 nisi
615 3613 712 3668 per
744 3605 954 3669 portam
998 3607 1181 3668 pateat
1223 3601 1401 3656 aditus
1445 3617 1459 3655 :
1505 3608 1770 3672 quatenus
1812 3609 1913 3657 nec
1947 3601 2051 3656 viri

467 3689 723 3758 quiddam
749 3689 894 3759 quod
929 3705 1036 3745 non
1065 3693 1224 3748 decet
1251 3693 1305 3747 in
1331 3708 1516 3748 earum
1547 3693 1803 3749 claustris
1833 3694 2049 3766 agendi,

468 3793 570 3834 nec
589 3781 1036 3837 sanctimoniales‘
1047 3779 1192 3839 foras
1213 3785 1439 3855 vagandi
1467 3786 1700 3840 habeant
1717 3785 2049 3841 facultatem.

472 3867 727 3925 Habeant
769 3871 952 3940 itaque
993 3872 1220 3929 interius
1267 3875 1704 3930 sanctimoniales
1740 3875 2049 3942 refectoria,

474 3961 718 4027 cellaria,
757 3963 1100 4030 dormitoria,
1149 3972 1205 4020 et
1256 3973 1482 4020 eceteras
1529 3967 1640 4021 suis
1681 3969 1870 4022 usibus
1902 3969 2054 4022 habi-

472 4054 705 4109 tationes
753 4056 1090 4110 necessarias
1138 4064 1488 4124 praeparatas,
1534 4057 1615 4110 uti
1662 4073 1780 4126 quin
1827 4058 2054 4112 Domino

471 4147 824 4214 devoverant,
863 4147 1162 4218 postposita
1190 4147 1338 4202 omni
1361 4147 1733 4215 excusatione,
1767 4148 2054 4204 inviolabi-

471 4237 596 4294 liter
633 4240 908 4296 custodire
937 4239 1171 4294 valeant.

1075 4329 1302 4388 CAPUT
1339 4329 1433 4386 XII

551 4418 713 4474 Usum
752 4421 1235 4490 reprehensibilem
1262 4431 1318 4478 et
1341 4424 1718 4480 emendatione
1748 4427 1967 4497 dignun
2000 4428 2054 4484 in

474 4507 746 4561 nonnullis
778 4513 1123 4565 monasteriis
1155 4511 1488 4581 puellaribus
1514 4530 1632 4569 esse
1661 4519 2053 4585 comperimus,

475 4612 540 4652 eo
586 4597 729 4664 quod
763 4600 1201 4656 sanctimoniales
1236 4603 1503 4671 stipendia
1538 4605 1905 4663 ecclesiastica
1947 4626 2053 4664 non
2082 4569 2135 4631 D

476 4689 758 4758 aequaliter
784 4691 1074 4760 accipiant,
1103 4709 1224 4747 cum
1255 4695 1445 4764 utique
1477 4697 1576 4750 hoc
1609 4699 1681 4752 ita
1715 4699 1832 4754 ﬁeri
1857 4701 2056 4759 debere

475 4798 742 4853 nusquam
787 4785 1053 4840 sancitum
1099 4788 1272 4857 possit
1319 4790 1564 4858 reperiri.
1626 4793 1730 4847 Sed
1779 4797 1905 4865 quia
1953 4797 2058 4850 hoc

474 4874 619 4928 nulla
648 4876 969 4932 auctoritate
995 4877 1242 4944 fulcitur,
1286 4881 1380 4934 sed
1417 4883 1587 4952 magis
1617 4885 1860 4940 avaritiae
1891 4901 2055 4940 causa

475 4975 569 5020 aut
608 4981 961 5036 personarum
1006 4972 1318 5041 acceptione
1347 4982 1562 5028 constat
1599 4992 1717 5030 esse
1759 4977 2052 5042 insolitum,-

473 5072 701 5114 necesse
731 5067 815 5114 est
855 5065 912 5113 ut
945 5053 1214 5130 aequitatis
1241 5077 1470 5118 censura
1501 5064 1570 5118 ab
1596 5066 1796 5120 eisdem
1829 5066 1960 5121 locis
2001 5068 2056 5122 in

473 5150 670 5219 quibus
712 5151 783 5205 sit
829 5165 1052 5221 prorsus
1080 5154 1380 5208 abdicetur.
1430 5155 1662 5226 Dignum
1701 5173 1931 5228 namque
1970 5160 2059 5229 ωε

473 5247 730 5312 stumque
771 5251 856 5297 est
890 5258 1070 5298 coram
1125 5246 1236 5299 Deo
1277 5255 1330 5300 et
1377 5246 1705 5311 hominibus,
1763 5258 1820 5303 ut
1868 5263 2060 5306 omnes

475 5346 596 5401 qua:
619 5332 692 5386 ob
721 5347 962 5388 amorem
1007 5333 1210 5389 Christi
1261 5335 1314 5388 in
1355 5335 1713 5390 castimoniali
1755 5342 2056 5408 proposito,

477 5422 531 5476 in
571 5439 675 5480 una
726 5426 980 5483 videlicet
1017 5427 1299 5492 societate,
1338 5441 1398 5482 se
1427 5428 1609 5484 vivere
1638 5441 2053 5501 proposuerunt,

477 5515 688 5572 seclusa
739 5533 902 5574 causa
944 5519 1184 5574 avaritia:
1239 5527 1292 5574 et
1341 5534 1698 5590 personarum
1741 5526 2058 5595 acceptione

476 5603 659 5662 cibum
677 5618 733 5662 et
758 5617 943 5680 potum
971 5609 1253 5681 aqualiter
1281 5611 1570 5682 accipiant.

1064 5700 1292 5758 CAPUT
1328 5701 1465 5758 XIII.

550 5787 689 5850 Quia
737 5803 1018 5859 perspicue
1045 5803 1384 5866 compertum
1419 5804 1524 5865 est,
1550 5797 1851 5868 {nonnullas
1885 5802 2052 5858 abba-

2152 1935 2323 2006 c0piis
2346 1975 2360 2001 ,
2391 1947 2422 1988 e
2457 1935 2650 2004 quibus
2689 1933 2953 1989 industria
2981 1934 3332 2006 prmlatarum
3375 1938 3444 1990 ei
3476 1934 3605 1989 aliis
3635 1951 3754 2005 pro-

2149 2026 2344 2082 vinciis
2374 2027 2557 2080 vinum
2593 2026 2844 2095 adipisci,
2877 2026 3090 2097 sibique
3120 2026 3355 2082 subditis
3375 2025 3538 2096 juxta
3580 2025 3749 2080 facul-

2153 2127 2318 2175 tatem
2358 2121 2552 2193 pocula
2595 2119 2843 2176 cOnferre
2889 2116 3136 2191 possunt.
3179 2117 3236 2176 In
3285 2121 3419 2177 locis
3452 2123 3630 2194 igitur
3668 2121 3757 2178 ubi

2151 2207 2478 2285 permodica:
2515 2221 2642 2269 sunt
2671 2231 2758 2269 res
2782 2214 3056 2281 Ecclesiae,
3092 2219 3187 2270 aut
3224 2213 3356 2270 torte
3380 2217 3758 2285 quorumdam

2155 2306 2429 2361 abstractu
2464 2307 2619 2362 valde
2647 2316 2966 2374 attenuatae,
3003 2309 3082 2364 tot
3124 2307 3350 2380 talesque
3371 2309 3748 2363 admittantur

2155 2399 2357 2467 quibus
2398 2397 2588 2455 saltem
2630 2401 2908 2471 prtemissa
2938 2402 3116 2456 minor
3154 2405 3398 2456 mensura
3425 2409 3592 2470 potus
3628 2400 3758 2454 sine

2156 2490 2472 2548 dillicultate
2513 2493 2631 2547 dari
2658 2495 2850 2566 possit.
2884 2492 2944 2548 In
2983 2493 3068 2549 bis
3096 2494 3280 2564 itaque
3307 2493 3460 2557 locis,
3494 2493 3593 2547 ubi
3619 2491 3759 2548 forte

2157 2581 2428 2638 nonnullae
2485 2584 2743 2654 prtelataa,
2799 2585 3013 2656 piarum
3068 2585 3424 2657 praelatarum
3481 2585 3756 2642 imitantes

2155 2675 2488 2748 exemplum,
2520 2678 2692 2749 magis
2723 2675 2953 2733 subditis
2980 2678 3110 2733 dare
3143 2677 3320 2732 solitae
3349 2687 3504 2741 sunt,
3533 2677 3758 2732 nullate-

2157 2785 2260 2825 nus
2285 2768 2488 2824 bonum
2531 2771 2674 2840 quod
2705 2769 2910 2826 faciunt
2940 2773 3214 2826 amittant.
3259 2769 3371 2826 Sed
3402 2781 3464 2825 et
3491 2771 3538 2826 si
3572 2772 3660 2826 cui
3695 2771 3757 2826 ob

2158 2869 2414 2917 teternam
2443 2861 2854 2918 retributionem
2895 2863 3070 2935 magis
3104 2857 3336 2919 subditis
3362 2875 3755 2934 supererogare

2157 2953 2395 3020 libuerit,
2429 2953 2675 3010 hilariter
2711 2956 2857 3027 quod
2892 2953 3092 3028 poterit
3135 2957 3379 3022 tribuat;
3431 2957 3520 3014 sin
3561 2969 3756 3026 autem,

2159 3045 2465 3103 nullatenus
2489 3064 2800 3103 mensuram
2829 3039 3147 3119 praedictam
3177 3049 3257 3105 eis
3286 3045 3607 3105 subtrahat.
3634 3049 3752 3106 Die-

2159 3140 2260 3197 bus
2285 3157 2412 3197 vero
2457 3137 2631 3209 festis,
2680 3151 2736 3198 et
2777 3143 2918 3199 sicut
2947 3132 3117 3199 moris
3154 3151 3239 3198 est
3278 3131 3574 3210 Ecclesia,
3606 3151 3756 3214 prout

2081 3209 2126 3274 α
2157 3236 2351 3292 melius
2397 3247 2644 3308 possunt,
2686 3237 3192 3294 sanctimonialibus
3243 3231 3526 3309 stipendia
3585 3237 3755 3294 admi-

2154 3330 2406 3386 nistrent.
2433 3330 2490 3386 in
2512 3329 2804 3402 pulmentis
2819 3344 3052 3400 namque
3078 3330 3156 3386 eis
3178 3327 3376 3387 dandis
3398 3318 3757 3385 nihilominus

2157 3419 2517 3478 solertissime
2555 3421 2780 3492 vigilare
2818 3421 2980 3477 debet
3016 3411 3412 3478 abbatissarum
3451 3420 3754 3483 industria,

2155 3518 2216 3568 ut
2233 3509 2385 3581 juxta
2409 3511 2826 3583 possibilitatem
2849 3512 2928 3567 eis
2950 3527 3192 3577 carnem,
3226 3513 3428 3583 pisces,
3444 3510 3754 3581 legumina,

2156 3613 2211 3660 et
2237 3604 2405 3670 olera,
2452 3605 2596 3676 ligna
2620 3647 2635 3671 ,
2679 3614 2733 3659 et
2759 3617 2955 3660 caetera
2985 3606 3298 3661 necessaria
3333 3597 3666 3670 attribuant,
3698 3615 3758 3660 ut

2156 3695 2242 3750 his
2274 3693 2670 3750 adminiculante
2703 3696 3066 3766 promptiores
3089 3696 3143 3750 in
3173 3694 3270 3752 Dei
3302 3695 3617 3754 consistant
3647 3713 3754 3753 sero

2154 3784 2308 3841 vitio.
2358 3783 2488 3839 Nam
2529 3793 2584 3840 et
2609 3784 2736 3839 talia
2777 3785 2856 3840 eis
2895 3783 3090 3840 debent
3128 3786 3468 3841 constituere
3517 3787 3656 3850 loca,
3701 3787 3752 3840 in

2155 3877 2350 3946 quibus
2392 3876 2671 3947 aptissime
2703 3876 2947 3932 nutriant
2988 3891 3206 3947 pecora,
3257 3886 3313 3932 et
3353 3876 3500 3931 horti
3547 3875 3748 3931 oleruzn

2155 3969 2367 4038 possint
2410 3969 2551 4034 ﬁen',
2603 3967 2746 4024 unde
2782 3965 3059 4039 pulmenta
3091 3965 3346 4035 habeant,
3383 3969 3632 4040 exceptis
3670 3971 3754 4023 his

2155 4075 2277 4129 quae
2305 4061 2371 4114 de
2396 4059 2538 4115 villis
2578 4060 2820 4116 ecclesia:
2849 4070 2904 4116 et
2937 4059 3002 4116 de
3024 4061 3501 4132 eleemosynarum
3524 4061 3754 4115 oblatio-

2158 4151 2318 4205 nibus
2343 4151 2630 4221 accipiant.
2661 4153 2900 4206 Caveant
2923 4147 3190 4224 siquidem
3221 4166 3288 4204 ne
3310 4161 3542 4220 propter
3566 4168 3752 4205 earum

2156 4242 2419 4296 incuriam
2457 4252 2510 4297 ct
2542 4243 2886 4297 insolentiam
2916 4243 3153 4312 aliquam
3187 4243 3242 4297 in
3277 4245 3632 4297 monasteriis
3665 4260 3754 4312 pa-

2158 4332 2366 4386 tiantur
2393 4333 2632 4402 inopiam
2652 4373 2666 4397 ,
2697 4341 2755 4388 ut
2784 4347 2886 4388 nec
2919 4334 3023 4388 sibi
3065 4334 3119 4388 in
3150 4341 3460 4405 peccatum,
3494 4349 3598 4388 nec
3631 4350 3750 4386 san-

2159 4426 2561 4482 ctimonialibus
2593 4429 2882 4498 proveniat
2917 4428 2970 4481 in
3020 4430 3472 4483 murmurationis
3514 4430 3748 4497 lapsum.

2161 4518 2283 4574 Sint
2337 4535 2556 4590 quoque
2603 4521 2684 4574 eis
2723 4521 2776 4574 in
2829 4520 3122 4576 refectorio
3168 4522 3420 4583 convivas,
3483 4533 3754 4589 quatenus

2161 4611 2665 4666 sanctimonialibus
2703 4612 2958 4666 alimenta
3010 4613 3231 4668 uberius
3271 4613 3749 4674 administrentur,

2159 4713 2215 4758 et
2252 4720 2371 4773 quin
2402 4702 2543 4758 forte
2589 4705 2767 4758 minus
2795 4705 3092 4768 habentur,
3133 4706 3354 4776 mquiori
3385 4706 3568 4759 animo
3603 4721 3756 4759 com-

2161 4797 2396 4851 muniter
2445 4797 2764 4852 tolerentur.
2813 4798 3079 4865 Quoniam
3122 4800 3167 4853 si
3197 4813 3382 4853 earum
3424 4800 3755 4853 societatem

2161 4901 2456 4956 curamque
2476 4903 2540 4959 pa
2550 4890 2947 4959 rvipendentes,
2977 4889 3232 4944 lautiores
3267 4890 3371 4944 sibi
3391 4890 3538 4944 cibos
3557 4891 3755 4958 priva—

2162 4981 2257 5034 tim
2287 4982 2434 5036 domi
2475 4985 2918 5053 prmparaverint,
2964 4993 3187 5055 excepta
3215 4999 3376 5040 causa
3408 4985 3757 5041 inﬁrmitatis

2159 5079 2251 5124 aut
2274 5072 2568 5140 hospitum,
2601 5073 2786 5144 procul
2816 5074 2980 5128 dubio
3009 5075 3061 5127 in
3088 5075 3434 5129 detractionis
3466 5081 3555 5129 aut
3597 5089 3758 5130 Incr—

2159 5164 2481 5218 murationis
2505 5181 2700 5219 noxam
2725 5167 2825 5220 sibi
2854 5165 3098 5221 subditas
3119 5181 3373 5222 corruere
3394 5169 3754 5237 wrnpellem.

2159 5255 2298 5310 Dent
2328 5258 2494 5311 etiam
2535 5259 2614 5312 eis
2661 5261 2816 5315 annis
2865 5260 3092 5332 singulis
3137 5259 3316 5315 lanam
3369 5271 3421 5317 et
3475 5262 3684 5328 linum,
3727 5281 3759 5321 e

2159 5347 2356 5416 quibus
2394 5347 2493 5402 sibi
2538 5348 2825 5404 conﬁciant
2882 5351 3190 5405 necessaria
3234 5351 3587 5418 indumenta,
3660 5373 3760 5411 ex—

2158 5438 2334 5508 ceptis
2373 5439 2603 5493 inﬁrmis
2642 5447 2697 5494 et
2741 5439 3034 5506 debilibus,
3085 5451 3208 5510 quae
3235 5449 3454 5514 propter
3495 5449 3759 5518 corporis

2159 5530 2651 5585 incommoditatem
2679 5531 2793 5587 hzec'
2823 5531 2924 5587 sibi
2955 5533 3224 5590 conﬁcere
3254 5548 3548 5608 nequeunt,
3570 5550 3634 5595 et
3669 5541 3760 5596 his

2157 5634 2280 5690 quae
2320 5619 2454 5676 nihil
2493 5621 2768 5691 proprium
2811 5623 3012 5679 habere
3040 5625 3231 5691 velint,
3281 5627 3472 5696 quibus
3528 5631 3759 5686 miseri-

2157 5711 2396 5768 corditer
2426 5712 2681 5768 studeant
2712 5715 3018 5771 necessaria
3047 5729 3276 5788 quaeque
3296 5720 3558 5789 praebere.
3586 5721 3761 5778 Elea-

2157 5813 2509 5878 mosynaram
2549 5817 2678 5866 vero
2703 5808 3006 5870 oblationes
3034 5811 3316 5884 mqualiter
3343 5813 3638 5884 accipiant.
