3978 6488
800 491 1026 566 CAPUT
1049 497 1191 561 XIV.

284 613 432 674 Sicut
472 622 536 665 ea
568 621 688 678 quae
723 601 970 674 superius
1007 596 1287 668 permissa
1325 595 1452 647 sunt
1492 582 1782 644 abbatissis

217 707 282 766 ob
318 677 670 759 necessitates
714 693 1000 764 corporum
1031 683 1386 760 impendenda
1421 685 1546 736 sont
1585 677 1785 734 sancti-

220 791 546 854 monialibus,
580 789 654 843 ita
684 799 903 841 necesse
930 791 1014 838 est
1039 788 1099 836 ut
1133 780 1187 834 in
1222 793 1350 850 agro
1383 774 1641 830 mentium
1680 768 1785 826 sibi

218 869 545 942 subditarum
583 875 835 935 studeant
865 873 1109 948 plantare
1147 871 1470 927 documenta
1499 865 1783 928 virtutum,

219 991 372 1048 seque
398 973 452 1028 in
477 972 727 1027 omnibus
758 969 883 1035 illis,
914 968 1042 1030 vita,
1083 963 1346 1029 moribus,
1378 969 1524 1025 actu,
1565 956 1780 1020 habitu,

217 1074 326 1144 ipso
369 1069 531 1123 etiam
561 1067 779 1122 incessu
815 1057 1369 1133 irreprehensibiliter
1403 1052 1632 1109 vivendo
1667 1051 1789 1105 imi-

219 1143 399 1219 tabiles
435 1149 751 1224 exhibeant,
791 1172 857 1211 ne
899 1169 999 1226 per
1019 1166 1207 1208 earum
1245 1147 1489 1218 exempla
1520 1143 1778 1216 perversi-

215 1266 378 1314 tatum
434 1254 489 1310 in
542 1252 753 1324 lapsum
808 1253 1098 1305 Occurrant
1152 1246 1494 1317 voragiuum.
1552 1243 1791 1298 Doceant

214 1364 336 1420 ergo
375 1363 469 1404 eas
515 1343 748 1416 qualiter
791 1341 974 1412 (vitent
1006 1338 1336 1414 superbiam,
1369 1352 1488 1406 qua:
1516 1335 1667 1390 radix
1707 1339 1792 1386 est

211 1438 448 1494 omnium
490 1427 775 1500 malorum,
813 1431 1116 1496 avaritiam,
1157 1427 1434 1493 invidiam,
1469 1425 1672 1490 odium,
1707 1425 1794 1479 de-

214 1528 552 1590 tractiOnem,
578 1507 1029 1584 susurrationem,
1060 1517 1567 1578 murmurationem,
1592 1513 1795 1569 scurri-

210 1618 389 1674 litates
416 1659 430 1683 ,
469 1615 877 1690 bilinguitates,
944 1610 1306 1666 dissensiones
1330 1649 1344 1673 ,
1396 1605 1788 1668 simulatibnes,

208 1725 376 1765 vanas
418 1709 709 1763 verborum
754 1693 1250 1764 confabulationes,
1293 1707 1348 1753 et
1379 1705 1577 1752 cmtera
1613 1695 1698 1749 his
1723 1693 1798 1748 si-

207 1793 379 1866 milia,
408 1813 528 1870 qua:
550 1795 678 1853 suos
709 1797 1009 1851 se'ctatiires
1048 1792 1112 1846 ad
1149 1789 1424 1845 interitum
1448 1785 1790 1858 pertrahunt.

682 380 966 444 meum
1004 326 1636 437 εΑΝοτιιιιῠΝιΑιιυΜ
1668 363 1758 426 AB

1909 349 2170 424 ALARIO
2203 351 2583 421 censen.
2622 388 2696 401 -
2732 356 2861 415 LIB.
2898 357 2964 412 ιι.

1806 489 1932 553 Aet
1963 487 2176 542 dabitur
2217 482 2394 548 vobis;
2441 479 2695 553 quaerite,
2739 486 2788 531 et
2823 475 3124 540 invenietis;
3163 467 3370 547 pulsate
3414 479 3463 529 et

3349 345 3455 409 968

1886 582 2154 654 aperietur
2174 579 2317 634 vobis
2347 573 2563 649 (Matth.
2589 571 2708 644 vit).
2740 569 2847 626 Sed
2877 567 3107 654 sinobis
3124 565 3466 639 pulsantibus

1886 675 2088 748 aperiri
2113 673 2388 745 gestimus,
2414 676 2626 740 oportet
2651 673 2710 721 ut
2733 664 2961 720 Domino
2980 656 3048 718 ad
3074 667 3174 719 nos
3199 660 3460 729 venienti,

1885 779 1940 825 et
1966 769 2165 823 ostium
2204 765 2464 819 mentium
2499 771 2804 815 nostrarum
2836 754 3102 828 pulsanti,
3151 755 3355 811 aditum
3383 753 3459 810 di-

1887 875 2049 934 gnum
2072 860 2392 930 pandamus,
2408 865 2466 910 ut
2482 854 2766 925 impleatur
2790 851 2918 908 illud
2945 869 2958 906 :
2991 848 3050 907 Si
3064 851 3179 921 quis
3201 848 3463 922 aperuerit

1887 952 2036 1016 mihi,
2084 949 2291 1005 intrabo
2330 949 2399 1003 ad
2444 947 2618 1012 illum,
2659 955 2706 1000 et
2733 945 2943 1001 caenabo
2978 959 3097 998 cum
3126 942 3241 1008 illo,
3274 951 3322 997 et
3363 942 3472 1014 ipse

1887 1059 2089 1100 mecum
2118 1045 2300 1115 (Apoc.
2319 1042 2424 1113 ιιι).
2452 1041 2586 1108 Quia
2615 1055 2744 1112 ergo
2769 1045 2980 1096 constat
3002 1037 3322 1094 assiduitate
3344 1051 3470 1091 ora-

1891 1137 2099 1192 tionum
2142 1134 2518 1189 remissionem
2547 1131 2772 1202 adipisci
2813 1141 2972 1201 posse
3002 1129 3348 1200 peceatorum‘
3371 1169 3386 1194 ,
3427 1126 3476 1183 si

1892 1235 2071 1284 tamen
2096 1213 2239 1281 labia
2268 1225 2416 1280 cordi
2454 1233 2562 1279 non
2593 1222 3039 1294 discrepaverint,
3075 1219 3325 1276 studeant
3350 1234 3476 1276 san-

1893 1319 2229 1378 ctimoniales
2259 1325 2494 1373 mentem
2524 1317 2699 1372 noxiis
2735 1313 3154 1388 cogitationibus
3188 1311 3475 1379 mundare,

1895 1422 1949 1470 et
1974 1413 2146 1469 Deum
2175 1411 2378 1482 jugiter
2405 1411 2612 1465 orando
2640 1409 2857 1480 placare
2892 1427 2904 1462 :
2939 1409 3172 1464 scientes
3193 1407 3319 1478 qhia
3348 1415 3480 1462 tunc

1897 1519 2049 1561 mens
2075 1505 2213 1559 bene
2245 1503 2412 1558 Deum
2437 1501 2644 1557 orando
2667 1499 3084 1571 contemplatur,
3110 1497 3327 1570 qnando
3353 1498 3476 1553 nul-

1896 1595 1964 1651 lis
1995 1604 2334 1651 terrenarum
2372 1607 2553 1648 rcrum
2583 1593 2748 1657 curis,
2791 1599 2886 1648 aut
2918 1592 3174 1648 vitiorum
3211 1590 3483 1647 illecebris

1901 1689 2230 1758 implicatur.
2272 1687 2560 1756 Quoniam,
2607 1695 2668 1742 ut
2701 1687 2780 1742 ait
2806 1683 3078 1751 lsidorus,
3118 1695 3340 1742 necesse
3375 1693 3480 1752 est,

1899 1795 1960 1838 ut
1988 1799 2110 1839 cum
2148 1785 2216 1840 ad
2258 1785 2596 1855 impetranda
2628 1785 2944 1840 muneribus
2984 1781 3238 1856 suffragia
3281 1782 3487 1838 aSsisti-

203 1891 568 1948 Curiositates
599 1889 762 1946 etiam
809 1885 1160 1942 nihilominus
1186 1885 1392 1947 vitent,
1422 1880 1616 1950 quibus
1643 1877 1795 1933 femi-
1821 1879 1870 1940 Β
1903 1883 2011 1941 tur,
2040 1876 2238 1929 munda
2266 1875 2605 1946 simplexque
2628 1875 2774 1930 acies
2797 1875 2977 1931 cordis
2999 1873 3068 1930 ad
3096 1874 3384 1930 Dominum
3409 1873 3486 1930 di-

202 1997 346 2037 neus
381 1979 544 2036 sexus
567 1975 909 2049 potissim‘uin
933 1973 1258 2046 implicatur.
1293 1971 1530 2026 Deileant
1554 1969 1792 2040 propria,

199 2071 385 2128 aliena
433 2071 649 2128 curiose
705 2076 811 2124 non
860 2065 1220 2137 interrogent,
1273 2063 1610 2118 attendentes
1665 2061 1794 2118 illud

199 2161 526 2234 Hieronymi
553 2181 566 2217 :
601 2160 831 2226 Sufﬁcit,
861 2157 1055 2228 induit,
1087 2157 1378 2226 unicuique
1400 2169 1494 2211 sua
1517 2153 1792 2224 plangere,

205 2269 314 2312 non
357 2253 541 2308 aliena
571 2259 816 2322 carpere.
865 2249 1138 2305 Instruant
1164 2249 1330 2302 etiam
1359 2261 1454 2303 eas
1491 2249 1557 2302 ad
1585 2254 1800 2302 sectan-

200 2347 299 2404 das
325 2347 600 2401 heaorum
629 2353 852 2416 Operam
884 2344 1136 2407 virtutes,
1165 2341 1418 2396 videlicet
1445 2342 1792 2406 charitatem,

202 2438 605 2503 humilitatem,
637 2436 953 2507 patientiam
975 2476 989 2500 ,
1021 2433 1347 2496 castitatem,
1382 2431 1794 2494 continentiam,

199 2533 587 2596 sobrietatem,
624 2529 1015 2599 benignitatem
1046 2568 1060 2593 ,
1115 2525 1500 2589 obedientiam,
1549 2531 1801 2578 mansue-

197 2623 477 2690 tudinem,
525 2629 580 2678 et
630 2625 855 2677 ceteras
899 2619 1128 2672 virtutes
1169 2617 1366 2688 quibus
1395 2616 1607 2670 animus
1645 2613 1794 2669 Citri-

198 2715 414 2774 stian‘us
453 2713 522 2769 ad
562 2721 821 2770 teternam
849 2711 1084 2782 patriam
1138 2711 1364 2766 tendens
1396 2708 1600 2779 jugiter
1627 2707 1802 2761 famu-

196 2807 300 2864 lari
323 2807 517 2864 debet.
547 2803 873 2863 Provideant
900 2806 1064 2860 etiam
1094 2812 1154 2859 ut
1178 2805 1289 2858 otio
1318 2817 1512 2858 vacare
1539 2817 1646 2856 non
1677 2816 1803 2871 pos-

197 2902 326 2968 sint,
369 2901 478 2958 se’d
515 2901 694 2970 potius
719 2907 814 2954 aut
839 2899 1104 2966 orationi,
1145 2907 1239 2953 aut
1277 2895 1526 2962 lectioni,
1568 2903 1662 2950 aut
1689 2909 1803 2950 ma-

202 3009 376 3050 nuum
404 2993 719 3064 operationi
752 2991 1029 3057 insistant,
1070 2998 1163 3046 aut
1195 2997 1341 3046 certe
1373 2990 1570 3046 divinis
1609 2989 1802 3044 lectio-

198 3087 366 3143 nibus
380 3101 579 3142 aurem
593 3085 1296 3156 accommodent,qtiatenus
1305 3077 1405 3139 sibi
1419 3083 1648 3138 subditis
1661 3082 1801 3137 hanc

198 3179 490 3253 geminam
535 3179 836 3249 pastionem
882 3178 1204 3242 tribuentes,
1239 3179 1358 3247 quae
1393 3177 1628 3232 Cavenda
1675 3183 1800 3231 sunt

1899 1968 2107 2039 rigatur
2139 1983 2154 2022 :
2187 1975 2455 2038 quatenus
2497 1969 2626 2024 illuc
2663 1970 2933 2040 dirigatur
2975 1969 3320 2039 deprecantis
3360 1984 3486 2024 ora~

1900 2063 1996 2127 tio,
2029 2077 2137 2132 quo
2179 2061 2449 2132 Propheta
2478 2077 2631 2116 suam
2658 2062 2818 2132 dirigi
2849 2061 3072 2132 optabat
3111 2061 3296 2117 dicens
3333 2079 3346 2115 :
3393 2060 3486 2114 Di-

1900 2154 2102 2225 rigatur
2131 2153 2300 2208 oratio
2333 2170 2451 2208 mea
2490 2154 2624 2207 sicut
2661 2154 2932 2208 incensum
2973 2153 3028 2208 in
3055 2159 3328 2223 conspectu
3370 2161 3485 2219 tuo,

1900 2248 2122 2302 Domine
2165 2245 2339 2319 (Psal.
2380 2247 2523 2319 exc).
2566 2246 2756 2303 Oratio
2794 2258 3059 2316 namque,
3104 2251 3163 2301 ut
3191 2247 3270 2301 ait
3295 2246 3488 2301 beatas

1901 2337 2218 2406 Gregorius,
2272 2339 2452 2394 cordis
2490 2336 2652 2394 debet
2697 2350 2832 2403 esse,
2877 2353 2983 2393 non
3020 2337 3310 2405 labioruiri,
3360 2338 3486 2408 quia

1899 2443 2247 2498 nequaquam
2287 2428 2431 2483 Deus
2476 2429 2643 2486 verba
2680 2427 3022 2498 deprecantis
3065 2425 3332 2492 intendit,
3389 2425 3485 2481 Sed

1900 2520 2112 2575 orantis
2132 2535 2228 2575 cor
2257 2521 2470 2591 aspicit.

2480 2609 2708 2669 CAPUT
2737 2611 2898 2669 XVII.

1976 2703 2312 2774 Vespertinis
2348 2701 2539 2760 ofﬁciis
2565 2704 2918 2760 devotissimo
2958 2702 3220 2775 obsequio
3250 2699 3494 2760 Celebra-

1903 2797 1994 2862 tis,
2025 2805 2080 2852 et
2107 2796 2392 2852 collatione
2417 2797 2720 2852 divinarum
2740 2797 3146 2868 Scripturarum
3178 2798 3494 2853 solemniter

1906 2892 2110 2957 habita,
2159 2893 2286 2947 dato
2327 2893 2482 2963 signo
2530 2893 2597 2948 ad
2628 2894 3039 2965 completoribm
3083 2893 3487 2959 céleb‘randu‘m,

1906 2983 2346 3039 sanctimoniales
2385 2985 2594 3054 pariter
2638 2986 2988 3042 devotissime
3029 2991 3339 3041 occurrant.
3373 2983 3493 3053 Quo

1903 3080 2141 3150 eXpleto,
2169 3093 2277 3134 non
2308 3079 2375 3133 ad
2398 3079 2724 3150 epulandum
2765 3088 2822 3136 et
2848 3080 3164 3149 bibendum,
3199 3088 3254 3138 et
3305 3090 3496 3153 super-

1905 3173 2092 3228 vacuis
2136 3171 2365 3244 loquelis
2409 3173 2721 3229 instandum
2768 3188 2827 3229 se
2877 3177 3217 3241 convertant,
3270 3173 3366 3229 sed
3409 3169 3498 3228 liis

195 3245 408 3338 vitare,
435 3245 630 3343 qureve
655 3269 901 3327 facienda
926 3271 1124 3327 sectari
1152 3245 1550 3334 eas‘ﬁdocente‘s,
1589 3284 1696 3322 non
1731 3268 1798 3323 de
1827 3245 1872 3309 (ἶ
1903 3265 2226 3336 postpositis
2265 3265 2491 3321 honeste
2542 3265 2920 3320 dormitorium
2964 3273 3173 3336 petant.
3222 3264 3495 3322 Caveatur

200 3359 444 3427 infideli,
492 3369 548 3417 et
587 3361 878 3434 negligenti
927 3363 1396 3418 administratione
1427 3361 1800 3426 condemnari,

196 3451 299 3508 Sed
330 3452 525 3523 potius
547 3452 612 3507 tle
638 3451 781 3507 fideli
806 3467 836 3506 a
862 3453 1088 3506 Domino
1122 3461 1434 3507 mereantur
1459 3451 1692 3505 feliciter
1720 3468 1805 3506 re-

196 3546 520 3600 munerari.
561 3543 872 3600 Meminisse
917 3544 1102 3614 itaque
1137 3551 1192 3598 et
1229 3549 1352 3599 ante
1391 3543 1576 3598 oculos
1606 3558 1805 3613 ponere

193 3647 298 3692 eas
333 3641 582 3706 oportet,
612 3633 758 3704 quod
785 3635 850 3688 de
886 3632 986 3689 sibi
1016 3635 1321 3690 commissis
1355 3635 1581 3690 Do‘mino
1619 3634 1808 3705 procul

194 3727 381 3784 dubio
412 3723 710 3781 redditura:
734 3729 858 3780 sunt
880 3727 1137 3780 rationes.

827 3815 1054 3873 CAPUT
1089 3815 1207 3873 XV.

269 3911 521 3983 Oportet
549 3920 627 3976 ut,
658 3920 870 3966 remoto
913 3912 1076 3966 totius
1107 3913 1474 3967 excusationis
1504 3912 1805 3980 obstaculo,

187 4001 476 4075 expedite
494 4009 655 4071 atque
680 4001 904 4057 honeste
927 4001 1365 4057 sanctimoniales
1388 4002 1482 4057 Dei
1506 4015 1809 4072 exsequan-

189 4102 292 4150 tur
331 4092 746 4155 ministerium,
791 4093 966 4162 sitque
991 4107 1179 4148 earum
1217 4092 1630 4163 vigilantissima
1675 4109 1808 4148 cura

192 4193 258 4244 ut
283 4185 364 4242 ad
397 4185 572 4240 horas
595 4186 905 4251 canonicas,
933 4199 1057 4240 mox
1087 4195 1144 4240 ut
1173 4187 1384 4256 signum
1413 4187 1597 4240 datum
1621 4185 1806 4251 fuerit,

192 4280 458 4351 impigre
496 4285 822 4341 occurrant,
867 4277 1261 4345 ecclesiamque
1309 4291 1431 4330 cum
1480 4277 1576 4330 Dei
1619 4279 1810 4331 timore

191 4377 255 4426 et
273 4368 607 4426 reverentia
628 4366 1018 4438 ingredientes,
1036 4366 1233 4420 divinae
1247 4367 1502 4436 potentia:
1528 4365 1811 4421 famulatui

192 4461 636 4531 religiosissime
674 4459 987 4513 inserviant.
1043 4457 1284 4528 illudque
1329 4473 1542 4528 semper
1578 4469 1811 4513 caveant

1906 3359 2074 3412 etiam
2107 3357 2176 3412 ab
2206 3358 2316 3413 illis
2344 3365 2406 3413 ut
2451 3357 2587 3414 nihil
2635 3349 2981 3415 inhonestum
3025 3366 3120 3414 aut
3155 3357 3411 3415 indecens
3440 3357 3497 3412 in

1908 3453 2227 3506 dormitorio
2255 3462 2510 3522 geratur,
2551 3468 2651 3508 nec
2683 3451 2920 3523 aliquam
2956 3453 3264 3524 inquietare
3295 3463 3500 3523 praesu-

1910 3553 2043 3610 mat,
2075 3559 2178 3598 nec
2206 3544 2275 3598 ad
2315 3545 2479 3600 verba
2508 3545 2717 3601 inutilia
2742 3554 2796 3601 et
2827 3546 3000 3601 aliasa
3023 3553 3377 3616 prorumpere
3403 3559 3498 3601 co—

1909 3646 2019 3710 gat.
2067 3639 2124 3694 Si
2155 3655 2261 3709 qua
2307 3654 2435 3694 vero
2468 3637 2520 3693 id
2556 3639 2768 3704 fecerit,
2810 3639 3155 3695 severissima
3194 3638 3501 3693 invectione

1909 3731 2258 3800 corripiatur.
2335 3728 2577 3785 Lucerna
2637 3741 2852 3800 qtloqde
2912 3729 3090 3787 noctis
3146 3733 3392 3800 tempore
3444 3727 3501 3782 in

1907 3820 2099 3875 eodem
2128 3821 2446 3876 dormitorio
2465 3821 2668 3892 jugiter
2691 3821 2900 3875 ardeat.

2485 3911 2714 3968 CAPUT
2746 3911 2926 3968 XV’lll.

1986 4003 2326 4060 Studendtim
2367 4005 2654 4077 vigilanter
2695 4003 2984 4060 abbatissis
3029 4003 3113 4060 est
3155 3999 3216 4060 ut
3264 4003 3504 4059 subdita-

1911 4107 2029 4152 rum
2045 4097 2175 4151 vitia
2200 4096 2508 4152 nullatenus
2522 4096 2886 4162 dissimulent,
2906 4097 3000 4152 sed
3018 4109 3142 4151 mox
3159 4101 3220 4150 ut
3240 4095 3372 4150 oriri
3392 4108 3500 4150 coe-

1911 4189 2112 4258 perint,
2158 4203 2222 4242 ea
2252 4187 2516 4243 radicitus
2544 4185 2800 4254 avellant,
2843 4204 2909 4242 ne
2950 4201 3046 4258 per
3081 4193 3267 4242 earum
3294 4186 3501 4241 scilicet

1915 4282 2178 4338 desidiam
2224 4290 2385 4353 atque
2447 4282 2714 4336 incuriam
2779 4281 2974 4335 anima:
3024 4278 3240 4334 illarum
3293 4277 3501 4348 laqueis

1916 4374 2234 4429 irrctiantur
2271 4374 2487 4430 diaboli.
2521 4373 2735 4441 Quanto
2761 4375 2903 4429 enim
2948 4373 3092 4429 idem
3139 4387 3302 4428 sexus
3342 4371 3502 4444 fragi-

1915 4465 2021 4521 lior
2053 4480 2174 4522 esse
2225 4467 2578 4538 dignoscitur,
2636 4473 2787 4520 tanto
2840 4473 3064 4520 necesse
3107 4472 3191 4520 est
3240 4461 3504 4534 majorem

192 4563 258 4608 at
282 4555 346 4608 in
386 4553 565 4607 domo
592 4549 687 4603 Dei
714 4549 850 4603 nihil
875 4549 1232 4604 inhonestatis
1255 4549 1446 4613 corde,
1478 4557 1571 4604 aut
1593 4550 1807 4620 lingua,
1836 4573 2047 4665 Derga
2089 4575 2212 4614 eum
2257 4561 2560 4616 custodiam
2609 4558 2875 4615 adhiberi,
2913 4555 3101 4614 Modus
3143 4567 3274 4613 vero
3321 4570 3506 4612 conc.

195 4664 202 4665 ,
267 4649 280 4665 .
333 4660 506 4665 ,μη
540 4647 848 4665 --_--.__-.
920 4643 1212 4665 “in”.--
1257 4649 1344 4665 _-_.
1379 4649 1528 4665 μη-.
1614 4654 1699 4665 -_-.
1732 4645 1776 4665 ι-
1965 4655 1994 4665 ν.
2075 4655 2086 4665 .
2192 4655 2204 4665 .
2365 4655 2378 4665 .
2418 4655 2447 4665 ..
2650 4663 2656 4665 _
2917 4655 2947 4665 _.
3088 4653 3099 4665 .
3141 4653 3152 4665 .
3384 4653 3394 4665 .
3462 4652 3473 4664 .

189 4649 282 4704 vel
318 4660 511 4718 opere
540 4647 880 4713 perpetrent,
919 4643 1012 4698 sed
1037 4643 1214 4710 potius
1255 4649 1347 4697 aut
1374 4649 1565 4708 orent,
1611 4654 1703 4698 aut
1729 4645 1810 4700 le-

191 4749 356 4812 gant,
417 4745 526 4793 aut
569 4737 812 4790 audiant.
856 4736 914 4790 Si
952 4749 1080 4789 vero
1119 4735 1284 4790 fuerit
1324 4737 1523 4806 aliqua,
1573 4742 1812 4809 exceptis

191 4836 284 4889 his
320 4849 464 4904 quae
509 4838 605 4885 aut
647 4831 878 4899 quadam
925 4830 1366 4885 incommoditate
1413 4833 1678 4901 corporis,
1721 4841 1813 4887 aut

190 4925 542 4982 ohedientia
583 4923 684 4978 sibi
727 4922 964 4992 injuneta
997 4921 1343 4986 detinentur,
1391 4938 1510 4990 qua:
1556 4924 1810 4992 prrefatas

189 5020 375 5074 horas
427 5017 734 5074 canonicas
779 5013 1146 5084 frequentare,
1195 5011 1587 5082 diligenterque
1627 5023 1810 5069 cust0«

192 5115 357 5180 dire,
407 5121 475 5169 et
522 5111 579 5166 in
618 5111 736 5174 bis,
766 5117 826 5162 ut
854 5108 1073 5179 dignum
1105 5114 1222 5172 est,
1263 5106 1481 5161 caeleste
1521 5105 1818 5177 neglexerit

190 5206 461 5262 ofﬁcium
517 5201 858 5272 persolVere',
911 5201 1070 5270 digna
1107 5199 1412 5252 invectione
1468 5199 1813 5268 corripiatur.

191 5299 496 5354 Custodes
544 5308 776 5363 namque
825 5292 1065 5347 ecclesiae
1105 5291 1295 5344 harum
1337 5289 1592 5344 horarum
1644 5292 1816 5360 spatia

190 5395 349 5451 bene
380 5390 618 5454 norint,
650 5397 710 5441 ut
735 5387 942 5442 scilicet
970 5386 1120 5456 signa
1147 5386 1312 5439 certis
1342 5385 1672 5452 temporibus
1695 5385 1814 5453 pul-

192 5492 353 5551 sent,
389 5482 611 5555 quibus
649 5479 812 5534 etiam
849 5479 920 5532 sit
957 5478 1118 5532 studii
1158 5477 1217 5531 ut
1254 5475 1386 5531 nihil
1425 5477 1490 5531 de
1523 5476 1626 5530 sibi
1667 5487 1817 5531 com-

190 5577 404 5636 missis
434 5571 615 5631 rebus
638 5569 881 5626 ecclesite'
905 5575 1110 5640 pereat.

828 5681 1052 5743 CAPUT
1087 5677 1225 5741 XVI.

273 5779 368 5848 [ad
395 5783 752 5856 imploranda
775 5781 965 5838 divinae
988 5779 1204 5852 pietatis
1231 5777 1439 5840 solatia,
1467 5777 1578 5840 haec
1604 5775 1819 5831 Domini

193 5883 388 5947 iterba
424 5877 739 5954 petentium
768 5879 1007 5935 animum
1033 5867 1327 5936 interulam
1361 5888 1375 5932 ;
1411 5863 1600 5943 Petita,
1622 5870 1818 5945 inquit,

1921 4655 2118 4727 ptionis
2157 4655 2301 4710 circa
2347 4655 2724 4726 delinquentes
2775 4653 3237 4718 sanctinioniales,
3289 4652 3506 4708 omissis

1920 4749 2007 4802 his
2044 4763 2276 4818 quarum
2308 4747 2502 4813 latera,
2538 4747 2696 4817 juxta
2743 4746 3086 4802 Salomonem
3121 4743 3308 4818 (Eccli.
3350 4742 3503 4812 xxx),

1919 4856 1988 4897 ne
2023 4843 2406 4907 indurescant,
2444 4842 2609 4911 virgis
2642 4842 2912 4894 tundenda
2964 4846 3127 4901 sunt,
3177 4840 3277 4891 iste
3307 4838 3506 4891 obnixe

1922 4933 1991 4986 ab
2030 4932 2322 4987 abbatissis
2369 4939 2633 4985 teneatur.
2684 4928 2742 4982 Si
2773 4930 2952 4996 aliqua
2997 4929 3050 4981 in
3079 4930 3503 4998 congregatione

1923 5021 2416 5077 sanctimonialium
2465 5020 2628 5073 horas
2679 5018 2970 5072 canonicas
3023 5018 3371 5088 frequentare
3411 5033 3508 5072 nev-

1919 5117 2168 5188 glexerit,
2204 5122 2260 5168 et
2288 5129 2422 5183 opus
2457 5111 2552 5166 Dei
2585 5112 2919 5184 negligenter
2948 5117 3201 5166 exsecuta
3229 5110 3412 5176 fuerit,
3439 5107 3504 5162 ad

1920 5208 2265 5263 collationem
2298 5207 2481 5260 venire
2519 5205 2813 5272 distulerit,
2856 5205 3220 5259 obedientiam
3269 5201 3373 5256 sibi
3427 5202 3505 5256 in-

1915 5301 2161 5372 junctam
2205 5315 2363 5370 agere
2407 5299 2766 5364 recusaverit,
2821 5299 2874 5350 in
2921 5297 3191 5352 discendis
3236 5296 3498 5350 bonorum

1922 5407 2147 5464 operum
2179 5392 2556 5448 instrumentis
2586 5390 2743 5460 juxta
2781 5390 2926 5443 vires
2954 5397 3178 5459 operam
3205 5394 3310 5444 non
3342 5387 3506 5442 dede-

1925 5487 2019 5553 rit,
2069 5486 2121 5540 in
2159 5483 2478 5540 dormitorio
2519 5481 2724 5552 aliquid
2756 5481 3015 5537 indecens
3037 5489 3131 5535 aut
3156 5481 3502 5536 inhonestum

1923 5583 2107 5641 verbis
2131 5592 2224 5639 aut
2258 5583 2466 5638 actibus
2499 5579 2912 5651 perpetraverit,
2942 5577 3071 5634 alibi
3104 5583 3267 5649 qiiam
3298 5578 3352 5633 in
3377 5575 3504 5633 dor-

1925 5678 2147 5735 mitorio
2185 5679 2390 5748 absque
2425 5688 2589 5729 causa
2633 5669 2932 5727 inevitabili
2961 5661 3199 5728 dormire
3240 5678 3502 5746 priesum-

1926 5775 2131 5845 pserit,
2162 5769 2437 5828 sororibus
2473 5765 2760 5824 charitatis
2793 5765 2977 5822 officio
3014 5766 3215 5821 servire
3245 5763 3499 5835 neglexe-

1927 5865 2194 5941 rit;__irae,
2227 5859 2569 5932 detractioni,
2611 5859 2974 5923 susurrationi
2999 5898 3017 5931 ,
3061 5849 3400 5924 seurtllitati,
3429 5851 3504 5910 bi-

1863 6023 1892 6033 ...
1907 6027 1911 6030 .
