3978 6470
471 308 576 368 967

1505 300 1909 362 ΑΜΔΙιΑΒῐῐΙΞ
1942 301 2360 362 PRESBYTER
2395 300 2762 362 METENSIS.
2798 374 2799 377 η

3668 304 3788 363 968

466 414 745 492 linguitati
767 456 784 484 ,
815 412 1151 478 verbositati,
1193 411 1542 482 dissensioni,
1580 417 1936 484 simulationi,
1963 433 2057 474 cu-
2083 426 2132 485 Α
2161 419 2320 475 nibus
2355 418 2557 473 bonum
2605 416 2710 473 sibi
2751 411 2986 470 subditis
3025 412 3334 486 exemplum
3359 415 3691 488 pmbeant.
3727 417 3789 477 Si

467 508 704 566 riositati
750 505 1018 577 vanisque
1063 504 1354 560 verborum
1405 505 1935 563 confabulationibus
1983 508 2062 562 in-

467 602 763 666 servierit;
819 599 1151 654 discordiam
1215 599 1358 655 inter
1410 615 1627 655 sorores
1688 602 2058 670 seminaverit,

467 697 597 753 huic
626 693 956 750 institutioni
1004 700 1296 749 contumax
1319 734 1332 758 ,
1377 701 1472 746 aut
1508 695 1759 764 superba,
1796 704 1890 750 aut
1917 712 2064 752 mur-

472 802 720 851 murans,
744 803 838 842 seu
869 786 921 840 in
949 785 1131 858 aliquo
1156 787 1432 842 contraria
1461 787 1752 853 exstiterit,
1782 797 1837 843 et
1865 798 2061 844 caetera

465 876 782 948 hujusmodi
822 892 983 950 agere
1015 879 1346 933 teutaverit:
1384 879 1595 949 primo,
1633 881 1930 935 secundum
1962 881 2064 936 Do-

466 968 601 1024 mini
636 977 992 1040 praeceptum,‘
1022 984 1131 1024 non
1163 969 1338 1024 solum
1373 970 1564 1036 semel,
1606 978 1661 1024 et
1699 970 1958 1036 secundo,
1999 987 2064 1027 ac

468 1061 657 1122 tertio,
691 1061 822 1131 quin
847 1061 1013 1116 etiam
1035 1061 1284 1116 crebrius
1307 1061 1683 1127 admoneatur,
1713 1072 1768 1118 et
1787 1063 1830 1117 si
1856 1063 1940 1118 his
1967 1064 2062 1119 ad-

467 1153 859 1208 monitionibus
906 1168 1014 1207 non
1072 1154 1350 1223 paruerit,
1405 1154 1622 1224 publica
1681 1154 2062 1226 objurgatione

467 1245 817 1316 corripiatur.
859 1244 1012 1313 Quod
1061 1246 1107 1302 si
1146 1254 1201 1301 et
1242 1246 1370 1302 huic
1406 1248 1587 1303 renisa
1637 1246 1816 1313 fuerit,
1851 1250 2064 1304 czcteris

464 1337 740 1394 alimentis
767 1338 867 1393 sibi
893 1337 1215 1402 interdictis,
1254 1353 1396 1409 pane
1432 1348 1642 1394 tantum
1679 1356 1847 1409 usque
1885 1341 1952 1395 ad
1984 1341 2065 1396 di-

462 1447 621 1503 gnam
662 1432 998 1502 poenitentiae
1036 1431 1461 1488 satisfactionem
1505 1440 1689 1486 utatur
1725 1441 1780 1486 et
1809 1447 1968 1502 aqua.
2005 1431 2064 1487 Si

461 1539 590 1581 vero
625 1539 727 1580 nec
757 1525 836 1581 sic
870 1541 929 1581 se
967 1525 1287 1588 correxerit,
1323 1532 1610 1596 separetur
1639 1541 1670 1579 a
1701 1540 1908 1590 mensa,
1949 1533 2006 1579 et
2033 1541 2062 1578 a

459 1627 782 1674 creterarum
805 1619 1304 1675 sanctimonialium
1335 1619 1386 1672 in
1411 1619 1582 1673 choro
1605 1619 1954 1689 psallentium
1978 1635 2066 1674 so-

462 1709 663 1768 cietate
684 1753 698 1778 ,
727 1723 782 1769 et
819 1728 1065 1769 seorsum
1096 1713 1151 1767 in
1184 1713 1302 1768 loco
1335 1713 1708 1784 hujuscemodi
1747 1714 2066 1785 negligenti-

2165 511 2379 584 quando
2406 517 2588 565 autem
2621 509 2701 564 eis
2729 505 3125 562 sermocinandi
3155 507 3453 563 necessitas
3496 509 3782 565 incubue-

2165 604 2255 667 rit,
2283 604 2437 673 juxta
2477 616 2640 672 supra
2683 607 2924 654 notatam
2970 599 3299 654 sententiam
3334 599 3478 654 beati
3507 598 3784 666 Caesarii,

2164 693 2423 749 adhibitis
2472 706 2657 746 secum
2713 688 3218 745 sanctimonialibus
3263 704 3398 758 quas
3427 698 3484 743 et
3519 699 3693 748 etas.
3732 699 3788 746 et

2163 802 2376 842 morum
2408 783 2672 856 probitas,
2705 791 2760 838 et
2806 783 2932 837 vitae
2987 781 3296 838 innocentia
3346 783 3782 850 commendant,

2167 877 2220 932 id
2241 877 2466 942 faciant,
2491 884 2546 931 et
2569 874 2711 945 quod
2741 873 3149 930 deliberandum
3173 884 3276 939 est,
3307 877 3610 945 prudenter
3640 877 3786 933 deli-

2163 970 2384 1037 berent;
2414 978 2471 1025 et
2517 968 2661 1038 quod
2707 968 3128 1039 disponendum,
3175 969 3384 1025 utiliter
3425 971 3778 1042 disponant:

2165 1063 2292 1134 quia
2320 1063 2365 1118 si
2391 1077 2580 1117 earum
2609 1059 2837 1116 consilio
2867 1070 2923 1116 et
2957 1061 3243 1132 pmsentia
3280 1078 3391 1117 usae
3421 1062 3638 1119 fuerint
3676 1106 3694 1130 ,
3725 1074 3782 1121 et

2163 1169 2407 1208 morsum
2459 1151 2816 1206 detractionis
2872 1150 3168 1217 vitabunt,
3208 1161 3266 1207 et
3299 1153 3622 1225 exemplum
3662 1155 3770 1208 sibi

2135 1248 2392 1303 -subditis
2419 1245 2690 1302 salubrius
2736 1245 3075 1315 przebebuut.
3110 1244 3261 1300 Licet
3309 1246 3456 1300 enim
3507 1246 3779 1317 hujusce-

2166 1343 2311 1397 modi
2354 1338 2796 1396 sauctimoniales
2851 1337 3044 1392 talium
3093 1339 3433 1410 negotiorum
3473 1339 3774 1410 experien-

2167 1434 2299 1490 tiam
2331 1448 2434 1487 non
2466 1431 2720 1496 habeant,
2753 1445 2939 1485 earum
2969 1437 3151 1484 tamen
3193 1430 3490 1501 prasentia
3530 1445 3766 1502 capaces

2166 1529 2296 1585 boni
2323 1526 2535 1584 consilii
2559 1525 2803 1596 castique
2839 1523 2992 1578 facta:
3023 1531 3168 1579 sunt.

2769 1617 3000 1674 CAPUT
3041 1617 3160 1673 XX.

2241 1710 2379 1779 Quia
2418 1710 2661 1766 virorum
2690 1707 3030 1779 frequentius
3056 1704 3506 1764 sanctimoniales
3542 1748 3561 1774 ,
3609 1705 3764 1778 juxta

463 1806 567 1862 bus
596 1807 664 1862 ab
701 1807 994 1862 abbatissis
1021 1807 1322 1861 constituto
1352 1814 1497 1861 stare
1530 1814 1775 1876 cogatur,
1795 1817 1854 1860 ut
1878 1807 2062 1861 statim
2092 1794 2139 1853 B
2168 1803 2508 1873 superiorum
2553 1802 2772 1856 Patrum
2802 1801 3122 1866 sententias,
3181 1800 3397 1872 penitus
3443 1801 3622 1856 vitare
3672 1801 3761 1855 de-

463 1897 662 1953 rubore
711 1898 1168 1967 sequestrationis
1225 1898 1562 1952 emendetur.
1624 1897 1682 1951 Si
1739 1905 1919 1951 autem
1975 1896 2060 1951 his

461 1990 639 2046 modis
667 1991 944 2046 admonita
969 2000 1133 2061 atque
1159 1980 1448 2062 castigata,
1477 1991 1866 2061 incorrigibilis
1886 1990 2062 2046 adhuc

460 2081 752 2146 exstiterit,
802 2098 1062 2152 congrue,
1112 2083 1158 2137 si
1192 2089 1374 2136 tamen
1405 2091 1538 2138 tetas
1567 2083 1901 2154 permiserit,
1937 2097 2061 2136 ver-

460 2175 656 2231 berum
682 2175 1006 2230 adhibeatur
1039 2174 1348 2245 castigatio.
1385 2175 1585 2230 Verum
1630 2175 1676 2229 si
1715 2173 1840 2230 talis
1871 2173 2092 2241 fuerit,‘

458 2283 622 2340 quam
645 2277 740 2323 aut
781 2278 933 2332 aetas,
967 2277 1060 2323 aut
1087 2269 1319 2338 quahtas
1350 2285 1598 2338 personae
1631 2269 1909 2324 verberari
1949 2286 2057 2325 non

459 2361 674 2428 siverit,
711 2363 827 2418 haec
863 2370 919 2418 et
955 2361 1169 2433 publica
1197 2362 1573 2434 objurgatione
1601 2402 1616 2429 ,
1650 2374 1704 2418 et
1725 2362 2056 2432 jejuniorum

462 2457 876 2512 continuatione
908 2500 922 2525 ,
973 2467 1028 2512 et
1103 2458 1554 2528 sequestrationis
1613 2458 1814 2512 rubore
1871 2457 2058 2512 tandiu

468 2548 836 2619 corripiatur,
884 2550 1058 2606 donec
1103 2551 1264 2622 digna
1315 2550 1651 2620 pcenitentiae
1688 2549 2056 2605 satisfactione

460 2640 677 2697 veniam
715 2643 974 2713 consequi
1005 2659 1165 2713 posse
1210 2644 1480 2697 videatur.
1535 2642 1592 2697 Si
1645 2642 1805 2713 igitur
1843 2659 1906 2697 ea
1935 2658 2056 2713 quae

457 2731 784 2805 ﬂagellatur,
825 2745 878 2790 et
919 2750 981 2789 ea
1011 2750 1171 2804 quam
1198 2734 1457 2804 flagellari
1488 2743 1582 2788 aut
1606 2743 1759 2800 tetas,
1797 2743 1891 2790 aut
1921 2751 2056 2806 qua-

457 2827 584 2883 litas
622 2844 868 2899 persona:
915 2828 1181 2900 prohibet,
1234 2827 1633 2898 incorrigibiles
1663 2830 2050 2898 apparuerint;

461 2919 533 2976 sit
561 2920 714 2975 locus
749 2921 894 2974 intra
930 2920 1166 2975 claustra
1193 2935 1301 2991 quo
1327 2921 1394 2975 ad
1419 2927 1634 2990 tempus
1659 2922 2013 2976 retrudantur
2031 2961 2048 2988 ,

457 3017 516 3066 et
564 3013 861 3068 secundum
912 3011 1132 3068 modum
1185 3011 1358 3082 culpae
1403 3013 1756 3082 castigentur.
1805 3014 1958 3082 Quod
2006 3014 2052 3070 si

459 3105 630 3162 etiam
677 3105 854 3177 aliqua
910 3105 966 3160 in
1015 3114 1217 3161 tantam
1261 3105 1528 3160 insaniam
1573 3106 1883 3171 devenerit,
1929 3122 2050 3176 qua:

455 3205 582 3268 post
614 3204 694 3252 tot
732 3166 1118 3253 saluberrimas
1151 3197 1548 3254 admonitiones
1579 3209 1633 3254 et
1662 3166 2050 3270 castigationes
2078 3166 2123 3229 Ο

461 3291 695 3347 necdum
724 3306 786 3346 se
829 3283 1154 3358 correXerit,
1190 3292 1510 3363 deprecetur
1544 3308 1644 3365 pro
1671 3307 1736 3348 ea
1781 3291 2054 3370 communi

462 3392 591 3439 voto
620 3386 688 3440 ab
716 3386 862 3441 omni
891 3387 1335 3457 congregatione,
1370 3397 1430 3442 ut
1455 3388 1524 3444 ab
1547 3387 1658 3453 illo,
1687 3386 1773 3442 cui
1809 3386 1943 3442 nihil
1971 3394 2056 3442 est

462 3477 817 3550 impossibile,
841 3488 1083 3535 sanetur.
1109 3481 1415 3548 Postremo,
1442 3482 1486 3538 si
1510 3482 1595 3537 his
1624 3481 1875 3537 omnibus
1901 3480 2058 3535 exhi-

466 3571 598 3626 bitis
636 3573 1050 3629 inemendabilis
1096 3582 1258 3644 atque
1291 3575 1679 3646 incorrigibilis
1717 3575 2054 3646 apparuerit,

464 3665 592 3735 quia
636 3654 946 3722 nullatenus
986 3667 1113 3722 huic
1151 3669 1406 3724 saeculum
1443 3678 1691 3739 repetere
1721 3668 1801 3726 fas
1829 3677 1934 3736 est,
1969 3671 2059 3725 ad-

461 3765 713 3825 vocetur,
750 3759 798 3816 si
839 3775 1062 3817 necesse
1089 3769 1192 3827 est,
1226 3763 1546 3833 episcopus,
1580 3771 1635 3818 et
1673 3762 1817 3818 illius
1845 3763 2057 3834 sapien-

461 3851 674 3907 tissimo
716 3867 782 3908 ac
810 3852 1204 3910 discretissimo
1245 3855 1477 3926 judicio,
1528 3855 1602 3911 ita
1635 3857 1876 3928 ejusdem
1923 3856 2054 3922 vita,

464 3958 588 4015 quae
618 3958 676 3998 se
713 3950 795 3999 tot
824 3944 971 4000 vitiis
1009 3944 1287 4011 fmdando,
1338 3947 1475 4001 etin
1520 3947 1820 4016 pertinacia
1849 3961 2059 4017 perma-

461 4035 657 4101 nendo,
699 4052 730 4090 a
763 4035 991 4109 collegio
1019 4037 1514 4093 sanctimonialium
1550 4038 1951 4108 quodammodo
1973 4052 2060 4094 se-

467 4127 661 4193 crevit,
695 4127 836 4184 intra
864 4139 1016 4199 septa
1046 4129 1364 4184 monasterii
1408 4129 1756 4196 moderetur,
1788 4137 2058 4200 quatenus

464 4227 520 4275 et
547 4221 924 4292 paenitentiam
956 4222 1058 4277 sibi
1099 4223 1166 4277 ab
1198 4237 1262 4278 eo
1297 4223 1592 4294 injunctam
1638 4222 1930 4279 salubriter
1967 4239 2060 4295 ge-

466 4321 572 4376 rat,
615 4321 672 4369 et
698 4315 911 4369 caneris
939 4314 1140 4371 nullius
1175 4316 1520 4386 contagionis
1559 4317 1809 4371 morbum
1859 4315 2059 4372 inferre

464 4403 665 4458 valeat.
711 4402 842 4470 Quae
869 4413 1048 4460 autem
1076 4405 1361 4460 criminale
1396 4413 1675 4475 peccatum
1699 4405 2055 4472 commiserit,

2163 1900 2349 1963 beant,
2381 1899 2514 1953 satis
2561 1897 2766 1968 liquido
2796 1905 2947 1967 patet
2977 1914 2990 1950 :
3023 1903 3195 1951 restat
3217 1903 3274 1950 ut
3299 1896 3624 1951 imminente
3654 1896 3761 1951 ine-

2161 1992 2370 2048 vitabili
2401 1991 2750 2056 necessitate,
2807 1990 3042 2061 qualiter
3076 1990 3128 2045 id
3161 1988 3344 2046 facere
3375 1987 3642 2055 debeant,
3677 1990 3760 2044 de-

2162 2093 2515 2141 monstretur.
2549 2083 2714 2139 Decet
2741 2099 2907 2154 porro
2935 2092 2998 2138 ut
3035 2083 3326 2138 abbatissa:
3357 2091 3471 2138 tres
3503 2091 3602 2137 aut
3633 2097 3761 2152 qua-

2162 2184 2286 2232 tuor
2298 2176 2738 2232 sanctimoniales
2752 2177 2877 2231 vita:
2889 2175 3186 2246 probabilis
3200 2177 3550 2242 constituant,
3570 2191 3761 2231 coram

2162 2273 2359 2342 quibus
2411 2282 2622 2328 caeteraa
2673 2271 3153 2337 sanctimoniales,
3203 2280 3294 2326 aut
3341 2287 3456 2326 cum
3503 2273 3756 2342 propriis

2163 2365 2342 2435 equis,
2373 2373 2468 2420 aut
2505 2379 2627 2419 eum
2667 2364 2904 2434 propriis
2952 2363 3125 2420 servis
3156 2377 3246 2418 res
3273 2361 3364 2418 sibi
3397 2364 3760 2418 necessarias

2161 2454 2553 2521 deferentibus,
2593 2464 2838 2526 tempore
2867 2454 3221 2524 competenti,
3259 2454 3315 2508 in
3356 2452 3475 2509 loco
3500 2452 3764 2510 videiicet

2159 2549 2227 2604 ad
2255 2549 2358 2604 hoc
2377 2550 2653 2622 negotium
2677 2551 2975 2605 constituto
2989 2549 3300 2620 loquantur,
3314 2556 3371 2604 et
3387 2549 3446 2603 id
3462 2548 3613 2619 quod
3628 2548 3764 2604 dela-

2157 2649 2273 2694 tum
2287 2641 2450 2696 fuerit
2463 2642 2747 2712 recipiant.
2771 2641 2839 2697 Ut
2854 2641 3100 2696 videlicet
3117 2640 3501 2712 hujuscemodi
3518 2640 3764 2697 confabu-

2156 2731 2288 2788 latio
2303 2733 2506 2788 nullam
2522 2735 2694 2803 possit
2715 2735 2770 2788 in
2785 2749 3057 2803 quoquam
3073 2733 3310 2788 sinistrae
3321 2733 3609 2803 opinionis
3618 2730 3763 2786 affer-

2156 2838 2218 2878 re
2233 2823 2617 2894 suspicionem.
2653 2822 2760 2878 Sed
2790 2831 2847 2878 et
2867 2832 3109 2893 tempore
3126 2839 3394 2878 novarum
3423 2823 3762 2893 frugum,»

2155 2931 2274 2971 ram
2301 2918 2615 2972 memoratis
2644 2915 3164 2976 sanctimonialibus,
3195 2915 3474 2986 quidquid
3514 2916 3597 2971 eis
3634 2917 3759 2970 mi-

2153 3010 2412 3080 piendum
2440 3019 2534 3065 aut
2571 3009 2976 3066 recondendum
3009 3019 3114 3074 est,
3138 3007 3438 3078 recipiant,
3487 3018 3547 3063 et
3593 3023 3759 3062 recon-

2156 3100 2304 3155 dant.
2337 3100 2602 3157 Similiter
2627 3115 2863 3172 quoque,
2896 3101 3113 3171 quando
3135 3101 3214 3155 eis
3248 3100 3303 3154 in
3336 3101 3588 3172 propriis
3615 3115 3755 3154 man-

2156 3194 2417 3249 siunculis
2481 3194 2686 3265 aliquid
2735 3194 2916 3264 operis
2963 3194 3231 3266 agendum
3290 3202 3398 3258 est,
3465 3192 3614 3262 quod
3662 3207 3761 3247 non

2157 3287 2274 3344 sine
2297 3287 2537 3342 virorum
2560 3287 2745 3343 labore
2768 3287 2954 3358 perfici
2982 3294 3180 3358 potest,
3209 3287 3295 3341 hae
3309 3284 3763 3342 sanctimoniales

2155 3394 2342 3436 coram
2373 3379 2503 3445 sint,
2529 3388 2590 3434 ut
2613 3379 2790 3434 nullus
2821 3380 2876 3434 in
2908 3379 2992 3434 his
3021 3378 3256 3450 negotiis
3294 3378 3469 3450 possit
3502 3379 3641 3432 oriri
3676 3376 3765 3432 de-

2158 3471 2408 3527 trahendi
2454 3479 2550 3525 aut
2573 3471 2832 3543 peccandi
2875 3470 3047 3526 locus.
3084 3469 3191 3525 Sed
3223 3478 3281 3536 et
3303 3470 3401 3525 hoc
3437 3469 3760 3534 abbatissa,

2158 3577 2268 3616 non
2299 3562 2475 3616 solum
2496 3563 2908 3633 praepositarum
2939 3577 3158 3617 suarum
3187 3577 3320 3617 cura
3353 3604 3368 3628 ,
3393 3569 3454 3617 et
3481 3575 3760 3617 memora-

2159 3660 2335 3709 tarum
2375 3654 2868 3710 sanctimonialium
2896 3655 3292 3711 instantissima
3347 3656 3759 3726 procuratione,

2157 3761 2344 3802 verum
2375 3747 2540 3802 etiam
2579 3763 2679 3804 suo
2707 3748 2888 3804 studio
2921 3789 2936 3815 ,
2971 3748 3082 3803 imo
3111 3747 3419 3818 sapissima
3473 3749 3760 3820 investiga-

2159 3839 2326 3906 tione,
2344 3856 2401 3896 sc
2409 3841 2579 3896 rutari
2595 3850 2760 3914 atque
2773 3841 3001 3898 solerter
3016 3842 3289 3912 inquirere
3306 3843 3540 3909 debent,
3555 3860 3626 3899 ne
3639 3842 3759 3914 quid

2157 3938 2520 3995 inhonestatis
2569 3939 2622 3993 in
2671 3939 3062 3996 mansiunculis
3102 3941 3619 3996 sanctimonialium
3673 3948 3765 3996 aut

2159 4033 2213 4087 in
2245 4049 2435 4088 earum
2480 4033 2736 4089 claustris
2767 4034 3037 4105 quispiam
3083 4035 3329 4106 quolibet
3363 4037 3532 4092 modo
3567 4050 3763 4106 perpe-

2158 4131 2328 4190 trare,
2357 4132 2453 4178 aut
2481 4125 2548 4178 ab
2576 4124 2756 4195 aliqua
2787 4123 3016 4196 alicujus
3045 4125 3439 4182 familiaritatis
3469 4126 3764 4182 occasione

2159 4218 2356 4290 suscipi
2388 4259 2402 4282 ,
2432 4225 2527 4272 aut
2552 4217 2796 4275 clanculo
2846 4220 3106 4276 abscondi
3132 4221 3322 4292 possit.
3356 4221 3538 4277 Tanta
3593 4223 3756 4294 igitur

2160 4310 2668 4367 sanctimonialibus
2714 4312 2768 4365 in
2797 4311 3193 4369 confabulando
3222 4329 3347 4369 cum
3382 4315 3522 4371 viris
3549 4316 3758 4385 pudici-

2161 4407 2250 4461 tia:
2279 4405 2476 4461 ﬁducia
2507 4405 2685 4460 inesse
2713 4405 2874 4461 debet
2899 4447 2914 4472 ,
2961 4415 3024 4462 ut
3050 4407 3173 4462 aliis
3224 4409 3632 4476 aspicientibus
3663 4410 3758 4462 mi-

464 4491 593 4546 huic
633 4493 938 4549 nullatenus
971 4495 1269 4550 differenda
1311 4505 1397 4550 est
1435 4497 1796 4565 correptionis
1826 4497 2053 4562 utilitas,
2083 4535 2135 4596 D
2163 4497 2308 4551 nime
2337 4498 2686 4552 erubescant.
2722 4496 2794 4552 Ut
2843 4498 2988 4553 enim
3019 4499 3212 4554 beatus
3237 4499 3611 4570 Hieronymus
3633 4501 3757 4555 dicit

467 4582 597 4650 quin
628 4590 722 4636 aut
741 4593 932 4652 sponte
955 4587 1160 4654 peccati
1184 4588 1266 4640 sui
1285 4586 1494 4641 facinus
1515 4588 1824 4656 pmnitendo
1851 4589 2054 4657 abluat,

468 4682 564 4729 aut
593 4675 637 4729 si
669 4675 722 4730 id
751 4689 911 4746 agere
945 4679 1211 4743 renuerit,
1243 4679 1311 4734 ab
1337 4680 1612 4749 episcopo,
1637 4689 1695 4734 ut
1717 4684 2056 4751 pmemissum

466 4773 573 4831 est,
613 4764 768 4834 juxta
815 4767 1032 4823 modum
1058 4777 1299 4824 laxatum
1341 4772 1660 4825 sententiam
1691 4773 2061 4828 excommuni-

465 4857 721 4923 cationis,
770 4866 825 4914 et
866 4860 1081 4915 modum
1125 4853 1749 4932 pcenitentim‘excipiat.
1792 4862 1849 4917 ln
1897 4864 2060 4918 casti-

465 4947 657 5019 gandis
704 4965 939 5021 namque
988 4961 1152 5023 atque
1209 4954 1542 5025 corrigendis
1593 4955 2054 5025 delinquentibus,

462 5053 620 5110 opem
665 5038 808 5097 ferre
841 5057 949 5097 non
992 5043 1257 5100 desistant
1285 5045 1577 5101 abbatissis
1604 5054 1816 5101 creterte
1847 5047 2052 5102 sancti-

467 5131 751 5188 moniales.

1058 5224 1286 5285 CAPUT
1317 5227 1456 5284 XIX.

537 5317 942 5391 Scripturarum
971 5332 1280 5378 sanctarum
1308 5324 1572 5380 doctrinis
1622 5325 2051 5395 demonstratur,

465 5414 609 5481 quod
648 5413 987 5470 subditarum
1020 5416 1131 5470 vita
1181 5416 1526 5487 prazlatarum
1574 5417 1646 5472 sit
1673 5419 1933 5490 exemplis
1972 5421 2054 5475 in-

465 5501 769 5560 formanda.
810 5507 876 5562 Et
922 5509 1051 5578 quia
1093 5510 1533 5565 sanctimoniales
1561 5551 1575 5575 ,
1610 5510 1905 5564 secundum
1946 5510 2054 5566 Pa-

466 5599 613 5648 trum
643 5594 965 5654 documenta
997 5641 1013 5665 ,
1043 5600 1288 5656 virorum
1318 5602 1517 5657 debent
1553 5601 1729 5656 vitare
1776 5600 2056 5658 familiari-

469 5691 611 5740 tates
633 5695 689 5741 et
727 5690 1243 5761 sermocinationes,
1276 5690 1431 5750 decet
1460 5701 1520 5749 ut
1547 5693 1836 5750 abbatissae
1865 5736 1880 5762 ,
1910 5695 2056 5752 sicut

469 5775 530 5836 in
559 5779 792 5848 ceteris,
819 5779 897 5838 ita
934 5798 1148 5857 quoque
1197 5791 1258 5842 et
1285 5784 1342 5842 in
1370 5784 1624 5863 virorum
1644 5785 2052 5863 confabulatio-

2163 4589 2239 4661 (in
2267 4590 2419 4659 epist.
2446 4590 2514 4642 ad
2542 4587 2826 4661 Furiam):
2861 4589 3148 4660 Sp‘culum
3200 4593 3397 4646 mentis
3426 4603 3514 4649 est
3567 4592 3755 4655 facies,

2161 4690 2217 4736 et
2237 4683 2386 4738 taciti
2425 4683 2567 4738 oculi
2620 4685 2803 4740 cordis
2866 4683 3106 4740 fatentur
3135 4701 3357 4741 arcana.
3401 4686 3562 4742 Unde
3591 4687 3672 4740 ait
3704 4694 3757 4740 et

2162 4775 2382 4844 quidam
2413 4794 2426 4828 :
2467 4774 2640 4831 Frons
2673 4776 2908 4832 hominis
2959 4779 3192 4849 propria:
3231 4779 3431 4834 mentis
3481 4779 3759 4848 depromit

2162 4867 2420 4921 amictum
2453 4885 2465 4920 :
2517 4868 2690 4936 qualis
2743 4869 2922 4925 vultus
2951 4871 3056 4925 erit
3085 4912 3101 4936 ,
3147 4871 3270 4926 talia
3297 4871 3463 4927 corda
3493 4872 3658 4942 gerit.
3693 4870 3758 4925 Si

2162 4971 2268 5027 qua
2297 4972 2426 5012 vero
2450 4957 2665 5013 inventa
2697 4958 2861 5014 fuerit
2883 4961 2967 5015 his
2993 4961 3520 5018 confabulationibus
3536 4962 3758 5028 dedita.

2159 5049 2237 5104 ita
2262 5048 2419 5119 juxta
2447 5051 2782 5120 superiorem
2816 5052 3036 5107 modum
3064 5053 3410 5125 corripiatur,
3457 5063 3515 5108 ut
3538 5063 3603 5108 et
3636 5055 3761 5124 ipsa

2159 5142 2498 5207 emendetur,
2524 5151 2578 5197 et
2598 5153 2808 5200 caeteras
2849 5144 3104 5202 timorem
3137 5146 3400 5205 habentes
3449 5146 3592 5203 nihil
3649 5147 3762 5205 tale

2160 5219 2320 5306 agere
2343 5241 2651 5304 pertentent

2743 5327 2967 5385 CAPUT
3004 5329 3142 5386 XXI.

2233 5419 2370 5488 Quia
2414 5421 2620 5477 licitum
2645 5431 2729 5479 est
2768 5424 2878 5480 Deo
2909 5425 3103 5482 dicatis
3127 5425 3385 5482 canonice
3429 5420 3760 5485 viventibus

2157 5511 2413 5568 vernulas
2477 5529 2658 5569 secum
2705 5514 3000 5572 famulandi
3057 5519 3231 5590 gratia
3286 5519 3341 5574 in
3391 5521 3763 5575 monasteriis

2155 5601 2374 5668 habere,
2407 5606 2701 5658 cavenlum
2736 5613 2818 5660 est
2865 5605 2971 5661 illis
3006 5615 3067 5662 ut
3110 5607 3166 5662 in
3213 5607 3292 5664 eis
3322 5608 3516 5663 anima:
3546 5609 3756 5679 potius

2157 5694 2388 5752 salutem
2408 5710 2570 5766 quam
2593 5697 2936 5754 commodum
2961 5706 3236 5756 terrenum
3264 5708 3528 5773 quaerant.
3547 5697 3763 5755 Solent

2155 5787 2304 5846 enim
2357 5787 2736 5862 hujuscemodi
2759 5788 3013 5868 eﬂ'renes
3069 5800 3127 5852 et
3177 5792 3461 5862 impudicae
3505 5789 3766 5858 erecta.
