3978 6490
183 416 278 475 969

651 403 932 462 REGUIA
971 393 1604 458 SANCTIMONIALIUM
1640 393 1732 448 AB
1768 386 2123 447 AMALARIO
2162 381 2542 443 COLLECTA.
2581 412 2654 423 —
2687 380 2818 437 LIB.
2857 379 2923 435 Il.

3311 363 3417 436 970

184 525 318 584 cultu
350 520 662 579 meretricio
688 528 894 576 ornatae
921 517 1194 577 incedere.
1223 521 1279 569 et
1307 511 1490 582 turpia
1513 522 1740 580 quaeque
1767 507 1823 570 Α
1846 505 2015 560 Deum
2041 509 2097 558 et
2141 500 2389 555 homines
2415 509 2662 554 crescere
2691 494 2938 566 coeperit,
2973 502 3165 566 pergat
3187 495 3256 550 ad
3289 501 3421 549 tem-

184 628 233 676 et
249 619 492 680 obscena,
514 629 636 685 quae
661 613 795 669 foris
813 611 1056 684 vagando
1081 607 1316 664 viderint
1337 611 1430 658 aut
1445 601 1742 666 audierint,

181 708 389 765 auribus
417 706 754 762 dominarum
778 718 1001 759 suarum
1031 699 1370 771 impudenter
1398 697 1665 766 ingerere,
1692 699 1748 746 et

181 802 373 858 animos
424 813 612 855 earum
639 812 672 852 a
701 797 878 868 rigore
909 795 1104 851 divinae
1150 789 1428 848 servitutis
1477 785 1741 841 emollire.

177 892 502 962 Quapropter
547 903 772 943 necesse
799 893 882 942 est
917 893 978 940 ut
1012 883 1067 938 in
1102 881 1301 936 talibus
1354 872 1747 947 congregandis

177 984 382 1041 modum
433 980 726 1036 adhibeant
793 975 1190 1034 discretionis:
1235 980 1296 1027 ut
1350 986 1460 1025 non
1510 965 1744 1038 amplius

173 1095 325 1150 quam
347 1076 644 1133 necessitas
669 1073 852 1146 exigit,
900 1073 1002 1128 sibi
1029 1072 1097 1127 ad
1142 1067 1487 1125 serviendum
1516 1077 1747 1132 congre-

173 1177 315 1242 gent,
344 1176 399 1224 et
427 1182 554 1239 erga
584 1173 942 1237 congregatas
978 1178 1164 1219 curam
1195 1159 1510 1221 adhibeant,
1542 1170 1611 1210 ne
1641 1153 1747 1208 illis

170 1259 405 1331 quolibet
429 1266 652 1330 peccato
680 1256 984 1321 ruentibus,
1013 1254 1227 1309 illarum
1257 1251 1428 1306 ruina:
1450 1247 1746 1319 participes

169 1353 417 1410 existant.
457 1351 516 1408 Si
568 1367 698 1408 vero
727 1351 812 1406 ha:
868 1348 1110 1412 famulae,
1175 1355 1269 1402 aut
1322 1343 1743 1403 abbatissarum,

167 1452 258 1499 aut
289 1452 441 1499 certe
492 1441 1000 1503 sanctimonialium,
1047 1439 1102 1494 in
1129 1436 1383 1493 claustris
1432 1428 1748 1487 monasterii

167 1534 440 1606 quippiam
465 1534 723 1589 indecens
745 1531 1067 1586 admiserint
1096 1571 1112 1597 ,
1158 1537 1214 1584 et
1237 1529 1430 1584 crebro
1458 1522 1748 1580 aimonitae

165 1635 323 1698 atque
350 1635 614 1698 correptzc
639 1667 655 1692 ,
689 1641 798 1680 non
827 1639 885 1679 se
919 1622 1282 1686 correxerint,
1311 1627 1467 1674 extra
1509 1614 1748 1671 claustra

162 1716 484 1773 monasterii
513 1714 700 1786 procul
723 1713 1002 1784 ejiciendae
1031 1721 1196 1783 atque
1223 1707 1563 1766 eliminanda:
1597 1711 1743 1760 sunt.

747 1871 975 1928 CAPUT
1011 1870 1176 1926 XXII.

228 1985 446 2060 Religio
470 1987 836 2045 ecclesiastica
891 1989 1048 2044 docet
1072 1996 1133 2043 ut
1163 1987 1353 2058 puellae
1399 2002 1519 2057 quae
1549 1987 1600 2041 in
1634 2003 1748 2042 mo-

151 2078 423 2133 nasteriis
470 2079 821 2145 erudiuntur,
860 2095 984 2134 eum
1024 2079 1170 2133 omni
1211 2078 1426 2148 pietatis
1466 2075 1658 2132 affectu
1694 2088 1750 2133 et

153 2168 596 2240 vigilantissimze
627 2185 772 2224 cura:
801 2170 980 2225 studio
1007 2169 1316 2222 nutriantur
1344 2184 1358 2233 ;
1395 2182 1463 2220 ne
1499 2167 1546 2222 si
1580 2167 1750 2222 lubri-

154 2277 230 2316 ca:
251 2259 437 2315 attatis
462 2276 634 2315 annos
677 2260 1075 2330 indiscipliuate
1104 2259 1335 2314 vivendo
1360 2246 1746 2330 transegerint,

155 2361 246 2408 aut
257 2353 347 2408 vix
365 2362 461 2408 aut
481 2353 788 2409 nullatenus
813 2352 1011 2423 corrigi
1031 2361 1214 2422 postea
1227 2352 1454 2422 possint.
1473 2350 1752 2421 Quaprop-

156 2454 236 2500 ter
247 2445 614 2517 praeferantur
626 2446 706 2502 eis
717 2461 784 2501 ex
808 2446 1310 2501 sanctimonialibus
1326 2445 1458 2501 tales
1475 2444 1752 2516 magistra:

155 2555 274 2608 qua:
301 2538 500 2609 utique
525 2547 580 2593 et
599 2539 894 2610 probabilis
919 2538 1190 2603 sintvitm,
1217 2548 1273 2593 et
1296 2554 1426 2609 erga
1447 2553 1542 2591 eas
1579 2535 1748 2591 talem

154 2633 457 2688 exhibeant
489 2649 677 2690 curam
698 2643 758 2690 ut
789 2648 1130 2704 nequaquam
1163 2632 1267 2689 huc
1303 2642 1466 2703 atque
1489 2631 1614 2686 illuc
1634 2645 1754 2701 pos-

153 2725 489 2782 sinthabcre
523 2741 897 2798 progressum,
925 2733 979 2779 et
1013 2731 1106 2779 aut
1125 2723 1365 2787 desidia,
1403 2732 1496 2777 aut
1519 2720 1754 2775 lascivia:

154 2818 285 2874 vitio
331 2819 723 2884 maculentur;
754 2819 882 2888 quin
911 2819 1092 2890 potius
1124 2816 1298 2872 sacris
1329 2815 1650 2870 imbuantur
1670 2811 1753 2866 di-

152 2911 408 2984 sciplinis
441 2954 458 2980 ,
486 2921 760 2983 quatenus
799 2912 886 2968 his
913 2912 1233 2981 mancipata:
1260 2908 1490 2980 vagandi
1522 2908 1633 2964 otio
1659 2925 1752 2964 ca-

154 3013 332 3060 reant.
371 3005 486 3061 Sed
526 3005 620 3076 qui
647 3005 841 3060 modus
890 3003 1264 3074 hujuscemodi
1310 3002 1622 3058 erudiendis
1676 3011 1755 3058 te-

152 3096 372 3152 nendus
413 3097 511 3161 sit,
537 3096 728 3152 beatus
753 3096 1112 3170 Hieronymus
1143 3097 1196 3151 in
1227 3095 1472 3165 epistola,
1499 3111 1661 3165 quam
1686 3094 1752 3149 ad

150 3185 358 3244 Laetam
385 3189 457 3245 de
484 3189 824 3246 institutione
848 3190 970 3245 ﬁliae
984 3189 1220 3262 scripsit.
1244 3188 1556 3260 plenissime
1573 3189 1747 3252 docet,

151 3279 348 3336 dicens
381 3299 394 3334 :
423 3279 597 3352 Igitur
625 3296 744 3351 quae
792 3281 858 3336 de
901 3281 1321 3353 repromissione
1348 3289 1474 3335 nata
1525 3288 1635 3344 est,
1670 3281 1752 3336 di-

151 3387 321 3445 gnam
357 3374 566 3429 habeat
605 3382 724 3429 ortu
757 3391 856 3431 suo
891 3375 1284 3431 institutionem
1317 3386 1627 3444 parentum.
1662 3375 1756 3430 Sa-

146 3465 303 3521 muel
332 3466 488 3522 enim
517 3465 572 3519 in
617 3466 820 3535 templo
851 3466 1088 3521 nutritus
1115 3475 1200 3521 est
1229 3484 1242 3519 :
1267 3465 1505 3521 Joannes
1549 3468 1603 3520 in
1631 3466 1759 3521 soli-

148 3558 351 3612 tudine
374 3564 735 3627 praeparatur,
764 3557 986 3612 locustis
1013 3558 1195 3622 alitur,
1227 3566 1283 3611 et
1311 3557 1469 3613 melle
1496 3558 1755 3625 silvestri,

141 3658 202 3702 et
247 3649 309 3702 in
361 3658 554 3718 typum
608 3647 936 3717 pmnitentia:
965 3648 1323 3720 praedicanda:
1371 3644 1759 3704 tortuosissimi

141 3739 427 3794 animalis
458 3740 691 3795 vestitur
721 3740 952 3796 exuviis.
991 3739 1082 3795 Sic
1110 3741 1404 3795 erudienda
1437 3750 1520 3796 est
1557 3743 1757 3806 anima,

139 3846 278 3900 quae
319 3829 518 3884 futura
543 3838 626 3885 est
678 3830 933 3898 templum
961 3831 1197 3886 Domini.
1247 3830 1390 3885 Nihil
1417 3831 1562 3887 aliud
1587 3834 1765 3889 discat

140 3922 353 3977 audire
381 3961 398 3987 ,
437 3921 575 3976 nihil
603 3921 748 3995 loqui
779 3965 793 3990 ,
825 3924 927 3980 nisi
970 3925 1112 3996 quod
1138 3927 1207 3980 ad
1237 3927 1488 3982 timorem
1520 3926 1613 3981 Dei
1641 3943 1764 3996 per-

140 4015 294 4071 tinet
319 4054 338 4080 ,
398 4014 582 4083 turpia
625 4016 792 4070 verba
842 4032 948 4070 non
986 4016 1294 4088 intelligat,
1332 4019 1543 4073 cantica
1575 4019 1764 4073 mundi

142 4106 401 4178 ignoret.
461 4103 654 4161 Adhuc
705 4115 891 4163 tenera
921 4107 1100 4176 lingua
1128 4109 1350 4178 psalmis
1389 4109 1635 4166 dulcibus
1665 4112 1765 4166 im-

144 4197 386 4263 buatur,
441 4196 632 4266 procul
683 4197 755 4252 sit
781 4206 913 4254 aetas
959 4198 1160 4254 lasciva
1212 4203 1766 4271 puerorum,habeat

145 4291 483 4346 modestam
515 4289 1055 4360 gerulam,nutricem
1076 4306 1318 4361 gravem.
1350 4292 1535 4348 Discat
1559 4293 1614 4346 in
1639 4309 1768 4363 pue—

147 4381 280 4435 ritia
299 4380 396 4436 cui
428 4380 750 4450 imperatori
779 4381 1052 4437 tiruncula
1082 4383 1372 4438 nutriatur.
1401 4384 1519 4454 lpse
1551 4384 1768 4440 habitus

147 4477 202 4524 et
229 4470 491 4528 vestitus
509 4469 700 4525 doceat
719 4485 839 4525 eam
868 4510 882 4536 ,
908 4472 993 4526 cui
1022 4473 1293 4543 promissa
1330 4475 1419 4529 sit.
1454 4474 1630 4531 Aures
1650 4475 1769 4546 ejus

1847 598 1994 670 plum
2019 595 2133 650 veri
2159 593 2335 648 Patris
2365 607 2487 647 cum
2510 589 2827 660 parentibus
2854 588 2967 642 suis
2991 602 3007 642 :
3033 587 3125 644 sed
3161 604 3286 645 cum
3317 585 3422 643 illis

1846 704 1953 744 non
1981 686 2331 758 egrediature
2356 683 2576 753 templo,
2605 689 2662 738 et
2687 696 2955 752 nusquam
2987 681 3054 736 ab
3077 683 3157 736 eis
3185 681 3424 738 invenia-

1846 788 1952 844 tur,
1977 778 2080 833 nisi
2107 778 2160 832 in
2182 777 2366 832 auditu
2390 782 2700 831 sanctarum
2719 773 3131 843 scripturarum.
3149 771 3426 844 Nusquam

1846 877 2005 924 exeat
2028 867 2196 934 foras,
2247 882 2314 922 ne
2339 867 2616 922 inveniant
2646 881 2765 920 eam
2803 865 2892 936 qui
2923 864 3265 920 circumeunt
3293 866 3426 922 civi-

1849 971 2036 1028 tatem,
2060 972 2116 1017 et
2141 962 2428 1017 vulnerent
2462 960 2777 1030 pudicitiam
2803 955 2918 1026 ejus
2943 957 3251 1014 auferentes
3266 959 3434 1014 theri-

1847 1066 2043 1121 strum,
2070 1063 2125 1110 et
2146 1057 2346 1110 nudam
2375 1055 2429 1109 in
2456 1053 2716 1124 sanguine
2742 1051 3142 1122 derelinquant.
3171 1051 3287 1107 Non
3323 1067 3436 1107 ves-

1849 1155 2004 1201 catur
2030 1147 2083 1202 in
2125 1147 2364 1217 publico,
2406 1160 2476 1201 ne
2515 1144 2700 1200 videat
2755 1143 2907 1199 cibos
2951 1159 3087 1214 quos
3139 1143 3432 1200 desideret.

1848 1239 2032 1294 Discat
2058 1239 2171 1308 jam
2197 1255 2340 1294 nunc
2375 1239 2561 1293 vinum
2597 1253 2706 1293 non
2735 1237 2923 1293 bibere
2949 1279 2964 1304 ,
2999 1238 3054 1292 in
3099 1254 3208 1307 quo
3245 1248 3327 1294 est
3355 1238 3437 1294 lu-

1849 1331 2005 1385 xuria
2045 1349 2058 1385 :
2091 1347 2263 1402 usque
2291 1331 2356 1386 ad
2383 1330 2682 1401 perfectam
2735 1338 2917 1386 tamen
2960 1338 3177 1385 aetatem
3213 1337 3437 1402 propter

1850 1423 2238 1494 indulgentiam
2267 1424 2479 1478 modico
2504 1431 2690 1477 utatur
2721 1423 2865 1488 vino,
2899 1430 2954 1476 et
2986 1423 3232 1478 carnium
3260 1423 3439 1479 edulio

1853 1526 2204 1574 sustentetur.
2243 1516 2429 1572 Nullus
2479 1518 2532 1572 ei
2563 1515 2820 1586 juvenis,
2862 1515 3043 1571 nullus
3097 1516 3441 1572 cincinnatus

1851 1611 2112 1666 arrideat.
2148 1610 2466 1679 Vigiliarum
2506 1610 2623 1664 dies
2651 1619 2707 1664 et
2759 1609 3031 1664 solemnes
3068 1610 3438 1679 pernoctatio-

1849 1720 1948 1761 nes
1971 1706 2048 1759 sic
2076 1703 2334 1768 celebret,
2367 1711 2428 1758 ut
2467 1718 2535 1757 ne
2566 1711 2935 1758 transversum
2961 1703 3178 1772 quidem
3205 1719 3440 1774 unguem

1851 1811 1883 1851 a
1915 1797 2128 1851 nutrice
2173 1795 2436 1851 discedat.
2469 1793 2731 1849 Noncum
2779 1793 2990 1849 ancillis
3022 1797 3075 1848 in
3110 1794 3331 1849 auribus
3354 1811 3445 1849 su-

1773 1873 1823 1934 Β
1852 1895 2052 1953 surret,
2090 1889 2182 1943 sed
2217 1887 2362 1956 quod
2397 1888 2489 1942 uni
2515 1887 2754 1956 loquitur
2792 1902 2980 1942 omnes
3012 1887 3331 1958 intelligant.
3359 1887 3443 1941 Sit

1850 1981 1901 2035 ei
1926 1995 2108 2035 comes
2135 1995 2243 2035 non
2291 1987 2525 2050 compta,
2555 1987 2718 2048 atque
2745 1977 3006 2044 formosa,
3063 1994 3181 2048 quae
3219 1987 3437 2050 gutture

1849 2086 2074 2125 carmen
2105 2071 2262 2126 dulce
2290 2071 2597 2126 moduletur
2629 2088 2641 2122 :
2669 2070 2764 2124 sed
2798 2070 2980 2141 gravis
3003 2111 3016 2133 ,
3052 2069 3282 2139 pallens,
3313 2072 3441 2126 sub-

1850 2161 2043 2227 tristis,
2074 2169 2130 2216 et
2166 2161 2440 2234 pudicitiae
2466 2169 2725 2217 veterana
2752 2202 2766 2225 ,
2795 2177 2913 2231 quae
2944 2161 3089 2215 illam
3122 2161 3315 2217 doceat
3347 2203 3361 2228 ,
3385 2171 3443 2218 et

1851 2262 2133 2310 assuescat
2177 2254 2424 2324 exemplo
2449 2295 2462 2320 ,
2511 2254 2579 2308 ad
2611 2254 2886 2309 orationes
2929 2261 2983 2309 et
3013 2254 3250 2324 psalmos
3281 2263 3442 2311 nocte

1852 2361 2182 2436 coiisprgere
2209 2386 2224 2412 ,
2256 2361 2415 2402 mane
2465 2345 2697 2417 hymnos
2733 2362 2932 2400 canere
2977 2357 3033 2400 et
3073 2356 3219 2402 stare
3247 2348 3300 2401 in
3325 2348 3443 2404 acie

1852 2440 2008 2509 quasi
2037 2437 2369 2493 bellatricem
2397 2437 2622 2493 Christi.
2657 2438 2930 2493 Horarum
2979 2439 3086 2494 diei
3116 2455 3279 2494 cursu
3316 2455 3442 2510 pcr-

1856 2537 1999 2592 acto,
2045 2543 2382 2599 accensaque
2409 2528 2688 2584 lucernula
2713 2569 2727 2594 ,
2760 2529 2950 2584 reddat
2992 2530 3323 2586 sacrificium
3351 2548 3444 2587 ve-

1856 2621 2180 2692 spertinum.
2214 2619 2305 2676 Sic
2341 2622 2458 2676 dies
2485 2631 2755 2688 transeat,
2787 2623 2866 2678 sic
2889 2639 2995 2678 nox
3027 2624 3267 2679 inveniat
3291 2623 3440 2680 labo-

1856 2723 2091 2770 rantem.
2124 2713 2290 2770 Cibus
2313 2712 2430 2783 ejus
2455 2715 2755 2770 olusculum
2787 2717 2878 2781 sit,
2903 2724 2958 2771 et
2986 2716 3185 2782 simila,
3210 2733 3444 2787 raroque

1855 2807 2122 2877 pisciculi.
2155 2805 2246 2861 Sic
2285 2806 2533 2861 comedat
2561 2815 2619 2860 ut
2641 2821 2859 2876 semper
2896 2808 3122 2872 esuriat,
3156 2815 3217 2862 ut
3256 2808 3443 2862 statim

1855 2908 1979 2970 post
2025 2901 2205 2954 cibum
2245 2899 2419 2969 possit
2476 2899 2660 2970 legere
2687 2940 2702 2966 ,
2733 2916 2892 2954 orare
2926 2909 2980 2955 et
3027 2900 3282 2971 psallere.
3327 2901 3447 2954 Non

1856 2992 2056 3047 habeat
2091 2991 2356 3061 colloquia
2383 2991 2722 3046 saecularium
2749 2992 3072 3062 puellarum,
3098 3005 3154 3048 et
3177 2993 3448 3049 malarum

1856 3083 2128 3155 virginum
2173 3084 2545 3140 contuberniis
2601 3101 2708 3140 non
2755 3087 3065 3140 misceatur.
3121 3086 3447 3141 Balnearum

1855 3193 1986 3232 vero
2021 3177 2300 3234 fomitibus
2327 3179 2535 3250 sopitos
2558 3195 2666 3234 non
2704 3180 2930 3235 suscitet
2956 3180 3126 3250 ignes.
3163 3179 3270 3234 Pro
3301 3196 3449 3252 gem—

1859 3271 1963 3325 mis
1989 3281 2043 3325 et
2069 3271 2246 3326 serico
2275 3312 2291 3340 ,
2325 3271 2537 3326 divinos
2566 3271 2782 3326 codices
2820 3280 2984 3326 amet.
3040 3272 3223 3327 Discat
3269 3274 3450 3342 primo

1857 3364 2183 3420 Psalterium
2215 3406 2230 3429 ,
2277 3366 2560 3420 erudiatur
2592 3366 2645 3418 in
2684 3364 2994 3419 Proverbiis
3031 3364 3338 3423 Salomonis
3382 3369 3452 3424 ad

1858 3457 2045 3520 vitam,
2079 3466 2399 3512 consuescat
2421 3458 2475 3511 in
2510 3456 2840 3513 Ecclesiaste
2876 3457 3089 3512 calcare
3113 3475 3233 3527 quae
3257 3459 3448 3516 mundi

1860 3558 2006 3606 sunt.
2042 3549 2291 3606 Sectetur
2318 3553 2370 3606 in
2414 3552 2514 3607 Job
2541 3552 2759 3606 virtutis
2785 3560 2840 3606 et
2869 3553 3146 3621 patientizc
3177 3552 3447 3624 exempla.

1862 3643 1943 3697 Ad
1980 3645 2270 3713 Evangelia
2321 3653 2580 3711 transeat,
2642 3661 2918 3716 nunquam
2977 3661 3041 3700 ea
3075 3647 3320 3715 positura
3381 3646 3448 3701 de

1863 3737 2132 3792 manibus.
2167 3736 2547 3807 Apostolorum
2582 3737 2717 3792 Acta
2769 3745 2826 3792 et
2876 3736 3146 3808 Epistolas
3179 3745 3292 3792 tota
3327 3751 3451 3792 cor-

1865 3829 1947 3883 dis
1984 3829 2209 3884 imbibat
2237 3830 2533 3884 voluntate.
2582 3830 2650 3884 Et
2693 3831 2773 3886 sic
2820 3847 2918 3902 per
2945 3833 3192 3888 ordinem
3252 3833 3453 3888 seriem

1863 3918 1998 3974 Novi
2029 3919 2348 3990 Veterisque
2397 3921 2754 3978 Testamenti.
2808 3923 3052 3994 Cumque
3090 3925 3325 3994 pectoris
3368 3925 3452 3980 sui

1864 4011 2141 4066 cellarium
2172 4012 2258 4066 his
2282 4013 2475 4084 opibus
2525 4014 2934 4086 locupletaverit
2962 4058 2977 4084 ,
3014 4026 3144 4074 tunc
3191 4019 3449 4074 virtutum

1866 4101 2087 4158 floribus
2141 4102 2403 4158 adornata
2433 4147 2448 4171 ,
2485 4106 2586 4160 soli
2640 4123 2839 4177 sponso
2887 4108 3095 4166 cmlesti
3126 4151 3141 4175 ,
3184 4111 3271 4166 cui
3309 4127 3457 4166 com-

1865 4197 2033 4251 missa
2055 4205 2158 4264 est,
2180 4197 2404 4254 calcatis
2433 4199 2646 4255 cunctis
2685 4217 2805 4271 qua:
2834 4203 3020 4257 mundi
3063 4210 3210 4269 sunt,
3237 4203 3456 4274 placere

1867 4287 2101 4344 studeat.

2441 4383 2672 4440 CAPUT
2695 4383 2886 4439 XXIII.

1941 4469 2261 4542 Quanquam
2313 4473 2456 4530 intra
2509 4475 2748 4531 claustra
2787 4491 3107 4534 monaSten.
3161 4480 3456 4536 sanctimo-

146 4572 260 4615 non
287 4559 678 4632 perforentur,
712 4565 815 4616 nec
841 4576 939 4616 ora
964 4561 1185 4619 Christo
1226 4574 1547 4621 consecrata
1580 4583 1765 4623 cerus-
1789 4603 1844 4665 Ι)
1871 4562 2042 4618 niales
2072 4565 2332 4620 canonice
2357 4567 2600 4624 viventes
2626 4569 2875 4640 proprias
2914 4571 3086 4628 solita:
3117 4573 3224 4629 sint
3255 4575 3457 4632 habere

147 4664 210 4706 sa
242 4660 304 4708 et
333 4651 672 4720 purpurisso
698 4651 1060 4723 depingantur
1091 4671 1104 4708 :
1150 4671 1251 4711 nec
1280 4673 1470 4712 aurum
1499 4701 1513 4725 ,
1542 4668 1597 4714 et
1619 4676 1765 4715 mar-

148 4745 348 4815 garita:
375 4743 587 4799 collum
635 4743 752 4814 ejus
780 4745 1121 4814 deprimant;
1155 4763 1256 4803 nec
1296 4758 1456 4819 caput
1488 4760 1762 4808 sacratum

149 4835 403 4907 gemmis
434 4842 701 4890 oneretur
727 4853 739 4888 :
767 4835 861 4890 sed
900 4836 1098 4891 habeat
1123 4838 1257 4893 alias
1281 4844 1622 4914 margaritas,
1645 4847 1766 4915 qui-

148 4925 257 4980 bus
319 4934 530 4996 postea
583 4923 819 4980 venditis
867 4935 1116 4996 emptura
1171 4939 1253 4983 est
1311 4933 1764 5000 pretiosissimum

148 5018 562 5089 margaritum.
603 5027 630 5056 ι
656 5013 740 5070 Sit
772 5017 957 5071 nutrix
1004 5015 1122 5085 ejus
1149 5018 1378 5076 sollicita
1408 5029 1463 5076 et
1506 5022 1762 5092 prudens,

150 5119 212 5163 ut
241 5125 346 5173 ea,
399 5123 538 5180 quae
585 5110 826 5163 nutritur
857 5150 872 5175 ,
912 5125 981 5165 ne
1024 5112 1361 5181 percutiatur
1385 5129 1416 5167 a
1447 5113 1654 5184 vipera.
1693 5115 1772 5173 Ne

151 5204 312 5260 bibat
334 5205 411 5260 de
437 5216 615 5257 aureo
638 5202 805 5258 calice
829 5202 1154 5274 Babylonis;
1188 5221 1287 5261 nec
1314 5223 1436 5261 cum
1462 5207 1595 5262 Dina
1619 5223 1774 5276 egre-

153 5295 352 5350 diatur
408 5294 609 5350 videre
635 5292 776 5348 filias
807 5295 1078 5366 regionis;
1127 5312 1196 5351 ne
1233 5295 1380 5352 ludat
1415 5299 1640 5368 pedibus
1669 5341 1684 5366 ,
1721 5310 1778 5356 et

155 5389 356 5444 trahat
383 5388 656 5442 tunicas:
695 5387 823 5456 quia
857 5403 1064 5444 venena
1117 5405 1222 5444 non
1247 5391 1446 5446 dantur
1472 5393 1577 5447 nisi
1618 5393 1776 5449 melle

156 5480 522 5545 circumlita,
567 5487 624 5535 et
670 5479 800 5534 vitia
825 5495 933 5535 non
959 5481 1232 5550 decipiunt
1263 5524 1278 5548 ,
1312 5484 1417 5538 nisi
1467 5486 1568 5540 sub
1595 5488 1776 5556 specie

157 5572 479 5629 virtutum.
514 5569 807 5642 Postquam
829 5572 1205 5643 grandiuscula
1234 5573 1398 5630 fuerit
1419 5583 1475 5631 et
1510 5577 1562 5632 in
1593 5593 1779 5634 exem-

155 5665 321 5736 plum
369 5664 578 5738 sponsi
626 5664 751 5733 sui,
795 5665 1057 5736 sapientia
1083 5706 1099 5733 ,
1130 5674 1293 5725 aetate
1343 5677 1400 5724 et
1431 5671 1603 5742 gratia
1638 5673 1780 5743 apud

234 5795 263 5823 α
305 5781 425 5855 Ex_
459 5777 788 5855 Hieronymi
819 5793 904 5855 ep.
932 5780 983 5844 7,
1019 5779 1342 5855 adlatam,
1379 5783 1484 5854 legi
1522 5794 1734 5855 oportet
1766 5805 1778 5842 :

160 5851 229 5908 Si
259 5852 472 5907 nutrix
517 5850 630 5918 ejus
668 5848 893 5904 sollicita
929 5851 1182 5920 providet,
1219 5863 1274 5906 ut
1321 5871 1383 5908 ea
1412 5848 1527 5927 q'ua:
1555 5848 1786 5912 nutritur

537 5940 810 6003 Pauor.
856 5940 982 6003 CV.

1872 4656 2280 4713 mansiunculas
2311 4699 2326 4724 ,
2353 4669 2574 4730 propter
2604 4678 2741 4718 anus
2785 4671 2965 4720 tamen
2995 4674 3049 4721 et
3080 4667 3324 4724 infirmas
3366 4669 3461 4726 de-

1871 4747 1963 4803 bet
2013 4749 2156 4804 intra
2205 4750 2439 4806 claustra
2471 4753 2550 4828 abl
2591 4755 2880 4810 abbatissis
2914 4759 3125 4812 mansio
3172 4759 3309 4823 fieri,
3367 4761 3458 4814 ubi

1874 4856 2063 4896 earum
2087 4857 2207 4912 qua:
2251 4842 2392 4898 forte
2422 4860 2552 4900 suas
2575 4861 2683 4899 non
2737 4847 2942 4900 habent
2987 4849 3463 4906 imbecellitatibus

1875 4940 2038 5000 atque
2074 4932 2483 4987 infirmitatibus
2525 4934 3032 4992 misericordissime
3063 4939 3238 5008 possit
3290 4941 3466 5009 opitu-

1874 5022 1998 5076 lari.
2045 5024 2287 5090 Quarum
2330 5039 2518 5077 curam
2559 5024 2850 5083 abbatissae
2876 5070 2890 5094 ,
2923 5040 2982 5084 ut
3011 5039 3136 5102 pote
3189 5032 3464 5102 spiritales

1875 5122 2100 5179 matres,
2132 5125 2260 5170 ante
2281 5116 2462 5170 omnia
2494 5133 2684 5189 gerere
2719 5121 2940 5188 debent,
2969 5132 3030 5178 ut
3053 5124 3137 5178 his
3167 5140 3231 5179 ea
3265 5125 3464 5194 quibus

1877 5221 2012 5276 opus
2060 5206 2264 5261 habent
2317 5209 2749 5267 misericorditer
2792 5215 3195 5270 administrent.
3257 5214 3362 5270 Sed
3407 5223 3462 5269 et

1879 5305 2091 5353 caetera:
2134 5300 2594 5369 sanctimoniales,
2624 5320 2846 5360 accessu
2876 5322 2970 5361 eas
3023 5305 3291 5378 frequenti
3334 5309 3467 5363 visi-

1878 5401 2079 5460 tautes,
2104 5394 2407 5452 divinarum
2445 5397 2852 5470 Scripturarum
2892 5402 3342 5461 collocutionibus
3371 5407 3465 5462 de-

1887 5486 2182 5553 mulceant,
2220 5497 2273 5544 ct
2299 5491 2411 5546 suis
2439 5491 2786 5555 facultatibus
2812 5494 2892 5548 eis
2921 5495 3304 5552 adminiculum
3332 5513 3447 5568 prae

1887 5577 2089 5646 beant,
2118 5595 2414 5652 earumque
2463 5582 2862 5638 imbecillitates
2891 5593 2948 5640 et
2974 5585 3319 5644 infirmitates
3345 5605 3468 5645 cum

1891 5662 2155 5727 charitate
2183 5672 2560 5742 aequanimiter
2583 5682 2823 5744 portent,
2859 5679 3134 5734 utmerito
3172 5696 3200 5734 a
3240 5681 3470 5737 Domino

1895 5805 1958 5866 ne
1995 5789 2220 5859 feriatur
2241 5806 2280 5866 ᾳ.
2310 5790 2482 5859 vipera
2511 5791 2742 5866 :__eadem
2769 5810 2898 5850 cura
2923 5798 3213 5866 provideat,
3245 5816 3305 5854 ne
3329 5798 3470 5852 bibat

1896 5861 1960 5913 ab
1989 5877 2148 5914 aureo
2177 5860 2357 5926 calice,
2389 5869 2494 5916 etc.
2531 5862 2702 5918 Hann.

3001 5965 3072 6026 31
