3978 6450
517 412 613 471 971

1496 382 1901 467 AMALARIUS’
1928 380 2340 445 rnusnrrea
2378 368 2745 437 uenusta.

3680 362 3803 424 9η

517 529 601 585 eis
666 524 873 579 dicatur
918 535 930 570 :
969 514 1223 585 Inﬁrmus
1279 496 1361 583 [ui
1395 552 1409 578 ,
1458 520 1506 565 et
1554 507 1803 563 visitastis
1850 520 1950 570 me,
1996 507 2102 556 etc.
2133 496 2185 560 Α
2210 502 2416 555 statuto
2450 504 2693 565 tempore
2736 482 3131 546 monasterium
3176 476 3556 555 inprimantur
3578 480 3787 551 pud!»

520 615 738 694 (Matth.
765 610 915 684 xxv).
1080 668 1310 733 CAPUT
1347 666 1540 728 xx”.

593 790 731 866 Quia
758 772 973 849 constat
1001 786 1307 843 abbatissas
1332 781 1662 838 exteriorum
1693 785 1749 861 et
1780 775 2105 832 interiorum

523 854 765 964 poridere
811 888 1087 955 gravatas,
1136 876 1270 932 adeo
1296 881 1355 928 ut
1398 854 1761 943 prcepediente
1801 862 2106 938 ignorantia

523 962 832 1055 iragilitatis
863 976 1115 1032 humanae
1131 966 1296 1025 multa
1319 965 1566 1022 nesciant
1592 970 1712 1034 qua:
1750 962 1805 1015 in
1838 966 2110 1015 monaste-

524 1048 639 1131 riis
673 1069 1008 1141 negligenter
1049 1062 1225 1128 ﬁunt,
1266 1073 1489 1115 necesse
1515 1062 1599 1110 est
1644 1063 1701 1107 ut
1739 1050 1876 1107 tales
1913 1048 2013 1104 sub
2049 1059 2109 1103 se

526 1138 882 1225 constituant,
910 1166 1033 1214 cum
1054 1154 1250 1227 quibus
1274 1156 1465 1207 Secure
1481 1147 1690 1217 possint
1714 1138 1910 1215 partiri
1941 1152 2108 1197 onera

526 1257 826 1334 regiminis.
850 1250 1056 1321 Quibus
1081 1248 1247 1303 etiam
1274 1244 1433 1300 talem
1457 1239 1738 1298 conferent
1760 1241 2108 1309 potestatem,

525 1324 730 1410 utvviee
765 1361 863 1403 sua
902 1343 1189 1414 fungentes
1220 1379 1233 1403 ,
1266 1344 1320 1391 et
1362 1336 1499 1390 bene
1552 1324 1774 1404 agentes
1811 1329 1867 1384 in
1916 1324 2111 1381 melius

532 1441 797 1517 proﬁcere
836 1435 998 1495 dictis
1040 1442 1097 1489 et
1129 1429 1394 1502 exemplis
1424 1420 1812 1489 exhortentur,
1843 1428 1899 1476 et
1942 1417 2114 1474 delin-

530 1535 814 1608 quentium
866 1537 1046 1585 errata
1108 1521 1509 1581 districtissima
1572 1518 1880 1575 invectione
1944 1510 2117 1569 corri-

526 1606 679 1699 piant
708 1642 721 1677 :
746 1629 801 1679 et
830 1635 951 1693 quae
977 1618 1033 1674 in
1059 1615 1403 1673 monasteriis
1421 1615 1491 1669 ab
1511 1610 1822 1675 abbatissis,
1849 1607 1919 1663 ob
1938 1606 2117 1662 diver-

531 1733 714 1778 sarum
743 1730 999 1773 curarum
1056 1710 1462 1783 occupationes,
1493 1705 1682 1779 perﬁci
1723 1704 1947 1759 minime
1992 1713 2117 1771 pos-

532 1818 683 1878 sunt,
731 1808 800 1863 ab
852 1806 941 1862 his
969 1805 1130 1876 digne
1167 1809 1222 1859 et
1274 1801 1478 1857 utiliter
1506 1794 1877 1870 perﬁciantur.
1908 1791 2116 1860 Quibus

2207 607 2350 657 rum,
2382 594 2587 645 etcum
2610 585 2689 641 eis
2735 582 2999 649 diaconus
3045 575 3259 632 tantum
3311 573 3372 630 et
3393 570 3783 637 meum,

2206 686 2298 756 qui
2324 680 2532 738 scilicet
2558 687 2613 735 et
2647 675 2772 731 vita:
2791 666 3078 730 honestate
3109 664 3439 732 clarescant,
3473 672 3539 721 et
3564 662 3681 720 non
3708 662 3781 731 se,

2208 780 2303 835 sed
2326 776 2602 832 Christum
2632 762 2816 827 amare
2842 767 3098 839 cupiant;
3130 762 3239 820 nec
3265 774 3363 820 sua
3396 756 3674 833 (fumat,
3700 762 3789 819 sed

2210 884 2328 942 qua:
2355 865 2483 922 Jesu
2521 862 2745 926 Christi,
2785 860 2845 915 et
2890 868 3000 942 non
3029 850 3362 941 ampﬁus‘ibi
3408 846 3781 921 hominem,

2211 936 2315 1015 nisi
2344 957 2398 1012 in
2439 956 2733 1010 missarum
2762 936 3219 1007 Celebrationibus
3257 938 3329 1001 ad
3351 942 3785 1021 sanctimoniam

2211 1049 2427 1123 publice
2470 1044 2753 1102 faciendis.
2783 1040 2991 1109 Quibus
3018 1036 3121 1095 rite
3150 1050 3216 1094 ac
3242 1034 3443 1094 devote
3485 1033 3783 1103 celebratis,

2212 1140 2357 1201 illico
2381 1138 2528 1198 foras
2548 1137 2915 1211 egrediantur.
2935 1124 3387 1189 Sanctimonia‘les
3414 1134 3657 1199 namque
3679 1126 3786 1182 velo

2212 1242 2339 1292 ante
2359 1234 2555 1306 posito,
2584 1237 2645 1287 ut
2675 1227 2843 1286 moris
2871 1233 2976 1292 εει,
3007 1227 3171 1281 horas
3193 1218 3493 1279 canonicas
3526 1227 3583 1275 et
3610 1217 3781 1273 missa.

2212 1342 2336 1385 rum
2365 1324 2625 1382 solemnia
2646 1323 2938 1379 celebrent.
2966 1315 3075 1374 Sed
3102 1314 3279 1372 ethoc
3310 1314 3554 1369 caveant
3582 1316 3639 1366 ut
3656 1308 3776 1366 nulla

2215 1421 2432 1478 illarum
2467 1430 2590 1476 cum
2612 1416 2821 1473 eisdem
2843 1408 3179 1486 presbyteris
3202 1412 3511 1478 eorumque
3545 1402 3778 1461 ministris

2215 1515 2452 1585 aliquam
2483 1504 2990 1569 sermocinationem
3023 1502 3345 1560 familiarem
3368 1500 3600 1559 habeat.
3623 1498 3777 1571 Siqua

2217 1607 2382 1679 igitur
2412 1610 2631 1676 peccata
2663 1616 2759 1658 sua
2781 1592 3067 1679 'saeerdoti
3096 1592 3343 1653 conﬁteri
3384 1590 3645 1657 voluerit,
3666 1586 3772 1647 idin

2219 1676 2449 1755 ecclesia
2476 1693 2661 1758 faciat,
2715 1700 2776 1746 ut
2810 1690 2879 1745 ab
2906 1676 3029 1742 aliis
3058 1687 3307 1742 videatur
3331 1678 3528 1750 {sicut
3561 1682 3615 1737 in
3644 1681 3774 1737 died:

2220 1796 2529 1845 sanctorum
2581 1784 2808 1839 Patrum
2853 1779 3161 1836 continetur
3185 1818 3202 1844 ,
3232 1777 3488 1846 exceptis
3538 1774 3769 1840 inﬁrmis,

531 1854 697 1958 etiam
753 1895 975 1968 expedit
1004 1854 1066 1949 not
1116 1908 1177 1949 se
1225 1854 1524 1948 imitabiles
1561 1888 1773 1945 caeteris
1816 1854 2116 1956 praebeant,
2146 1899 2195 1960 Β
2221 1881 2418 1951 quibus
2446 1878 2503 1931 in
2533 1874 2788 1931 domibus
2818 1854 2872 1928 id
2894 1873 3071 1927 facere
3093 1885 3317 1927 necesse
3342 1878 3451 1924 est.
3486 1867 3619 1923 Nam
3649 1882 3773 1938 pres-

533 1999 803 2064 quatenus
839 1983 1393 2057 irreprehensibiliter
1415 1979 1648 2036 vivendo
1675 2019 1690 2045 ,
1721 1985 1776 2032 et
1805 1980 2118 2030 sanctarum

534 2060 800 2137 virtutum
826 2073 1075 2144 exempla
1096 2072 1410 2145 praebendo,
1443 2068 1674 2126 cmtibus
1701 2073 2014 2122 sanctarum
2044 2060 2121 2116 lea

536 2170 812 2228 minarum
851 2172 1163 2223 mereantur
1215 2162 1466 2220 adscisci.
1522 2159 1678 2229 Quod
1703 2159 1750 2214 si
1784 2156 2125 2229 negligenter

530 2258 795 2327 vixerint,
817 2267 873 2314 et
897 2257 983 2314 his
1001 2256 1200 2328 quibus
1226 2254 1367 2310 bene
1392 2250 1620 2307 vivendo
1642 2248 1900 2320 prodesse
1927 2244 2124 2301 debue-

538 2359 664 2409 rant
709 2349 955 2420 exemplo
1007 2363 1119 2404 suae
1175 2342 1561 2416 perversitatis‘
1604 2341 1841 2411 aliquam
1886 2335 2127 2394 laesionis

538 2446 809 2503 maculam
835 2439 1197 2514 ingesserint,
1227 2438 1383 2510 juxta
1408 2434 1624 2492 modum
1674 2432 2013 2505 prauuissum
2036 2427 2125 2498 ju-

538 2538 803 2603 dicentur,
818 2545 875 2592 et
892 2535 939 2591 si
960 2526 1386 2590 inemendabiles
1407 2526 1738 2591 exstiterint,
1760 2540 1791 2579 a
1818 2518 2125 2579 ministerio

540 2644 916 2703 amoveantur,
949 2633 1176 2702 aliteque
1203 2630 1260 2685 in
1296 2622 1417 2685 loca
1462 2642 1648 2683 earum
1685 2620 1980 2695 probabilis
1999 2620 2124 2677 vita:

540 2733 957 2791 constituantur.

1119 2792 1350 2853 CAPUT
1375 2790 1546 2849 XXV.

614 2909 846 2981 Expedit
876 2904 1168 2962 abbatissis
1194 2910 1255 2959 dt
1287 2905 1353 2959 de
1382 2898 1800 2971 congregatione
1829 2896 1932 2953 sibi
1972 2910 2127 2951 com-

546 3004 712 3062 missa
733 3002 869 3057 tales
888 2999 1094 3068 eligant
1120 2992 1318 3067 quibus
1347 2993 1604 3049 alimenta
1634 2987 2125 3047 sanctimonialium

545 3096 912 3161 committant,
939 3107 1058 3162 qua:
1085 3105 1191 3147 non
1222 3090 1328 3144 sint
1370 3085 1766 3143 criminatrices
1794 3124 1808 3150 ,
1841 3097 1949 3136 non
1975 3080 2127 3134 vino—

547 3190 728 3254 lentte,
762 3201 868 3241 non
906 3183 1145 3255 prodigae
1169 3223 1185 3248 ,
1220 3190 1277 3236 et
1311 3178 1524 3235 caneris
1556 3176 1813 3231 vitiorum
1860 3170 2127 3229 illecebris

547 3276 867 3349 mancipata:
889 3316 906 3342 ,
938 3274 1033 3330 sed
1061 3272 1234 3345 magis
1273 3285 1393 3343 quae
1414 3270 1538 3324 vitae
1568 3267 1678 3324 sint
1726 3262 2045 3337 probabilis,
2072 3267 2128 3317 et
2155 3276 2202 3342 ο

547 3366 936 3426 inviolabiliter
960 3370 1289 3434 congregata
1312 3366 1654 3424 conservent,
1701 3365 1755 3413 et
1781 3354 2014 3411 ﬁdeliter
2060 3366 2125 3407 ea

550 3472 713 3535 atque
749 3459 1031 3517 humiliter
1079 3452 1580 3512 sanctimonialibus
1618 3448 2040 3513 administrent,
2070 3452 2131 3500 ut

551 3554 618 3611 de
666 3552 811 3609 ﬁdeli
846 3545 1319 3606 administratione
1348 3562 1380 3601 a
1432 3546 1841 3600 remuneratore
1886 3537 2131 3594 omnium

550 3649 816 3706 bonorum
842 3644 952 3699 Deo
987 3639 1218 3697 ﬁdeliter
1246 3645 1681 3696 remunerentur.
1714 3635 1856 3707 Erga
1884 3631 2135 3701 hujusce-

550 3744 701 3802 modi
724 3757 853 3798 vero
880 3730 1256 3810 delinquentes
1281 3744 1336 3791 et
1362 3732 1738 3791 iuobedientes
1785 3728 1979 3786 modus
1998 3742 2136 3798 prac-

554 3836 755 3893 missus
773 3833 971 3890 obnixe
999 3828 1264 3887 tenendus
1284 3835 1386 3882 est.

1117 3937 1343 3997 CAPUT
1373 3934 1564 3991 XXVI.

625 4038 853 4111 Oportet
885 4030 957 4093 ad
996 4042 1208 4107 portam
1234 4028 1550 4087 monasterii
1611 4024 1732 4081 talis
1780 4020 2137 4079 constituatur

557 4110 1002 4194 sanctimonialis,
1039 4140 1160 4196 quae
1185 4128 1345 4177 aetate
1374 4130 1429 4176 et
1458 4133 1667 4174 morum
1710 4110 1980 4189 probitate
2030 4127 2135 4167 cte-

557 4219 690 4277 teris
714 4219 956 4275 emineat
982 4235 995 4270 :
1024 4222 1084 4270 ut
1113 4222 1288 4282 neque
1316 4220 1538 4281 propter
1563 4220 1919 4279 personarum
1949 4218 2140 4274 accep-

557 4310 782 4376 tionem,
830 4322 1007 4379 neque
1034 4312 1257 4376 propter
1297 4298 1524 4368 alicujus
1566 4297 1931 4353 adulationem
1958 4298 2049 4349 aut
2074 4291 2141 4345 ti-

558 4414 769 4457 morem
794 4406 950 4469 porta
977 4390 1299 4451 monasterii
1335 4389 1438 4445 nisi
1475 4389 1625 4445 boris
1672 4386 1887 4447 statutis
1932 4396 2143 4439 resere-

561 4498 669 4550 tur.
711 4492 846 4560 Quia
870 4488 975 4546 nisi
995 4482 1120 4544 talis
1142 4487 1211 4542 ad
1236 4495 1445 4557 portam
1477 4482 1770 4539 constituta
1811 4479 1993 4546 fuerit,
2026 4493 2141 4532 ma-

563 4600 728 4658 gnum
764 4580 954 4655 procul
983 4582 1146 4639 dubio
1173 4584 1227 4635 in
1259 4577 1600 4634 monasteriis
1634 4573 1951 4647 degentibus
1982 4578 2138 4644 pote-

2220 1973 2377 2045 byter
2425 1969 2712 2025 diaconum
2753 1968 2808 2021 et
2859 1964 3248 2021 subdiacbnum
3275 2003 3290 2028 ,
3321 1959 3421 2032 qui
3443 1961 3630 2031 utique
3668 1958 3773 2013 boni

2220 2067 2330 2124 sint
2354 2060 2671 2129 testimonii,
2724 2052 2794 2116 ob
2839 2056 3227 2115 detractionem
3283 2055 3563 2110 vitandam
3611 2064 3773 2108 secum

2220 2158 2440 2223 habeat,
2468 2170 2497 2210 a
2526 2154 2724 2226 quibus
2754 2150 2958 2209 scilicet
2982 2148 3235 2205 videatur
3264 2188 3281 2215 ,
3312 2152 3367 2203 et
3399 2159 3511 2202 sure
3539 2144 3775 2201 innocen-

2222 2250 2313 2306 tiae
2339 2251 2546 2307 bonum
2571 2243 2941 2305 testimonium
2982 2242 3325 2299 exhibentur.

2755 2374 2984 2435 CAPUT
3023 2372 3270 2433 XXVIII.
3474 2434 3479 2437 _

2293 2476 2431 2546 Quia
2456 2482 2768 2531 sanctarum
2821 2469 3228 2542 Scripturarum
3275 2467 3684 2525 auctoritatibus
3718 2466 3779 2523 li-

2223 2569 2389 2641 quido
2405 2568 2810 2624 demonstratur
2829 2563 2975 2635 quod
2995 2561 3341 2634 hospitalitas
3362 2560 3537 2616 modis
3554 2559 3778 2615 omnibs

2225 2663 2296 2719 sit
2327 2660 2618 2731 diligenda,
2658 2666 2714 2714 et
2749 2673 2841 2715 res
2884 2656 3130 2714 ecclesia:
3159 2656 3471 2712 oblationes
3524 2655 3630 2710 sint
3671 2653 3778 2708 ﬁde-

2225 2755 2359 2810 lium
2392 2792 2410 2820 ,
2437 2751 2614 2823 pretia
2640 2757 2992 2820 peccatorum
3016 2787 3033 2811 ,
3085 2746 3414 2819 patrimonia
3462 2757 3773 2818 pauperum;

2226 2828 2539 2917 quanquam
2579 2842 2647 2898 ad
2681 2848 2899 2913 portam
2928 2838 3245 2895 monasterii
3266 2837 3425 2894 locus
3456 2837 3579 2892 talis
3610 2838 3673 2893 sit
3693 2837 3779 2891 rite

2226 2936 2530 3003 habendus,
2560 2934 2615 2989 in
2643 2947 2752 3005 quo
2780 2932 3136 2988 adventantes
3171 2929 3374 3000 quique
3399 2929 3773 2999 suscipiantur;

2229 3036 2447 3103 oportet
2501 3036 2682 3083 tamen
2740 3034 2800 3082 ut
2831 3032 2988 3080 extra
3012 3063 3030 3090 ,
3052 3021 3209 3093 juxta
3245 3021 3543 3079 ecclesiam
3590 3020 3777 3083 scilicet.

2230 3123 2286 3177 in
2315 3138 2424 3193 qua
2462 3118 2767 3192 presbyteri
2819 3133 2945 3174 cum
2975 3115 3242 3173 ministris
3282 3115 3403 3171 suis
3445 3114 3673 3172 divinum
3698 3125 3778 3166 ex-

2229 3216 2383 3288 plent
2405 3213 2663 3280 cilicium,
2712 3210 2785 3268 sit
2826 3210 3098 3283 hospitale
3141 3224 3449 3281 pauperum
3475 3249 3501 3275 ι
3522 3208 3603 3264 cui
3642 3207 3781 3263 etiam

2231 3307 2418 3379 praesit
2450 3303 2576 3361 talis
2630 3303 2723 3374 qui
2750 3310 2807 3358 et
2848 3301 3137 3365 avaritiam
3166 3301 3349 3357 oderit
3392 3310 3452 3356 et
3479 3297 3787 3369 hospitalita-

2232 3408 2341 3456 tem
2383 3398 2593 3469 diligat.
2627 3396 2698 3452 Et
2734 3394 2981 3466 exceptis
3011 3394 3257 3451 decimis
3282 3408 3409 3465 qua
3454 3393 3525 3449 de
3564 3389 3789 3447 ωειωδ

2232 3489 2373 3545 villis
2396 3488 2602 3544 ibidem
2628 3486 2982 3544 conferuntur
3010 3525 3026 3553 ,
3063 3485 3143 3542 de'
3155 3483 3324 3540 rebus
3351 3480 3582 3540 ecclesia
3599 3516 3617 3546 ,
3637 3486 3789 3549 prout

2233 3581 2461 3638 facultas
2489 3581 2728 3653 suppetit
2756 3620 2772 3647 ,
2803 3580 2985 3636 eidem
3011 3579 3301 3652 deputetur
3347 3575 3635 3647 hospitali,
3658 3571 3788 3628 unde

2233 3690 2503 3748 pauperes
2545 3675 2747 3731 ibidem
2777 3681 3095 3730 recreentur
3122 3713 3139 3740 ,
3191 3680 3255 3729 et,
3293 3669 3603 3728 foveantur.
3628 3666 3786 3724 Sedet

2236 3771 2304 3826 de
2322 3768 2689 3825 oblationibus
2708 3782 2828 3838 quae
2858 3766 3109 3824 ﬁdelibus
3145 3762 3655 3821 sanctimoniam
3668 3756 3789 3814 dele-

2236 3869 2432 3917 runtur
2466 3898 2488 3926 ,
2515 3860 2741 3916 decima:
2767 3860 2975 3915 dentur‘
2996 3857 3065 3913 ad
3103 3854 3424 3913 eorundem
3465 3850 3787 3910 mntio-

2236 3969 2363 4010 nem
2385 3967 2707 4025 pauperum.
2744 3951 2797 4008 ls
2819 3966 3056 4022 namque
3087 3950 3176 4007 cui
3214 3948 3495 4019 hospitale
3538 3940 3791 4003 committi-

2241 4054 2331 4103 tur
2359 4087 2375 4113 ,
2407 4060 2753 4117 nequaquam
2783 4058 2874 4101 res
2895 4059 3195 4115 pauperum
3216 4043 3273 4097 in
3298 4057 3433 4097 suos
3480 4052 3604 4097 nats
3638 4044 3791 4092 retor-

2240 4146 2427 4211 queat,
2454 4153 2525 4193 ne
2549 4153 2671 4195 cum
2697 4134 2834 4193 Juda
2874 4135 3076 4191 loculos
3118 4134 3333 4190 Domini
3358 4131 3586 4188 iurene
3608 4135 3789 4186 sauh-

2239 4233 2373 4291 tiam
2394 4229 2756 4288 damnationis
2778 4226 3035 4298 excipiat.
3065 4224 3151 4281 Sit
3176 4224 3341 4280 etiam
3362 4223 3517 4277 intra
3558 4227 3791 4276 manu»

2239 4326 2385 4381 rium
2433 4321 2837 4393 receptaculum
2889 4320 2985 4376 ubi
3030 4320 3209 4377 vidua!
3230 4325 3290 4373 et
3334 4312 3792 4388 pauperatu—

2239 4418 2522 4473 tummodo
2563 4414 2897 4484 recipiantur
2918 4420 2976 4469 et
3003 4412 3253 4477 alantur;
3286 4418 3344 4465 et
3371 4408 3420 4465 si
3458 4420 3581 4464 non
3612 4407 3799 4476 ιιι-Ι

2242 4510 2350 4568 alio
2374 4551 2390 4577 ,
2421 4509 2615 4566 saltem
2641 4507 3083 4578 Quadragesimte
3107 4514 3354 4574 tempore
3381 4541 3398 4568 ,
3433 4493 3795 4557 sanctimoni-

2246 4603 2344 4668 les,
2399 4600 2615 4656 Domini
2674 4599 2961 4669 implentes
3002 4603 3352 4669 praeceptum,
3402 4604 3608 4649 earu-
3653 4590 3800 4645 iam!

564 4679 639 4736 rlt
682 4672 1338 4767 provenire.periculum.
1378 4669 1531 4738 Quod
1590 4668 1636 4724 si
1687 4642 1913 4736 alicujus
1967 4642 2130 4737 gratia

2244 4643 2429 4767 pedes,
2449 4694 2603 4764 juxta
2627 4642 2802 4747 illudr:
2831 4642 3359 4762 Si

564 4777 755 4827 contra
781 4769 919 4823 hanc
961 4753 1357 4822 institutionem
1406 4759 1583 4816 facere
1614 4758 1901 4813 tentaverit
1929 4798 1943 4824 ,
1970 4765 2024 4812 et
2047 4757 2143 4812 ad-

564 4862 769 4919 monita
789 4876 899 4917 non
925 4872 984 4916 se
1006 4856 1304 4915 correxerit
1332 4896 1347 4922 ,
1376 4854 1536 4925 digna
1564 4852 2145 4925 invectionecorrepta

566 4952 872 5013 ministerio
898 4932 1236 5008 amoveatur.

964 5146 969 5151 ί
1094 5061 1343 5149 caper
1386 5058 1598 5115 xxvu.

637 5149 978 5229 Presbyteris
1005 5155 1098 5227 qui
1126 5154 1182 5208 in
1228 5150 1573 5209 monasteriis
1598 5150 1929 5221 puellaribus
1958 5149 2150 5205 missa-

571 5267 694 5307 rum
715 5248 977 5305 solemnia
1006 5246 1283 5301 celebrare
1318 5245 1536 5307 debent,
1569 5251 1724 5297 extra
1753 5243 2151 5301 monasterium

479 5359 483 5365 '
571 5343 645 5400 sit
668 5341 821 5399 locus
836 5347 892 5395 et
923 5339 1154 5394 ecclesia
1175 5338 1267 5393 ubi
1302 5353 1427 5392 cum
1456 5337 1727 5392 ministris
1752 5337 1865 5392 suis
1900 5336 2151 5392 habitent

571 5441 628 5490 et
655 5432 852 5490 divina:
877 5424 1152 5487 servitutis
1180 5426 1497 5498 obsequium
1521 5427 1775 5497 expleant
1799 5445 1811 5480 :
1838 5435 1893 5482 et
1909 5442 2015 5483 non
2043 5428 2151 5483 nisi

647 5582 680 5613 ι
711 5569 793 5623 Ad
828 5567 1127 5626 Sichcrium
1160 5565 1622 5636 archiepiscopum.
1681 5562 1839 5636 Missa
1869 5568 1997 5636 sunt
2028 5577 2157 5618 con-

576 5641 691 5699 cilii
710 5634 1501 5721 Aquisgrauensisexemplaria
1522 5636 1575 5690 in
1588 5634 1829 5718 singulas
1845 5634 2155 5716 provincias

580 5727 704 5769 cum
719 5705 941 5781 epistola
964 5708 1305 5781 imperatoris
1331 5705 1398 5781 ad
1413 5705 1833 5781 uniuscujusque
1861 5705 2156 5781 provinciae

581 5774 1084 5859 metropolitanum:
1104 5777 1242 5859 Hinc
1262 5776 1485 5859 epistola
1493 5774 1649 5859 rum,
1669 5774 1805 5859 quae
1834 5774 2038 5857 passim
2063 5791 2157 5859 oe-

588 5844 835 5916 currunt,
866 5846 1006 5903 tituli
1033 5846 1255 5901 diversi.
1297 5844 1359 5900 In
1386 5847 1684 5916 exemplari
1701 5844 1902 5903 ’nost'ro
1936 5844 2061 5917 quia
2099 5846 2155 5902 in

2248 4787 2353 4843 lavi
2378 4786 2517 4841 vobis
2541 4784 2717 4856 pedes,
2751 4793 2951 4856 quanto
2977 4784 3146 4855 magis
3174 4799 3261 4838 eos
3287 4779 3493 4836 deberit
3526 4776 3664 4834 dtu
3693 4772 3804 4827 1⁸⁸³

2249 4878 2360 4933 rius
2395 4875 2577 4932 lauare
2595 4875 2749 4947 pedes
2785 4873 2970 4947 (Joan.
3000 4872 3163 4944 xm)!

2640 4984 2973 5041 EPISTOLA
3009 4972 3331 5041 LUDOVICI
3358 4976 3445 5034 ΡΠ

2323 5094 2348 5123 ⁸
2381 5096 2451 5136 AD
2477 5094 2763 5137 SICRARIUI
2796 5088 3245 5135 ARCHIEPISCOPUI
3280 5076 3746 5129 ηκοιωιιιιεειι

2253 5190 2414 5250 Mittit
2442 5191 2731 5265 exemplum
2762 5197 3096 5265 statutorunt
3107 5178 3322 5265 concilii
3356 5176 3808 5265 Aqttisgruneusif.

2322 5246 2845 5334 utet—thinprovincia
2869 5272 2969 5316 sua
3019 5260 3300 5331 diligenter
3325 5246 3619 5310 traiicefiln‘
3666 5257 3713 5304 et
3737 5246 3815 5301 οδ-

2322 5337 2519 5392 servari
2546 5335 2729 5405 faciat.

2324 5427 2632 5485 Ludovicus
2657 5424 2840 5482 divina
2865 5422 3152 5481 ordinante
3174 5416 3515 5493 providentia
3536 5415 3821 5485 imperatu!

2259 5540 2602 5631 Aquitaniam
2639 5554 2935 5631 secundum
2973 5554 3199 5631 missum
3221 5548 3345 5631 fuit,
3384 5540 3825 5631 nomeui'est

2258 5622 2432 5689 charii
2451 5630 2843 5700 archiepiscopi
2864 5628 3282 5700 Burdigalensis,
3296 5622 3355 5681 in
3373 5622 3827 5696 Αηιὶεείοάοηῼη

2262 5686 2453 5758 nomen
2470 5686 2653 5770 Magni
2674 5686 2957 5756 Senonieas
2980 5686 3152 5770 uti-ubis,
3178 5686 3297 5769 quae
3326 5703 3482 5770 caput
3501 5700 3601 5770 est
3625 5686 3829 5770 proviu:

2262 5773 2359 5829 cite
2382 5772 2524 5827 illius
2555 5760 2966 5841 archiepiscopi.
3000 5760 3673 5839 Omnes'porro'ejusdetit
3719 5760 3833 5816 seu

2266 5841 2586 5915 argumenti.
2634 5835 2757 5897 Jac:
2801 5835 2957 5899 Stult.
3220 5835 3239 5839 “
3448 5835 3456 5837 ἡ
3832 5835 3837 5838 ’
