3978 6454
213 368 308 431 985

482 361 813 420 AMALARII
847 359 1283 420 PRESBYTER!
1321 361 1664 420 METENSIS
1699 363 1790 421 DE
1826 363 2106 424 ECCLES.
2148 365 2234 423 OF
2239 366 2436 425 FlCllS
2470 368 2650 426 LIBRI
2685 369 2774 428 IV.
2815 399 2886 411 —
2923 369 3152 426 PRAEF.

3331 371 3444 434 986.

243 501 314 542 ne
335 483 546 540 caeteris
571 496 689 538 sese
717 481 1216 539 sanctimonialibus
1243 483 1506 538 canonice
1535 480 1772 536 viventi-
1800 487 1853 544 Α
1877 485 1979 556 sim
2008 493 2132 539 sunt
2159 482 2379 556 collegia
2413 484 2951 556 canonicorum,"qui
2978 487 3031 542 in
3058 488 3445 545 sanctimonia-

243 572 302 613 us
327 569 664 625 aggressus.

272 623 417 682 Cuf
455 623 572 679 XX.
603 623 670 678 In
690 642 872 681 earum
910 627 1176 682 claustris.
1231 623 1304 680 Ut
1351 623 1625 690 canonici,
1694 630 1774 686 sic

207 705 260 756 et
292 694 724 752 sanctimoniales
752 700 1008 754 canonice
1038 697 1280 750 viventes
1325 709 1422 748 sua
1453 696 1580 749 olim
1628 700 1776 754 clau-

206 778 312 825 stra
342 766 762 838 circumquaque
790 771 960 824 muris
991 776 1162 838 septa.
1190 767 1426 833 itemque
1456 767 1774 825 dormitoria

205 855 266 895 ac
287 835 571 892 reiectoria
617 841 921 893 communia
958 835 1264 894 habuerunt
1294 854 1306 888 :
1337 851 1564 903 quorum
1609 841 1776 894 vesti—

239 910 282 962 ia
330 906 599 976 plerisque
656 907 710 962 in
765 909 898 964 locis
945 911 1238 966 etiamnum
1290 917 1598 974 supersunt.
1639 910 1776 966 Huic

237 977 496 1046 isciplinze
524 978 576 1030 in
605 992 758 1032 usum
790 979 1139 1043 revocandm,
1191 977 1644 1033 excellentissima
1679 980 1778 1034 he-

203 1048 348 1103 roina
384 1047 448 1100 D.
487 1047 774 1114 Margarita
817 1051 882 1104 de
910 1050 1116 1110 Lalain.
1169 1048 1442 1103 comitissa
1475 1048 1540 1102 de
1570 1048 1775 1104 Berlai-

201 1120 556 1190 mont,iannis
583 1121 949 1190 superioribus
976 1120 1183 1190 illustre
1216 1119 1475 1190 nobilium
1500 1121 1773 1189 virginum

201 1189 598 1260 canonicarum,
621 1189 720 1244 sub
749 1189 949 1260 Regula
983 1189 1038 1244 S.
1079 1189 1364 1260 Augustini
1402 1189 1771 1260 militantium,

201 1258 526 1319 coenobium,
555 1259 608 1312 in
635 1261 767 1314 urbe
791 1258 1150 1320 Bruxellensi.
1174 1258 1252 1313 _de
1282 1274 1379 1314 suo
1403 1275 1432 1312 a
1458 1259 1777 1314 fundamen-

201 1329 267 1382 tis
325 1328 581 1400 excitavit
641 1345 705 1384 ac
769 1330 1012 1397 dolavit,
1072 1329 1294 1385 Urbano
1348 1329 1461 1385 Vill
1517 1331 1775 1400 pontiﬁce

200 1398 433 1452 maximo
455 1399 806 1466 approbante.

264 1468 390 1522 CAP.
410 1467 570 1542 Xa".
605 1468 806 1524 Puella:
839 1489 956 1542 qua:
984 1471 1038 1542 in
1063 1470 1384 1542 monasterio
1430 1471 1768 1542 erudiuntur.

195 1537 388 1592 Lector
465 1540 748 1606 observet,
823 1537 879 1596 in
957 1540 1209 1596 claustris
1284 1539 1775 1596 sanctimonialium

196 1608 454 1679 canonice
504 1610 798 1664 viventium
853 1612 1068 1667 scholas
1122 1611 1285 1664 etiam
1339 1609 1638 1679 puellarum
1689 1611 1772 1665 vi-

193 1678 391 1750 guisse.
428 1679 579 1745 Quod
610 1681 755 1750 pium
784 1681 1086 1736 institutum
1115 1695 1238 1735 cum
1269 1678 1424 1734 laude
1452 1681 1776 1736 :emulantur

192 1749 469 1822 canonica:
499 1749 707 1822 nobiles
735 1749 1021 1818 Bruxellis,
1048 1766 1184 1822 quas
1208 1766 1239 1804 a
1267 1750 1547 1806 comitissa
1568 1750 1774 1807 Berlaiv

191 1819 398 1872 montia
421 1817 671 1874 fundatas
691 1820 802 1886 jam
829 1823 960 1876 dixi.

220 1887 391 1966 "Cres.
631 1889 831 1966 Quales
875 1893 979 1946 sint
1026 1892 1345 1966 prquositle“
1369 1893 1767 1966 constituenda.

190 1955 432 2038 Nivellis,
459 1959 730 2038 melbodii,
771 1955 1040 2038 Thorzeei
1066 1955 1192 2017 alibi
1225 1963 1487 2038 hodieque
1515 1965 1654 2017 inter
1679 1979 1770 2038 ca-

191 2030 419 2148 m);ch
439 2030 615 2099 prima
644 2040 766 2099 post
794 2032 1116 2089 abbatialem
1143 2042 1226 2089 est
1251 2030 1486 2103 dignitas
1513 2034 1768 2102 praeposi-

216 2111 350 2151 urau

259 2165 389 2220 CAP.
663 2168 986 2242 Presbyteris
1013 2182 1164 2227 extra
1205 2173 1579 2226 monasterium
1612 2171 1764 2242 puel-

191 2234 379 2292 larum.
434 2238 670 2306 Nivellis,
723 2234 990 2298 Montibus
1031 2242 1326 2298 Hannoniae
1369 2253 1423 2297 et
1467 2234 1765 2314 alibi'pas-

1875 555 2006 609 lium
2032 555 2289 610 canonice
2310 557 2600 612 viventium
2631 557 2844 626 templis
2864 555 3150 613 missarum
3182 559 3445 619 solemnia

1872 641 1953 700 ex
1968 626 2156 680 ordine
2182 626 2486 700 celebrant;
2523 635 2577 681 et
2612 628 2814 700 habent
2850 628 3143 700 ii_insnper
3174 645 3270 684 sua
3313 646 3442 700 pro-

1871 695 1990 767 pria
2031 712 2094 750 ac
2140 696 2432 764 peculiaria
2467 697 2695 766 templa,
2728 698 2781 752 in
2809 698 3006 766 quibus
3037 695 3199 754 horas
3225 695 3447 758 canoni-

1872 781 1966 822 cas
1990 775 2230 828 cantant.
2254 776 2309 820 et
2338 767 2442 820 alia
2471 783 2624 821 sacra
2659 767 2840 822 munia
2869 769 3091 823 obeunt.
3287 825 3291 830 ,

1942 835 2180 906 Epistola
2246 835 2500 891 Ludovici
2565 835 2672 891 Pii.
2740 838 3139 892 lnstitutionum
3191 856 3286 895 seu
3341 841 3448 897 Re-

1872 905 2149 977 gularum,
2203 907 2476 977 canonicis
2531 916 2588 963 et
2633 909 3130 964 sanctimonialibus
3186 913 3447 968 canonice

1871 976 2214 1049 viventibus,
2283 993 2313 1030 a
2377 976 2628 1049 Patribus
2685 979 3446 1049 conciliirAquisgranensis,

1873 1061 2021 1118 anno
2063 1045 2167 1118 8l6
2213 1047 2677 1118 praescriptarum,
2728 1045 3056 1117 exemplaria
3108 1045 3161 1102 in
3212 1045 3450 1118 singulas

1872 1117 2216 1188 provincias,
2269 1132 2391 1171 cum
2441 1117 2698 1174 Ludovici
2746 1118 2826 1172 Pii
2878 1120 3008 1188 imp.
3059 1117 3328 1188 epistola,
3381 1121 3450 1176 ad

1873 1186 2297 1256 uniuscujusque
2322 1189 2618 1256 provincia:
2660 1186 3157 1258 metropolitanum,
3182 1199 3243 1243 ut
3275 1191 3452 1244 omni-

1871 1258 1973 1313 bus
1996 1258 2418 1321 innotescerent,
2463 1259 2628 1313 missa
2663 1259 2899 1314 luerunt.
2935 1258 3072 1314 Hinc
3099 1260 3446 1328 epistolarum

1873 1342 1993 1397 qua:
2044 1329 2100 1381 in
2149 1328 2533 1398 manuscriptis
2592 1330 2871 1384 codicibus
2919 1339 3253 1395 occurrunt,
3311 1331 3449 1385 tituli

1874 1398 2260 1469 suntdiversi:
2283 1398 2339 1452 ln
2367 1399 2682 1469 exemplari,
2733 1416 2840 1469 quo
2866 1401 3097 1455 Jacobus
3131 1399 3450 1456 Sirmondns

1875 1469 1929 1524 in
1957 1468 2194 1522 editione
2225 1467 2585 1524 Conciliorum
2613 1467 2798 1525 Galliae
2821 1487 2952 1525 usus
2979 1479 3081 1534 est,
3110 1485 3305 1524 nomen
3349 1472 3448 1524 ha-

1873 1539 2034 1610 betur
2062 1537 2292 1594 Sicharii
2335 1539 2728 1610 archiepiscopi
2758 1541 3192 1610 Burdegalensis,
3241 1541 3367 1610 quia
3398 1541 3452 1594 in

1873 1608 2222 1678 Aquitaniam
2263 1611 2554 1664 secundam
2581 1626 2612 1663 a
2650 1608 2920 1666 Ludovico
2942 1608 3048 1665 Pio
3073 1608 3296 1665 missum
3329 1609 3450 1663 fuit.

1873 1679 1931 1734 ln
1955 1679 2412 1734 Antissiodorensi
2428 1681 2612 1736 codice
2632 1695 2828 1736 nomen
2854 1690 2939 1736 est
2971 1681 3149 1748 Magni
3177 1679 3456 1734 Senoncn-

1877 1751 1955 1805 sis
1987 1750 2413 1821 archiepiscopi;
2444 1767 2563 1820 qua:
2593 1753 2722 1806 urbs
2758 1760 2922 1821 caput
2949 1759 3034 1806 est
3066 1751 3209 1805 illius
3236 1751 3454 1820 provin-

1799 1832 1846 1890 Β
1876 1821 1992 1875 cite.
2042 1820 2100 1874 ln
2146 1819 2338 1875 codice
2374 1819 2579 1876 Nicolai
2629 1821 2790 1876 Fabri
2825 1819 3165 1876 iParisiensis
3210 1819 3309 1889 (ex
3346 1835 3455 1890 quo

1872 1890 2101 1945 Luteti:e
2130 1906 2269 1944 anno
2297 1891 2435 1944 1610
2479 1891 2740 1961 Regulam
2771 1890 3258 1946 sanctimonialium
3292 1906 3456 1961 cano-
3556 1955 3558 1957 g

1872 1962 1993 2016 nice
2014 1961 2310 2014 viventium
2339 1960 2746 2016 describendam
2777 1962 2959 2016 curavi
2989 1961 3006 2030 )
3042 1976 3242 2014 nomen
3261 1960 3452 2030 ihabe-

1872 2039 1962 2084 tur
2009 2030 2683 2101 Arnonisarchiepiscopi
2737 2029 3183 2101 Salisburgensis.
3245 2029 3446 2101 Omnes

1765 2148 1770 2154 .
1869 2116 2031 2172 porro
2089 2098 2325 2169 epistolae
2377 2098 2646 2168 ejusdem_
2678 2109 2804 2172 sunt
2847 2098 3189 2172 argumenti,
3237 2099 3453 2172 tametsi

1869 2169 2150 2241 quaedam,
2193 2179 2352 2240 prout
2391 2186 2479 2227 res
2518 2171 2797 2243 poscebat,
2845 2169 3167 2243 in'sing‘ulis
3211 2170 3318 2224 sint
3361 2169 3448 2224 di-

1867 2256 2047 2298 versa.
2824 2267 2826 2270 '

196 2373 3448 2414 ww

812 2511 1774 2628 SYMPHOSI]

1885 2499 2844 2649 ᾼΜΔΕΔΒῙῙ

345 2660 415 2716 ίῖκ

1076 2702 1420 2760 METENSIS
1453 2701 1889 2759 PRESBYTER!
1927 2655 2016 2758 ii-T
2055 2701 2551 2760 CHOREPISCOPI

303 2797 520 3023 ’iut
625 2864 1533 3027 ECGLESIASTICIS
1643 2863 2147 3020 0l‘l‘IGIIS
2253 2866 2574 3020 LIBRI
2680 2853 3281 3044 QUM‘UM’

840 3079 978 3212 ἈΒ
1038 3124 1650 3210 LUDOVICUM
1713 3121 1980 3201 PIUM
2039 3124 2805 3208 IMPERATOBEM.

2770 3182 2885 3266 γ

1588 3257 1740 3323 (Bibl.
1761 3261 1861 3308 vet.
1884 3256 2048 3322 Patr.)

1214 3467 1447 3544 AMA
1459 3465 1781 3541 LARII
1850 3466 2454 3544 PREFATIO.

262 3715 662 3773 Gloriosissime
688 3715 1014 3786 imperator,
1055 3719 1111 3768 et
1151 3710 1685 3784 magniﬁcentissime
1717 3724 1782 3766 ac
1807 3713 1852 3776 C
1885 3710 2260 3767 desiderabam
2299 3711 2454 3784 longa
2486 3713 2664 3768 esurie
2701 3711 2920 3779 avidus,
2958 3727 3064 3768 non
3094 3711 3308 3772 frenum
3334 3729 3458 3786 pas-

191 3806 396 3862 centies
411 3805 785 3872 invictissime,
803 3821 833 3860 a
848 3804 960 3859 Deo
973 3811 1254 3868 coronate,
1268 3817 1476 3858 necnon
1490 3811 1544 3857 et
1563 3817 1776 3858 conser-

188 3907 312 3954 vate
336 3907 502 3969 atque
529 3895 1151 3954 conservande?Servus
1183 3911 1282 3966 ego
1308 3903 1508 3960 vester,
1529 3895 1775 3965 quamvis

189 3991 448 4048 minimus
470 3992 734 4057 omnium,
758 3988 1036 4044 afﬁciebar
1053 3987 1181 4042 olim
1205 3985 1490 4052 desiderio,
1509 3987 1774 4042 utscirem

191 4083 456 4139 rationem
479 4083 713 4154 aliquam
731 4083 796 4137 de
811 4081 1001 4137 ordine
1026 4088 1223 4135 nostrae
1243 4079 1442 4144 missae,
1469 4095 1628 4148 quam
1655 4094 1777 4134 cono

193 4185 343 4230 sueto
361 4191 514 4230 more
540 4174 896 4239 celebramus,
920 4181 976 4226 et
997 4171 1226 4242 amplius
1241 4186 1307 4225 ex
1335 4170 1776 4238 diversitatequae

193 4268 328 4322 solet
351 4268 469 4323 ﬁeri
486 4267 539 4322 in
556 4282 640 4331 ea,
658 4267 761 4320 hoc
772 4273 874 4330 est,
889 4265 1032 4334 quod
1049 4263 1334 4332 aliquoties
1347 4278 1451 4316 una
1465 4262 1691 4331 epistola
1705 4261 1776 4315 Ie-

195 4361 358 4429 gitur,
391 4359 680 4431 aliquoties
698 4358 814 4412 dum
837 4366 894 4413 et
914 4364 1108 4411 caetera
1131 4355 1278 4419 talia,
1305 4354 1574 4424 simulque
1589 4355 1655 4409 de
1676 4369 1778 4409 cae-

197 4451 323 4506 teris
344 4451 562 4508 ol‘ﬁciis.
579 4449 857 4506 Przeterita
879 4447 1125 4520 proxima
1145 4454 1329 4503 aestate
1344 4445 1624 4501 videbatur
1643 4446 1777 4500 mihi

198 4543 345 4609 quasi
396 4544 451 4598 in
498 4550 686 4613 crypta
731 4542 910 4612 posito
940 4539 1278 4595 fenestratim
1323 4538 1461 4594 lucis
1511 4539 1776 4594 scintillas

199 4633 405 4690 radiare
431 4649 606 4706 usque
643 4634 713 4690 ad
752 4642 990 4690 nostram
1038 4635 1361 4704 parvitatem
1410 4631 1477 4687 de
1514 4647 1574 4688 re
1613 4648 1776 4704 quam

264 4821 290 4848 ι
318 4808 595 4868 Hactenus
621 4810 745 4865 libri
784 4811 873 4865 isti
902 4809 969 4864 de
1000 4809 1382 4866 ecclesiasticis
1411 4811 1612 4866 Olliciis
1637 4819 1696 4864 ut
1723 4821 1778 4866 et

199 4874 326 4950 liber
350 4881 418 4938 de
447 4883 654 4939 Ordine
691 4881 1068 4949 Antiphonarii
1116 4889 1395 4935 auctorem
1426 4882 1777 4950 praetulerunt

199 4945 527 5020 Amalarium
580 4945 934 5006 Fortunatnni
985 4950 1292 5020 episcopum
1353 4945 1772 5020 Trevirensem;

201 5018 286 5092 §ed
308 5033 428 5091 post.
449 5024 829 5078 auctoritatem
877 5018 1044 5092 ipsius
1077 5019 1336 5092 Amalarii
1367 5021 1419 5074 in
1444 5019 1670 5092 prologo
1710 5020 1773 5092 li:

1878 3821 1969 3861 sus
2016 3821 2134 3860 sum
2170 3805 2384 3860 timoris
2427 3806 2655 3876 alicujus
2694 3805 2972 3875 magistri,
3023 3805 3116 3861 sed
3153 3804 3298 3862 illico
3335 3821 3457 3864 meo

1877 3897 2083 3968 gratias
2131 3912 2298 3968 agens
2327 3898 2457 3963 Deo,
2490 3898 2683 3968 scripsi
2722 3897 2863 3967 quod
2913 3897 3076 3953 sensi.
3117 3897 3322 3954 Deinde
3349 3907 3456 3954 tra-

1877 3996 2030 4045 ctare
2058 3989 2198 4060 εαξρὶ
2226 3988 2310 4044 cui
2354 3989 2656 4059 sapientum
2697 3989 3033 4061 porrigerem
3072 4005 3136 4046 ea
3180 4005 3299 4061 quze
3324 3991 3452 4046 scri-

1875 4081 1979 4150 psi,
2008 4089 2069 4135 ut
2097 4081 2214 4151 ejus
2235 4081 2561 4135 auctoritate
2587 4087 2960 4136 statuerentur
2980 4096 3042 4135 ea
3064 4097 3184 4150 quae
3206 4081 3456 4136 ordinate

1875 4180 2003 4228 sunt
2027 4172 2245 4243 scripta,
2281 4187 2375 4227 seu
2404 4172 2808 4241 corrigerentur
2841 4186 2960 4240 qure
2989 4171 3314 4226 inordinate.
3353 4172 3450 4226 Ve-

1877 4265 1959 4317 nit
1983 4263 2038 4317 in
2061 4272 2296 4318 mentem
2327 4264 2470 4318 inter
2503 4278 2692 4319 omnes
2717 4263 2988 4332 spiritales
3019 4272 3228 4318 mentes
3267 4264 3319 4317 in
3357 4265 3457 4318 hoc

1879 4355 2075 4410 saaculo
2110 4357 2382 4426 degentes,
2431 4363 2670 4410 vestram
2701 4355 3045 4424 potissimum
3092 4355 3314 4425 pollere,
3365 4357 3454 4411 cui

1879 4446 2020 4502 inest
2060 4445 2295 4502 charitas
2322 4446 2440 4501 sine
2463 4445 2652 4510 livore,
2692 4445 2956 4514 sapientia
2997 4446 3114 4502 sine
3144 4445 3458 4517 praajudicio

1878 4537 2117 4592 scientiae
2163 4553 2282 4607 quae
2330 4535 2500 4603 inﬂat,
2553 4536 2830 4592 humilitas
2880 4552 3003 4592 cum
3060 4537 3282 4608 pietate,
3333 4554 3453 4609 qua:

1878 4628 2008 4684 nulli
2049 4629 2359 4685 rectitudini
2409 4629 2634 4696 resistit,
2681 4645 2802 4702 qua:
2826 4644 2925 4686 vos
2965 4629 3205 4700 quotidie
3253 4631 3458 4687 exaltat

1878 4804 2048 4872 Quem
2099 4805 2298 4860 librum
2353 4803 2662 4858 Amalarius
2707 4803 2967 4864 diaconus
3015 4819 3082 4857 ao
3128 4811 3456 4871 imperatore

1871 4875 2080 4944 jussus,
2112 4874 2324 4942 collegit
2351 4890 2415 4927 ex
2443 4873 2678 4944 diversis
2707 4873 2986 4944 doctorum
3020 4872 3324 4944 sententiis.
3358 4872 3454 4926 De-

1878 4939 1954 4998 dit
1984 4944 2032 4998 ei
2065 4939 2358 5014 imperator
2387 4942 2593 5014 copiam
2626 4939 2884 4994 librorum
2915 4941 2982 4994 de
3009 4939 3210 5011 palatio
3250 4955 3368 5004 suo,
3401 4948 3460 4994 ut

1879 5029 1947 5068 ex
1979 5014 2110 5084 ipsis
2142 5011 2205 5067 ea
2242 5027 2363 5084 qttze
2394 5011 2707 5084 viderentur
2741 5026 2990 5084 congrua
3018 5018 3458 5084 excerperet,_et

202 5067 1772 5162 ῥὶῖξὶιῖζ’ὄὲῖιῖίἰἶὲ’’Ᾰῖἰῐῖριιῖιῖεὶῐῖί,”ἑὶίίᾹῊ‹ξὶηΞὶί’ἶ’ἶιῆᾇῗιξιοὶίί
1799 5067 1852 5126 1)
1879 5067 1954 5162 ita
1994 5067 2115 5162 ξυιή
2161 5067 2390 5162 decretis
2431 5080 2804 5162 episcopatum
2845 5067 2936 5162 ξιυί
2967 5067 3053 5162 illi
3089 5067 3308 5162 τυρῖηιηι
3339 5067 3448 5162 vita.

203 5153 256 5234 β.
284 5160 541 5232 Eparchii
583 5153 1005 5234 Engolismensis
1047 5153 1102 5216 in
1153 5159 1445 5234 Chronico,
1488 5159 1774 5234 nulla‘t‘ere

198 5231 300 5300 Em
332 5231 426 5290 est
475 5236 616 5289 inter
666 5231 851 5288 doctos
900 5231 1266 5300 controversia
1318 5231 1447 5300 quin
1495 5231 1775 5286 Amalario

206 5295 422 5360 Metensi
461 5306 692 5359 diacono
727 5303 889 5358 tribui
921 5301 1168 5358 debeant.
1211 5295 1386 5357 Verba
1433 5301 1602 5371 ipsius
1631 5302 1776 5356 Ade-

206 5371 358 5444 lnarii
413 5375 532 5430 haec
579 5385 702 5429 sunt
732 5393 742 5427 :
774 5393 792 5424 ι
825 5373 1150 5444 Aquisgrani
1184 5373 1369 5427 habito
1408 5372 1641 5444 concilio
1670 5371 1777 5426 Lu-

211 5437 424 5516 dovicus
453 5448 748 5516 imperator
775 5437 915 5516 anno
946 5437 1165 5516 imperii
1183 5444 1265 5516 s_ui
1295 5443 1475 5516 tertio,
1502 5443 1570 5496 ab
1595 5442 1777 5516 incar-

210 5511 418 5570 natione
456 5511 670 5572 Domini
699 5514 824 5580 816,
858 5511 1035 5584 jussit'
1053 5513 1168 5568 ﬁeri
1199 5513 1459 5583 Regulam
1501 5512 1778 5584 canonicis

213 5589 517 5654 excerptam
547 5587 613 5640 de
639 5582 871 5640 diversis
892 5584 1113 5638 Patrum
1157 5582 1458 5653 scripturis,
1511 5582 1778 5639 decrevit-

214 5660 312 5730 que
335 5657 883 5730 eamobservandam
917 5670 948 5708 a
973 5655 1287 5730 canonicis;
1319 5657 1389 5730 ut
1418 5655 1558 5730 sicut
1591 5669 1778 5730 mona-

217 5717 637 5797 chi.respiciunt
668 5727 735 5782 ad
771 5725 966 5780 librum
1006 5724 1224 5797 Regulae
1255 5723 1314 5797 S.
1353 5723 1646 5797 Benedicti,
1699 5725 1780 5781 sic

215 5789 489 5867 berlegaitt
510 5798 756 5855 canonici
796 5797 939 5854 inter
969 5811 1028 5852 se
1046 5789 1244 5853 librum
1271 5795 1407 5854 Vim
1425 5795 1777 5854 clericorum.

1879 5153 2199 5208 clericorum
2227 5154 2480 5207 roborata
2517 5161 2616 5206 est.
2659 5151 2885 5222 Scripsit
2932 5153 3106 5222 eidem
3138 5151 3454 5222 imperatori

1878 5221 2555 5295 supradictusAmalarius
2598 5221 2796 5295 librum
2820 5225 2885 5278 de
2921 5221 3122 5295 Oﬁiciis
3152 5221 3368 5295 divinis,
3402 5229 3460 5276 et

1879 5292 1958 5349 de
2000 5293 2352 5348 varietatibus
2405 5309 2617 5359 eorum,
2666 5303 2722 5348 et
2770 5294 2836 5347 de
2880 5292 3070 5348 ordine
3123 5293 3455 5362 psalmorum

1872 5363 2029 5432 juxta
2067 5364 2386 5420 clericorum
2427 5379 2584 5420 usum
2627 5363 2928 5431 antiquum.
2968 5383 2985 5416 ι
3029 5362 3196 5418 Ροιϊο
3240 5378 3344 5417 non
3373 5370 3458 5416 est

1881 5436 2124 5500 dubium,
2151 5436 2348 5492 librum
2389 5436 2456 5491 de
2494 5433 2690 5490 divinis
2721 5432 2921 5489 Oﬂiciis
2951 5435 3020 5487 ab
3055 5434 3321 5488 Ademaro
3353 5433 3454 5488 dici

1883 5507 2054 5562 libros
2078 5518 2309 5577 quatuor
2334 5521 2469 5575 quos
2504 5505 2570 5558 de
2608 5504 3085 5577 ecclesiasticotut
3118 5503 3339 5577 inscribi
3375 5519 3459 5558 so-

1884 5578 2021 5646 lent,
2049 5573 2236 5633 Oiﬁcio
2273 5573 2575 5644 composuit
2612 5573 2943 5640 Amalarius;
2968 5575 3069 5646 idem
3092 5575 3280 5629 ordine
3319 5590 3458 5646 vero

1883 5643 2216 5721 psalmorum
2248 5643 2509 5718 appellari
2553 5660 2677 5701 eum
2715 5646 2808 5716 qui
2839 5647 2906 5702 de
2945 5645 3147 5702 Ordine
3190 5655 3275 5701 est
3301 5643 3459 5700 Anti-

1883 5720 2152 5793 phonarii.
