  <div class='ocr_page' id='page_1' title='image "/cluster/home/n/w/nwhite01/storage/ocr_20150623/105/hvd.32044021109350/498.png"; bbox 0 0 3978 6450; ppageno 0'>
   <div class='ocr_carea' id='block_1_1' title="bbox 911 391 1809 458">
    <p class='ocr_par' dir='ltr' id='par_1_1' title="bbox 911 393 1809 454">
     <span class='ocr_line' id='line_1_1' title="bbox 911 393 1809 454; baseline -0.003 0"><span class='ocrx_word' id='word_1_1' title='bbox 911 397 1000 454; x_wconf 85' lang='lat' dir='ltr'><strong>DE</strong></span> <span class='ocrx_word' id='word_1_2' title='bbox 1038 393 1592 454; x_wconf 73' lang='lat' dir='ltr'><strong>ECCLESIASTICIS</strong></span> <span class='ocrx_word' id='word_1_3' title='bbox 1631 395 1809 453; x_wconf 71' lang='lat' dir='ltr'><strong>OFFN</strong></span> 
     </span>
    </p>
   </div>
   <div class='ocr_carea' id='block_1_2' title="bbox 1911 391 2802 458">
    <p class='ocr_par' dir='ltr' id='par_1_2' title="bbox 1911 391 2802 458">
     <span class='ocr_line' id='line_1_2' title="bbox 1911 391 2802 458; baseline -0.003 -4"><span class='ocrx_word' id='word_1_4' title='bbox 1911 400 1923 454; x_wconf 74' lang='grc' dir='ltr'><strong>ι</strong></span> <span class='ocrx_word' id='word_1_5' title='bbox 1960 395 2139 454; x_wconf 72' lang='lat' dir='ltr'><strong>LlBlu</strong></span> <span class='ocrx_word' id='word_1_6' title='bbox 2177 394 2264 454; x_wconf 72' lang='grc' dir='ltr'><strong>ιν.</strong></span> <span class='ocrx_word' id='word_1_7' title='bbox 2306 420 2374 435; x_wconf 89' lang='lat'><strong><em>—</em></strong></span> <span class='ocrx_word' id='word_1_8' title='bbox 2413 391 2802 458; x_wconf 60' lang='lat' dir='ltr'><strong>PRA‘LFATIO.</strong></span> 
     </span>
    </p>
   </div>
   <div class='ocr_carea' id='block_1_3' title="bbox 3380 403 3490 468">
    <p class='ocr_par' dir='ltr' id='par_1_3' title="bbox 3380 403 3490 468">
     <span class='ocr_line' id='line_1_3' title="bbox 3380 403 3490 468; baseline 0 -1"><span class='ocrx_word' id='word_1_9' title='bbox 3380 403 3490 468; x_wconf 67' lang='lat'><strong>990</strong></span> 
     </span>
    </p>
   </div>
   <div class='ocr_carea' id='block_1_4' title="bbox 239 511 3495 590">
    <p class='ocr_par' dir='ltr' id='par_1_4' title="bbox 239 511 3495 590">
     <span class='ocr_line' id='line_1_4' title="bbox 239 511 3495 590; baseline 0.001 -13"><span class='ocrx_word' id='word_1_10' title='bbox 239 524 364 580; x_wconf 87' lang='lat' dir='ltr'><strong>cio:</strong></span> <span class='ocrx_word' id='word_1_11' title='bbox 395 516 616 577; x_wconf 80' lang='lat' dir='ltr'><strong>interim</strong></span> <span class='ocrx_word' id='word_1_12' title='bbox 653 515 774 576; x_wconf 82' lang='lat' dir='ltr'><strong>dico</strong></span> <span class='ocrx_word' id='word_1_13' title='bbox 802 529 921 585; x_wconf 74' lang='lat' dir='ltr'><strong>qua:</strong></span> <span class='ocrx_word' id='word_1_14' title='bbox 942 515 1136 571; x_wconf 78' lang='lat' dir='ltr'><strong>sentio.</strong></span> <span class='ocrx_word' id='word_1_15' title='bbox 1158 513 1289 582; x_wconf 63' lang='lat' dir='ltr'><strong>Qua:</strong></span> <span class='ocrx_word' id='word_1_16' title='bbox 1317 519 1552 586; x_wconf 75' lang='lat' dir='ltr'><strong>aguntur</strong></span> <span class='ocrx_word' id='word_1_17' title='bbox 1587 513 1642 568; x_wconf 85' lang='lat' dir='ltr'><strong>in</strong></span> <span class='ocrx_word' id='word_1_18' title='bbox 1668 511 1812 568; x_wconf 82' lang='lat' dir='ltr'><strong>cele-</strong></span> <span class='ocrx_word' id='word_1_19' title='bbox 1835 511 1892 576; x_wconf 72' lang='grc' dir='ltr'><strong>Δ</strong></span> <span class='ocrx_word' id='word_1_20' title='bbox 1913 520 2224 567; x_wconf 84' lang='lat' dir='ltr'><strong>sanctorum</strong></span> <span class='ocrx_word' id='word_1_21' title='bbox 2253 511 2309 568; x_wconf 93' lang='lat' dir='ltr'><strong>in</strong></span> <span class='ocrx_word' id='word_1_22' title='bbox 2353 525 2461 568; x_wconf 89' lang='lat' dir='ltr'><strong>uno</strong></span> <span class='ocrx_word' id='word_1_23' title='bbox 2488 512 2574 574; x_wconf 84' lang='lat' dir='ltr'><strong>die</strong></span> <span class='ocrx_word' id='word_1_24' title='bbox 2599 530 2612 568; x_wconf 88' lang='lat'><strong>:</strong></span> <span class='ocrx_word' id='word_1_25' title='bbox 2651 527 2754 572; x_wconf 85' lang='lat' dir='ltr'><strong>nec</strong></span> <span class='ocrx_word' id='word_1_26' title='bbox 2801 527 2908 572; x_wconf 87' lang='lat' dir='ltr'><strong>non</strong></span> <span class='ocrx_word' id='word_1_27' title='bbox 2933 522 2990 574; x_wconf 79' lang='lat' dir='ltr'><strong>et</strong></span> <span class='ocrx_word' id='word_1_28' title='bbox 3025 513 3241 578; x_wconf 79' lang='lat' dir='ltr'><strong>Domini</strong></span> <span class='ocrx_word' id='word_1_29' title='bbox 3286 532 3495 590; x_wconf 59' lang='lat' dir='ltr'><strong>praeco</strong></span> 
     </span>
    </p>
   </div>
   <div class='ocr_carea' id='block_1_5' title="bbox 239 605 1818 677">
    <p class='ocr_par' dir='ltr' id='par_1_5' title="bbox 239 605 1818 677">
     <span class='ocr_line' id='line_1_5' title="bbox 239 605 1818 677; baseline -0.006 -5"><span class='ocrx_word' id='word_1_30' title='bbox 239 613 489 672; x_wconf 85' lang='lat' dir='ltr'><strong>bratione</strong></span> <span class='ocrx_word' id='word_1_31' title='bbox 512 609 709 676; x_wconf 65' lang='lat' dir='ltr'><strong>missae,</strong></span> <span class='ocrx_word' id='word_1_32' title='bbox 747 607 804 664; x_wconf 87' lang='lat' dir='ltr'><strong>in</strong></span> <span class='ocrx_word' id='word_1_33' title='bbox 831 615 1175 675; x_wconf 84' lang='lat' dir='ltr'><strong>sacramento</strong></span> <span class='ocrx_word' id='word_1_34' title='bbox 1213 607 1509 662; x_wconf 63' lang='lat' dir='ltr'><strong>Dominicze</strong></span> <span class='ocrx_word' id='word_1_35' title='bbox 1547 605 1818 677; x_wconf 84' lang='lat' dir='ltr'><strong>passionis</strong></span> 
     </span>
    </p>
   </div>
   <div class='ocr_carea' id='block_1_6' title="bbox 239 701 1816 780">
    <p class='ocr_par' dir='ltr' id='par_1_6' title="bbox 239 701 1816 780">
     <span class='ocr_line' id='line_1_6' title="bbox 239 701 1816 780; baseline -0.008 -15"><span class='ocrx_word' id='word_1_36' title='bbox 239 715 496 780; x_wconf 75' lang='lat' dir='ltr'><strong>aguntur,</strong></span> <span class='ocrx_word' id='word_1_37' title='bbox 525 712 585 759; x_wconf 91' lang='lat' dir='ltr'><strong>ut</strong></span> <span class='ocrx_word' id='word_1_38' title='bbox 604 705 719 775; x_wconf 84' lang='lat' dir='ltr'><strong>ipse</strong></span> <span class='ocrx_word' id='word_1_39' title='bbox 748 703 1023 773; x_wconf 66' lang='lat' dir='ltr'><strong>praecepit,</strong></span> <span class='ocrx_word' id='word_1_40' title='bbox 1052 703 1277 758; x_wconf 89' lang='lat' dir='ltr'><strong>dicens:</strong></span> <span class='ocrx_word' id='word_1_41' title='bbox 1304 701 1431 764; x_wconf 71' lang='lat' dir='ltr'><strong>Hzec</strong></span> <span class='ocrx_word' id='word_1_42' title='bbox 1467 701 1816 772; x_wconf 78' lang='lat' dir='ltr'><strong>quotiescun-</strong></span> 
     </span>
    </p>
   </div>
   <div class='ocr_carea' id='block_1_7' title="bbox 238 791 1816 872">
    <p class='ocr_par' dir='ltr' id='par_1_7' title="bbox 238 791 1816 872">
     <span class='ocr_line' id='line_1_7' title="bbox 238 791 1816 872; baseline -0.004 -19"><span class='ocrx_word' id='word_1_43' title='bbox 238 815 345 872; x_wconf 81' lang='lat' dir='ltr'><strong>que</strong></span> <span class='ocrx_word' id='word_1_44' title='bbox 386 795 647 860; x_wconf 77' lang='lat' dir='ltr'><strong>feceritis,</strong></span> <span class='ocrx_word' id='word_1_45' title='bbox 700 793 756 848; x_wconf 92' lang='lat' dir='ltr'><strong>in</strong></span> <span class='ocrx_word' id='word_1_46' title='bbox 803 793 910 848; x_wconf 89' lang='lat' dir='ltr'><strong>mei</strong></span> <span class='ocrx_word' id='word_1_47' title='bbox 951 794 1270 856; x_wconf 84' lang='lat' dir='ltr'><strong>memoriam</strong></span> <span class='ocrx_word' id='word_1_48' title='bbox 1332 791 1562 846; x_wconf 86' lang='lat' dir='ltr'><strong>facietis.</strong></span> <span class='ocrx_word' id='word_1_49' title='bbox 1609 791 1816 846; x_wconf 87' lang='lat' dir='ltr'><strong>Idcirco</strong></span> 
     </span>
    </p>
   </div>
   <div class='ocr_carea' id='block_1_8' title="bbox 237 881 1815 958">
    <p class='ocr_par' dir='ltr' id='par_1_8' title="bbox 237 881 1815 958">
     <span class='ocr_line' id='line_1_8' title="bbox 237 881 1815 958; baseline -0.004 -15"><span class='ocrx_word' id='word_1_50' title='bbox 237 886 522 958; x_wconf 71' lang='lat' dir='ltr'><strong>presbyter</strong></span> <span class='ocrx_word' id='word_1_51' title='bbox 567 883 855 948; x_wconf 78' lang='lat' dir='ltr'><strong>immolatis</strong></span> <span class='ocrx_word' id='word_1_52' title='bbox 893 899 1108 952; x_wconf 85' lang='lat' dir='ltr'><strong>panem,</strong></span> <span class='ocrx_word' id='word_1_53' title='bbox 1138 891 1195 945; x_wconf 83' lang='lat' dir='ltr'><strong>et</strong></span> <span class='ocrx_word' id='word_1_54' title='bbox 1228 883 1413 937; x_wconf 89' lang='lat' dir='ltr'><strong>vinum</strong></span> <span class='ocrx_word' id='word_1_55' title='bbox 1452 891 1506 935; x_wconf 86' lang='lat' dir='ltr'><strong>et</strong></span> <span class='ocrx_word' id='word_1_56' title='bbox 1531 896 1725 952; x_wconf 89' lang='lat' dir='ltr'><strong>aquam</strong></span> <span class='ocrx_word' id='word_1_57' title='bbox 1759 881 1815 936; x_wconf 89' lang='lat' dir='ltr'><strong>in</strong></span> 
     </span>
    </p>
   </div>
   <div class='ocr_carea' id='block_1_9' title="bbox 236 973 1816 1044">
    <p class='ocr_par' dir='ltr' id='par_1_9' title="bbox 236 973 1816 1044">
     <span class='ocr_line' id='line_1_9' title="bbox 236 973 1816 1044; baseline -0.005 -11"><span class='ocrx_word' id='word_1_58' title='bbox 236 985 608 1040; x_wconf 88' lang='lat' dir='ltr'><strong>sacramento,</strong></span> <span class='ocrx_word' id='word_1_59' title='bbox 639 982 722 1030; x_wconf 85' lang='lat' dir='ltr'><strong>est</strong></span> <span class='ocrx_word' id='word_1_60' title='bbox 754 973 958 1029; x_wconf 92' lang='lat' dir='ltr'><strong>Christi</strong></span> <span class='ocrx_word' id='word_1_61' title='bbox 981 975 1158 1044; x_wconf 90' lang='lat' dir='ltr'><strong>panis,</strong></span> <span class='ocrx_word' id='word_1_62' title='bbox 1190 975 1374 1030; x_wconf 80' lang='lat' dir='ltr'><strong>vinum</strong></span> <span class='ocrx_word' id='word_1_63' title='bbox 1406 983 1460 1028; x_wconf 91' lang='lat' dir='ltr'><strong>et</strong></span> <span class='ocrx_word' id='word_1_64' title='bbox 1490 987 1629 1043; x_wconf 89' lang='lat' dir='ltr'><strong>aqua</strong></span> <span class='ocrx_word' id='word_1_65' title='bbox 1651 973 1705 1026; x_wconf 91' lang='lat' dir='ltr'><strong>in</strong></span> <span class='ocrx_word' id='word_1_66' title='bbox 1733 988 1816 1026; x_wconf 79' lang='lat' dir='ltr'><strong>sa-</strong></span> 
     </span>
    </p>
   </div>
   <div class='ocr_carea' id='block_1_10' title="bbox 234 1053 1816 1137">
    <p class='ocr_par' dir='ltr' id='par_1_10' title="bbox 234 1053 1816 1137">
     <span class='ocr_line' id='line_1_10' title="bbox 234 1053 1816 1137; baseline -0.003 -14"><span class='ocrx_word' id='word_1_67' title='bbox 234 1079 516 1123; x_wconf 87' lang='lat' dir='ltr'><strong>cramento</strong></span> <span class='ocrx_word' id='word_1_68' title='bbox 547 1068 727 1122; x_wconf 89' lang='lat' dir='ltr'><strong>carnis</strong></span> <span class='ocrx_word' id='word_1_69' title='bbox 764 1053 966 1126; x_wconf 83' lang='lat' dir='ltr'><strong>Christi</strong></span> <span class='ocrx_word' id='word_1_70' title='bbox 1013 1076 1067 1122; x_wconf 90' lang='lat' dir='ltr'><strong>et</strong></span> <span class='ocrx_word' id='word_1_71' title='bbox 1114 1067 1230 1137; x_wconf 86' lang='lat' dir='ltr'><strong>ejus</strong></span> <span class='ocrx_word' id='word_1_72' title='bbox 1280 1068 1576 1137; x_wconf 76' lang='lat' dir='ltr'><strong>sanguinis.</strong></span> <span class='ocrx_word' id='word_1_73' title='bbox 1622 1066 1816 1119; x_wconf 88' lang='lat' dir='ltr'><strong>Sacra-</strong></span> 
     </span>
    </p>
   </div>
   <div class='ocr_carea' id='block_1_11' title="bbox 234 1158 1813 1227">
    <p class='ocr_par' dir='ltr' id='par_1_11' title="bbox 234 1158 1813 1227">
     <span class='ocr_line' id='line_1_11' title="bbox 234 1158 1813 1227; baseline -0.003 -13"><span class='ocrx_word' id='word_1_74' title='bbox 234 1170 417 1214; x_wconf 90' lang='lat' dir='ltr'><strong>menta</strong></span> <span class='ocrx_word' id='word_1_75' title='bbox 449 1159 646 1214; x_wconf 87' lang='lat' dir='ltr'><strong>debent</strong></span> <span class='ocrx_word' id='word_1_76' title='bbox 680 1159 880 1214; x_wconf 87' lang='lat' dir='ltr'><strong>habere</strong></span> <span class='ocrx_word' id='word_1_77' title='bbox 909 1158 1316 1214; x_wconf 89' lang='lat' dir='ltr'><strong>similitudinem</strong></span> <span class='ocrx_word' id='word_1_78' title='bbox 1348 1158 1582 1227; x_wconf 79' lang='lat' dir='ltr'><strong>aliquam</strong></span> <span class='ocrx_word' id='word_1_79' title='bbox 1626 1171 1813 1210; x_wconf 87' lang='lat' dir='ltr'><strong>earum</strong></span> 
     </span>
    </p>
   </div>
   <div class='ocr_carea' id='block_1_12' title="bbox 233 1245 1814 1321">
    <p class='ocr_par' dir='ltr' id='par_1_12' title="bbox 233 1245 1814 1321">
     <span class='ocr_line' id='line_1_12' title="bbox 233 1245 1814 1321; baseline -0.006 -14"><span class='ocrx_word' id='word_1_80' title='bbox 233 1267 418 1312; x_wconf 83' lang='lat' dir='ltr'><strong>rerum</strong></span> <span class='ocrx_word' id='word_1_81' title='bbox 445 1267 674 1321; x_wconf 88' lang='lat' dir='ltr'><strong>quarum</strong></span> <span class='ocrx_word' id='word_1_82' title='bbox 697 1259 1037 1304; x_wconf 86' lang='lat' dir='ltr'><strong>sacramenta</strong></span> <span class='ocrx_word' id='word_1_83' title='bbox 1063 1258 1207 1304; x_wconf 89' lang='lat' dir='ltr'><strong>sunt.</strong></span> <span class='ocrx_word' id='word_1_84' title='bbox 1233 1247 1596 1318; x_wconf 73' lang='lat' dir='ltr'><strong>Quapropter,</strong></span> <span class='ocrx_word' id='word_1_85' title='bbox 1622 1245 1814 1310; x_wconf 75' lang='lat' dir='ltr'><strong>similis</strong></span> 
     </span>
    </p>
   </div>
   <div class='ocr_carea' id='block_1_13' title="bbox 230 1339 1813 1412">
    <p class='ocr_par' dir='ltr' id='par_1_13' title="bbox 230 1339 1813 1412">
     <span class='ocr_line' id='line_1_13' title="bbox 230 1339 1813 1412; baseline -0.003 -13"><span class='ocrx_word' id='word_1_86' title='bbox 230 1344 302 1400; x_wconf 91' lang='lat' dir='ltr'><strong>sit</strong></span> <span class='ocrx_word' id='word_1_87' title='bbox 345 1343 602 1398; x_wconf 86' lang='lat' dir='ltr'><strong>sacerdos</strong></span> <span class='ocrx_word' id='word_1_88' title='bbox 643 1342 879 1407; x_wconf 89' lang='lat' dir='ltr'><strong>Christo,</strong></span> <span class='ocrx_word' id='word_1_89' title='bbox 917 1342 1060 1397; x_wconf 88' lang='lat' dir='ltr'><strong>sicut</strong></span> <span class='ocrx_word' id='word_1_90' title='bbox 1104 1342 1260 1412; x_wconf 89' lang='lat' dir='ltr'><strong>panis</strong></span> <span class='ocrx_word' id='word_1_91' title='bbox 1295 1351 1350 1396; x_wconf 86' lang='lat' dir='ltr'><strong>et</strong></span> <span class='ocrx_word' id='word_1_92' title='bbox 1395 1341 1572 1411; x_wconf 88' lang='lat' dir='ltr'><strong>liquor</strong></span> <span class='ocrx_word' id='word_1_93' title='bbox 1619 1339 1813 1394; x_wconf 85' lang='lat' dir='ltr'><strong>similia</strong></span> 
     </span>
    </p>
   </div>
   <div class='ocr_carea' id='block_1_14' title="bbox 229 1433 1815 1507">
    <p class='ocr_par' dir='ltr' id='par_1_14' title="bbox 229 1433 1815 1507">
     <span class='ocr_line' id='line_1_14' title="bbox 229 1433 1815 1507; baseline -0.004 -15"><span class='ocrx_word' id='word_1_94' title='bbox 229 1437 590 1507; x_wconf 88' lang='lat' dir='ltr'><strong>suntcorpori</strong></span> <span class='ocrx_word' id='word_1_95' title='bbox 612 1435 834 1492; x_wconf 88' lang='lat' dir='ltr'><strong>Christi.</strong></span> <span class='ocrx_word' id='word_1_96' title='bbox 871 1433 963 1491; x_wconf 91' lang='lat' dir='ltr'><strong>Sic</strong></span> <span class='ocrx_word' id='word_1_97' title='bbox 997 1443 1083 1490; x_wconf 89' lang='lat' dir='ltr'><strong>est</strong></span> <span class='ocrx_word' id='word_1_98' title='bbox 1111 1435 1409 1489; x_wconf 87' lang='lat' dir='ltr'><strong>immolatio</strong></span> <span class='ocrx_word' id='word_1_99' title='bbox 1438 1434 1737 1490; x_wconf 84' lang='lat' dir='ltr'><strong>sacerdotis</strong></span> <span class='ocrx_word' id='word_1_100' title='bbox 1761 1434 1815 1486; x_wconf 92' lang='lat' dir='ltr'><strong>in</strong></span> 
     </span>
    </p>
   </div>
   <div class='ocr_carea' id='block_1_15' title="bbox 228 1527 1812 1598">
    <p class='ocr_par' dir='ltr' id='par_1_15' title="bbox 228 1527 1812 1598">
     <span class='ocr_line' id='line_1_15' title="bbox 228 1527 1812 1598; baseline -0.004 -12"><span class='ocrx_word' id='word_1_101' title='bbox 228 1528 390 1586; x_wconf 82' lang='lat' dir='ltr'><strong>altari</strong></span> <span class='ocrx_word' id='word_1_102' title='bbox 418 1529 816 1598; x_wconf 88' lang='lat' dir='ltr'><strong>quodammodo</strong></span> <span class='ocrx_word' id='word_1_103' title='bbox 863 1536 924 1584; x_wconf 91' lang='lat' dir='ltr'><strong>ut</strong></span> <span class='ocrx_word' id='word_1_104' title='bbox 960 1528 1159 1583; x_wconf 81' lang='lat' dir='ltr'><strong>Christi</strong></span> <span class='ocrx_word' id='word_1_105' title='bbox 1207 1527 1506 1582; x_wconf 75' lang='lat' dir='ltr'><strong>immutatio</strong></span> <span class='ocrx_word' id='word_1_106' title='bbox 1535 1527 1588 1580; x_wconf 92' lang='lat' dir='ltr'><strong>in</strong></span> <span class='ocrx_word' id='word_1_107' title='bbox 1630 1540 1812 1581; x_wconf 90' lang='lat' dir='ltr'><strong>cruce.</strong></span> 
     </span>
    </p>
   </div>
   <div class='ocr_carea' id='block_1_16' title="bbox 230 1617 1815 1687">
    <p class='ocr_par' dir='ltr' id='par_1_16' title="bbox 230 1617 1815 1687">
     <span class='ocr_line' id='line_1_16' title="bbox 230 1617 1815 1687; baseline -0.003 -11"><span class='ocrx_word' id='word_1_108' title='bbox 230 1621 304 1676; x_wconf 89' lang='lat' dir='ltr'><strong>Ut</strong></span> <span class='ocrx_word' id='word_1_109' title='bbox 345 1621 541 1677; x_wconf 90' lang='lat' dir='ltr'><strong>similis</strong></span> <span class='ocrx_word' id='word_1_110' title='bbox 587 1630 671 1677; x_wconf 90' lang='lat' dir='ltr'><strong>est</strong></span> <span class='ocrx_word' id='word_1_111' title='bbox 723 1622 888 1677; x_wconf 91' lang='lat' dir='ltr'><strong>homo</strong></span> <span class='ocrx_word' id='word_1_112' title='bbox 937 1621 1140 1676; x_wconf 83' lang='lat' dir='ltr'><strong>Christi</strong></span> <span class='ocrx_word' id='word_1_113' title='bbox 1197 1618 1582 1676; x_wconf 87' lang='lat' dir='ltr'><strong>resurrectioni</strong></span> <span class='ocrx_word' id='word_1_114' title='bbox 1637 1617 1815 1687; x_wconf 88' lang='lat' dir='ltr'><strong>aliquo</strong></span> 
     </span>
    </p>
   </div>
   <div class='ocr_carea' id='block_1_17' title="bbox 227 1707 1811 1781">
    <p class='ocr_par' dir='ltr' id='par_1_17' title="bbox 227 1707 1811 1781">
     <span class='ocr_line' id='line_1_17' title="bbox 227 1707 1811 1781; baseline -0.003 -13"><span class='ocrx_word' id='word_1_115' title='bbox 227 1712 414 1777; x_wconf 88' lang='lat' dir='ltr'><strong>modo,</strong></span> <span class='ocrx_word' id='word_1_116' title='bbox 460 1713 752 1769; x_wconf 79' lang='lat' dir='ltr'><strong>manducet</strong></span> <span class='ocrx_word' id='word_1_117' title='bbox 793 1729 1034 1778; x_wconf 88' lang='lat' dir='ltr'><strong>carnem,</strong></span> <span class='ocrx_word' id='word_1_118' title='bbox 1063 1721 1116 1768; x_wconf 89' lang='lat' dir='ltr'><strong>et</strong></span> <span class='ocrx_word' id='word_1_119' title='bbox 1157 1712 1294 1767; x_wconf 91' lang='lat' dir='ltr'><strong>bibit</strong></span> <span class='ocrx_word' id='word_1_120' title='bbox 1333 1712 1647 1781; x_wconf 83' lang='lat' dir='ltr'><strong>sanguinem</strong></span> <span class='ocrx_word' id='word_1_121' title='bbox 1675 1707 1811 1777; x_wconf 85' lang='lat' dir='ltr'><strong>ejus.</strong></span> 
     </span>
    </p>
   </div>
   <div class='ocr_carea' id='block_1_18' title="bbox 227 1800 1812 1872">
    <p class='ocr_par' dir='ltr' id='par_1_18' title="bbox 227 1800 1812 1872">
     <span class='ocr_line' id='line_1_18' title="bbox 227 1800 1812 1872; baseline -0.003 -14"><span class='ocrx_word' id='word_1_122' title='bbox 227 1802 481 1864; x_wconf 86' lang='lat' dir='ltr'><strong>Christus</strong></span> <span class='ocrx_word' id='word_1_123' title='bbox 506 1805 807 1860; x_wconf 76' lang='lat' dir='ltr'><strong>resurrexit</strong></span> <span class='ocrx_word' id='word_1_124' title='bbox 851 1821 881 1859; x_wconf 93' lang='lat' dir='ltr'><strong>a</strong></span> <span class='ocrx_word' id='word_1_125' title='bbox 910 1804 1158 1870; x_wconf 87' lang='lat' dir='ltr'><strong>mortuis,</strong></span> <span class='ocrx_word' id='word_1_126' title='bbox 1200 1813 1253 1857; x_wconf 91' lang='lat' dir='ltr'><strong>et</strong></span> <span class='ocrx_word' id='word_1_127' title='bbox 1273 1801 1386 1872; x_wconf 91' lang='lat' dir='ltr'><strong>jam</strong></span> <span class='ocrx_word' id='word_1_128' title='bbox 1412 1817 1518 1856; x_wconf 91' lang='lat' dir='ltr'><strong>non</strong></span> <span class='ocrx_word' id='word_1_129' title='bbox 1549 1800 1812 1856; x_wconf 76' lang='lat' dir='ltr'><strong>moritur?</strong></span> 
     </span>
    </p>
   </div>
   <div class='ocr_carea' id='block_1_19' title="bbox 1919 603 3494 675">
    <p class='ocr_par' dir='ltr' id='par_1_19' title="bbox 1919 603 3494 675">
     <span class='ocr_line' id='line_1_19' title="bbox 1919 603 3494 675; baseline 0.008 -15"><span class='ocrx_word' id='word_1_130' title='bbox 1919 613 2070 675; x_wconf 86' lang='lat' dir='ltr'><strong>ptum</strong></span> <span class='ocrx_word' id='word_1_131' title='bbox 2122 604 2254 664; x_wconf 85' lang='lat' dir='ltr'><strong>dicit</strong></span> <span class='ocrx_word' id='word_1_132' title='bbox 2289 623 2303 658; x_wconf 88' lang='lat'><strong>:</strong></span> <span class='ocrx_word' id='word_1_133' title='bbox 2334 603 2461 660; x_wconf 80' lang='lat' dir='ltr'><strong>Haec</strong></span> <span class='ocrx_word' id='word_1_134' title='bbox 2500 604 2929 675; x_wconf 82' lang='lat' dir='ltr'><strong>quotiescunque</strong></span> <span class='ocrx_word' id='word_1_135' title='bbox 2972 605 3233 674; x_wconf 75' lang='lat' dir='ltr'><strong>feceritis,</strong></span> <span class='ocrx_word' id='word_1_136' title='bbox 3281 609 3336 670; x_wconf 83' lang='lat' dir='ltr'><strong>in</strong></span> <span class='ocrx_word' id='word_1_137' title='bbox 3386 612 3494 674; x_wconf 82' lang='lat' dir='ltr'><strong>mel</strong></span> 
     </span>
    </p>
   </div>
   <div class='ocr_carea' id='block_1_20' title="bbox 1917 696 3495 775">
    <p class='ocr_par' dir='ltr' id='par_1_20' title="bbox 1917 696 3495 775">
     <span class='ocr_line' id='line_1_20' title="bbox 1917 696 3495 775; baseline 0.006 -21"><span class='ocrx_word' id='word_1_138' title='bbox 1917 697 2236 754; x_wconf 76' lang='lat' dir='ltr'><strong>memoriam</strong></span> <span class='ocrx_word' id='word_1_139' title='bbox 2260 696 2491 753; x_wconf 82' lang='lat' dir='ltr'><strong>facietis.</strong></span> <span class='ocrx_word' id='word_1_140' title='bbox 2516 697 2574 762; x_wconf 78' lang='grc' dir='ltr'><strong>ιιι</strong></span> <span class='ocrx_word' id='word_1_141' title='bbox 2602 698 2815 756; x_wconf 62' lang='lat' dir='ltr'><strong>caeteris</strong></span> <span class='ocrx_word' id='word_1_142' title='bbox 2838 700 3179 760; x_wconf 87' lang='lat' dir='ltr'><strong>orationibus</strong></span> <span class='ocrx_word' id='word_1_143' title='bbox 3202 703 3382 762; x_wconf 69' lang='lat' dir='ltr'><strong>missae</strong></span> <span class='ocrx_word' id='word_1_144' title='bbox 3395 720 3495 775; x_wconf 87' lang='lat' dir='ltr'><strong>pro</strong></span> 
     </span>
    </p>
   </div>
   <div class='ocr_carea' id='block_1_21' title="bbox 1915 777 3493 856">
    <p class='ocr_par' dir='ltr' id='par_1_21' title="bbox 1915 777 3493 856">
     <span class='ocr_line' id='line_1_21' title="bbox 1915 777 3493 856; baseline 0.007 -12"><span class='ocrx_word' id='word_1_145' title='bbox 1915 789 2146 846; x_wconf 84' lang='lat' dir='ltr'><strong>diversis</strong></span> <span class='ocrx_word' id='word_1_146' title='bbox 2196 791 2611 846; x_wconf 82' lang='lat' dir='ltr'><strong>necessitatibus</strong></span> <span class='ocrx_word' id='word_1_147' title='bbox 2667 791 2970 848; x_wconf 88' lang='lat' dir='ltr'><strong>inscribunt</strong></span> <span class='ocrx_word' id='word_1_148' title='bbox 3033 777 3176 850; x_wconf 82' lang='lat' dir='ltr'><strong>sicut</strong></span> <span class='ocrx_word' id='word_1_149' title='bbox 3229 806 3373 852; x_wconf 85' lang='lat' dir='ltr'><strong>sunt.</strong></span> <span class='ocrx_word' id='word_1_150' title='bbox 3433 798 3493 856; x_wconf 81' lang='lat' dir='ltr'><strong>lu</strong></span> 
     </span>
    </p>
   </div>
   <div class='ocr_carea' id='block_1_22' title="bbox 1913 881 3494 955">
    <p class='ocr_par' dir='ltr' id='par_1_22' title="bbox 1913 881 3494 955">
     <span class='ocr_line' id='line_1_22' title="bbox 1913 881 3494 955; baseline 0.006 -19"><span class='ocrx_word' id='word_1_151' title='bbox 1913 888 2157 952; x_wconf 85' lang='lat' dir='ltr'><strong>tempore</strong></span> <span class='ocrx_word' id='word_1_152' title='bbox 2185 881 2333 947; x_wconf 90' lang='lat' dir='ltr'><strong>belli,</strong></span> <span class='ocrx_word' id='word_1_153' title='bbox 2355 890 2411 936; x_wconf 87' lang='lat' dir='ltr'><strong>et</strong></span> <span class='ocrx_word' id='word_1_154' title='bbox 2443 897 2542 952; x_wconf 89' lang='lat' dir='ltr'><strong>pro</strong></span> <span class='ocrx_word' id='word_1_155' title='bbox 2571 883 2676 940; x_wconf 84' lang='lat' dir='ltr'><strong>iter</strong></span> <span class='ocrx_word' id='word_1_156' title='bbox 2703 885 3015 954; x_wconf 77' lang='lat' dir='ltr'><strong>agentibus,</strong></span> <span class='ocrx_word' id='word_1_157' title='bbox 3044 900 3110 940; x_wconf 87' lang='lat' dir='ltr'><strong>ac</strong></span> <span class='ocrx_word' id='word_1_158' title='bbox 3138 902 3237 955; x_wconf 89' lang='lat' dir='ltr'><strong>pro</strong></span> <span class='ocrx_word' id='word_1_159' title='bbox 3263 888 3494 946; x_wconf 72' lang='lat' dir='ltr'><strong>divorsis</strong></span> 
     </span>
    </p>
   </div>
   <div class='ocr_carea' id='block_1_23' title="bbox 1913 972 3494 1038">
    <p class='ocr_par' dir='ltr' id='par_1_23' title="bbox 1913 972 3494 1038">
     <span class='ocr_line' id='line_1_23' title="bbox 1913 972 3494 1038; baseline 0.004 -10"><span class='ocrx_word' id='word_1_160' title='bbox 1913 972 2402 1036; x_wconf 85' lang='lat' dir='ltr'><strong>benedictionibus,</strong></span> <span class='ocrx_word' id='word_1_161' title='bbox 2446 973 2537 1028; x_wconf 91' lang='lat' dir='ltr'><strong>ubi</strong></span> <span class='ocrx_word' id='word_1_162' title='bbox 2585 989 2694 1028; x_wconf 92' lang='lat' dir='ltr'><strong>non</strong></span> <span class='ocrx_word' id='word_1_163' title='bbox 2747 975 2886 1038; x_wconf 85' lang='lat' dir='ltr'><strong>satis</strong></span> <span class='ocrx_word' id='word_1_164' title='bbox 2938 984 3024 1031; x_wconf 87' lang='lat' dir='ltr'><strong>est</strong></span> <span class='ocrx_word' id='word_1_165' title='bbox 3066 976 3271 1033; x_wconf 83' lang='lat' dir='ltr'><strong>homini</strong></span> <span class='ocrx_word' id='word_1_166' title='bbox 3319 979 3494 1034; x_wconf 83' lang='lat' dir='ltr'><strong>oratio</strong></span> 
     </span>
    </p>
   </div>
   <div class='ocr_carea' id='block_1_24' title="bbox 1913 1063 3494 1138">
    <p class='ocr_par' dir='ltr' id='par_1_24' title="bbox 1913 1063 3494 1138">
     <span class='ocr_line' id='line_1_24' title="bbox 1913 1063 3494 1138; baseline 0.005 -22"><span class='ocrx_word' id='word_1_167' title='bbox 1913 1063 2217 1120; x_wconf 87' lang='lat' dir='ltr'><strong>communis</strong></span> <span class='ocrx_word' id='word_1_168' title='bbox 2239 1063 2356 1117; x_wconf 91' lang='lat' dir='ltr'><strong>sine</strong></span> <span class='ocrx_word' id='word_1_169' title='bbox 2391 1077 2531 1132; x_wconf 89' lang='lat' dir='ltr'><strong>pane</strong></span> <span class='ocrx_word' id='word_1_170' title='bbox 2571 1071 2626 1118; x_wconf 90' lang='lat' dir='ltr'><strong>et</strong></span> <span class='ocrx_word' id='word_1_171' title='bbox 2651 1063 2880 1134; x_wconf 86' lang='lat' dir='ltr'><strong>liquore,</strong></span> <span class='ocrx_word' id='word_1_172' title='bbox 2920 1066 3050 1134; x_wconf 87' lang='lat' dir='ltr'><strong>quid</strong></span> <span class='ocrx_word' id='word_1_173' title='bbox 3091 1067 3239 1126; x_wconf 83' lang='lat' dir='ltr'><strong>aliud</strong></span> <span class='ocrx_word' id='word_1_174' title='bbox 3269 1068 3381 1138; x_wconf 68' lang='lat' dir='ltr'><strong>agit</strong></span> <span class='ocrx_word' id='word_1_175' title='bbox 3407 1083 3494 1126; x_wconf 77' lang='lat' dir='ltr'><strong>sa-</strong></span> 
     </span>
    </p>
   </div>
   <div class='ocr_carea' id='block_1_25' title="bbox 1913 1156 3494 1230">
    <p class='ocr_par' dir='ltr' id='par_1_25' title="bbox 1913 1156 3494 1230">
     <span class='ocr_line' id='line_1_25' title="bbox 1913 1156 3494 1230; baseline 0.006 -21"><span class='ocrx_word' id='word_1_176' title='bbox 1913 1156 2105 1212; x_wconf 88' lang='lat' dir='ltr'><strong>cerdos</strong></span> <span class='ocrx_word' id='word_1_177' title='bbox 2143 1173 2307 1226; x_wconf 89' lang='lat' dir='ltr'><strong>quam</strong></span> <span class='ocrx_word' id='word_1_178' title='bbox 2342 1166 2401 1212; x_wconf 91' lang='lat' dir='ltr'><strong>ut</strong></span> <span class='ocrx_word' id='word_1_179' title='bbox 2440 1157 2714 1214; x_wconf 86' lang='lat' dir='ltr'><strong>Christum</strong></span> <span class='ocrx_word' id='word_1_180' title='bbox 2749 1160 3150 1230; x_wconf 87' lang='lat' dir='ltr'><strong>quodammodo</strong></span> <span class='ocrx_word' id='word_1_181' title='bbox 3196 1163 3494 1220; x_wconf 85' lang='lat' dir='ltr'><strong>contendat</strong></span> 
     </span>
    </p>
   </div>
   <div class='ocr_carea' id='block_1_26' title="bbox 1915 1249 3492 1325">
    <p class='ocr_par' dir='ltr' id='par_1_26' title="bbox 1915 1249 3492 1325">
     <span class='ocr_line' id='line_1_26' title="bbox 1915 1249 3492 1325; baseline 0.007 -24"><span class='ocrx_word' id='word_1_182' title='bbox 1915 1249 2208 1315; x_wconf 89' lang='lat' dir='ltr'><strong>recordari,</strong></span> <span class='ocrx_word' id='word_1_183' title='bbox 2260 1250 2349 1318; x_wconf 89' lang='lat' dir='ltr'><strong>qui</strong></span> <span class='ocrx_word' id='word_1_184' title='bbox 2400 1266 2676 1320; x_wconf 90' lang='lat' dir='ltr'><strong>nunquam</strong></span> <span class='ocrx_word' id='word_1_185' title='bbox 2713 1251 3068 1317; x_wconf 88' lang='lat' dir='ltr'><strong>obliviscitur,</strong></span> <span class='ocrx_word' id='word_1_186' title='bbox 3110 1255 3288 1324; x_wconf 75' lang='lat' dir='ltr'><strong>magni</strong></span> <span class='ocrx_word' id='word_1_187' title='bbox 3331 1255 3492 1325; x_wconf 82' lang='lat' dir='ltr'><strong>pretii</strong></span> 
     </span>
    </p>
   </div>
   <div class='ocr_carea' id='block_1_27' title="bbox 1913 1341 3493 1416">
    <p class='ocr_par' dir='ltr' id='par_1_27' title="bbox 1913 1341 3493 1416">
     <span class='ocr_line' id='line_1_27' title="bbox 1913 1341 3493 1416; baseline 0.002 -20"><span class='ocrx_word' id='word_1_188' title='bbox 1913 1341 2189 1411; x_wconf 79' lang='lat' dir='ltr'><strong>sanguinis</strong></span> <span class='ocrx_word' id='word_1_189' title='bbox 2218 1343 2324 1407; x_wconf 87' lang='lat' dir='ltr'><strong>sui,</strong></span> <span class='ocrx_word' id='word_1_190' title='bbox 2355 1352 2408 1398; x_wconf 90' lang='lat' dir='ltr'><strong>et</strong></span> <span class='ocrx_word' id='word_1_191' title='bbox 2427 1343 2585 1412; x_wconf 80' lang='lat' dir='ltr'><strong>juxta</strong></span> <span class='ocrx_word' id='word_1_192' title='bbox 2617 1345 3044 1415; x_wconf 79' lang='lat' dir='ltr'><strong>magnitudinem</strong></span> <span class='ocrx_word' id='word_1_193' title='bbox 3092 1349 3276 1416; x_wconf 86' lang='lat' dir='ltr'><strong>pretii,</strong></span> <span class='ocrx_word' id='word_1_194' title='bbox 3322 1349 3493 1403; x_wconf 59' lang='lat' dir='ltr'><strong>maxi.</strong></span> 
     </span>
    </p>
   </div>
   <div class='ocr_carea' id='block_1_28' title="bbox 1913 1432 3492 1509">
    <p class='ocr_par' dir='ltr' id='par_1_28' title="bbox 1913 1432 3492 1509">
     <span class='ocr_line' id='line_1_28' title="bbox 1913 1432 3492 1509; baseline 0.005 -23"><span class='ocrx_word' id='word_1_195' title='bbox 1913 1449 2060 1487; x_wconf 90' lang='lat' dir='ltr'><strong>mum</strong></span> <span class='ocrx_word' id='word_1_196' title='bbox 2100 1432 2428 1501; x_wconf 91' lang='lat' dir='ltr'><strong>adjutorium</strong></span> <span class='ocrx_word' id='word_1_197' title='bbox 2480 1437 2598 1506; x_wconf 88' lang='lat' dir='ltr'><strong>ejus</strong></span> <span class='ocrx_word' id='word_1_198' title='bbox 2635 1437 2887 1506; x_wconf 79' lang='lat' dir='ltr'><strong>precari?</strong></span> <span class='ocrx_word' id='word_1_199' title='bbox 2916 1437 3118 1492; x_wconf 85' lang='lat' dir='ltr'><strong>Tamen</strong></span> <span class='ocrx_word' id='word_1_200' title='bbox 3165 1440 3210 1493; x_wconf 88' lang='lat' dir='ltr'><strong>si</strong></span> <span class='ocrx_word' id='word_1_201' title='bbox 3242 1441 3363 1509; x_wconf 88' lang='lat' dir='ltr'><strong>quis</strong></span> <span class='ocrx_word' id='word_1_202' title='bbox 3399 1457 3492 1494; x_wconf 54' lang='lat' dir='ltr'><strong>vo.</strong></span> 
     </span>
    </p>
   </div>
   <div class='ocr_carea' id='block_1_29' title="bbox 1913 1523 3494 1599">
    <p class='ocr_par' dir='ltr' id='par_1_29' title="bbox 1913 1523 3494 1599">
     <span class='ocr_line' id='line_1_29' title="bbox 1913 1523 3494 1599; baseline 0.006 -22"><span class='ocrx_word' id='word_1_203' title='bbox 1913 1523 2075 1579; x_wconf 85' lang='lat' dir='ltr'><strong>luerit</strong></span> <span class='ocrx_word' id='word_1_204' title='bbox 2103 1526 2394 1597; x_wconf 83' lang='lat' dir='ltr'><strong>diligenter</strong></span> <span class='ocrx_word' id='word_1_205' title='bbox 2417 1528 2697 1592; x_wconf 88' lang='lat' dir='ltr'><strong>attendere</strong></span> <span class='ocrx_word' id='word_1_206' title='bbox 2727 1543 2789 1584; x_wconf 90' lang='lat' dir='ltr'><strong>ea</strong></span> <span class='ocrx_word' id='word_1_207' title='bbox 2817 1544 2936 1597; x_wconf 73' lang='lat' dir='ltr'><strong>qum</strong></span> <span class='ocrx_word' id='word_1_208' title='bbox 2962 1529 3036 1583; x_wconf 90' lang='lat' dir='ltr'><strong>ibi</strong></span> <span class='ocrx_word' id='word_1_209' title='bbox 3063 1539 3377 1599; x_wconf 86' lang='lat' dir='ltr'><strong>precantur,</strong></span> <span class='ocrx_word' id='word_1_210' title='bbox 3409 1547 3494 1588; x_wconf 68' lang='lat' dir='ltr'><strong>re~</strong></span> 
     </span>
    </p>
   </div>
   <div class='ocr_carea' id='block_1_30' title="bbox 1902 1617 3495 1700">
    <p class='ocr_par' dir='ltr' id='par_1_30' title="bbox 1902 1617 3495 1700">
     <span class='ocr_line' id='line_1_30' title="bbox 1902 1617 3495 1700; baseline 0.004 -28"><span class='ocrx_word' id='word_1_211' title='bbox 1902 1617 2088 1700; x_wconf 83' lang='lat' dir='ltr'><strong>periet</strong></span> <span class='ocrx_word' id='word_1_212' title='bbox 2137 1618 2191 1673; x_wconf 91' lang='lat' dir='ltr'><strong>in</strong></span> <span class='ocrx_word' id='word_1_213' title='bbox 2229 1620 2582 1688; x_wconf 83' lang='lat' dir='ltr'><strong>sequentibus</strong></span> <span class='ocrx_word' id='word_1_214' title='bbox 2629 1621 2968 1676; x_wconf 88' lang='lat' dir='ltr'><strong>orationibus</strong></span> <span class='ocrx_word' id='word_1_215' title='bbox 3018 1622 3218 1678; x_wconf 77' lang='lat' dir='ltr'><strong>missm.</strong></span> <span class='ocrx_word' id='word_1_216' title='bbox 3270 1622 3328 1678; x_wconf 89' lang='lat' dir='ltr'><strong>Si</strong></span> <span class='ocrx_word' id='word_1_217' title='bbox 3371 1639 3495 1692; x_wconf 83' lang='lat' dir='ltr'><strong>pro-</strong></span> 
     </span>
    </p>
   </div>
   <div class='ocr_carea' id='block_1_31' title="bbox 1912 1709 3496 1779">
    <p class='ocr_par' dir='ltr' id='par_1_31' title="bbox 1912 1709 3496 1779">
     <span class='ocr_line' id='line_1_31' title="bbox 1912 1709 3496 1779; baseline 0.004 -15"><span class='ocrx_word' id='word_1_218' title='bbox 1912 1709 2046 1779; x_wconf 90' lang='lat' dir='ltr'><strong>priis</strong></span> <span class='ocrx_word' id='word_1_219' title='bbox 2065 1711 2415 1765; x_wconf 89' lang='lat' dir='ltr'><strong>conscientiis</strong></span> <span class='ocrx_word' id='word_1_220' title='bbox 2441 1711 2673 1769; x_wconf 88' lang='lat' dir='ltr'><strong>voluerit</strong></span> <span class='ocrx_word' id='word_1_221' title='bbox 2693 1711 3052 1775; x_wconf 88' lang='lat' dir='ltr'><strong>intercedere,</strong></span> <span class='ocrx_word' id='word_1_222' title='bbox 3081 1712 3249 1770; x_wconf 85' lang='lat' dir='ltr'><strong>habet</strong></span> <span class='ocrx_word' id='word_1_223' title='bbox 3269 1713 3496 1770; x_wconf 82' lang='lat' dir='ltr'><strong>devotus</strong></span> 
     </span>
    </p>
   </div>
   <div class='ocr_carea' id='block_1_32' title="bbox 1915 1802 3496 1876">
    <p class='ocr_par' dir='ltr' id='par_1_32' title="bbox 1915 1802 3496 1876">
     <span class='ocr_line' id='line_1_32' title="bbox 1915 1802 3496 1876; baseline 0 -14"><span class='ocrx_word' id='word_1_224' title='bbox 1915 1802 2078 1862; x_wconf 85' lang='lat' dir='ltr'><strong>homo</strong></span> <span class='ocrx_word' id='word_1_225' title='bbox 2117 1803 2293 1858; x_wconf 90' lang='lat' dir='ltr'><strong>locum</strong></span> <span class='ocrx_word' id='word_1_226' title='bbox 2345 1805 2435 1859; x_wconf 92' lang='lat' dir='ltr'><strong>ubi</strong></span> <span class='ocrx_word' id='word_1_227' title='bbox 2474 1820 2571 1874; x_wconf 84' lang='lat' dir='ltr'><strong>pro</strong></span> <span class='ocrx_word' id='word_1_228' title='bbox 2615 1805 2694 1860; x_wconf 87' lang='lat' dir='ltr'><strong>eis</strong></span> <span class='ocrx_word' id='word_1_229' title='bbox 2735 1813 2909 1876; x_wconf 77' lang='lat' dir='ltr'><strong>roget.</strong></span> <span class='ocrx_word' id='word_1_230' title='bbox 2969 1803 3101 1862; x_wconf 89' lang='lat' dir='ltr'><strong>Post</strong></span> <span class='ocrx_word' id='word_1_231' title='bbox 3139 1805 3496 1864; x_wconf 87' lang='lat' dir='ltr'><strong>salvationem</strong></span> 
     </span>
    </p>
   </div>
   <div class='ocr_carea' id='block_1_33' title="bbox 223 1879 3490 1968">
    <p class='ocr_par' dir='ltr' id='par_1_33' title="bbox 223 1879 3490 1968">
     <span class='ocr_line' id='line_1_33' title="bbox 223 1879 3490 1968; baseline 0.002 -20"><span class='ocrx_word' id='word_1_232' title='bbox 223 1891 330 1948; x_wconf 89' lang='lat' dir='ltr'><strong>Per</strong></span> <span class='ocrx_word' id='word_1_233' title='bbox 378 1909 574 1964; x_wconf 90' lang='lat' dir='ltr'><strong>corpus</strong></span> <span class='ocrx_word' id='word_1_234' title='bbox 624 1893 825 1950; x_wconf 85' lang='lat' dir='ltr'><strong>Christi</strong></span> <span class='ocrx_word' id='word_1_235' title='bbox 868 1895 1011 1964; x_wconf 85' lang='lat' dir='ltr'><strong>quod</strong></span> <span class='ocrx_word' id='word_1_236' title='bbox 1065 1895 1355 1949; x_wconf 82' lang='lat' dir='ltr'><strong>manducet</strong></span> <span class='ocrx_word' id='word_1_237' title='bbox 1407 1895 1569 1948; x_wconf 89' lang='lat' dir='ltr'><strong>homo</strong></span> <span class='ocrx_word' id='word_1_238' title='bbox 1624 1891 1807 1961; x_wconf 80' lang='lat' dir='ltr'><strong>digne,</strong></span> <span class='ocrx_word' id='word_1_239' title='bbox 1837 1879 1887 1939; x_wconf 77' lang='grc' dir='ltr'><strong>Β</strong></span> <span class='ocrx_word' id='word_1_240' title='bbox 1915 1897 2236 1962; x_wconf 86' lang='lat' dir='ltr'><strong>sacerdotis,</strong></span> <span class='ocrx_word' id='word_1_241' title='bbox 2282 1899 2563 1968; x_wconf 77' lang='lat' dir='ltr'><strong>evangelio</strong></span> <span class='ocrx_word' id='word_1_242' title='bbox 2605 1898 2764 1962; x_wconf 89' lang='lat' dir='ltr'><strong>lecto,</strong></span> <span class='ocrx_word' id='word_1_243' title='bbox 2794 1898 3011 1968; x_wconf 87' lang='lat' dir='ltr'><strong>quando</strong></span> <span class='ocrx_word' id='word_1_244' title='bbox 3055 1901 3308 1958; x_wconf 76' lang='lat' dir='ltr'><strong>sacerdos</strong></span> <span class='ocrx_word' id='word_1_245' title='bbox 3344 1901 3490 1963; x_wconf 90' lang='lat' dir='ltr'><strong>dicit,</strong></span> 
     </span>
    </p>
   </div>
   <div class='ocr_carea' id='block_1_34' title="bbox 225 1983 1812 2056">
    <p class='ocr_par' dir='ltr' id='par_1_34' title="bbox 225 1983 1812 2056">
     <span class='ocr_line' id='line_1_34' title="bbox 225 1983 1812 2056; baseline -0.001 -19"><span class='ocrx_word' id='word_1_246' title='bbox 225 1985 413 2039; x_wconf 88' lang='lat' dir='ltr'><strong>anima</strong></span> <span class='ocrx_word' id='word_1_247' title='bbox 460 1987 861 2042; x_wconf 86' lang='lat' dir='ltr'><strong>resurrectione</strong></span> <span class='ocrx_word' id='word_1_248' title='bbox 909 1995 1129 2056; x_wconf 87' lang='lat' dir='ltr'><strong>accepta</strong></span> <span class='ocrx_word' id='word_1_249' title='bbox 1177 2002 1274 2056; x_wconf 82' lang='lat' dir='ltr'><strong>per</strong></span> <span class='ocrx_word' id='word_1_250' title='bbox 1303 1985 1654 2054; x_wconf 81' lang='lat' dir='ltr'><strong>baptismum,</strong></span> <span class='ocrx_word' id='word_1_251' title='bbox 1697 1983 1812 2036; x_wconf 82' lang='lat' dir='ltr'><strong>sive</strong></span> 
     </span>
    </p>
   </div>
   <div class='ocr_carea' id='block_1_35' title="bbox 221 2075 1812 2149">
    <p class='ocr_par' dir='ltr' id='par_1_35' title="bbox 221 2075 1812 2149">
     <span class='ocr_line' id='line_1_35' title="bbox 221 2075 1812 2149; baseline -0.001 -18"><span class='ocrx_word' id='word_1_252' title='bbox 221 2091 326 2146; x_wconf 89' lang='lat' dir='ltr'><strong>per</strong></span> <span class='ocrx_word' id='word_1_253' title='bbox 376 2080 770 2148; x_wconf 78' lang='lat' dir='ltr'><strong>pmnitentiam,</strong></span> <span class='ocrx_word' id='word_1_254' title='bbox 825 2080 975 2144; x_wconf 87' lang='lat' dir='ltr'><strong>vivit,</strong></span> <span class='ocrx_word' id='word_1_255' title='bbox 1041 2094 1213 2149; x_wconf 88' lang='lat' dir='ltr'><strong>usque</strong></span> <span class='ocrx_word' id='word_1_256' title='bbox 1265 2079 1392 2140; x_wconf 86' lang='lat' dir='ltr'><strong>dum</strong></span> <span class='ocrx_word' id='word_1_257' title='bbox 1450 2075 1812 2144; x_wconf 87' lang='lat' dir='ltr'><strong>adimpleatur</strong></span> 
     </span>
    </p>
   </div>
   <div class='ocr_carea' id='block_1_36' title="bbox 221 2167 1809 2238">
    <p class='ocr_par' dir='ltr' id='par_1_36' title="bbox 221 2167 1809 2238">
     <span class='ocr_line' id='line_1_36' title="bbox 221 2167 1809 2238; baseline 0.001 -16"><span class='ocrx_word' id='word_1_258' title='bbox 221 2167 384 2238; x_wconf 86' lang='lat' dir='ltr'><strong>plena</strong></span> <span class='ocrx_word' id='word_1_259' title='bbox 425 2171 760 2226; x_wconf 86' lang='lat' dir='ltr'><strong>resurrectio</strong></span> <span class='ocrx_word' id='word_1_260' title='bbox 797 2172 851 2226; x_wconf 92' lang='lat' dir='ltr'><strong>in</strong></span> <span class='ocrx_word' id='word_1_261' title='bbox 889 2179 1082 2230; x_wconf 82' lang='lat' dir='ltr'><strong>octavo</strong></span> <span class='ocrx_word' id='word_1_262' title='bbox 1117 2171 1223 2225; x_wconf 87' lang='lat' dir='ltr'><strong>die.</strong></span> <span class='ocrx_word' id='word_1_263' title='bbox 1267 2169 1383 2238; x_wconf 85' lang='lat' dir='ltr'><strong>Qua</strong></span> <span class='ocrx_word' id='word_1_264' title='bbox 1410 2168 1477 2224; x_wconf 91' lang='lat' dir='ltr'><strong>de</strong></span> <span class='ocrx_word' id='word_1_265' title='bbox 1504 2184 1564 2223; x_wconf 89' lang='lat' dir='ltr'><strong>re</strong></span> <span class='ocrx_word' id='word_1_266' title='bbox 1593 2167 1809 2238; x_wconf 90' lang='lat' dir='ltr'><strong>quando</strong></span> 
     </span>
    </p>
   </div>
   <div class='ocr_carea' id='block_1_37' title="bbox 223 2260 1810 2334">
    <p class='ocr_par' dir='ltr' id='par_1_37' title="bbox 223 2260 1810 2334">
     <span class='ocr_line' id='line_1_37' title="bbox 223 2260 1810 2334; baseline 0.002 -20"><span class='ocrx_word' id='word_1_267' title='bbox 223 2260 277 2314; x_wconf 90' lang='lat' dir='ltr'><strong>in</strong></span> <span class='ocrx_word' id='word_1_268' title='bbox 317 2269 568 2316; x_wconf 88' lang='lat' dir='ltr'><strong>extremo</strong></span> <span class='ocrx_word' id='word_1_269' title='bbox 607 2263 730 2320; x_wconf 69' lang='lat' dir='ltr'><strong>vita:</strong></span> <span class='ocrx_word' id='word_1_270' title='bbox 761 2271 846 2318; x_wconf 88' lang='lat' dir='ltr'><strong>est</strong></span> <span class='ocrx_word' id='word_1_271' title='bbox 889 2265 1073 2329; x_wconf 89' lang='lat' dir='ltr'><strong>homo,</strong></span> <span class='ocrx_word' id='word_1_272' title='bbox 1118 2272 1177 2326; x_wconf 88' lang='lat' dir='ltr'><strong>ut</strong></span> <span class='ocrx_word' id='word_1_273' title='bbox 1217 2272 1503 2334; x_wconf 84' lang='lat' dir='ltr'><strong>separetur</strong></span> <span class='ocrx_word' id='word_1_274' title='bbox 1532 2278 1730 2332; x_wconf 89' lang='lat' dir='ltr'><strong>corpus</strong></span> <span class='ocrx_word' id='word_1_275' title='bbox 1755 2271 1810 2317; x_wconf 91' lang='lat' dir='ltr'><strong>et</strong></span> 
     </span>
    </p>
   </div>
   <div class='ocr_carea' id='block_1_38' title="bbox 219 2354 1810 2428">
    <p class='ocr_par' dir='ltr' id='par_1_38' title="bbox 219 2354 1810 2428">
     <span class='ocr_line' id='line_1_38' title="bbox 219 2354 1810 2428; baseline 0.002 -21"><span class='ocrx_word' id='word_1_276' title='bbox 219 2354 428 2422; x_wconf 84' lang='lat' dir='ltr'><strong>anima,</strong></span> <span class='ocrx_word' id='word_1_277' title='bbox 460 2355 624 2410; x_wconf 88' lang='lat' dir='ltr'><strong>sumit</strong></span> <span class='ocrx_word' id='word_1_278' title='bbox 647 2357 829 2418; x_wconf 88' lang='lat' dir='ltr'><strong>anima</strong></span> <span class='ocrx_word' id='word_1_279' title='bbox 856 2358 1111 2412; x_wconf 82' lang='lat' dir='ltr'><strong>viaticum</strong></span> <span class='ocrx_word' id='word_1_280' title='bbox 1146 2359 1248 2412; x_wconf 86' lang='lat' dir='ltr'><strong>sibi</strong></span> <span class='ocrx_word' id='word_1_281' title='bbox 1274 2373 1474 2428; x_wconf 87' lang='lat' dir='ltr'><strong>corpus</strong></span> <span class='ocrx_word' id='word_1_282' title='bbox 1496 2357 1720 2420; x_wconf 87' lang='lat' dir='ltr'><strong>Christi,</strong></span> <span class='ocrx_word' id='word_1_283' title='bbox 1750 2365 1810 2411; x_wconf 89' lang='lat' dir='ltr'><strong>ut</strong></span> 
     </span>
    </p>
   </div>
   <div class='ocr_carea' id='block_1_39' title="bbox 219 2449 1807 2522">
    <p class='ocr_par' dir='ltr' id='par_1_39' title="bbox 219 2449 1807 2522">
     <span class='ocr_line' id='line_1_39' title="bbox 219 2449 1807 2522; baseline 0.002 -21"><span class='ocrx_word' id='word_1_284' title='bbox 219 2457 448 2518; x_wconf 83' lang='lat' dir='ltr'><strong>propter</strong></span> <span class='ocrx_word' id='word_1_285' title='bbox 477 2449 606 2504; x_wconf 91' lang='lat' dir='ltr'><strong>illud</strong></span> <span class='ocrx_word' id='word_1_286' title='bbox 639 2466 836 2520; x_wconf 88' lang='lat' dir='ltr'><strong>corpus</strong></span> <span class='ocrx_word' id='word_1_287' title='bbox 875 2452 929 2505; x_wconf 91' lang='lat' dir='ltr'><strong>in</strong></span> <span class='ocrx_word' id='word_1_288' title='bbox 959 2467 1052 2522; x_wconf 88' lang='lat' dir='ltr'><strong>spe</strong></span> <span class='ocrx_word' id='word_1_289' title='bbox 1091 2453 1254 2506; x_wconf 90' lang='lat' dir='ltr'><strong>homo</strong></span> <span class='ocrx_word' id='word_1_290' title='bbox 1276 2453 1444 2517; x_wconf 80' lang='lat' dir='ltr'><strong>vivat,</strong></span> <span class='ocrx_word' id='word_1_291' title='bbox 1476 2466 1646 2520; x_wconf 88' lang='lat' dir='ltr'><strong>usque</strong></span> <span class='ocrx_word' id='word_1_292' title='bbox 1681 2452 1807 2505; x_wconf 91' lang='lat' dir='ltr'><strong>dum</strong></span> 
     </span>
    </p>
   </div>
   <div class='ocr_carea' id='block_1_40' title="bbox 220 2539 1807 2612">
    <p class='ocr_par' dir='ltr' id='par_1_40' title="bbox 220 2539 1807 2612">
     <span class='ocr_line' id='line_1_40' title="bbox 220 2539 1807 2612; baseline 0.004 -19"><span class='ocrx_word' id='word_1_293' title='bbox 220 2539 452 2609; x_wconf 79' lang='lat' dir='ltr'><strong>recipiat</strong></span> <span class='ocrx_word' id='word_1_294' title='bbox 500 2557 698 2612; x_wconf 85' lang='lat' dir='ltr'><strong>corpus</strong></span> <span class='ocrx_word' id='word_1_295' title='bbox 741 2544 794 2597; x_wconf 92' lang='lat' dir='ltr'><strong>in</strong></span> <span class='ocrx_word' id='word_1_296' title='bbox 847 2545 1262 2607; x_wconf 85' lang='lat' dir='ltr'><strong>resurrectione,</strong></span> <span class='ocrx_word' id='word_1_297' title='bbox 1306 2544 1448 2612; x_wconf 85' lang='lat' dir='ltr'><strong>quod</strong></span> <span class='ocrx_word' id='word_1_298' title='bbox 1498 2542 1807 2604; x_wconf 81' lang='lat' dir='ltr'><strong>vivificabat</strong></span> 
     </span>
    </p>
   </div>
   <div class='ocr_carea' id='block_1_41' title="bbox 218 2629 1809 2702">
    <p class='ocr_par' dir='ltr' id='par_1_41' title="bbox 218 2629 1809 2702">
     <span class='ocr_line' id='line_1_41' title="bbox 218 2629 1809 2702; baseline 0.001 -18"><span class='ocrx_word' id='word_1_299' title='bbox 218 2642 315 2698; x_wconf 89' lang='lat' dir='ltr'><strong>per</strong></span> <span class='ocrx_word' id='word_1_300' title='bbox 357 2644 443 2696; x_wconf 85' lang='lat' dir='ltr'><strong>se,</strong></span> <span class='ocrx_word' id='word_1_301' title='bbox 487 2629 540 2685; x_wconf 92' lang='lat' dir='ltr'><strong>id</strong></span> <span class='ocrx_word' id='word_1_302' title='bbox 571 2639 671 2695; x_wconf 89' lang='lat' dir='ltr'><strong>est,</strong></span> <span class='ocrx_word' id='word_1_303' title='bbox 713 2645 812 2702; x_wconf 87' lang='lat' dir='ltr'><strong>per</strong></span> <span class='ocrx_word' id='word_1_304' title='bbox 853 2646 1009 2687; x_wconf 87' lang='lat' dir='ltr'><strong>suam</strong></span> <span class='ocrx_word' id='word_1_305' title='bbox 1044 2631 1591 2688; x_wconf 86' lang='lat' dir='ltr'><strong>administrationem.</strong></span> <span class='ocrx_word' id='word_1_306' title='bbox 1625 2631 1809 2699; x_wconf 85' lang='lat' dir='ltr'><strong>Quan-</strong></span> 
     </span>
    </p>
   </div>
   <div class='ocr_carea' id='block_1_42' title="bbox 217 2724 1803 2797">
    <p class='ocr_par' dir='ltr' id='par_1_42' title="bbox 217 2724 1803 2797">
     <span class='ocr_line' id='line_1_42' title="bbox 217 2724 1803 2797; baseline -0.001 -17"><span class='ocrx_word' id='word_1_307' title='bbox 217 2724 305 2780; x_wconf 82' lang='lat' dir='ltr'><strong>diu</strong></span> <span class='ocrx_word' id='word_1_308' title='bbox 334 2726 432 2781; x_wconf 83' lang='lat' dir='ltr'><strong>hic</strong></span> <span class='ocrx_word' id='word_1_309' title='bbox 461 2726 596 2781; x_wconf 81' lang='lat' dir='ltr'><strong>vixit</strong></span> <span class='ocrx_word' id='word_1_310' title='bbox 621 2727 826 2793; x_wconf 86' lang='lat' dir='ltr'><strong>anima,</strong></span> <span class='ocrx_word' id='word_1_311' title='bbox 860 2727 1075 2782; x_wconf 85' lang='lat' dir='ltr'><strong>vivebat</strong></span> <span class='ocrx_word' id='word_1_312' title='bbox 1100 2735 1321 2797; x_wconf 85' lang='lat' dir='ltr'><strong>propter</strong></span> <span class='ocrx_word' id='word_1_313' title='bbox 1350 2743 1548 2796; x_wconf 90' lang='lat' dir='ltr'><strong>corpus</strong></span> <span class='ocrx_word' id='word_1_314' title='bbox 1575 2724 1803 2792; x_wconf 88' lang='lat' dir='ltr'><strong>Christi,</strong></span> 
     </span>
    </p>
   </div>
   <div class='ocr_carea' id='block_1_43' title="bbox 217 2817 1806 2891">
    <p class='ocr_par' dir='ltr' id='par_1_43' title="bbox 217 2817 1806 2891">
     <span class='ocr_line' id='line_1_43' title="bbox 217 2817 1806 2891; baseline -0.001 -15"><span class='ocrx_word' id='word_1_315' title='bbox 217 2828 272 2876; x_wconf 83' lang='lat' dir='ltr'><strong>et</strong></span> <span class='ocrx_word' id='word_1_316' title='bbox 311 2820 602 2891; x_wconf 85' lang='lat' dir='ltr'><strong>proprium</strong></span> <span class='ocrx_word' id='word_1_317' title='bbox 629 2835 828 2890; x_wconf 89' lang='lat' dir='ltr'><strong>corpus</strong></span> <span class='ocrx_word' id='word_1_318' title='bbox 871 2828 1094 2891; x_wconf 89' lang='lat' dir='ltr'><strong>propter</strong></span> <span class='ocrx_word' id='word_1_319' title='bbox 1125 2821 1363 2876; x_wconf 86' lang='lat' dir='ltr'><strong>animam</strong></span> <span class='ocrx_word' id='word_1_320' title='bbox 1389 2837 1402 2872; x_wconf 77' lang='grc' dir='ltr'><strong>ε</strong></span> <span class='ocrx_word' id='word_1_321' title='bbox 1428 2817 1678 2886; x_wconf 85' lang='lat' dir='ltr'><strong>Christus</strong></span> <span class='ocrx_word' id='word_1_322' title='bbox 1710 2835 1806 2875; x_wconf 85' lang='lat' dir='ltr'><strong>an-</strong></span> 
     </span>
    </p>
   </div>
   <div class='ocr_carea' id='block_1_44' title="bbox 217 2911 1809 2982">
    <p class='ocr_par' dir='ltr' id='par_1_44' title="bbox 217 2911 1809 2982">
     <span class='ocr_line' id='line_1_44' title="bbox 217 2911 1809 2982; baseline 0.003 -18"><span class='ocrx_word' id='word_1_323' title='bbox 217 2918 443 2981; x_wconf 87' lang='lat' dir='ltr'><strong>tequam</strong></span> <span class='ocrx_word' id='word_1_324' title='bbox 482 2920 783 2981; x_wconf 89' lang='lat' dir='ltr'><strong>pateretur,</strong></span> <span class='ocrx_word' id='word_1_325' title='bbox 816 2927 958 2982; x_wconf 65' lang='lat' dir='ltr'><strong>saepe</strong></span> <span class='ocrx_word' id='word_1_326' title='bbox 994 2913 1172 2967; x_wconf 87' lang='lat' dir='ltr'><strong>oravit</strong></span> <span class='ocrx_word' id='word_1_327' title='bbox 1223 2911 1387 2974; x_wconf 89' lang='lat' dir='ltr'><strong>solus,</strong></span> <span class='ocrx_word' id='word_1_328' title='bbox 1439 2918 1494 2968; x_wconf 85' lang='lat' dir='ltr'><strong>et</strong></span> <span class='ocrx_word' id='word_1_329' title='bbox 1520 2919 1809 2980; x_wconf 58' lang='lat' dir='ltr'><strong>pernocte.</strong></span> 
     </span>
    </p>
   </div>
   <div class='ocr_carea' id='block_1_45' title="bbox 218 2999 1660 3073">
    <p class='ocr_par' dir='ltr' id='par_1_45' title="bbox 218 2999 1660 3073">
     <span class='ocr_line' id='line_1_45' title="bbox 218 2999 1660 3073; baseline 0.004 -19"><span class='ocrx_word' id='word_1_330' title='bbox 218 2999 310 3054; x_wconf 90' lang='lat' dir='ltr'><strong>bat</strong></span> <span class='ocrx_word' id='word_1_331' title='bbox 343 3001 406 3054; x_wconf 89' lang='lat' dir='ltr'><strong>in</strong></span> <span class='ocrx_word' id='word_1_332' title='bbox 433 3002 699 3057; x_wconf 89' lang='lat' dir='ltr'><strong>oratione.</strong></span> <span class='ocrx_word' id='word_1_333' title='bbox 731 3001 838 3058; x_wconf 87' lang='lat' dir='ltr'><strong>Pro</strong></span> <span class='ocrx_word' id='word_1_334' title='bbox 873 3004 1052 3069; x_wconf 88' lang='lat' dir='ltr'><strong>nobis,</strong></span> <span class='ocrx_word' id='word_1_335' title='bbox 1084 3020 1189 3059; x_wconf 91' lang='lat' dir='ltr'><strong>non</strong></span> <span class='ocrx_word' id='word_1_336' title='bbox 1219 3019 1318 3073; x_wconf 91' lang='lat' dir='ltr'><strong>pro</strong></span> <span class='ocrx_word' id='word_1_337' title='bbox 1340 3019 1417 3068; x_wconf 91' lang='lat' dir='ltr'><strong>se,</strong></span> <span class='ocrx_word' id='word_1_338' title='bbox 1447 3004 1660 3060; x_wconf 86' lang='lat' dir='ltr'><strong>orabat.</strong></span> 
     </span>
    </p>
   </div>
   <div class='ocr_carea' id='block_1_46' title="bbox 291 3090 1807 3166">
    <p class='ocr_par' dir='ltr' id='par_1_46' title="bbox 291 3090 1807 3166">
     <span class='ocr_line' id='line_1_46' title="bbox 291 3090 1807 3166; baseline 0.003 -20"><span class='ocrx_word' id='word_1_339' title='bbox 291 3090 468 3148; x_wconf 90' lang='lat' dir='ltr'><strong>Omne</strong></span> <span class='ocrx_word' id='word_1_340' title='bbox 489 3109 657 3164; x_wconf 85' lang='lat' dir='ltr'><strong>genus</strong></span> <span class='ocrx_word' id='word_1_341' title='bbox 679 3094 974 3149; x_wconf 87' lang='lat' dir='ltr'><strong>humanum</strong></span> <span class='ocrx_word' id='word_1_342' title='bbox 1000 3095 1272 3150; x_wconf 81' lang='lat' dir='ltr'><strong>subditum</strong></span> <span class='ocrx_word' id='word_1_343' title='bbox 1297 3105 1413 3151; x_wconf 88' lang='lat' dir='ltr'><strong>erat</strong></span> <span class='ocrx_word' id='word_1_344' title='bbox 1436 3095 1680 3150; x_wconf 90' lang='lat' dir='ltr'><strong>diabolo:</strong></span> <span class='ocrx_word' id='word_1_345' title='bbox 1707 3111 1807 3166; x_wconf 91' lang='lat' dir='ltr'><strong>pro</strong></span> 
     </span>
    </p>
   </div>
   <div class='ocr_carea' id='block_1_47' title="bbox 218 3180 1804 3258">
    <p class='ocr_par' dir='ltr' id='par_1_47' title="bbox 218 3180 1804 3258">
     <span class='ocr_line' id='line_1_47' title="bbox 218 3180 1804 3258; baseline 0.007 -20"><span class='ocrx_word' id='word_1_346' title='bbox 218 3180 323 3244; x_wconf 84' lang='lat' dir='ltr'><strong>hac</strong></span> <span class='ocrx_word' id='word_1_347' title='bbox 372 3185 713 3245; x_wconf 85' lang='lat' dir='ltr'><strong>absolutione</strong></span> <span class='ocrx_word' id='word_1_348' title='bbox 761 3187 1043 3245; x_wconf 88' lang='lat' dir='ltr'><strong>descendit</strong></span> <span class='ocrx_word' id='word_1_349' title='bbox 1084 3187 1151 3244; x_wconf 92' lang='lat' dir='ltr'><strong>de</strong></span> <span class='ocrx_word' id='word_1_350' title='bbox 1203 3189 1361 3254; x_wconf 79' lang='lat' dir='ltr'><strong>ccelo,</strong></span> <span class='ocrx_word' id='word_1_351' title='bbox 1404 3196 1458 3249; x_wconf 88' lang='lat' dir='ltr'><strong>et</strong></span> <span class='ocrx_word' id='word_1_352' title='bbox 1496 3197 1804 3258; x_wconf 84' lang='lat' dir='ltr'><strong>susceptam</strong></span> 
     </span>
    </p>
   </div>
   <div class='ocr_carea' id='block_1_48' title="bbox 1916 1985 3493 2058">
    <p class='ocr_par' dir='ltr' id='par_1_48' title="bbox 1916 1985 3493 2058">
     <span class='ocr_line' id='line_1_48' title="bbox 1916 1985 3493 2058; baseline 0.003 -18"><span class='ocrx_word' id='word_1_353' title='bbox 1916 1985 2158 2053; x_wconf 76' lang='lat' dir='ltr'><strong>Oremus,</strong></span> <span class='ocrx_word' id='word_1_354' title='bbox 2207 1994 2262 2042; x_wconf 93' lang='lat' dir='ltr'><strong>et</strong></span> <span class='ocrx_word' id='word_1_355' title='bbox 2287 1988 2411 2042; x_wconf 85' lang='lat' dir='ltr'><strong>dein</strong></span> <span class='ocrx_word' id='word_1_356' title='bbox 2444 1988 2642 2045; x_wconf 90' lang='lat' dir='ltr'><strong>transit</strong></span> <span class='ocrx_word' id='word_1_357' title='bbox 2675 1988 2743 2044; x_wconf 89' lang='lat' dir='ltr'><strong>ad</strong></span> <span class='ocrx_word' id='word_1_358' title='bbox 2786 1989 3130 2058; x_wconf 85' lang='lat' dir='ltr'><strong>accipiendas</strong></span> <span class='ocrx_word' id='word_1_359' title='bbox 3169 1989 3493 2056; x_wconf 87' lang='lat' dir='ltr'><strong>oblationes,</strong></span> 
     </span>
    </p>
   </div>
   <div class='ocr_carea' id='block_1_49' title="bbox 1910 2077 3498 2153">
    <p class='ocr_par' dir='ltr' id='par_1_49' title="bbox 1910 2077 3498 2153">
     <span class='ocr_line' id='line_1_49' title="bbox 1910 2077 3498 2153; baseline 0 -19"><span class='ocrx_word' id='word_1_360' title='bbox 1910 2084 2276 2145; x_wconf 74' lang='lat' dir='ltr'><strong>congruenter</strong></span> <span class='ocrx_word' id='word_1_361' title='bbox 2319 2085 2500 2146; x_wconf 87' lang='lat' dir='ltr'><strong>potest</strong></span> <span class='ocrx_word' id='word_1_362' title='bbox 2555 2077 2842 2136; x_wconf 84' lang='lat' dir='ltr'><strong>multitudo</strong></span> <span class='ocrx_word' id='word_1_363' title='bbox 2888 2078 3067 2148; x_wconf 87' lang='lat' dir='ltr'><strong>populi</strong></span> <span class='ocrx_word' id='word_1_364' title='bbox 3122 2092 3222 2148; x_wconf 88' lang='lat' dir='ltr'><strong>pro</strong></span> <span class='ocrx_word' id='word_1_365' title='bbox 3259 2078 3498 2153; x_wconf 84' lang='lat' dir='ltr'><strong>prepriis</strong></span> 
     </span>
    </p>
   </div>
   <div class='ocr_carea' id='block_1_50' title="bbox 1911 2167 3492 2242">
    <p class='ocr_par' dir='ltr' id='par_1_50' title="bbox 1911 2167 3492 2242">
     <span class='ocr_line' id='line_1_50' title="bbox 1911 2167 3492 2242; baseline -0.001 -16"><span class='ocrx_word' id='word_1_366' title='bbox 1911 2167 2260 2230; x_wconf 85' lang='lat' dir='ltr'><strong>conscientiis</strong></span> <span class='ocrx_word' id='word_1_367' title='bbox 2289 2168 2647 2232; x_wconf 87' lang='lat' dir='ltr'><strong>intercedere.</strong></span> <span class='ocrx_word' id='word_1_368' title='bbox 2678 2176 2968 2238; x_wconf 81' lang='lat' dir='ltr'><strong>antequam</strong></span> <span class='ocrx_word' id='word_1_369' title='bbox 2997 2178 3240 2242; x_wconf 77' lang='lat' dir='ltr'><strong>transeat</strong></span> <span class='ocrx_word' id='word_1_370' title='bbox 3275 2169 3341 2224; x_wconf 90' lang='lat' dir='ltr'><strong>ad</strong></span> <span class='ocrx_word' id='word_1_371' title='bbox 3365 2185 3492 2240; x_wconf 75' lang='lat' dir='ltr'><strong>gra-</strong></span> 
     </span>
    </p>
   </div>
   <div class='ocr_carea' id='block_1_51' title="bbox 1911 2258 3492 2331">
    <p class='ocr_par' dir='ltr' id='par_1_51' title="bbox 1911 2258 3492 2331">
     <span class='ocr_line' id='line_1_51' title="bbox 1911 2258 3492 2331; baseline -0.002 -12"><span class='ocrx_word' id='word_1_372' title='bbox 1911 2258 2016 2319; x_wconf 83' lang='lat' dir='ltr'><strong>iias</strong></span> <span class='ocrx_word' id='word_1_373' title='bbox 2073 2259 2309 2328; x_wconf 79' lang='lat' dir='ltr'><strong>agendas</strong></span> <span class='ocrx_word' id='word_1_374' title='bbox 2367 2259 2422 2314; x_wconf 92' lang='lat' dir='ltr'><strong>in</strong></span> <span class='ocrx_word' id='word_1_375' title='bbox 2486 2259 2858 2320; x_wconf 73' lang='lat' dir='ltr'><strong>Prmfatione:</strong></span> <span class='ocrx_word' id='word_1_376' title='bbox 2907 2261 3168 2324; x_wconf 81' lang='lat' dir='ltr'><strong>sacerdos</strong></span> <span class='ocrx_word' id='word_1_377' title='bbox 3216 2261 3492 2331; x_wconf 85' lang='lat' dir='ltr'><strong>propriis,</strong></span> 
     </span>
    </p>
   </div>
   <div class='ocr_carea' id='block_1_52' title="bbox 1910 2351 3496 2426">
    <p class='ocr_par' dir='ltr' id='par_1_52' title="bbox 1910 2351 3496 2426">
     <span class='ocr_line' id='line_1_52' title="bbox 1910 2351 3496 2426; baseline 0.004 -20"><span class='ocrx_word' id='word_1_378' title='bbox 1910 2351 2129 2419; x_wconf 81' lang='lat' dir='ltr'><strong>quando</strong></span> <span class='ocrx_word' id='word_1_379' title='bbox 2176 2360 2301 2420; x_wconf 91' lang='lat' dir='ltr'><strong>post</strong></span> <span class='ocrx_word' id='word_1_380' title='bbox 2339 2360 2591 2421; x_wconf 89' lang='lat' dir='ltr'><strong>acceptas</strong></span> <span class='ocrx_word' id='word_1_381' title='bbox 2638 2351 2941 2412; x_wconf 84' lang='lat' dir='ltr'><strong>oblationes</strong></span> <span class='ocrx_word' id='word_1_382' title='bbox 2977 2354 3155 2422; x_wconf 88' lang='lat' dir='ltr'><strong>primo</strong></span> <span class='ocrx_word' id='word_1_383' title='bbox 3199 2353 3398 2426; x_wconf 72' lang='lat' dir='ltr'><strong>transit</strong></span> <span class='ocrx_word' id='word_1_384' title='bbox 3429 2352 3496 2412; x_wconf 85' lang='lat' dir='ltr'><strong>ad</strong></span> 
     </span>
    </p>
   </div>
   <div class='ocr_carea' id='block_1_53' title="bbox 1910 2441 3499 2514">
    <p class='ocr_par' dir='ltr' id='par_1_53' title="bbox 1910 2441 3499 2514">
     <span class='ocr_line' id='line_1_53' title="bbox 1910 2441 3499 2514; baseline -0.001 -15"><span class='ocrx_word' id='word_1_385' title='bbox 1910 2442 2101 2500; x_wconf 83' lang='lat' dir='ltr'><strong>altare.</strong></span> <span class='ocrx_word' id='word_1_386' title='bbox 2128 2441 2392 2499; x_wconf 86' lang='lat' dir='ltr'><strong>Cantores</strong></span> <span class='ocrx_word' id='word_1_387' title='bbox 2419 2443 2472 2499; x_wconf 92' lang='lat' dir='ltr'><strong>in</strong></span> <span class='ocrx_word' id='word_1_388' title='bbox 2505 2458 2570 2499; x_wconf 91' lang='lat' dir='ltr'><strong>eo</strong></span> <span class='ocrx_word' id='word_1_389' title='bbox 2597 2443 2740 2507; x_wconf 91' lang='lat' dir='ltr'><strong>loco,</strong></span> <span class='ocrx_word' id='word_1_390' title='bbox 2784 2443 2875 2498; x_wconf 90' lang='lat' dir='ltr'><strong>ubi</strong></span> <span class='ocrx_word' id='word_1_391' title='bbox 2931 2444 3190 2504; x_wconf 84' lang='lat' dir='ltr'><strong>sacerdos</strong></span> <span class='ocrx_word' id='word_1_392' title='bbox 3220 2445 3499 2514; x_wconf 84' lang='lat' dir='ltr'><strong>componit</strong></span> 
     </span>
    </p>
   </div>
   <div class='ocr_carea' id='block_1_54' title="bbox 1909 2534 3496 2608">
    <p class='ocr_par' dir='ltr' id='par_1_54' title="bbox 1909 2534 3496 2608">
     <span class='ocr_line' id='line_1_54' title="bbox 1909 2534 3496 2608; baseline -0.001 -14"><span class='ocrx_word' id='word_1_393' title='bbox 1909 2534 2144 2594; x_wconf 84' lang='lat' dir='ltr'><strong>hostiam</strong></span> <span class='ocrx_word' id='word_1_394' title='bbox 2179 2535 2231 2594; x_wconf 90' lang='lat' dir='ltr'><strong>iu</strong></span> <span class='ocrx_word' id='word_1_395' title='bbox 2278 2535 2459 2604; x_wconf 79' lang='lat' dir='ltr'><strong>altari,</strong></span> <span class='ocrx_word' id='word_1_396' title='bbox 2514 2545 2568 2591; x_wconf 87' lang='lat' dir='ltr'><strong>et</strong></span> <span class='ocrx_word' id='word_1_397' title='bbox 2600 2535 2731 2592; x_wconf 83' lang='lat' dir='ltr'><strong>facit</strong></span> <span class='ocrx_word' id='word_1_398' title='bbox 2765 2551 2888 2600; x_wconf 80' lang='lat' dir='ltr'><strong>eam</strong></span> <span class='ocrx_word' id='word_1_399' title='bbox 2934 2539 3168 2606; x_wconf 66' lang='lat' dir='ltr'><strong>transire</strong></span> <span class='ocrx_word' id='word_1_400' title='bbox 3203 2552 3304 2608; x_wconf 89' lang='lat' dir='ltr'><strong>per</strong></span> <span class='ocrx_word' id='word_1_401' title='bbox 3342 2553 3496 2594; x_wconf 87' lang='lat' dir='ltr'><strong>suam</strong></span> 
     </span>
    </p>
   </div>
   <div class='ocr_carea' id='block_1_55' title="bbox 1907 2628 3496 2695">
    <p class='ocr_par' dir='ltr' id='par_1_55' title="bbox 1907 2628 3496 2695">
     <span class='ocr_line' id='line_1_55' title="bbox 1907 2628 3496 2695; baseline 0.002 -13"><span class='ocrx_word' id='word_1_402' title='bbox 1907 2635 2176 2687; x_wconf 84' lang='lat' dir='ltr'><strong>secretam</strong></span> <span class='ocrx_word' id='word_1_403' title='bbox 2208 2628 2509 2683; x_wconf 89' lang='lat' dir='ltr'><strong>orationem</strong></span> <span class='ocrx_word' id='word_1_404' title='bbox 2553 2629 2622 2686; x_wconf 88' lang='lat' dir='ltr'><strong>ad</strong></span> <span class='ocrx_word' id='word_1_405' title='bbox 2663 2644 2859 2686; x_wconf 87' lang='lat' dir='ltr'><strong>nomen</strong></span> <span class='ocrx_word' id='word_1_406' title='bbox 2900 2630 3113 2695; x_wconf 74' lang='lat' dir='ltr'><strong>hostim,</strong></span> <span class='ocrx_word' id='word_1_407' title='bbox 3143 2631 3259 2687; x_wconf 85' lang='lat' dir='ltr'><strong>sive</strong></span> <span class='ocrx_word' id='word_1_408' title='bbox 3307 2645 3496 2686; x_wconf 76' lang='lat' dir='ltr'><strong>mune-</strong></span> 
     </span>
    </p>
   </div>
   <div class='ocr_carea' id='block_1_56' title="bbox 1908 2719 3498 2792">
    <p class='ocr_par' dir='ltr' id='par_1_56' title="bbox 1908 2719 3498 2792">
     <span class='ocr_line' id='line_1_56' title="bbox 1908 2719 3498 2792; baseline 0.001 -16"><span class='ocrx_word' id='word_1_409' title='bbox 1908 2721 2007 2786; x_wconf 84' lang='lat' dir='ltr'><strong>ris,</strong></span> <span class='ocrx_word' id='word_1_410' title='bbox 2062 2719 2282 2785; x_wconf 89' lang='lat' dir='ltr'><strong>donive,</strong></span> <span class='ocrx_word' id='word_1_411' title='bbox 2327 2720 2409 2773; x_wconf 87' lang='lat' dir='ltr'><strong>vel</strong></span> <span class='ocrx_word' id='word_1_412' title='bbox 2465 2720 2742 2786; x_wconf 84' lang='lat' dir='ltr'><strong>sacrificii,</strong></span> <span class='ocrx_word' id='word_1_413' title='bbox 2794 2737 2888 2778; x_wconf 90' lang='lat' dir='ltr'><strong>seu</strong></span> <span class='ocrx_word' id='word_1_414' title='bbox 2937 2722 3250 2779; x_wconf 88' lang='lat' dir='ltr'><strong>oblationis.</strong></span> <span class='ocrx_word' id='word_1_415' title='bbox 3301 2721 3360 2778; x_wconf 86' lang='lat' dir='ltr'><strong>Si</strong></span> <span class='ocrx_word' id='word_1_416' title='bbox 3397 2737 3498 2792; x_wconf 87' lang='lat' dir='ltr'><strong>pro</strong></span> 
     </span>
    </p>
   </div>
   <div class='ocr_carea' id='block_1_57' title="bbox 1908 2812 3498 2882">
    <p class='ocr_par' dir='ltr' id='par_1_57' title="bbox 1908 2812 3498 2882">
     <span class='ocr_line' id='line_1_57' title="bbox 1908 2812 3498 2882; baseline 0 -14"><span class='ocrx_word' id='word_1_417' title='bbox 1908 2812 2290 2881; x_wconf 80' lang='lat' dir='ltr'><strong>conjunctione</strong></span> <span class='ocrx_word' id='word_1_418' title='bbox 2317 2821 2630 2870; x_wconf 87' lang='lat' dir='ltr'><strong>sanctorum</strong></span> <span class='ocrx_word' id='word_1_419' title='bbox 2669 2813 3009 2882; x_wconf 71' lang='lat' dir='ltr'><strong>angelorum,</strong></span> <span class='ocrx_word' id='word_1_420' title='bbox 3051 2814 3215 2870; x_wconf 85' lang='lat' dir='ltr'><strong>habet</strong></span> <span class='ocrx_word' id='word_1_421' title='bbox 3250 2813 3307 2870; x_wconf 92' lang='lat' dir='ltr'><strong>in</strong></span> <span class='ocrx_word' id='word_1_422' title='bbox 3349 2812 3498 2868; x_wconf 71' lang='lat' dir='ltr'><strong>Prte-</strong></span> 
     </span>
    </p>
   </div>
   <div class='ocr_carea' id='block_1_58' title="bbox 1908 2903 3499 2977">
    <p class='ocr_par' dir='ltr' id='par_1_58' title="bbox 1908 2903 3499 2977">
     <span class='ocr_line' id='line_1_58' title="bbox 1908 2903 3499 2977; baseline 0.001 -18"><span class='ocrx_word' id='word_1_423' title='bbox 1908 2904 2112 2960; x_wconf 84' lang='lat' dir='ltr'><strong>fatione</strong></span> <span class='ocrx_word' id='word_1_424' title='bbox 2137 2923 2150 2959; x_wconf 92' lang='lat'><strong>:</strong></span> <span class='ocrx_word' id='word_1_425' title='bbox 2180 2905 2312 2960; x_wconf 86' lang='lat' dir='ltr'><strong>Cum</strong></span> <span class='ocrx_word' id='word_1_426' title='bbox 2347 2906 2537 2977; x_wconf 78' lang='lat' dir='ltr'><strong>quibus</strong></span> <span class='ocrx_word' id='word_1_427' title='bbox 2569 2915 2618 2960; x_wconf 83' lang='lat' dir='ltr'><strong>et</strong></span> <span class='ocrx_word' id='word_1_428' title='bbox 2645 2915 2854 2962; x_wconf 77' lang='lat' dir='ltr'><strong>nostras</strong></span> <span class='ocrx_word' id='word_1_429' title='bbox 2885 2923 3031 2962; x_wconf 84' lang='lat' dir='ltr'><strong>voces</strong></span> <span class='ocrx_word' id='word_1_430' title='bbox 3070 2917 3127 2966; x_wconf 77' lang='lat' dir='ltr'><strong>ut</strong></span> <span class='ocrx_word' id='word_1_431' title='bbox 3164 2905 3373 2964; x_wconf 77' lang='lat' dir='ltr'><strong>admitti</strong></span> <span class='ocrx_word' id='word_1_432' title='bbox 3403 2903 3499 2974; x_wconf 75' lang='lat' dir='ltr'><strong>ju-</strong></span> 
     </span>
    </p>
   </div>
   <div class='ocr_carea' id='block_1_59' title="bbox 1910 2995 3496 3067">
    <p class='ocr_par' dir='ltr' id='par_1_59' title="bbox 1910 2995 3496 3067">
     <span class='ocr_line' id='line_1_59' title="bbox 1910 2995 3496 3067; baseline 0 -14"><span class='ocrx_word' id='word_1_433' title='bbox 1910 2999 2030 3064; x_wconf 72' lang='lat' dir='ltr'><strong>beas</strong></span> <span class='ocrx_word' id='word_1_434' title='bbox 2080 2996 2441 3066; x_wconf 78' lang='lat' dir='ltr'><strong>deprecamur.</strong></span> <span class='ocrx_word' id='word_1_435' title='bbox 2501 2995 2558 3052; x_wconf 88' lang='lat' dir='ltr'><strong>Si</strong></span> <span class='ocrx_word' id='word_1_436' title='bbox 2595 3012 2694 3067; x_wconf 90' lang='lat' dir='ltr'><strong>pro</strong></span> <span class='ocrx_word' id='word_1_437' title='bbox 2732 3013 2867 3067; x_wconf 89' lang='lat' dir='ltr'><strong>pace</strong></span> <span class='ocrx_word' id='word_1_438' title='bbox 2913 3004 3090 3057; x_wconf 82' lang='lat' dir='ltr'><strong>certat</strong></span> <span class='ocrx_word' id='word_1_439' title='bbox 3137 2995 3496 3061; x_wconf 75' lang='lat' dir='ltr'><strong>intercedere,</strong></span> 
     </span>
    </p>
   </div>
   <div class='ocr_carea' id='block_1_60' title="bbox 1910 3086 3498 3160">
    <p class='ocr_par' dir='ltr' id='par_1_60' title="bbox 1910 3086 3498 3160">
     <span class='ocr_line' id='line_1_60' title="bbox 1910 3086 3498 3160; baseline 0.001 -15"><span class='ocrx_word' id='word_1_440' title='bbox 1910 3091 2074 3151; x_wconf 87' lang='lat' dir='ltr'><strong>habet</strong></span> <span class='ocrx_word' id='word_1_441' title='bbox 2118 3090 2174 3154; x_wconf 86' lang='lat' dir='ltr'><strong>in</strong></span> <span class='ocrx_word' id='word_1_442' title='bbox 2201 3089 2420 3146; x_wconf 88' lang='lat' dir='ltr'><strong>Canone</strong></span> <span class='ocrx_word' id='word_1_443' title='bbox 2448 3107 2461 3144; x_wconf 91' lang='lat'><strong>:</strong></span> <span class='ocrx_word' id='word_1_444' title='bbox 2487 3088 2618 3155; x_wconf 71' lang='lat' dir='ltr'><strong>Qum</strong></span> <span class='ocrx_word' id='word_1_445' title='bbox 2661 3090 2754 3152; x_wconf 75' lang='lat' dir='ltr'><strong>tibi</strong></span> <span class='ocrx_word' id='word_1_446' title='bbox 2803 3091 3075 3159; x_wconf 61' lang='lat' dir='ltr'><strong>oﬁerimua</strong></span> <span class='ocrx_word' id='word_1_447' title='bbox 3120 3105 3215 3160; x_wconf 77' lang='lat' dir='ltr'><strong>pro</strong></span> <span class='ocrx_word' id='word_1_448' title='bbox 3257 3086 3498 3148; x_wconf 71' lang='lat' dir='ltr'><strong>Ecclesia</strong></span> 
     </span>
    </p>
   </div>
   <div class='ocr_carea' id='block_1_61' title="bbox 1911 3177 3496 3252">
    <p class='ocr_par' dir='ltr' id='par_1_61' title="bbox 1911 3177 3496 3252">
     <span class='ocr_line' id='line_1_61' title="bbox 1911 3177 3496 3252; baseline -0.003 -4"><span class='ocrx_word' id='word_1_449' title='bbox 1911 3192 2095 3248; x_wconf 76' lang='lat' dir='ltr'><strong>.sancta.</strong></span> <span class='ocrx_word' id='word_1_450' title='bbox 2126 3181 2406 3248; x_wconf 66' lang='lat' dir='ltr'><strong>catholica.</strong></span> <span class='ocrx_word' id='word_1_451' title='bbox 2437 3197 2594 3252; x_wconf 71' lang='lat' dir='ltr'><strong>quam</strong></span> <span class='ocrx_word' id='word_1_452' title='bbox 2618 3180 2918 3251; x_wconf 64' lang='lat' dir='ltr'><strong>paciﬁcum</strong></span> <span class='ocrx_word' id='word_1_453' title='bbox 2947 3178 3002 3246; x_wconf 76' lang='lat' dir='ltr'><strong>Si</strong></span> <span class='ocrx_word' id='word_1_454' title='bbox 3029 3194 3128 3250; x_wconf 72' lang='lat' dir='ltr'><strong>pro</strong></span> <span class='ocrx_word' id='word_1_455' title='bbox 3158 3178 3361 3248; x_wconf 65' lang='lat' dir='ltr'><strong>unitate</strong></span> <span class='ocrx_word' id='word_1_456' title='bbox 3391 3177 3496 3244; x_wconf 74' lang='lat' dir='ltr'><strong>EC.-</strong></span> 
     </span>
    </p>
   </div>
   <div class='ocr_carea' id='block_1_62' title="bbox 221 3243 3496 3366">
    <p class='ocr_par' dir='ltr' id='par_1_62' title="bbox 221 3243 3496 3366">
     <span class='ocr_line' id='line_1_62' title="bbox 221 3243 3496 3366; baseline -0.002 -38"><span class='ocrx_word' id='word_1_457' title='bbox 221 3272 677 3345; x_wconf 83' lang='lat' dir='ltr'><strong>dispensationem</strong></span> <span class='ocrx_word' id='word_1_458' title='bbox 733 3278 996 3332; x_wconf 78' lang='lat' dir='ltr'><strong>exercuit.</strong></span> <span class='ocrx_word' id='word_1_459' title='bbox 1051 3276 1321 3333; x_wconf 89' lang='lat' dir='ltr'><strong>Sacerdos</strong></span> <span class='ocrx_word' id='word_1_460' title='bbox 1369 3279 1514 3332; x_wconf 90' lang='lat' dir='ltr'><strong>enim</strong></span> <span class='ocrx_word' id='word_1_461' title='bbox 1561 3294 1804 3366; x_wconf 68' lang='lat' dir='ltr'><strong>praesens</strong></span> <span class='ocrx_word' id='word_1_462' title='bbox 1835 3243 1879 3306; x_wconf 79' lang='lat' dir='ltr'><strong>C</strong></span> <span class='ocrx_word' id='word_1_463' title='bbox 1911 3276 2110 3337; x_wconf 76' lang='lat' dir='ltr'><strong>clesiae,</strong></span> <span class='ocrx_word' id='word_1_464' title='bbox 2141 3274 2304 3328; x_wconf 89' lang='lat' dir='ltr'><strong>habet</strong></span> <span class='ocrx_word' id='word_1_465' title='bbox 2334 3274 2403 3327; x_wconf 91' lang='lat' dir='ltr'><strong>ibi</strong></span> <span class='ocrx_word' id='word_1_466' title='bbox 2433 3292 2444 3326; x_wconf 87' lang='lat'><strong>:</strong></span> <span class='ocrx_word' id='word_1_467' title='bbox 2475 3273 2730 3324; x_wconf 86' lang='lat' dir='ltr'><strong>adunare.</strong></span> <span class='ocrx_word' id='word_1_468' title='bbox 2763 3269 2820 3324; x_wconf 91' lang='lat' dir='ltr'><strong>Si</strong></span> <span class='ocrx_word' id='word_1_469' title='bbox 2847 3285 2946 3339; x_wconf 89' lang='lat' dir='ltr'><strong>pro</strong></span> <span class='ocrx_word' id='word_1_470' title='bbox 2975 3268 3220 3324; x_wconf 88' lang='lat' dir='ltr'><strong>custodia</strong></span> <span class='ocrx_word' id='word_1_471' title='bbox 3249 3269 3352 3333; x_wconf 90' lang='lat' dir='ltr'><strong>sui,</strong></span> <span class='ocrx_word' id='word_1_472' title='bbox 3397 3268 3496 3322; x_wconf 90' lang='lat' dir='ltr'><strong>ha-</strong></span> 
     </span>
    </p>
   </div>
   <div class='ocr_carea' id='block_1_63' title="bbox 221 3368 1804 3440">
    <p class='ocr_par' dir='ltr' id='par_1_63' title="bbox 221 3368 1804 3440">
     <span class='ocr_line' id='line_1_63' title="bbox 221 3368 1804 3440; baseline 0.003 -19"><span class='ocrx_word' id='word_1_473' title='bbox 221 3368 398 3422; x_wconf 88' lang='lat' dir='ltr'><strong>inslar</strong></span> <span class='ocrx_word' id='word_1_474' title='bbox 433 3371 552 3440; x_wconf 83' lang='lat' dir='ltr'><strong>ejus</strong></span> <span class='ocrx_word' id='word_1_475' title='bbox 601 3372 883 3436; x_wconf 90' lang='lat' dir='ltr'><strong>orationis,</strong></span> <span class='ocrx_word' id='word_1_476' title='bbox 925 3373 1228 3426; x_wconf 89' lang='lat' dir='ltr'><strong>orationem</strong></span> <span class='ocrx_word' id='word_1_477' title='bbox 1278 3373 1407 3426; x_wconf 82' lang='lat' dir='ltr'><strong>facit</strong></span> <span class='ocrx_word' id='word_1_478' title='bbox 1442 3389 1542 3440; x_wconf 87' lang='lat' dir='ltr'><strong>pro</strong></span> <span class='ocrx_word' id='word_1_479' title='bbox 1589 3373 1804 3426; x_wconf 83' lang='lat' dir='ltr'><strong>absolu-</strong></span> 
     </span>
    </p>
   </div>
   <div class='ocr_carea' id='block_1_64' title="bbox 222 3459 1806 3530">
    <p class='ocr_par' dir='ltr' id='par_1_64' title="bbox 222 3459 1806 3530">
     <span class='ocr_line' id='line_1_64' title="bbox 222 3459 1806 3530; baseline 0.003 -18"><span class='ocrx_word' id='word_1_480' title='bbox 222 3459 371 3514; x_wconf 90' lang='lat' dir='ltr'><strong>tione</strong></span> <span class='ocrx_word' id='word_1_481' title='bbox 396 3470 744 3530; x_wconf 87' lang='lat' dir='ltr'><strong>peccatorum</strong></span> <span class='ocrx_word' id='word_1_482' title='bbox 775 3470 1066 3530; x_wconf 87' lang='lat' dir='ltr'><strong>antequam</strong></span> <span class='ocrx_word' id='word_1_483' title='bbox 1106 3471 1348 3516; x_wconf 87' lang='lat' dir='ltr'><strong>transeat</strong></span> <span class='ocrx_word' id='word_1_484' title='bbox 1385 3463 1449 3515; x_wconf 90' lang='lat' dir='ltr'><strong>ad</strong></span> <span class='ocrx_word' id='word_1_485' title='bbox 1483 3462 1806 3516; x_wconf 61' lang='lat' dir='ltr'><strong>immolatio-</strong></span> 
     </span>
    </p>
   </div>
   <div class='ocr_carea' id='block_1_65' title="bbox 221 3551 1806 3628">
    <p class='ocr_par' dir='ltr' id='par_1_65' title="bbox 221 3551 1806 3628">
     <span class='ocr_line' id='line_1_65' title="bbox 221 3551 1806 3628; baseline -0.003 -12"><span class='ocrx_word' id='word_1_486' title='bbox 221 3567 372 3622; x_wconf 75' lang='lat' dir='ltr'><strong>nem.</strong></span> <span class='ocrx_word' id='word_1_487' title='bbox 405 3553 569 3622; x_wconf 69' lang='lat' dir='ltr'><strong>Multa,</strong></span> <span class='ocrx_word' id='word_1_488' title='bbox 591 3553 816 3624; x_wconf 57' lang='lat' dir='ltr'><strong>vulnere</strong></span> <span class='ocrx_word' id='word_1_489' title='bbox 843 3569 951 3624; x_wconf 68' lang='lat' dir='ltr'><strong>uno</strong></span> <span class='ocrx_word' id='word_1_490' title='bbox 987 3553 1346 3624; x_wconf 65' lang='lat' dir='ltr'><strong>medicamine</strong></span> <span class='ocrx_word' id='word_1_491' title='bbox 1370 3551 1685 3628; x_wconf 73' lang='lat' dir='ltr'><strong>frequenter</strong></span> <span class='ocrx_word' id='word_1_492' title='bbox 1722 3569 1806 3608; x_wconf 86' lang='lat' dir='ltr'><strong>sa-</strong></span> 
     </span>
    </p>
   </div>
   <div class='ocr_carea' id='block_1_66' title="bbox 221 3645 1807 3720">
    <p class='ocr_par' dir='ltr' id='par_1_66' title="bbox 221 3645 1807 3720">
     <span class='ocr_line' id='line_1_66' title="bbox 221 3645 1807 3720; baseline -0.003 -16"><span class='ocrx_word' id='word_1_493' title='bbox 221 3645 563 3714; x_wconf 82' lang='lat' dir='ltr'><strong>nantur:ita</strong></span> <span class='ocrx_word' id='word_1_494' title='bbox 609 3653 665 3714; x_wconf 82' lang='lat' dir='ltr'><strong>et</strong></span> <span class='ocrx_word' id='word_1_495' title='bbox 733 3661 842 3712; x_wconf 80' lang='lat' dir='ltr'><strong>una</strong></span> <span class='ocrx_word' id='word_1_496' title='bbox 872 3645 1121 3720; x_wconf 80' lang='lat' dir='ltr'><strong>oratione</strong></span> <span class='ocrx_word' id='word_1_497' title='bbox 1166 3646 1462 3714; x_wconf 72' lang='lat' dir='ltr'><strong>sacerdotis</strong></span> <span class='ocrx_word' id='word_1_498' title='bbox 1510 3646 1807 3716; x_wconf 71' lang='lat' dir='ltr'><strong>creduntur</strong></span> 
     </span>
    </p>
   </div>
   <div class='ocr_carea' id='block_1_67' title="bbox 220 3731 1804 3810">
    <p class='ocr_par' dir='ltr' id='par_1_67' title="bbox 220 3731 1804 3810">
     <span class='ocr_line' id='line_1_67' title="bbox 220 3731 1804 3810; baseline 0.001 -22"><span class='ocrx_word' id='word_1_499' title='bbox 220 3731 394 3804; x_wconf 69' lang='lat' dir='ltr'><strong>multa</strong></span> <span class='ocrx_word' id='word_1_500' title='bbox 431 3740 654 3804; x_wconf 76' lang='lat' dir='ltr'><strong>peccata</strong></span> <span class='ocrx_word' id='word_1_501' title='bbox 688 3748 848 3808; x_wconf 61' lang='lat' dir='ltr'><strong>posse</strong></span> <span class='ocrx_word' id='word_1_502' title='bbox 877 3732 1083 3806; x_wconf 75' lang='lat' dir='ltr'><strong>absolvi</strong></span> <span class='ocrx_word' id='word_1_503' title='bbox 1131 3749 1318 3806; x_wconf 75' lang='lat' dir='ltr'><strong>eorum</strong></span> <span class='ocrx_word' id='word_1_504' title='bbox 1360 3735 1454 3810; x_wconf 89' lang='lat' dir='ltr'><strong>qui</strong></span> <span class='ocrx_word' id='word_1_505' title='bbox 1489 3735 1804 3808; x_wconf 75' lang='lat' dir='ltr'><strong>obsequun-</strong></span> 
     </span>
    </p>
   </div>
   <div class='ocr_carea' id='block_1_68' title="bbox 223 3825 1808 3900">
    <p class='ocr_par' dir='ltr' id='par_1_68' title="bbox 223 3825 1808 3900">
     <span class='ocr_line' id='line_1_68' title="bbox 223 3825 1808 3900; baseline 0 -18"><span class='ocrx_word' id='word_1_506' title='bbox 223 3831 336 3884; x_wconf 79' lang='lat' dir='ltr'><strong>tur,</strong></span> <span class='ocrx_word' id='word_1_507' title='bbox 367 3825 521 3892; x_wconf 72' lang='lat' dir='ltr'><strong>uicta</strong></span> <span class='ocrx_word' id='word_1_508' title='bbox 569 3829 678 3896; x_wconf 75' lang='lat' dir='ltr'><strong>sint</strong></span> <span class='ocrx_word' id='word_1_509' title='bbox 704 3827 804 3894; x_wconf 87' lang='lat' dir='ltr'><strong>ista</strong></span> <span class='ocrx_word' id='word_1_510' title='bbox 847 3827 914 3884; x_wconf 88' lang='lat' dir='ltr'><strong>de</strong></span> <span class='ocrx_word' id='word_1_511' title='bbox 950 3827 1320 3900; x_wconf 76' lang='lat' dir='ltr'><strong>immolatione</strong></span> <span class='ocrx_word' id='word_1_512' title='bbox 1354 3827 1656 3888; x_wconf 89' lang='lat' dir='ltr'><strong>sacerdotis</strong></span> <span class='ocrx_word' id='word_1_513' title='bbox 1683 3845 1694 3882; x_wconf 91' lang='lat'><strong>:</strong></span> <span class='ocrx_word' id='word_1_514' title='bbox 1726 3826 1808 3882; x_wconf 90' lang='lat' dir='ltr'><strong>di-</strong></span> 
     </span>
    </p>
   </div>
   <div class='ocr_carea' id='block_1_69' title="bbox 221 3918 1802 3992">
    <p class='ocr_par' dir='ltr' id='par_1_69' title="bbox 221 3918 1802 3992">
     <span class='ocr_line' id='line_1_69' title="bbox 221 3918 1802 3992; baseline -0.001 -16"><span class='ocrx_word' id='word_1_515' title='bbox 221 3931 414 3990; x_wconf 76' lang='lat' dir='ltr'><strong>camus</strong></span> <span class='ocrx_word' id='word_1_516' title='bbox 451 3918 516 3976; x_wconf 90' lang='lat' dir='ltr'><strong>de</strong></span> <span class='ocrx_word' id='word_1_517' title='bbox 557 3919 746 3986; x_wconf 74' lang='lat' dir='ltr'><strong>ordine</strong></span> <span class='ocrx_word' id='word_1_518' title='bbox 775 3921 1105 3987; x_wconf 81' lang='lat' dir='ltr'><strong>orationum,</strong></span> <span class='ocrx_word' id='word_1_519' title='bbox 1138 3937 1298 3992; x_wconf 81' lang='lat' dir='ltr'><strong>quem</strong></span> <span class='ocrx_word' id='word_1_520' title='bbox 1335 3921 1802 3992; x_wconf 66' lang='lat' dir='ltr'><strong>praetermisimus.</strong></span> 
     </span>
    </p>
   </div>
   <div class='ocr_carea' id='block_1_70' title="bbox 220 4007 1809 4088">
    <p class='ocr_par' dir='ltr' id='par_1_70' title="bbox 220 4007 1809 4088">
     <span class='ocr_line' id='line_1_70' title="bbox 220 4007 1809 4088; baseline 0.011 -26"><span class='ocrx_word' id='word_1_521' title='bbox 220 4007 556 4084; x_wconf 84' lang='lat' dir='ltr'><strong>Principium</strong></span> <span class='ocrx_word' id='word_1_522' title='bbox 589 4010 776 4068; x_wconf 87' lang='lat' dir='ltr'><strong>habuit</strong></span> <span class='ocrx_word' id='word_1_523' title='bbox 822 4009 963 4078; x_wconf 80' lang='lat' dir='ltr'><strong>idem</strong></span> <span class='ocrx_word' id='word_1_524' title='bbox 990 4011 1122 4084; x_wconf 73' lang='lat' dir='ltr'><strong>ordo</strong></span> <span class='ocrx_word' id='word_1_525' title='bbox 1151 4012 1215 4088; x_wconf 61' lang='lat' dir='ltr'><strong>dt:</strong></span> <span class='ocrx_word' id='word_1_526' title='bbox 1247 4012 1410 4086; x_wconf 73' lang='lat' dir='ltr'><strong>missa</strong></span> <span class='ocrx_word' id='word_1_527' title='bbox 1438 4011 1494 4072; x_wconf 86' lang='lat' dir='ltr'><strong>in</strong></span> <span class='ocrx_word' id='word_1_528' title='bbox 1522 4019 1679 4082; x_wconf 70' lang='lat' dir='ltr'><strong>nocte</strong></span> <span class='ocrx_word' id='word_1_529' title='bbox 1709 4012 1809 4080; x_wconf 54' lang='grc' dir='ltr'><strong>Νὶν</strong></span> 
     </span>
    </p>
   </div>
   <div class='ocr_carea' id='block_1_71' title="bbox 222 4101 1808 4177">
    <p class='ocr_par' dir='ltr' id='par_1_71' title="bbox 222 4101 1808 4177">
     <span class='ocr_line' id='line_1_71' title="bbox 222 4101 1808 4177; baseline 0.009 -23"><span class='ocrx_word' id='word_1_530' title='bbox 222 4101 454 4164; x_wconf 81' lang='lat' dir='ltr'><strong>tivitatis</strong></span> <span class='ocrx_word' id='word_1_531' title='bbox 482 4103 714 4168; x_wconf 86' lang='lat' dir='ltr'><strong>Domini,</strong></span> <span class='ocrx_word' id='word_1_532' title='bbox 759 4103 849 4162; x_wconf 85' lang='lat' dir='ltr'><strong>ubi</strong></span> <span class='ocrx_word' id='word_1_533' title='bbox 886 4104 1081 4174; x_wconf 81' lang='lat' dir='ltr'><strong>duplex</strong></span> <span class='ocrx_word' id='word_1_534' title='bbox 1109 4104 1285 4174; x_wconf 76' lang='lat' dir='ltr'><strong>oratio</strong></span> <span class='ocrx_word' id='word_1_535' title='bbox 1315 4113 1396 4172; x_wconf 84' lang='lat' dir='ltr'><strong>est</strong></span> <span class='ocrx_word' id='word_1_536' title='bbox 1421 4122 1433 4164; x_wconf 86' lang='grc'>;</span> <span class='ocrx_word' id='word_1_537' title='bbox 1465 4121 1567 4166; x_wconf 83' lang='lat' dir='ltr'><strong>una</strong></span> <span class='ocrx_word' id='word_1_538' title='bbox 1609 4104 1674 4160; x_wconf 88' lang='lat' dir='ltr'><strong>de</strong></span> <span class='ocrx_word' id='word_1_539' title='bbox 1701 4102 1808 4177; x_wconf 61' lang='lat' dir='ltr'><strong>Nit-</strong></span> 
     </span>
    </p>
   </div>
   <div class='ocr_carea' id='block_1_72' title="bbox 224 4192 1806 4268">
    <p class='ocr_par' dir='ltr' id='par_1_72' title="bbox 224 4192 1806 4268">
     <span class='ocr_line' id='line_1_72' title="bbox 224 4192 1806 4268; baseline 0.001 -18"><span class='ocrx_word' id='word_1_540' title='bbox 224 4192 436 4258; x_wconf 85' lang='lat' dir='ltr'><strong>tivitate</strong></span> <span class='ocrx_word' id='word_1_541' title='bbox 462 4194 697 4261; x_wconf 84' lang='lat' dir='ltr'><strong>Domini,</strong></span> <span class='ocrx_word' id='word_1_542' title='bbox 737 4203 791 4257; x_wconf 88' lang='lat' dir='ltr'><strong>et</strong></span> <span class='ocrx_word' id='word_1_543' title='bbox 818 4195 986 4262; x_wconf 82' lang='lat' dir='ltr'><strong>altera</strong></span> <span class='ocrx_word' id='word_1_544' title='bbox 1009 4196 1087 4268; x_wconf 70' lang='lat' dir='ltr'><strong>,de</strong></span> <span class='ocrx_word' id='word_1_545' title='bbox 1131 4206 1317 4266; x_wconf 76' lang='lat' dir='ltr'><strong>saneta</strong></span> <span class='ocrx_word' id='word_1_546' title='bbox 1364 4197 1668 4258; x_wconf 79' lang='lat' dir='ltr'><strong>Anastasio.</strong></span> <span class='ocrx_word' id='word_1_547' title='bbox 1702 4196 1806 4268; x_wconf 76' lang='lat' dir='ltr'><strong>Ubi</strong></span> 
     </span>
    </p>
   </div>
   <div class='ocr_carea' id='block_1_73' title="bbox 222 4286 1804 4360">
    <p class='ocr_par' dir='ltr' id='par_1_73' title="bbox 222 4286 1804 4360">
     <span class='ocr_line' id='line_1_73' title="bbox 222 4286 1804 4360; baseline 0.003 -19"><span class='ocrx_word' id='word_1_548' title='bbox 222 4286 467 4357; x_wconf 64' lang='lat' dir='ltr'><strong>reliquiae</strong></span> <span class='ocrx_word' id='word_1_549' title='bbox 494 4295 620 4342; x_wconf 90' lang='lat' dir='ltr'><strong>sunt</strong></span> <span class='ocrx_word' id='word_1_550' title='bbox 655 4297 854 4350; x_wconf 75' lang='lat' dir='ltr'><strong>sanctae</strong></span> <span class='ocrx_word' id='word_1_551' title='bbox 882 4289 1204 4356; x_wconf 47' lang='lat' dir='ltr'><strong>Anastasis,</strong></span> <span class='ocrx_word' id='word_1_552' title='bbox 1234 4289 1318 4343; x_wconf 88' lang='lat' dir='ltr'><strong>vel</strong></span> <span class='ocrx_word' id='word_1_553' title='bbox 1338 4289 1427 4344; x_wconf 88' lang='lat' dir='ltr'><strong>ubi</strong></span> <span class='ocrx_word' id='word_1_554' title='bbox 1450 4305 1648 4360; x_wconf 85' lang='lat' dir='ltr'><strong>corpus</strong></span> <span class='ocrx_word' id='word_1_555' title='bbox 1686 4288 1804 4359; x_wconf 81' lang='lat' dir='ltr'><strong>ejus</strong></span> 
     </span>
    </p>
   </div>
   <div class='ocr_carea' id='block_1_74' title="bbox 225 4381 1804 4452">
    <p class='ocr_par' dir='ltr' id='par_1_74' title="bbox 225 4381 1804 4452">
     <span class='ocr_line' id='line_1_74' title="bbox 225 4381 1804 4452; baseline 0.003 -18"><span class='ocrx_word' id='word_1_556' title='bbox 225 4388 327 4444; x_wconf 82' lang='lat' dir='ltr'><strong>est,</strong></span> <span class='ocrx_word' id='word_1_557' title='bbox 368 4381 620 4436; x_wconf 86' lang='lat' dir='ltr'><strong>dicantur</strong></span> <span class='ocrx_word' id='word_1_558' title='bbox 661 4381 936 4450; x_wconf 84' lang='lat' dir='ltr'><strong>orationes</strong></span> <span class='ocrx_word' id='word_1_559' title='bbox 974 4383 1040 4450; x_wconf 76' lang='lat' dir='ltr'><strong>de</strong></span> <span class='ocrx_word' id='word_1_560' title='bbox 1085 4391 1273 4446; x_wconf 85' lang='lat' dir='ltr'><strong>sancta</strong></span> <span class='ocrx_word' id='word_1_561' title='bbox 1307 4382 1598 4450; x_wconf 75' lang='lat' dir='ltr'><strong>Anastasis</strong></span> <span class='ocrx_word' id='word_1_562' title='bbox 1645 4383 1804 4452; x_wconf 81' lang='lat' dir='ltr'><strong>juxta</strong></span> 
     </span>
    </p>
   </div>
   <div class='ocr_carea' id='block_1_75' title="bbox 224 4467 1808 4549">
    <p class='ocr_par' dir='ltr' id='par_1_75' title="bbox 224 4467 1808 4549">
     <span class='ocr_line' id='line_1_75' title="bbox 224 4467 1808 4549; baseline 0.004 -25"><span class='ocrx_word' id='word_1_563' title='bbox 224 4467 526 4540; x_wconf 75' lang='lat' dir='ltr'><strong>Romanum</strong></span> <span class='ocrx_word' id='word_1_564' title='bbox 561 4487 801 4542; x_wconf 78' lang='lat' dir='ltr'><strong>morem;</strong></span> <span class='ocrx_word' id='word_1_565' title='bbox 838 4473 926 4544; x_wconf 69' lang='lat' dir='ltr'><strong>tibi</strong></span> <span class='ocrx_word' id='word_1_566' title='bbox 957 4473 1058 4536; x_wconf 74' lang='lat' dir='ltr'><strong>hoc</strong></span> <span class='ocrx_word' id='word_1_567' title='bbox 1088 4489 1194 4538; x_wconf 84' lang='lat' dir='ltr'><strong>non</strong></span> <span class='ocrx_word' id='word_1_568' title='bbox 1233 4476 1523 4545; x_wconf 84' lang='lat' dir='ltr'><strong>reperitur,</strong></span> <span class='ocrx_word' id='word_1_569' title='bbox 1557 4475 1808 4549; x_wconf 69' lang='lat' dir='ltr'><strong>dicantur</strong></span> 
     </span>
    </p>
   </div>
   <div class='ocr_carea' id='block_1_76' title="bbox 226 4563 1886 4668">
    <p class='ocr_par' dir='ltr' id='par_1_76' title="bbox 226 4563 1886 4668">
     <span class='ocr_line' id='line_1_76' title="bbox 226 4563 1886 4668; baseline 0.005 -51"><span class='ocrx_word' id='word_1_570' title='bbox 226 4563 288 4668; x_wconf 68' lang='lat' dir='ltr'><strong>de</strong></span> <span class='ocrx_word' id='word_1_571' title='bbox 329 4565 705 4668; x_wconf 52' lang='lat' dir='ltr'><strong>ipparnationnp</strong></span> <span class='ocrx_word' id='word_1_572' title='bbox 754 4565 1240 4668; x_wconf 48' lang='lat' dir='ltr'><strong>Comini.Quandp</strong></span> <span class='ocrx_word' id='word_1_573' title='bbox 1284 4568 1336 4622; x_wconf 94' lang='lat' dir='ltr'><strong>in</strong></span> <span class='ocrx_word' id='word_1_574' title='bbox 1388 4567 1669 4634; x_wconf 78' lang='lat' dir='ltr'><strong>Dominica</strong></span> <span class='ocrx_word' id='word_1_575' title='bbox 1720 4568 1806 4638; x_wconf 81' lang='lat' dir='ltr'><strong>die</strong></span> <span class='ocrx_word' id='word_1_576' title='bbox 1832 4605 1886 4668; x_wconf 71' lang='grc' dir='ltr'><strong>Β</strong></span> 
     </span>
    </p>
   </div>
   <div class='ocr_carea' id='block_1_77' title="bbox 227 4653 1808 4734">
    <p class='ocr_par' dir='ltr' id='par_1_77' title="bbox 227 4653 1808 4734">
     <span class='ocr_line' id='line_1_77' title="bbox 227 4653 1808 4734; baseline 0.008 -26"><span class='ocrx_word' id='word_1_577' title='bbox 227 4653 391 4720; x_wconf 82' lang='lat' dir='ltr'><strong>fuerit</strong></span> <span class='ocrx_word' id='word_1_578' title='bbox 431 4657 609 4730; x_wconf 77' lang='lat' dir='ltr'><strong>aliqua</strong></span> <span class='ocrx_word' id='word_1_579' title='bbox 657 4657 923 4724; x_wconf 79' lang='lat' dir='ltr'><strong>festivitas</strong></span> <span class='ocrx_word' id='word_1_580' title='bbox 967 4668 1305 4728; x_wconf 83' lang='lat' dir='ltr'><strong>sanctorum,</strong></span> <span class='ocrx_word' id='word_1_581' title='bbox 1351 4661 1597 4726; x_wconf 72' lang='lat' dir='ltr'><strong>sufﬁcere</strong></span> <span class='ocrx_word' id='word_1_582' title='bbox 1628 4669 1808 4734; x_wconf 76' lang='lat' dir='ltr'><strong>potest</strong></span> 
     </span>
    </p>
   </div>
   <div class='ocr_carea' id='block_1_78' title="bbox 228 4742 1809 4821">
    <p class='ocr_par' dir='ltr' id='par_1_78' title="bbox 228 4742 1809 4821">
     <span class='ocr_line' id='line_1_78' title="bbox 228 4742 1809 4821; baseline 0.004 -17"><span class='ocrx_word' id='word_1_583' title='bbox 228 4742 315 4806; x_wconf 84' lang='lat' dir='ltr'><strong>illa</strong></span> <span class='ocrx_word' id='word_1_584' title='bbox 341 4748 520 4810; x_wconf 89' lang='lat' dir='ltr'><strong>oratio</strong></span> <span class='ocrx_word' id='word_1_585' title='bbox 548 4748 601 4816; x_wconf 76' lang='lat' dir='ltr'><strong>in</strong></span> <span class='ocrx_word' id='word_1_586' title='bbox 632 4764 740 4818; x_wconf 66' lang='lat' dir='ltr'><strong>(illa</strong></span> <span class='ocrx_word' id='word_1_587' title='bbox 787 4759 1042 4820; x_wconf 76' lang='lat' dir='ltr'><strong>precatur</strong></span> <span class='ocrx_word' id='word_1_588' title='bbox 1075 4751 1263 4808; x_wconf 87' lang='lat' dir='ltr'><strong>adesse</strong></span> <span class='ocrx_word' id='word_1_589' title='bbox 1297 4768 1421 4818; x_wconf 84' lang='lat' dir='ltr'><strong>cum</strong></span> <span class='ocrx_word' id='word_1_590' title='bbox 1446 4753 1694 4818; x_wconf 81' lang='lat' dir='ltr'><strong>oratione</strong></span> <span class='ocrx_word' id='word_1_591' title='bbox 1720 4768 1809 4821; x_wconf 75' lang='lat' dir='ltr'><strong>sa-</strong></span> 
     </span>
    </p>
   </div>
   <div class='ocr_carea' id='block_1_79' title="bbox 227 4838 1810 4911">
    <p class='ocr_par' dir='ltr' id='par_1_79' title="bbox 227 4838 1810 4911">
     <span class='ocr_line' id='line_1_79' title="bbox 227 4838 1810 4911; baseline 0.003 -15"><span class='ocrx_word' id='word_1_592' title='bbox 227 4838 462 4902; x_wconf 80' lang='lat' dir='ltr'><strong>cerdotis</strong></span> <span class='ocrx_word' id='word_1_593' title='bbox 496 4838 812 4896; x_wconf 88' lang='lat' dir='ltr'><strong>intercessio</strong></span> <span class='ocrx_word' id='word_1_594' title='bbox 839 4841 1014 4898; x_wconf 86' lang='lat' dir='ltr'><strong>sancti</strong></span> <span class='ocrx_word' id='word_1_595' title='bbox 1061 4840 1204 4902; x_wconf 82' lang='lat' dir='ltr'><strong>illius</strong></span> <span class='ocrx_word' id='word_1_596' title='bbox 1239 4841 1392 4911; x_wconf 90' lang='lat' dir='ltr'><strong>cujus</strong></span> <span class='ocrx_word' id='word_1_597' title='bbox 1427 4842 1695 4910; x_wconf 86' lang='lat' dir='ltr'><strong>festivitas</strong></span> <span class='ocrx_word' id='word_1_598' title='bbox 1722 4858 1810 4900; x_wconf 81' lang='lat' dir='ltr'><strong>ce-</strong></span> 
     </span>
    </p>
   </div>
   <div class='ocr_carea' id='block_1_80' title="bbox 227 4922 1810 5004">
    <p class='ocr_par' dir='ltr' id='par_1_80' title="bbox 227 4922 1810 5004">
     <span class='ocr_line' id='line_1_80' title="bbox 227 4922 1810 5004; baseline 0.002 -17"><span class='ocrx_word' id='word_1_599' title='bbox 227 4922 487 5001; x_wconf 76' lang='lat' dir='ltr'><strong>lebratur,</strong></span> <span class='ocrx_word' id='word_1_600' title='bbox 539 4931 605 5002; x_wconf 75' lang='lat' dir='ltr'><strong>ad</strong></span> <span class='ocrx_word' id='word_1_601' title='bbox 646 4931 698 5004; x_wconf 68' lang='lat' dir='ltr'><strong>id</strong></span> <span class='ocrx_word' id='word_1_602' title='bbox 725 4932 870 5003; x_wconf 73' lang='lat' dir='ltr'><strong>quod</strong></span> <span class='ocrx_word' id='word_1_603' title='bbox 905 4933 1224 5000; x_wconf 75' lang='lat' dir='ltr'><strong>intenditur,</strong></span> <span class='ocrx_word' id='word_1_604' title='bbox 1269 4935 1319 4988; x_wconf 91' lang='lat' dir='ltr'><strong>id</strong></span> <span class='ocrx_word' id='word_1_605' title='bbox 1351 4943 1454 5002; x_wconf 89' lang='lat' dir='ltr'><strong>est,</strong></span> <span class='ocrx_word' id='word_1_606' title='bbox 1493 4937 1560 5002; x_wconf 79' lang='lat' dir='ltr'><strong>ad</strong></span> <span class='ocrx_word' id='word_1_607' title='bbox 1607 4951 1810 5002; x_wconf 83' lang='lat' dir='ltr'><strong>memo-</strong></span> 
     </span>
    </p>
   </div>
   <div class='ocr_carea' id='block_1_81' title="bbox 228 5018 1809 5104">
    <p class='ocr_par' dir='ltr' id='par_1_81' title="bbox 228 5018 1809 5104">
     <span class='ocr_line' id='line_1_81' title="bbox 228 5018 1809 5104; baseline 0.008 -24"><span class='ocrx_word' id='word_1_608' title='bbox 228 5018 363 5082; x_wconf 81' lang='lat' dir='ltr'><strong>riam</strong></span> <span class='ocrx_word' id='word_1_609' title='bbox 413 5021 800 5095; x_wconf 75' lang='lat' dir='ltr'><strong>immolationis</strong></span> <span class='ocrx_word' id='word_1_610' title='bbox 854 5024 1080 5092; x_wconf 82' lang='lat' dir='ltr'><strong>Christi,</strong></span> <span class='ocrx_word' id='word_1_611' title='bbox 1144 5025 1412 5104; x_wconf 73' lang='lat' dir='ltr'><strong>praecipuo</strong></span> <span class='ocrx_word' id='word_1_612' title='bbox 1459 5042 1582 5086; x_wconf 86' lang='lat' dir='ltr'><strong>cum</strong></span> <span class='ocrx_word' id='word_1_613' title='bbox 1631 5026 1809 5094; x_wconf 74' lang='lat' dir='ltr'><strong>oratio</strong></span> 
     </span>
    </p>
   </div>
   <div class='ocr_carea' id='block_1_82' title="bbox 230 5113 1810 5191">
    <p class='ocr_par' dir='ltr' id='par_1_82' title="bbox 230 5113 1810 5191">
     <span class='ocr_line' id='line_1_82' title="bbox 230 5113 1810 5191; baseline 0.003 -23"><span class='ocrx_word' id='word_1_614' title='bbox 230 5123 344 5180; x_wconf 67' lang='lat' dir='ltr'><strong>quae</strong></span> <span class='ocrx_word' id='word_1_615' title='bbox 372 5113 427 5186; x_wconf 81' lang='lat' dir='ltr'><strong>in</strong></span> <span class='ocrx_word' id='word_1_616' title='bbox 467 5113 745 5188; x_wconf 70' lang='lat' dir='ltr'><strong>Dominica</strong></span> <span class='ocrx_word' id='word_1_617' title='bbox 773 5115 858 5176; x_wconf 90' lang='lat' dir='ltr'><strong>die</strong></span> <span class='ocrx_word' id='word_1_618' title='bbox 883 5124 1084 5188; x_wconf 78' lang='lat' dir='ltr'><strong>statuta</strong></span> <span class='ocrx_word' id='word_1_619' title='bbox 1121 5126 1226 5188; x_wconf 82' lang='lat' dir='ltr'><strong>est,</strong></span> <span class='ocrx_word' id='word_1_620' title='bbox 1270 5116 1440 5180; x_wconf 77' lang='lat' dir='ltr'><strong>soleat</strong></span> <span class='ocrx_word' id='word_1_621' title='bbox 1465 5132 1689 5188; x_wconf 80' lang='lat' dir='ltr'><strong>currere</strong></span> <span class='ocrx_word' id='word_1_622' title='bbox 1713 5133 1810 5191; x_wconf 79' lang='lat' dir='ltr'><strong>per</strong></span> 
     </span>
    </p>
   </div>
   <div class='ocr_carea' id='block_1_83' title="bbox 233 5200 1808 5281">
    <p class='ocr_par' dir='ltr' id='par_1_83' title="bbox 233 5200 1808 5281">
     <span class='ocr_line' id='line_1_83' title="bbox 233 5200 1808 5281; baseline 0.006 -23"><span class='ocrx_word' id='word_1_623' title='bbox 233 5200 342 5262; x_wconf 86' lang='lat' dir='ltr'><strong>dies</strong></span> <span class='ocrx_word' id='word_1_624' title='bbox 391 5207 665 5278; x_wconf 73' lang='lat' dir='ltr'><strong>sequentis</strong></span> <span class='ocrx_word' id='word_1_625' title='bbox 701 5207 1070 5276; x_wconf 60' lang='lat' dir='ltr'><strong>hebdomadas.</strong></span> <span class='ocrx_word' id='word_1_626' title='bbox 1115 5207 1276 5272; x_wconf 77' lang='lat' dir='ltr'><strong>Juvat</strong></span> <span class='ocrx_word' id='word_1_627' title='bbox 1316 5207 1537 5274; x_wconf 84' lang='lat' dir='ltr'><strong>multos,</strong></span> <span class='ocrx_word' id='word_1_628' title='bbox 1587 5209 1808 5281; x_wconf 84' lang='lat' dir='ltr'><strong>quando</strong></span> 
     </span>
    </p>
   </div>
   <div class='ocr_carea' id='block_1_84' title="bbox 238 5297 1810 5372">
    <p class='ocr_par' dir='ltr' id='par_1_84' title="bbox 238 5297 1810 5372">
     <span class='ocr_line' id='line_1_84' title="bbox 238 5297 1810 5372; baseline 0.004 -22"><span class='ocrx_word' id='word_1_629' title='bbox 238 5299 443 5372; x_wconf 75' lang='lat' dir='ltr'><strong>tempus</strong></span> <span class='ocrx_word' id='word_1_630' title='bbox 465 5307 621 5364; x_wconf 81' lang='lat' dir='ltr'><strong>vacat</strong></span> <span class='ocrx_word' id='word_1_631' title='bbox 660 5297 907 5364; x_wconf 80' lang='lat' dir='ltr'><strong>lectionis</strong></span> <span class='ocrx_word' id='word_1_632' title='bbox 937 5307 991 5363; x_wconf 82' lang='lat' dir='ltr'><strong>et</strong></span> <span class='ocrx_word' id='word_1_633' title='bbox 1012 5299 1346 5370; x_wconf 65' lang='lat' dir='ltr'><strong>psalmodiis,</strong></span> <span class='ocrx_word' id='word_1_634' title='bbox 1379 5309 1540 5370; x_wconf 80' lang='lat' dir='ltr'><strong>atque</strong></span> <span class='ocrx_word' id='word_1_635' title='bbox 1581 5309 1810 5372; x_wconf 66' lang='lat' dir='ltr'><strong>caetera-</strong></span> 
     </span>
    </p>
   </div>
   <div class='ocr_carea' id='block_1_85' title="bbox 236 5391 1807 5462">
    <p class='ocr_par' dir='ltr' id='par_1_85' title="bbox 236 5391 1807 5462">
     <span class='ocr_line' id='line_1_85' title="bbox 236 5391 1807 5462; baseline 0.006 -21"><span class='ocrx_word' id='word_1_636' title='bbox 236 5398 352 5443; x_wconf 89' lang='lat' dir='ltr'><strong>rum</strong></span> <span class='ocrx_word' id='word_1_637' title='bbox 394 5391 720 5454; x_wconf 88' lang='lat' dir='ltr'><strong>orationum,</strong></span> <span class='ocrx_word' id='word_1_638' title='bbox 761 5405 1007 5456; x_wconf 81' lang='lat' dir='ltr'><strong>seorsum</strong></span> <span class='ocrx_word' id='word_1_639' title='bbox 1043 5402 1383 5462; x_wconf 73' lang='lat' dir='ltr'><strong>sacramenta</strong></span> <span class='ocrx_word' id='word_1_640' title='bbox 1428 5391 1708 5459; x_wconf 85' lang='lat' dir='ltr'><strong>celebrare</strong></span> <span class='ocrx_word' id='word_1_641' title='bbox 1740 5393 1807 5460; x_wconf 68' lang='lat' dir='ltr'><strong>de</strong></span> 
     </span>
    </p>
   </div>
   <div class='ocr_carea' id='block_1_86' title="bbox 237 5475 1809 5545">
    <p class='ocr_par' dir='ltr' id='par_1_86' title="bbox 237 5475 1809 5545">
     <span class='ocr_line' id='line_1_86' title="bbox 237 5475 1809 5545; baseline 0.001 -13"><span class='ocrx_word' id='word_1_642' title='bbox 237 5475 524 5536; x_wconf 86' lang='lat' dir='ltr'><strong>Dominicis</strong></span> <span class='ocrx_word' id='word_1_643' title='bbox 553 5481 760 5545; x_wconf 90' lang='lat' dir='ltr'><strong>diebus,</strong></span> <span class='ocrx_word' id='word_1_644' title='bbox 789 5491 846 5535; x_wconf 89' lang='lat' dir='ltr'><strong>et</strong></span> <span class='ocrx_word' id='word_1_645' title='bbox 888 5497 1132 5536; x_wconf 87' lang='lat' dir='ltr'><strong>seorsum</strong></span> <span class='ocrx_word' id='word_1_646' title='bbox 1162 5483 1226 5536; x_wconf 89' lang='lat' dir='ltr'><strong>de</strong></span> <span class='ocrx_word' id='word_1_647' title='bbox 1257 5481 1646 5536; x_wconf 82' lang='lat' dir='ltr'><strong>festivitatibus</strong></span> <span class='ocrx_word' id='word_1_648' title='bbox 1683 5496 1809 5535; x_wconf 88' lang='lat' dir='ltr'><strong>san-</strong></span> 
     </span>
    </p>
   </div>
   <div class='ocr_carea' id='block_1_87' title="bbox 239 5571 1810 5643">
    <p class='ocr_par' dir='ltr' id='par_1_87' title="bbox 239 5571 1810 5643">
     <span class='ocr_line' id='line_1_87' title="bbox 239 5571 1810 5643; baseline 0.003 -21"><span class='ocrx_word' id='word_1_649' title='bbox 239 5577 444 5626; x_wconf 84' lang='lat' dir='ltr'><strong>ctorum</strong></span> <span class='ocrx_word' id='word_1_650' title='bbox 469 5590 482 5626; x_wconf 90' lang='lat'><strong>:</strong></span> <span class='ocrx_word' id='word_1_651' title='bbox 510 5573 674 5627; x_wconf 89' lang='lat' dir='ltr'><strong>simili</strong></span> <span class='ocrx_word' id='word_1_652' title='bbox 706 5573 866 5627; x_wconf 91' lang='lat' dir='ltr'><strong>modo</strong></span> <span class='ocrx_word' id='word_1_653' title='bbox 909 5573 963 5626; x_wconf 94' lang='lat' dir='ltr'><strong>in</strong></span> <span class='ocrx_word' id='word_1_654' title='bbox 989 5574 1200 5628; x_wconf 76' lang='lat' dir='ltr'><strong>caeteris</strong></span> <span class='ocrx_word' id='word_1_655' title='bbox 1239 5574 1446 5638; x_wconf 89' lang='lat' dir='ltr'><strong>diebus,</strong></span> <span class='ocrx_word' id='word_1_656' title='bbox 1478 5573 1694 5643; x_wconf 89' lang='lat' dir='ltr'><strong>quando</strong></span> <span class='ocrx_word' id='word_1_657' title='bbox 1736 5571 1810 5626; x_wconf 82' lang='lat' dir='ltr'><strong>fe-</strong></span> 
     </span>
    </p>
   </div>
   <div class='ocr_carea' id='block_1_88' title="bbox 241 5661 1810 5735">
    <p class='ocr_par' dir='ltr' id='par_1_88' title="bbox 241 5661 1810 5735">
     <span class='ocr_line' id='line_1_88' title="bbox 241 5661 1810 5735; baseline 0.003 -21"><span class='ocrx_word' id='word_1_658' title='bbox 241 5661 447 5718; x_wconf 86' lang='lat' dir='ltr'><strong>stivitas</strong></span> <span class='ocrx_word' id='word_1_659' title='bbox 493 5665 559 5717; x_wconf 88' lang='lat' dir='ltr'><strong>ad</strong></span> <span class='ocrx_word' id='word_1_660' title='bbox 602 5665 958 5735; x_wconf 89' lang='lat' dir='ltr'><strong>plurimorum</strong></span> <span class='ocrx_word' id='word_1_661' title='bbox 1014 5673 1323 5721; x_wconf 90' lang='lat' dir='ltr'><strong>sanctorum</strong></span> <span class='ocrx_word' id='word_1_662' title='bbox 1376 5666 1510 5720; x_wconf 86' lang='lat' dir='ltr'><strong>duas</strong></span> <span class='ocrx_word' id='word_1_663' title='bbox 1561 5673 1655 5718; x_wconf 91' lang='lat' dir='ltr'><strong>aut</strong></span> <span class='ocrx_word' id='word_1_664' title='bbox 1698 5673 1810 5719; x_wconf 90' lang='lat' dir='ltr'><strong>tres</strong></span> 
     </span>
    </p>
   </div>
   <div class='ocr_carea' id='block_1_89' title="bbox 243 5752 1811 5828">
    <p class='ocr_par' dir='ltr' id='par_1_89' title="bbox 243 5752 1811 5828">
     <span class='ocr_line' id='line_1_89' title="bbox 243 5752 1811 5828; baseline 0.004 -25"><span class='ocrx_word' id='word_1_665' title='bbox 243 5752 451 5809; x_wconf 86' lang='lat' dir='ltr'><strong>missas.</strong></span> <span class='ocrx_word' id='word_1_666' title='bbox 507 5755 642 5811; x_wconf 85' lang='lat' dir='ltr'><strong>Huic</strong></span> <span class='ocrx_word' id='word_1_667' title='bbox 687 5756 864 5811; x_wconf 91' lang='lat' dir='ltr'><strong>ordini</strong></span> <span class='ocrx_word' id='word_1_668' title='bbox 908 5758 1156 5828; x_wconf 79' lang='lat' dir='ltr'><strong>congruit</strong></span> <span class='ocrx_word' id='word_1_669' title='bbox 1195 5756 1711 5819; x_wconf 88' lang='lat' dir='ltr'><strong>Sacramentarium,</strong></span> <span class='ocrx_word' id='word_1_670' title='bbox 1755 5764 1811 5809; x_wconf 91' lang='lat' dir='ltr'><strong>et</strong></span> 
     </span>
    </p>
   </div>
   <div class='ocr_carea' id='block_1_90' title="bbox 246 5838 1807 5918">
    <p class='ocr_par' dir='ltr' id='par_1_90' title="bbox 246 5838 1807 5918">
     <span class='ocr_line' id='line_1_90' title="bbox 246 5838 1807 5918; baseline 0.003 -20"><span class='ocrx_word' id='word_1_671' title='bbox 246 5838 548 5915; x_wconf 75' lang='lat' dir='ltr'><strong>Catttorius,</strong></span> <span class='ocrx_word' id='word_1_672' title='bbox 582 5848 636 5903; x_wconf 89' lang='lat' dir='ltr'><strong>in</strong></span> <span class='ocrx_word' id='word_1_673' title='bbox 677 5846 872 5918; x_wconf 91' lang='lat' dir='ltr'><strong>quibus</strong></span> <span class='ocrx_word' id='word_1_674' title='bbox 915 5847 1262 5905; x_wconf 88' lang='lat' dir='ltr'><strong>inveniuntur</strong></span> <span class='ocrx_word' id='word_1_675' title='bbox 1307 5862 1450 5918; x_wconf 75' lang='lat' dir='ltr'><strong>smpe</strong></span> <span class='ocrx_word' id='word_1_676' title='bbox 1481 5848 1589 5903; x_wconf 91' lang='lat' dir='ltr'><strong>duo</strong></span> <span class='ocrx_word' id='word_1_677' title='bbox 1625 5843 1807 5903; x_wconf 79' lang='lat' dir='ltr'><strong>cilicia</strong></span> 
     </span>
    </p>
   </div>
   <div class='ocr_carea' id='block_1_91' title="bbox 1904 3360 3491 3429">
    <p class='ocr_par' dir='ltr' id='par_1_91' title="bbox 1904 3360 3491 3429">
     <span class='ocr_line' id='line_1_91' title="bbox 1904 3360 3491 3429; baseline -0.008 -8"><span class='ocrx_word' id='word_1_678' title='bbox 1904 3367 1998 3421; x_wconf 90' lang='lat' dir='ltr'><strong>bet</strong></span> <span class='ocrx_word' id='word_1_679' title='bbox 2026 3365 2097 3419; x_wconf 90' lang='lat' dir='ltr'><strong>ibi</strong></span> <span class='ocrx_word' id='word_1_680' title='bbox 2126 3383 2140 3417; x_wconf 73' lang='grc' dir='ltr'><strong><em>τ</em></strong></span> <span class='ocrx_word' id='word_1_681' title='bbox 2167 3363 2450 3416; x_wconf 82' lang='lat' dir='ltr'><strong>custodire.</strong></span> <span class='ocrx_word' id='word_1_682' title='bbox 2484 3361 2540 3415; x_wconf 87' lang='lat' dir='ltr'><strong>Si</strong></span> <span class='ocrx_word' id='word_1_683' title='bbox 2572 3376 2672 3429; x_wconf 89' lang='lat' dir='ltr'><strong>pro</strong></span> <span class='ocrx_word' id='word_1_684' title='bbox 2699 3360 3000 3413; x_wconf 90' lang='lat' dir='ltr'><strong>directione</strong></span> <span class='ocrx_word' id='word_1_685' title='bbox 3022 3373 3304 3427; x_wconf 82' lang='lat' dir='ltr'><strong>gressuum</strong></span> <span class='ocrx_word' id='word_1_686' title='bbox 3338 3371 3491 3410; x_wconf 91' lang='lat' dir='ltr'><strong>men-</strong></span> 
     </span>
    </p>
   </div>
   <div class='ocr_carea' id='block_1_92' title="bbox 1907 3443 3498 3521">
    <p class='ocr_par' dir='ltr' id='par_1_92' title="bbox 1907 3443 3498 3521">
     <span class='ocr_line' id='line_1_92' title="bbox 1907 3443 3498 3521; baseline -0.008 -11"><span class='ocrx_word' id='word_1_687' title='bbox 1907 3456 1979 3510; x_wconf 87' lang='lat' dir='ltr'><strong>tis</strong></span> <span class='ocrx_word' id='word_1_688' title='bbox 2001 3455 2116 3509; x_wconf 87' lang='lat' dir='ltr'><strong>sive</strong></span> <span class='ocrx_word' id='word_1_689' title='bbox 2153 3453 2401 3521; x_wconf 90' lang='lat' dir='ltr'><strong>corporis</strong></span> <span class='ocrx_word' id='word_1_690' title='bbox 2428 3451 2592 3504; x_wconf 88' lang='lat' dir='ltr'><strong>habet</strong></span> <span class='ocrx_word' id='word_1_691' title='bbox 2620 3450 2691 3502; x_wconf 89' lang='lat' dir='ltr'><strong>ibi</strong></span> <span class='ocrx_word' id='word_1_692' title='bbox 2719 3467 2730 3501; x_wconf 93' lang='lat'><strong>:</strong></span> <span class='ocrx_word' id='word_1_693' title='bbox 2759 3448 2956 3518; x_wconf 85' lang='lat' dir='ltr'><strong>Regere</strong></span> <span class='ocrx_word' id='word_1_694' title='bbox 2983 3447 3215 3516; x_wconf 84' lang='lat' dir='ltr'><strong>digneris</strong></span> <span class='ocrx_word' id='word_1_695' title='bbox 3238 3454 3345 3498; x_wconf 92' lang='lat' dir='ltr'><strong>toto</strong></span> <span class='ocrx_word' id='word_1_696' title='bbox 3375 3443 3498 3498; x_wconf 88' lang='lat' dir='ltr'><strong>orbe</strong></span> 
     </span>
    </p>
   </div>
   <div class='ocr_carea' id='block_1_93' title="bbox 1909 3536 3496 3620">
    <p class='ocr_par' dir='ltr' id='par_1_93' title="bbox 1909 3536 3496 3620">
     <span class='ocr_line' id='line_1_93' title="bbox 1909 3536 3496 3620; baseline -0.008 -18"><span class='ocrx_word' id='word_1_697' title='bbox 1909 3559 2188 3620; x_wconf 70' lang='lat' dir='ltr'><strong>terrarum.</strong></span> <span class='ocrx_word' id='word_1_698' title='bbox 2220 3545 2357 3610; x_wconf 74' lang='lat' dir='ltr'><strong>Ecce</strong></span> <span class='ocrx_word' id='word_1_699' title='bbox 2385 3543 2475 3600; x_wconf 89' lang='lat' dir='ltr'><strong>hic</strong></span> <span class='ocrx_word' id='word_1_700' title='bbox 2499 3551 2715 3614; x_wconf 79' lang='lat' dir='ltr'><strong>oratum</strong></span> <span class='ocrx_word' id='word_1_701' title='bbox 2741 3549 2823 3610; x_wconf 84' lang='lat' dir='ltr'><strong>est</strong></span> <span class='ocrx_word' id='word_1_702' title='bbox 2861 3555 2962 3618; x_wconf 79' lang='lat' dir='ltr'><strong>pro</strong></span> <span class='ocrx_word' id='word_1_703' title='bbox 2986 3536 3281 3614; x_wconf 77' lang='lat' dir='ltr'><strong>universali</strong></span> <span class='ocrx_word' id='word_1_704' title='bbox 3312 3536 3496 3616; x_wconf 78' lang='lat' dir='ltr'><strong>Eccle-</strong></span> 
     </span>
    </p>
   </div>
   <div class='ocr_carea' id='block_1_94' title="bbox 1909 3627 3498 3712">
    <p class='ocr_par' dir='ltr' id='par_1_94' title="bbox 1909 3627 3498 3712">
     <span class='ocr_line' id='line_1_94' title="bbox 1909 3627 3498 3712; baseline -0.008 -18"><span class='ocrx_word' id='word_1_705' title='bbox 1909 3641 2010 3710; x_wconf 72' lang='lat' dir='ltr'><strong>sia,</strong></span> <span class='ocrx_word' id='word_1_706' title='bbox 2042 3639 2098 3697; x_wconf 91' lang='lat' dir='ltr'><strong>Si</strong></span> <span class='ocrx_word' id='word_1_707' title='bbox 2128 3637 2362 3712; x_wconf 78' lang='lat' dir='ltr'><strong>voluerit</strong></span> <span class='ocrx_word' id='word_1_708' title='bbox 2387 3651 2486 3707; x_wconf 84' lang='lat' dir='ltr'><strong>pro</strong></span> <span class='ocrx_word' id='word_1_709' title='bbox 2527 3632 2753 3706; x_wconf 77' lang='lat' dir='ltr'><strong>singulis</strong></span> <span class='ocrx_word' id='word_1_710' title='bbox 2797 3631 2987 3686; x_wconf 90' lang='lat' dir='ltr'><strong>amicis</strong></span> <span class='ocrx_word' id='word_1_711' title='bbox 3016 3630 3372 3710; x_wconf 76' lang='lat' dir='ltr'><strong>intercedere,</strong></span> <span class='ocrx_word' id='word_1_712' title='bbox 3397 3627 3498 3683; x_wconf 88' lang='lat' dir='ltr'><strong>ha-</strong></span> 
     </span>
    </p>
   </div>
   <div class='ocr_carea' id='block_1_95' title="bbox 1908 3713 3498 3798">
    <p class='ocr_par' dir='ltr' id='par_1_95' title="bbox 1908 3713 3498 3798">
     <span class='ocr_line' id='line_1_95' title="bbox 1908 3713 3498 3798; baseline -0.009 -13"><span class='ocrx_word' id='word_1_713' title='bbox 1908 3731 2000 3786; x_wconf 84' lang='lat' dir='ltr'><strong>bet</strong></span> <span class='ocrx_word' id='word_1_714' title='bbox 2030 3713 2101 3798; x_wconf 75' lang='lat' dir='ltr'><strong>ibi</strong></span> <span class='ocrx_word' id='word_1_715' title='bbox 2132 3747 2144 3786; x_wconf 87' lang='lat'><strong>:</strong></span> <span class='ocrx_word' id='word_1_716' title='bbox 2175 3728 2458 3792; x_wconf 79' lang='lat' dir='ltr'><strong>Memento,</strong></span> <span class='ocrx_word' id='word_1_717' title='bbox 2495 3725 2737 3791; x_wconf 84' lang='lat' dir='ltr'><strong>Domine,</strong></span> <span class='ocrx_word' id='word_1_718' title='bbox 2771 3721 3092 3796; x_wconf 78' lang='lat' dir='ltr'><strong>famularum</strong></span> <span class='ocrx_word' id='word_1_719' title='bbox 3144 3719 3498 3792; x_wconf 73' lang='lat' dir='ltr'><strong>famularum-</strong></span> 
     </span>
    </p>
   </div>
   <div class='ocr_carea' id='block_1_96' title="bbox 1907 3809 3501 3902">
    <p class='ocr_par' dir='ltr' id='par_1_96' title="bbox 1907 3809 3501 3902">
     <span class='ocr_line' id='line_1_96' title="bbox 1907 3809 3501 3902; baseline -0.008 -26"><span class='ocrx_word' id='word_1_720' title='bbox 1907 3837 2006 3902; x_wconf 79' lang='lat' dir='ltr'><strong>que</strong></span> <span class='ocrx_word' id='word_1_721' title='bbox 2030 3829 2242 3878; x_wconf 83' lang='lat' dir='ltr'><strong>tuarum</strong></span> <span class='ocrx_word' id='word_1_722' title='bbox 2265 3836 2282 3884; x_wconf 89' lang='lat'><strong><em>;</em></strong></span> <span class='ocrx_word' id='word_1_723' title='bbox 2324 3817 2567 3872; x_wconf 88' lang='lat' dir='ltr'><strong>nominet</strong></span> <span class='ocrx_word' id='word_1_724' title='bbox 2590 3815 2663 3876; x_wconf 88' lang='lat' dir='ltr'><strong>ibi</strong></span> <span class='ocrx_word' id='word_1_725' title='bbox 2690 3809 3046 3898; x_wconf 76' lang='lat' dir='ltr'><strong>quascunque</strong></span> <span class='ocrx_word' id='word_1_726' title='bbox 3067 3812 3117 3890; x_wconf 78' lang='lat' dir='ltr'><strong>ei</strong></span> <span class='ocrx_word' id='word_1_727' title='bbox 3144 3819 3198 3866; x_wconf 93' lang='lat' dir='ltr'><strong>et</strong></span> <span class='ocrx_word' id='word_1_728' title='bbox 3227 3826 3363 3884; x_wconf 86' lang='lat' dir='ltr'><strong>quas</strong></span> <span class='ocrx_word' id='word_1_729' title='bbox 3385 3809 3501 3882; x_wconf 89' lang='lat' dir='ltr'><strong>pla-</strong></span> 
     </span>
    </p>
   </div>
   <div class='ocr_carea' id='block_1_97' title="bbox 1907 3901 3501 3981">
    <p class='ocr_par' dir='ltr' id='par_1_97' title="bbox 1907 3901 3501 3981">
     <span class='ocr_line' id='line_1_97' title="bbox 1907 3901 3501 3981; baseline -0.009 -13"><span class='ocrx_word' id='word_1_730' title='bbox 1907 3901 2084 3974; x_wconf 87' lang='lat' dir='ltr'><strong>cuerit</strong></span> <span class='ocrx_word' id='word_1_731' title='bbox 2112 3907 2419 3981; x_wconf 77' lang='lat' dir='ltr'><strong>singulasve</strong></span> <span class='ocrx_word' id='word_1_732' title='bbox 2460 3904 2854 3974; x_wconf 83' lang='lat' dir='ltr'><strong>necessitates:</strong></span> <span class='ocrx_word' id='word_1_733' title='bbox 2887 3903 3010 3980; x_wconf 74' lang='lat' dir='ltr'><strong>dein</strong></span> <span class='ocrx_word' id='word_1_734' title='bbox 3061 3901 3377 3956; x_wconf 87' lang='lat' dir='ltr'><strong>recordetur</strong></span> <span class='ocrx_word' id='word_1_735' title='bbox 3408 3914 3501 3954; x_wconf 66' lang='grc' dir='ltr'><strong>ρος-</strong></span> 
     </span>
    </p>
   </div>
   <div class='ocr_carea' id='block_1_98' title="bbox 1907 3990 3499 4078">
    <p class='ocr_par' dir='ltr' id='par_1_98' title="bbox 1907 3990 3499 4078">
     <span class='ocr_line' id='line_1_98' title="bbox 1907 3990 3499 4078; baseline -0.013 -11"><span class='ocrx_word' id='word_1_736' title='bbox 1907 4020 2030 4068; x_wconf 83' lang='lat' dir='ltr'><strong>rum</strong></span> <span class='ocrx_word' id='word_1_737' title='bbox 2076 4003 2170 4078; x_wconf 86' lang='lat' dir='ltr'><strong>qui</strong></span> <span class='ocrx_word' id='word_1_738' title='bbox 2212 4003 2574 4060; x_wconf 85' lang='lat' dir='ltr'><strong>circumstant</strong></span> <span class='ocrx_word' id='word_1_739' title='bbox 2595 4008 2650 4054; x_wconf 88' lang='lat' dir='ltr'><strong>et</strong></span> <span class='ocrx_word' id='word_1_740' title='bbox 2701 4013 2939 4074; x_wconf 80' lang='lat' dir='ltr'><strong>praesens</strong></span> <span class='ocrx_word' id='word_1_741' title='bbox 2983 3995 3311 4068; x_wconf 75' lang='lat' dir='ltr'><strong>sacrificium</strong></span> <span class='ocrx_word' id='word_1_742' title='bbox 3367 3990 3499 4047; x_wconf 80' lang='lat' dir='ltr'><strong>offe-</strong></span> 
     </span>
    </p>
   </div>
   <div class='ocr_carea' id='block_1_99' title="bbox 1909 4081 3499 4170">
    <p class='ocr_par' dir='ltr' id='par_1_99' title="bbox 1909 4081 3499 4170">
     <span class='ocr_line' id='line_1_99' title="bbox 1909 4081 3499 4170; baseline -0.008 -16"><span class='ocrx_word' id='word_1_743' title='bbox 1909 4106 2054 4154; x_wconf 86' lang='lat' dir='ltr'><strong>runt.</strong></span> <span class='ocrx_word' id='word_1_744' title='bbox 2089 4095 2146 4152; x_wconf 91' lang='lat' dir='ltr'><strong>Si</strong></span> <span class='ocrx_word' id='word_1_745' title='bbox 2192 4096 2312 4170; x_wconf 87' lang='lat' dir='ltr'><strong>quis</strong></span> <span class='ocrx_word' id='word_1_746' title='bbox 2343 4093 2576 4164; x_wconf 77' lang='lat' dir='ltr'><strong>voluerit</strong></span> <span class='ocrx_word' id='word_1_747' title='bbox 2613 4081 2712 4166; x_wconf 75' lang='lat' dir='ltr'><strong>pro</strong></span> <span class='ocrx_word' id='word_1_748' title='bbox 2752 4108 2849 4147; x_wconf 89' lang='lat' dir='ltr'><strong>sua</strong></span> <span class='ocrx_word' id='word_1_749' title='bbox 2882 4089 3198 4145; x_wconf 88' lang='lat' dir='ltr'><strong>defensione</strong></span> <span class='ocrx_word' id='word_1_750' title='bbox 3242 4087 3499 4154; x_wconf 81' lang='lat' dir='ltr'><strong>clamare,</strong></span> 
     </span>
    </p>
   </div>
   <div class='ocr_carea' id='block_1_100' title="bbox 1909 4181 3496 4262">
    <p class='ocr_par' dir='ltr' id='par_1_100' title="bbox 1909 4181 3496 4262">
     <span class='ocr_line' id='line_1_100' title="bbox 1909 4181 3496 4262; baseline -0.008 -21"><span class='ocrx_word' id='word_1_751' title='bbox 1909 4186 2072 4262; x_wconf 72' lang='lat' dir='ltr'><strong>habet</strong></span> <span class='ocrx_word' id='word_1_752' title='bbox 2123 4185 2196 4248; x_wconf 88' lang='lat' dir='ltr'><strong>ibi</strong></span> <span class='ocrx_word' id='word_1_753' title='bbox 2225 4182 2720 4256; x_wconf 63' lang='lat' dir='ltr'><strong>:Communicantes</strong></span> <span class='ocrx_word' id='word_1_754' title='bbox 2757 4190 2805 4238; x_wconf 88' lang='lat' dir='ltr'><strong>et</strong></span> <span class='ocrx_word' id='word_1_755' title='bbox 2849 4181 3154 4240; x_wconf 82' lang='lat' dir='ltr'><strong>memoriam</strong></span> <span class='ocrx_word' id='word_1_756' title='bbox 3196 4184 3496 4244; x_wconf 73' lang='lat' dir='ltr'><strong>venerantes</strong></span> 
     </span>
    </p>
   </div>
   <div class='ocr_carea' id='block_1_101' title="bbox 1907 4267 3500 4352">
    <p class='ocr_par' dir='ltr' id='par_1_101' title="bbox 1907 4267 3500 4352">
     <span class='ocr_line' id='line_1_101' title="bbox 1907 4267 3500 4352; baseline -0.009 -17"><span class='ocrx_word' id='word_1_757' title='bbox 1907 4276 2196 4352; x_wconf 76' lang='lat' dir='ltr'><strong>multorum</strong></span> <span class='ocrx_word' id='word_1_758' title='bbox 2251 4285 2586 4346; x_wconf 68' lang='lat' dir='ltr'><strong>sanctorum,</strong></span> <span class='ocrx_word' id='word_1_759' title='bbox 2643 4287 2867 4344; x_wconf 80' lang='lat' dir='ltr'><strong>quorum</strong></span> <span class='ocrx_word' id='word_1_760' title='bbox 2920 4270 3117 4326; x_wconf 83' lang='lat' dir='ltr'><strong>meritis</strong></span> <span class='ocrx_word' id='word_1_761' title='bbox 3162 4267 3500 4340; x_wconf 75' lang='lat' dir='ltr'><strong>precibusque</strong></span> 
     </span>
    </p>
   </div>
   <div class='ocr_carea' id='block_1_102' title="bbox 1911 4351 3502 4450">
    <p class='ocr_par' dir='ltr' id='par_1_102' title="bbox 1911 4351 3502 4450">
     <span class='ocr_line' id='line_1_102' title="bbox 1911 4351 3502 4450; baseline -0.013 -20"><span class='ocrx_word' id='word_1_762' title='bbox 1911 4351 2188 4436; x_wconf 64' lang='lat' dir='ltr'><strong>concedas,</strong></span> <span class='ocrx_word' id='word_1_763' title='bbox 2233 4369 2371 4428; x_wconf 78' lang='lat' dir='ltr'><strong>utin</strong></span> <span class='ocrx_word' id='word_1_764' title='bbox 2413 4351 2652 4434; x_wconf 69' lang='lat' dir='ltr'><strong>omnibus</strong></span> <span class='ocrx_word' id='word_1_765' title='bbox 2687 4363 3021 4450; x_wconf 70' lang='lat' dir='ltr'><strong>protectionis</strong></span> <span class='ocrx_word' id='word_1_766' title='bbox 3060 4371 3165 4426; x_wconf 72' lang='lat' dir='ltr'><strong>tuo:</strong></span> <span class='ocrx_word' id='word_1_767' title='bbox 3195 4359 3502 4412; x_wconf 78' lang='lat' dir='ltr'><strong>muniantur</strong></span> 
     </span>
    </p>
   </div>
   <div class='ocr_carea' id='block_1_103' title="bbox 1911 4447 3500 4539">
    <p class='ocr_par' dir='ltr' id='par_1_103' title="bbox 1911 4447 3500 4539">
     <span class='ocr_line' id='line_1_103' title="bbox 1911 4447 3500 4539; baseline -0.013 -18"><span class='ocrx_word' id='word_1_768' title='bbox 1911 4459 2136 4539; x_wconf 63' lang='lat' dir='ltr'><strong>guxilio.</strong></span> <span class='ocrx_word' id='word_1_769' title='bbox 2176 4458 2318 4538; x_wconf 60' lang='lat' dir='ltr'><strong>Ecce</strong></span> <span class='ocrx_word' id='word_1_770' title='bbox 2343 4457 2434 4532; x_wconf 75' lang='lat' dir='ltr'><strong>hic</strong></span> <span class='ocrx_word' id='word_1_771' title='bbox 2459 4464 2676 4538; x_wconf 73' lang='lat' dir='ltr'><strong>oratum</strong></span> <span class='ocrx_word' id='word_1_772' title='bbox 2691 4447 2785 4530; x_wconf 60' lang='lat' dir='ltr'><strong>est</strong></span> <span class='ocrx_word' id='word_1_773' title='bbox 2813 4467 2915 4536; x_wconf 73' lang='lat' dir='ltr'><strong>pro</strong></span> <span class='ocrx_word' id='word_1_774' title='bbox 2948 4451 3078 4538; x_wconf 83' lang='lat' dir='ltr'><strong>ipsis</strong></span> <span class='ocrx_word' id='word_1_775' title='bbox 3106 4447 3500 4516; x_wconf 86' lang='lat' dir='ltr'><strong>sacerdotibus.</strong></span> 
     </span>
    </p>
   </div>
   <div class='ocr_carea' id='block_1_104' title="bbox 1913 4541 3505 4634">
    <p class='ocr_par' dir='ltr' id='par_1_104' title="bbox 1913 4541 3505 4634">
     <span class='ocr_line' id='line_1_104' title="bbox 1913 4541 3505 4634; baseline -0.011 -21"><span class='ocrx_word' id='word_1_776' title='bbox 1913 4551 1972 4620; x_wconf 75' lang='lat' dir='ltr'><strong>Si</strong></span> <span class='ocrx_word' id='word_1_777' title='bbox 2013 4553 2242 4630; x_wconf 70' lang='lat' dir='ltr'><strong>voluerit</strong></span> <span class='ocrx_word' id='word_1_778' title='bbox 2294 4566 2393 4634; x_wconf 84' lang='lat' dir='ltr'><strong>pro</strong></span> <span class='ocrx_word' id='word_1_779' title='bbox 2435 4565 2569 4633; x_wconf 75' lang='lat' dir='ltr'><strong>pace</strong></span> <span class='ocrx_word' id='word_1_780' title='bbox 2608 4549 2845 4624; x_wconf 76' lang='lat' dir='ltr'><strong>clamare</strong></span> <span class='ocrx_word' id='word_1_781' title='bbox 2893 4546 3058 4616; x_wconf 83' lang='lat' dir='ltr'><strong>totius</strong></span> <span class='ocrx_word' id='word_1_782' title='bbox 3089 4543 3348 4614; x_wconf 89' lang='lat' dir='ltr'><strong>temporis</strong></span> <span class='ocrx_word' id='word_1_783' title='bbox 3377 4541 3505 4596; x_wconf 75' lang='lat' dir='ltr'><strong>vita:</strong></span> 
     </span>
    </p>
   </div>
   <div class='ocr_carea' id='block_1_105' title="bbox 1915 4634 3500 4726">
    <p class='ocr_par' dir='ltr' id='par_1_105' title="bbox 1915 4634 3500 4726">
     <span class='ocr_line' id='line_1_105' title="bbox 1915 4634 3500 4726; baseline -0.013 -18"><span class='ocrx_word' id='word_1_784' title='bbox 1915 4664 2048 4726; x_wconf 64' lang='lat' dir='ltr'><strong>suos,</strong></span> <span class='ocrx_word' id='word_1_785' title='bbox 2081 4647 2247 4714; x_wconf 76' lang='lat' dir='ltr'><strong>habet</strong></span> <span class='ocrx_word' id='word_1_786' title='bbox 2272 4645 2344 4710; x_wconf 84' lang='lat' dir='ltr'><strong>ibi</strong></span> <span class='ocrx_word' id='word_1_787' title='bbox 2380 4645 2435 4718; x_wconf 87' lang='lat' dir='ltr'><strong>in</strong></span> <span class='ocrx_word' id='word_1_788' title='bbox 2463 4643 2648 4708; x_wconf 83' lang='lat' dir='ltr'><strong>verbis</strong></span> <span class='ocrx_word' id='word_1_789' title='bbox 2688 4655 2810 4712; x_wconf 68' lang='lat' dir='ltr'><strong>quae</strong></span> <span class='ocrx_word' id='word_1_790' title='bbox 2837 4638 3044 4704; x_wconf 84' lang='lat' dir='ltr'><strong>addidit</strong></span> <span class='ocrx_word' id='word_1_791' title='bbox 3072 4636 3130 4704; x_wconf 71' lang='grc' dir='ltr'><strong>ὃ,</strong></span> <span class='ocrx_word' id='word_1_792' title='bbox 3165 4634 3500 4726; x_wconf 78' lang='lat' dir='ltr'><strong>Gregorius:</strong></span> 
     </span>
    </p>
   </div>
   <div class='ocr_carea' id='block_1_106' title="bbox 1915 4725 3504 4814">
    <p class='ocr_par' dir='ltr' id='par_1_106' title="bbox 1915 4725 3504 4814">
     <span class='ocr_line' id='line_1_106' title="bbox 1915 4725 3504 4814; baseline -0.012 -15"><span class='ocrx_word' id='word_1_793' title='bbox 1915 4743 2140 4813; x_wconf 81' lang='lat' dir='ltr'><strong>Diesque</strong></span> <span class='ocrx_word' id='word_1_794' title='bbox 2192 4750 2398 4796; x_wconf 76' lang='lat' dir='ltr'><strong>nostros</strong></span> <span class='ocrx_word' id='word_1_795' title='bbox 2451 4739 2504 4796; x_wconf 83' lang='lat' dir='ltr'><strong>in</strong></span> <span class='ocrx_word' id='word_1_796' title='bbox 2551 4749 2643 4792; x_wconf 83' lang='lat' dir='ltr'><strong>tua</strong></span> <span class='ocrx_word' id='word_1_797' title='bbox 2690 4752 2816 4810; x_wconf 80' lang='lat' dir='ltr'><strong>pace</strong></span> <span class='ocrx_word' id='word_1_798' title='bbox 2869 4733 3138 4814; x_wconf 71' lang='lat' dir='ltr'><strong>disponas,</strong></span> <span class='ocrx_word' id='word_1_799' title='bbox 3180 4739 3228 4785; x_wconf 86' lang='lat' dir='ltr'><strong>et</strong></span> <span class='ocrx_word' id='word_1_800' title='bbox 3271 4728 3391 4783; x_wconf 84' lang='lat' dir='ltr'><strong>dein</strong></span> <span class='ocrx_word' id='word_1_801' title='bbox 3440 4725 3504 4780; x_wconf 81' lang='lat' dir='ltr'><strong>ab</strong></span> 
     </span>
    </p>
   </div>
   <div class='ocr_carea' id='block_1_107' title="bbox 1917 4821 3505 4907">
    <p class='ocr_par' dir='ltr' id='par_1_107' title="bbox 1917 4821 3505 4907">
     <span class='ocr_line' id='line_1_107' title="bbox 1917 4821 3505 4907; baseline -0.011 -18"><span class='ocrx_word' id='word_1_802' title='bbox 1917 4845 2112 4907; x_wconf 59' lang='grc' dir='ltr'><strong>κτεῖνια</strong></span> <span class='ocrx_word' id='word_1_803' title='bbox 2160 4833 2499 4888; x_wconf 85' lang='lat' dir='ltr'><strong>damnatione</strong></span> <span class='ocrx_word' id='word_1_804' title='bbox 2545 4829 2698 4900; x_wconf 85' lang='lat' dir='ltr'><strong>eripi,</strong></span> <span class='ocrx_word' id='word_1_805' title='bbox 2729 4837 2884 4898; x_wconf 83' lang='lat' dir='ltr'><strong>atque</strong></span> <span class='ocrx_word' id='word_1_806' title='bbox 2910 4825 3099 4894; x_wconf 73' lang='lat' dir='ltr'><strong>jubcas</strong></span> <span class='ocrx_word' id='word_1_807' title='bbox 3133 4823 3188 4882; x_wconf 80' lang='lat' dir='ltr'><strong>in</strong></span> <span class='ocrx_word' id='word_1_808' title='bbox 3226 4821 3505 4890; x_wconf 78' lang='lat' dir='ltr'><strong>electorum</strong></span> 
     </span>
    </p>
   </div>
   <div class='ocr_carea' id='block_1_108' title="bbox 1917 4915 3506 4996">
    <p class='ocr_par' dir='ltr' id='par_1_108' title="bbox 1917 4915 3506 4996">
     <span class='ocr_line' id='line_1_108' title="bbox 1917 4915 3506 4996; baseline -0.012 -16"><span class='ocrx_word' id='word_1_809' title='bbox 1917 4936 2127 4990; x_wconf 73' lang='lat' dir='ltr'><strong>tuorum</strong></span> <span class='ocrx_word' id='word_1_810' title='bbox 2170 4939 2322 4996; x_wconf 78' lang='lat' dir='ltr'><strong>grege</strong></span> <span class='ocrx_word' id='word_1_811' title='bbox 2375 4919 2662 4986; x_wconf 76' lang='lat' dir='ltr'><strong>numerari.</strong></span> <span class='ocrx_word' id='word_1_812' title='bbox 2702 4917 2842 4984; x_wconf 75' lang='lat' dir='ltr'><strong>Ecce</strong></span> <span class='ocrx_word' id='word_1_813' title='bbox 2882 4915 2969 4992; x_wconf 76' lang='lat' dir='ltr'><strong>hic</strong></span> <span class='ocrx_word' id='word_1_814' title='bbox 3016 4920 3233 4990; x_wconf 71' lang='lat' dir='ltr'><strong>pratum</strong></span> <span class='ocrx_word' id='word_1_815' title='bbox 3285 4917 3369 4974; x_wconf 85' lang='lat' dir='ltr'><strong>est</strong></span> <span class='ocrx_word' id='word_1_816' title='bbox 3407 4923 3506 4996; x_wconf 69' lang='lat' dir='ltr'><strong>pro</strong></span> 
     </span>
    </p>
   </div>
   <div class='ocr_carea' id='block_1_109' title="bbox 1915 4983 3505 5090">
    <p class='ocr_par' dir='ltr' id='par_1_109' title="bbox 1915 4983 3505 5090">
     <span class='ocr_line' id='line_1_109' title="bbox 1915 4983 3505 5090; baseline -0.014 -12"><span class='ocrx_word' id='word_1_817' title='bbox 2140 4983 2459 5090; x_wconf 78' lang='lat' dir='ltr'><strong>Juxta</strong></span> <span class='ocrx_word' id='word_1_818' title='bbox 2484 5011 2629 5072; x_wconf 87' lang='lat' dir='ltr'><strong>dicta</strong></span> <span class='ocrx_word' id='word_1_819' title='bbox 2647 5008 2704 5064; x_wconf 92' lang='lat' dir='ltr'><strong>S.</strong></span> <span class='ocrx_word' id='word_1_820' title='bbox 2729 4983 3024 5082; x_wconf 78' lang='lat' dir='ltr'><strong>Ambrosii,</strong></span> <span class='ocrx_word' id='word_1_821' title='bbox 3050 4983 3103 5062; x_wconf 85' lang='lat' dir='ltr'><strong>in</strong></span> <span class='ocrx_word' id='word_1_822' title='bbox 3132 5006 3234 5078; x_wconf 84' lang='lat' dir='ltr'><strong>hac</strong></span> <span class='ocrx_word' id='word_1_823' title='bbox 3256 4983 3505 5090; x_wconf 65' lang='lat' dir='ltr'><strong>oratione</strong></span> 
     </span>
    </p>
   </div>
   <div class='ocr_carea' id='block_1_110' title="bbox 1912 5097 3505 5180">
    <p class='ocr_par' dir='ltr' id='par_1_110' title="bbox 1912 5097 3505 5180">
     <span class='ocr_line' id='line_1_110' title="bbox 1912 5097 3505 5180; baseline -0.014 -13"><span class='ocrx_word' id='word_1_824' title='bbox 1912 5111 2056 5168; x_wconf 87' lang='lat' dir='ltr'><strong>bona</strong></span> <span class='ocrx_word' id='word_1_825' title='bbox 2080 5107 2238 5180; x_wconf 79' lang='lat' dir='ltr'><strong>nobis</strong></span> <span class='ocrx_word' id='word_1_826' title='bbox 2259 5103 2566 5168; x_wconf 80' lang='lat' dir='ltr'><strong>necessaria</strong></span> <span class='ocrx_word' id='word_1_827' title='bbox 2598 5100 2958 5176; x_wconf 73' lang='lat' dir='ltr'><strong>postuiamus.</strong></span> <span class='ocrx_word' id='word_1_828' title='bbox 2983 5098 3042 5180; x_wconf 65' lang='grc' dir='ltr'><strong>ιιι</strong></span> <span class='ocrx_word' id='word_1_829' title='bbox 3071 5097 3320 5162; x_wconf 84' lang='lat' dir='ltr'><strong>oratione</strong></span> <span class='ocrx_word' id='word_1_830' title='bbox 3343 5109 3505 5166; x_wconf 80' lang='lat' dir='ltr'><strong>quam</strong></span> 
     </span>
    </p>
   </div>
   <div class='ocr_carea' id='block_1_111' title="bbox 1914 5177 3508 5274">
    <p class='ocr_par' dir='ltr' id='par_1_111' title="bbox 1914 5177 3508 5274">
     <span class='ocr_line' id='line_1_111' title="bbox 1914 5177 3508 5274; baseline -0.011 -17"><span class='ocrx_word' id='word_1_831' title='bbox 1914 5201 2047 5274; x_wconf 79' lang='lat' dir='ltr'><strong>dicit</strong></span> <span class='ocrx_word' id='word_1_832' title='bbox 2075 5177 2330 5262; x_wconf 78' lang='lat' dir='ltr'><strong>sacerdos</strong></span> <span class='ocrx_word' id='word_1_833' title='bbox 2358 5201 2482 5272; x_wconf 89' lang='lat' dir='ltr'><strong>post</strong></span> <span class='ocrx_word' id='word_1_834' title='bbox 2509 5191 2968 5254; x_wconf 81' lang='lat' dir='ltr'><strong>communionem,</strong></span> <span class='ocrx_word' id='word_1_835' title='bbox 3003 5177 3135 5268; x_wconf 71' lang='lat' dir='ltr'><strong>dicit</strong></span> <span class='ocrx_word' id='word_1_836' title='bbox 3159 5195 3378 5264; x_wconf 88' lang='lat' dir='ltr'><strong>sanctus</strong></span> <span class='ocrx_word' id='word_1_837' title='bbox 3404 5183 3508 5260; x_wconf 79' lang='lat' dir='ltr'><strong>Au-</strong></span> 
     </span>
    </p>
   </div>
   <div class='ocr_carea' id='block_1_112' title="bbox 1913 5281 3506 5368">
    <p class='ocr_par' dir='ltr' id='par_1_112' title="bbox 1913 5281 3506 5368">
     <span class='ocr_line' id='line_1_112' title="bbox 1913 5281 3506 5368; baseline -0.013 -18"><span class='ocrx_word' id='word_1_838' title='bbox 1913 5292 2162 5368; x_wconf 72' lang='lat' dir='ltr'><strong>gustinus</strong></span> <span class='ocrx_word' id='word_1_839' title='bbox 2195 5288 2518 5354; x_wconf 81' lang='lat' dir='ltr'><strong>benedicere</strong></span> <span class='ocrx_word' id='word_1_840' title='bbox 2546 5285 2889 5360; x_wconf 80' lang='lat' dir='ltr'><strong>sacerdotem</strong></span> <span class='ocrx_word' id='word_1_841' title='bbox 2931 5281 3208 5356; x_wconf 75' lang='lat' dir='ltr'><strong>populum,</strong></span> <span class='ocrx_word' id='word_1_842' title='bbox 3238 5288 3291 5346; x_wconf 84' lang='lat' dir='ltr'><strong>et</strong></span> <span class='ocrx_word' id='word_1_843' title='bbox 3330 5289 3506 5348; x_wconf 78' lang='lat' dir='ltr'><strong>trans-</strong></span> 
     </span>
    </p>
   </div>
   <div class='ocr_carea' id='block_1_113' title="bbox 1912 5369 3504 5458">
    <p class='ocr_par' dir='ltr' id='par_1_113' title="bbox 1912 5369 3504 5458">
     <span class='ocr_line' id='line_1_113' title="bbox 1912 5369 3504 5458; baseline -0.014 -14"><span class='ocrx_word' id='word_1_844' title='bbox 1912 5385 1994 5446; x_wconf 84' lang='lat' dir='ltr'><strong>ire</strong></span> <span class='ocrx_word' id='word_1_845' title='bbox 2014 5379 2269 5458; x_wconf 83' lang='lat' dir='ltr'><strong>populum</strong></span> <span class='ocrx_word' id='word_1_846' title='bbox 2316 5378 2382 5442; x_wconf 79' lang='lat' dir='ltr'><strong>ad</strong></span> <span class='ocrx_word' id='word_1_847' title='bbox 2409 5392 2601 5454; x_wconf 83' lang='lat' dir='ltr'><strong>manus</strong></span> <span class='ocrx_word' id='word_1_848' title='bbox 2647 5374 2966 5438; x_wconf 86' lang='lat' dir='ltr'><strong>sacerdotis.</strong></span> <span class='ocrx_word' id='word_1_849' title='bbox 3002 5373 3128 5442; x_wconf 72' lang='lat' dir='ltr'><strong>Haec</strong></span> <span class='ocrx_word' id='word_1_850' title='bbox 3167 5369 3504 5440; x_wconf 82' lang='lat' dir='ltr'><strong>consuetudo</strong></span> 
     </span>
    </p>
   </div>
   <div class='ocr_carea' id='block_1_114' title="bbox 1913 5461 3506 5553">
    <p class='ocr_par' dir='ltr' id='par_1_114' title="bbox 1913 5461 3506 5553">
     <span class='ocr_line' id='line_1_114' title="bbox 1913 5461 3506 5553; baseline -0.011 -22"><span class='ocrx_word' id='word_1_851' title='bbox 1913 5491 2024 5553; x_wconf 76' lang='lat' dir='ltr'><strong>non</strong></span> <span class='ocrx_word' id='word_1_852' title='bbox 2051 5475 2371 5534; x_wconf 78' lang='lat' dir='ltr'><strong>observatur</strong></span> <span class='ocrx_word' id='word_1_853' title='bbox 2408 5469 2551 5548; x_wconf 71' lang='lat' dir='ltr'><strong>apud</strong></span> <span class='ocrx_word' id='word_1_854' title='bbox 2574 5483 2674 5524; x_wconf 91' lang='lat' dir='ltr'><strong>nos</strong></span> <span class='ocrx_word' id='word_1_855' title='bbox 2700 5480 3110 5553; x_wconf 78' lang='lat' dir='ltr'><strong>usquequaque,</strong></span> <span class='ocrx_word' id='word_1_856' title='bbox 3143 5463 3246 5536; x_wconf 84' lang='lat' dir='ltr'><strong>nisi</strong></span> <span class='ocrx_word' id='word_1_857' title='bbox 3276 5461 3346 5530; x_wconf 84' lang='lat' dir='ltr'><strong>sit</strong></span> <span class='ocrx_word' id='word_1_858' title='bbox 3369 5461 3506 5526; x_wconf 86' lang='lat' dir='ltr'><strong>forte</strong></span> 
     </span>
    </p>
   </div>
   <div class='ocr_carea' id='block_1_115' title="bbox 1911 5555 3503 5634">
    <p class='ocr_par' dir='ltr' id='par_1_115' title="bbox 1911 5555 3503 5634">
     <span class='ocr_line' id='line_1_115' title="bbox 1911 5555 3503 5634; baseline -0.009 -11"><span class='ocrx_word' id='word_1_859' title='bbox 1911 5569 1964 5623; x_wconf 88' lang='lat' dir='ltr'><strong>id</strong></span> <span class='ocrx_word' id='word_1_860' title='bbox 1996 5567 2229 5622; x_wconf 90' lang='lat' dir='ltr'><strong>transire</strong></span> <span class='ocrx_word' id='word_1_861' title='bbox 2262 5562 2521 5634; x_wconf 91' lang='lat' dir='ltr'><strong>populum</strong></span> <span class='ocrx_word' id='word_1_862' title='bbox 2555 5561 2623 5614; x_wconf 89' lang='lat' dir='ltr'><strong>ad</strong></span> <span class='ocrx_word' id='word_1_863' title='bbox 2656 5574 2850 5614; x_wconf 90' lang='lat' dir='ltr'><strong>manus</strong></span> <span class='ocrx_word' id='word_1_864' title='bbox 2873 5557 3198 5621; x_wconf 88' lang='lat' dir='ltr'><strong>sacerdotis,</strong></span> <span class='ocrx_word' id='word_1_865' title='bbox 3231 5555 3375 5626; x_wconf 88' lang='lat' dir='ltr'><strong>quod</strong></span> <span class='ocrx_word' id='word_1_866' title='bbox 3397 5561 3503 5618; x_wconf 92' lang='lat' dir='ltr'><strong>est,</strong></span> 
     </span>
    </p>
   </div>
   <div class='ocr_carea' id='block_1_116' title="bbox 1911 5644 3504 5729">
    <p class='ocr_par' dir='ltr' id='par_1_116' title="bbox 1911 5644 3504 5729">
     <span class='ocr_line' id='line_1_116' title="bbox 1911 5644 3504 5729; baseline -0.01 -15"><span class='ocrx_word' id='word_1_867' title='bbox 1911 5660 2163 5729; x_wconf 87' lang='lat' dir='ltr'><strong>accipere</strong></span> <span class='ocrx_word' id='word_1_868' title='bbox 2192 5656 2260 5710; x_wconf 89' lang='lat' dir='ltr'><strong>ab</strong></span> <span class='ocrx_word' id='word_1_869' title='bbox 2294 5669 2358 5709; x_wconf 91' lang='lat' dir='ltr'><strong>eo</strong></span> <span class='ocrx_word' id='word_1_870' title='bbox 2394 5661 2742 5708; x_wconf 90' lang='lat' dir='ltr'><strong>sacramenta</strong></span> <span class='ocrx_word' id='word_1_871' title='bbox 2788 5649 3034 5720; x_wconf 89' lang='lat' dir='ltr'><strong>corporis</strong></span> <span class='ocrx_word' id='word_1_872' title='bbox 3091 5647 3325 5712; x_wconf 91' lang='lat' dir='ltr'><strong>Domini,</strong></span> <span class='ocrx_word' id='word_1_873' title='bbox 3359 5644 3504 5716; x_wconf 85' lang='lat' dir='ltr'><strong>quod</strong></span> 
     </span>
    </p>
   </div>
   <div class='ocr_carea' id='block_1_117' title="bbox 1910 5740 3504 5822">
    <p class='ocr_par' dir='ltr' id='par_1_117' title="bbox 1910 5740 3504 5822">
     <span class='ocr_line' id='line_1_117' title="bbox 1910 5740 3504 5822; baseline -0.008 -16"><span class='ocrx_word' id='word_1_874' title='bbox 1910 5765 2049 5822; x_wconf 90' lang='lat' dir='ltr'><strong>pene</strong></span> <span class='ocrx_word' id='word_1_875' title='bbox 2071 5748 2250 5805; x_wconf 90' lang='lat' dir='ltr'><strong>omnis</strong></span> <span class='ocrx_word' id='word_1_876' title='bbox 2286 5745 2530 5800; x_wconf 81' lang='lat' dir='ltr'><strong>Romana</strong></span> <span class='ocrx_word' id='word_1_877' title='bbox 2562 5743 2802 5799; x_wconf 85' lang='lat' dir='ltr'><strong>Ecclesia</strong></span> <span class='ocrx_word' id='word_1_878' title='bbox 2847 5751 2902 5798; x_wconf 92' lang='lat' dir='ltr'><strong>et</strong></span> <span class='ocrx_word' id='word_1_879' title='bbox 2933 5740 3225 5797; x_wconf 89' lang='lat' dir='ltr'><strong>Orientalis</strong></span> <span class='ocrx_word' id='word_1_880' title='bbox 3257 5755 3356 5811; x_wconf 90' lang='lat' dir='ltr'><strong>per</strong></span> <span class='ocrx_word' id='word_1_881' title='bbox 3387 5753 3504 5794; x_wconf 86' lang='lat' dir='ltr'><strong>om-</strong></span> 
     </span>
    </p>
   </div>
   <div class='ocr_carea' id='block_1_118' title="bbox 1912 5832 3503 5913">
    <p class='ocr_par' dir='ltr' id='par_1_118' title="bbox 1912 5832 3503 5913">
     <span class='ocr_line' id='line_1_118' title="bbox 1912 5832 3503 5913; baseline -0.008 -11"><span class='ocrx_word' id='word_1_882' title='bbox 1912 5857 2012 5902; x_wconf 84' lang='lat' dir='ltr'><strong>nes</strong></span> <span class='ocrx_word' id='word_1_883' title='bbox 2039 5840 2310 5897; x_wconf 90' lang='lat' dir='ltr'><strong>solemnes</strong></span> <span class='ocrx_word' id='word_1_884' title='bbox 2335 5836 2454 5894; x_wconf 89' lang='lat' dir='ltr'><strong>dies</strong></span> <span class='ocrx_word' id='word_1_885' title='bbox 2481 5837 2595 5913; x_wconf 72' lang='lat' dir='ltr'><strong>agit</strong></span> <span class='ocrx_word' id='word_1_886' title='bbox 2611 5853 2627 5906; x_wconf 85' lang='lat'><strong>;</strong></span> <span class='ocrx_word' id='word_1_887' title='bbox 2654 5844 2708 5892; x_wconf 91' lang='lat' dir='ltr'><strong>et</strong></span> <span class='ocrx_word' id='word_1_888' title='bbox 2732 5835 2788 5892; x_wconf 92' lang='lat' dir='ltr'><strong>id</strong></span> <span class='ocrx_word' id='word_1_889' title='bbox 2826 5835 2898 5893; x_wconf 87' lang='lat' dir='ltr'><strong>sit</strong></span> <span class='ocrx_word' id='word_1_890' title='bbox 2928 5833 3198 5902; x_wconf 89' lang='lat' dir='ltr'><strong>benedici,</strong></span> <span class='ocrx_word' id='word_1_891' title='bbox 3225 5832 3370 5905; x_wconf 86' lang='lat' dir='ltr'><strong>quod</strong></span> <span class='ocrx_word' id='word_1_892' title='bbox 3401 5845 3503 5890; x_wconf 75' lang='lat' dir='ltr'><strong>eo-</strong></span> 
     </span>
    </p>
   </div>
  </div>
