3978 6452
485 385 586 442 991

1535 371 1870 432 AMALARII
1909 369 2346 428 PRESBYTER!
2385 369 2728 426 METENSIS

3657 380 3762 433 99;!

482 497 717 557 meditur
755 493 908 550 cibus
937 490 1272 548 Domintcus.
1319 490 1412 547 Sic
1451 489 1596 548 enim
1625 489 1840 545 canitur
1869 487 1926 541 in
1957 483 2061 541 Ca-
2085 485 2140 547 Α
2163 483 2259 539 sed
2287 486 2444 557 quasi
2473 485 2790 556 simplicitas
2814 487 2883 542 ad
2909 502 3074 542 unam
3104 504 3220 544 rem
3243 491 3553 561 pertinens.
3585 491 3646 546 id
3676 506 3758 552 est

482 605 662 648 noue:
697 585 765 642 Ut
795 596 1046 658 quotquot
1082 603 1146 641 ea:
1174 586 1274 640 hac
1307 585 1492 640 altaris
1539 582 1941 654 participatione
1968 596 2058 634 sa-

482 688 812 737 crosanctum
828 675 956 732 Filii
979 678 1056 732 tui
1073 694 1260 748 corpus
1273 687 1320 732 et
1333 677 1640 747 sanguinem
1659 674 2056 744 sumpserimus,

482 771 624 828 omni
649 769 1008 824 benedictione
1038 767 1228 824 caelesti
1257 777 1304 822 et
1334 769 1505 840 gratia
1534 765 1846 838 repleamur.
1879 765 2059 820 Inten-

482 862 576 918 dat
615 860 844 932 diligens
889 861 1122 926 auditor,
1163 875 1262 930 pro
1302 859 1495 928 quibus
1546 866 1739 912 sonent
1783 857 2058 912 orationes

482 969 617 1024 quas
673 951 928 1007 sacerdos
971 951 1102 1006 dicit
1146 959 1268 1022 post
1323 949 1781 1013 communionem,
1825 947 2063 1018 reperiet

482 1061 679 1116 nempe
709 1060 802 1099 eas
830 1059 1024 1099 sonare
1049 1059 1148 1113 pro
1177 1043 1262 1098 his
1286 1042 1378 1111 qui
1407 1039 1594 1096 refecti
1620 1048 1746 1096 sunt
1770 1055 1912 1110 pane
1947 1053 2061 1094 cm-

483 1137 630 1192 lesti.
678 1132 841 1190 Juxta
894 1135 1140 1190 ordinem
1209 1133 1516 1188 orationum
1561 1140 1615 1186 et
1665 1131 2059 1201 expositionem

483 1235 905 1284 memoratarum
937 1227 1181 1290 Patrum,
1206 1233 1489 1296 precatum
1527 1231 1610 1278 est
1649 1222 1702 1276 in
1735 1223 1908 1293 prima
1939 1236 2062 1276 ora-

484 1321 629 1375 tione
676 1319 854 1374 missm
902 1333 1002 1388 pro
1055 1317 1397 1372 absolutione
1453 1323 1842 1386 peccatorum:
1890 1330 2058 1385 super

484 1427 728 1467 mensam
756 1426 910 1476 vero,
939 1409 1285 1481 postulantur
1304 1407 1445 1463 bona
1466 1409 1623 1462 nobis
1662 1408 1834 1461 instar
1861 1406 2061 1461 oratio-

484 1507 568 1562 nis
598 1514 654 1560 et
677 1504 864 1577 hymni
901 1503 1221 1575 evangelici,
1263 1517 1422 1573 quem
1450 1499 1698 1556 Christus
1732 1499 1928 1554 cecinit
1967 1513 2058 1554 se-

481 1600 715 1654 cundum
739 1595 1022 1662 Joannem,
1047 1594 1476 1652 commendando
1497 1593 1790 1666 discipulos
1815 1609 1942 1649 suos
1961 1593 2061 1648 Pa-

482 1693 548 1747 tri
575 1701 702 1748 ante
728 1691 1035 1763 passionem
1066 1705 1240 1746 suam.
1270 1689 1328 1744 lu
1372 1690 1473 1744 ista
1504 1689 1799 1742 novissima
1835 1687 2059 1741 benedi-

479 1786 904 1858 citur-populus.
950 1785 1090 1852 Quid
1123 1785 1239 1840 vult
1283 1784 1386 1839 ista
1429 1784 1769 1839 benedictio?
1809 1781 2060 1853 Pugnare

2159 577 2616 643 benedictionem,
2661 593 2782 648 qua:
2837 586 3019 634 tamen
3061 596 3160 651 pro
3209 579 3531 638 diversitate
3571 586 3757 655 populi

2159 669 2469 724 necessario
2513 667 2838 739 duplicatur.
2884 668 3002 725 Non
3050 671 3193 726 enim
3233 673 3414 728 omnis
3452 674 3754 735 multitudo

2128 760 2329 815 -currit
2365 758 2432 812 ad
2466 759 2794 814 sacriﬁcium
2836 775 2936 831 per
2959 763 3244 818 continuos
3269 764 3408 830 dies,
3435 765 3537 836 qui
3572 767 3646 822 ad
3672 782 3758 824 ec-

2161 849 2381 904 clesiam
2416 850 2743 905 conveniunt
2773 849 2956 922 (prout
2993 852 3200 909 faciunt
3243 856 3334 925 qui
3383 871 3485 926 per
3515 857 3642 912 dies
3671 875 3754 916 so-

2161 939 2370 995 lemnes
2400 941 2782 1014 conveniunt);
2816 943 2909 1014 qui
2950 960 3058 999 non
3086 947 3516 1011 communicant,
3562 959 3624 1002 ut
3653 968 3753 1008 non

2161 1032 2272 1088 sint
2297 1040 2543 1087 extorres
2579 1049 2609 1086 a
2659 1033 3054 1102 benedictione,
3093 1052 3260 1108 super
3299 1054 3397 1094 eos
3438 1039 3750 1097 benedictio

2162 1123 2461 1178 sacerdotis
2499 1125 2712 1189 transit,
2742 1140 2863 1195 qua:
2903 1143 3009 1182 non
3043 1129 3215 1200 tangit
3246 1140 3610 1185 sacramenta
3634 1148 3748 1188 cor-

2161 1214 2310 1284 poris
2342 1221 2397 1267 et
2424 1215 2705 1284 sanguinis
2745 1216 3001 1273 Domini:
3028 1219 3120 1288 qui
3160 1235 3288 1276 vero
3317 1224 3749 1292 communicant,

2161 1309 2555 1364 benedicuntur
2597 1311 2710 1382 ipsa
2758 1316 3168 1382 communione;
3208 1326 3263 1372 et
3292 1335 3392 1388 pro
3445 1321 3535 1374 eis
3578 1331 3750 1378 oratur

2162 1401 2217 1457 in
2243 1403 2425 1472 priore
2449 1405 2696 1459 oratione
2725 1416 2846 1476 post
2888 1409 3346 1476 communionem,
3378 1420 3443 1466 ut
3483 1422 3645 1469 tanto
3675 1430 3747 1469 sa-

2161 1507 2440 1554 cramento
2475 1510 2835 1570 congruenter
2883 1502 2992 1556 sint
3039 1505 3356 1560 concordes.
3401 1505 3538 1562 Haec
3590 1509 3640 1562 in
3677 1511 3745 1566 eis

2162 1597 2310 1655 sunt,
2336 1606 2456 1660 qua:
2490 1608 2522 1646 a
2551 1591 2793 1646 Romana
2820 1593 2948 1648 sede
2970 1595 3156 1664 accepi
3185 1597 3250 1650 de
3290 1598 3376 1652 his
3405 1615 3536 1667 qua:
3565 1600 3651 1655 hic
3675 1603 3745 1657 in-

2163 1700 2346 1740 serere
2384 1685 2524 1748 volo,
2573 1688 2820 1754 quamvis
2852 1686 2966 1755 jam
2997 1687 3158 1743 latius
3205 1690 3504 1759 explanata
3552 1693 3659 1747 sint
3697 1696 3743 1747 in

2167 1777 2412 1845 sequenti
2459 1776 2756 1831 volumine.
2806 1777 2986 1832 Prima
3035 1779 3288 1835 salutatio
3344 1783 3416 1836 ad
3470 1783 3737 1852 populum,

482 1877 594 1931 vult
645 1844 832 1946 utique
880 1844 1068 1932 contra
1115 1875 1392 1930 diabolum
1437 1882 1490 1929 et
1528 1873 1644 1943 ejus
1686 1844 1929 1930 insidias.
1973 1873 2062 1928 Id-
2090 1844 2138 1904 Β
2169 1844 2288 1921 Pax
2309 1867 2449 1920 vobis
2469 1868 2887 1936 pronuntiatur:
2912 1882 3043 1934 non,
3072 1867 3192 1923 Pax
3216 1844 3508 1926 vobiscum.
3535 1844 3742 1939 Quando

481 1969 657 2038 ipsum
697 1968 944 2022 meminit
974 1974 1196 2022 sanctus
1223 1966 1546 2021 Ambrosius
1574 1967 1628 2021 in
1660 1967 1822 2020 tertio
1847 1965 2062 2031 ordine,

481 2058 570 2116 ubi
604 2057 897 2127 postulatio
937 2065 1040 2112 est.
1071 2055 1232 2111 Juxta
1257 2055 1642 2127 Augustinum,
1666 2057 1890 2125 quartus
1929 2057 2064 2112 ordo

481 2149 790 2204 orationum
829 2149 1127 2220 gratiarum
1164 2147 1377 2202 actione
1406 2147 1588 2201 omnia
1619 2145 1929 2212 .concludit,
1959 2147 2065 2203 hoc

481 2249 585 2308 est,
615 2241 834 2312 quando
864 2239 1094 2311 populus
1134 2239 1448 2310 respondet,
1480 2239 1590 2293 Deo
1615 2240 1835 2310 gratias.
1861 2237 1991 2306 Quae
2015 2239 2064 2295 si

480 2333 598 2403 quis
638 2332 799 2404 digna
843 2331 1060 2388 duxerit
1105 2331 1174 2386 ad
1199 2330 1504 2402 legendum,
1537 2329 1700 2386 latius
1725 2345 1790 2385 ea
1823 2331 2061 2402 reperiet

481 2425 678 2495 scripta
735 2423 790 2478 in
844 2423 1091 2493 sequenti
1135 2421 1431 2477 volumine.
1486 2420 1584 2477 llic
1627 2423 1926 2478 notandum
1975 2430 2061 2478 est

482 2515 624 2586 quod
651 2514 704 2569 in
726 2513 918 2570 diebus
940 2513 1403 2586 Quadragesimte,
1434 2515 1650 2584 quando
1669 2515 1898 2586 populus
1922 2516 2060 2572 hora

461 2592 622 2662 nona
669 2607 925 2662 convenit
975 2607 1043 2662 ad
1079 2607 1392 2674 ecclesiam,
1439 2607 1741 2662 celebretur
1781 2609 1924 2678 apud
1959 2623 2060 2663 no-

481 2707 622 2754 stros
649 2697 959 2754 benedictio
1003 2714 1162 2770 super
1206 2699 1484 2770 populum,
1512 2707 1567 2753 et
1603 2699 1832 2770 populus
1871 2715 1930 2755 se
1959 2698 2061 2754 hu-

479 2790 648 2846 miliet
670 2798 974 2861 prostratus
999 2792 1067 2846 ad
1108 2791 1411 2846 orationem
1431 2792 1588 2862 juxta
1610 2791 1755 2846 dicta
1787 2791 1843 2845 S.
1875 2791 2061 2863 Augu-

478 2883 634 2938 stini.
676 2882 742 2936 Et
768 2891 948 2952 potest
979 2883 1152 2938 videri
1179 2883 1247 2938 ab
1276 2882 1545 2952 aliquibus
1570 2881 1766 2952 duplex
1798 2881 1973 2936 oratio
2003 2882 2058 2936 in

480 2975 644 3032 tertio
671 2974 860 3030 ordine
881 2976 1190 3032 orationum
1218 2993 1233 3030 :
1261 2991 1380 3045 qua:
1418 2974 1722 3044 duplicitas,
1751 2975 1797 3028 si
1832 2974 2062 3045 diligen-

479 3075 562 3122 ter
589 3065 986 3134 consideretur,
1025 3083 1135 3122 non
1196 3067 1500 3137 reperietur
1547 3067 1704 3136 quasi
1738 3065 2058 3136 duplicatio,

2166 1972 2358 2012 versus
2391 1955 2459 2012 de
2503 1954 2736 2012 Alleluia
2767 1959 2999 2022 canitur,
3031 1959 3182 2014 exuit
3214 1974 3272 2014 se
3305 1961 3528 2032 planetu
3567 1966 3741 2018 diaco-

2165 2066 2290 2115 nus,
2337 2050 2643 2122 stolamque
2673 2060 2799 2122 post
2831 2060 3039 2124 tergum
3079 2053 3228 2108 ducit
3271 2056 3466 2111 subtus
3504 2057 3742 2114 dextram

2166 2144 2308 2198 alam
2340 2159 2448 2198 una
2499 2159 2623 2199 cum
2663 2145 2906 2214 planeta,
2951 2156 3007 2200 et
3043 2155 3202 2215 parat
3241 2162 3298 2202 se
3336 2149 3402 2204 ad
3435 2151 3738 2205 ministran-

2166 2237 2316 2302 dum,
2343 2252 2408 2291 ae
2435 2236 2490 2290 in
2515 2251 2582 2291 eo
2608 2236 2794 2292 habitu
2826 2247 3140 2308 perseverat
3171 2253 3341 2307 usque
3367 2239 3486 2293 dum
3505 2241 3734 2309 Aposto-

2165 2327 2303 2384 licus
2334 2328 2624 2383 recesserit
2649 2328 2715 2382 de
2743 2327 2924 2382 altari.
2953 2327 3082 2383 Post
3109 2328 3429 2400 evangelium
3456 2345 3561 2383 non
3591 2329 3726 2385 oll‘e-

2166 2430 2294 2476 runt
2318 2422 2600 2477 incensum
2632 2436 2796 2490 super
2825 2419 3017 2475 altare.
3041 2419 3194 2476 Calix
3229 2419 3492 2476 involutus
3517 2421 3736 2476 sudario

2163 2517 2462 2588 porrigitur
2517 2514 2586 2570 ad
2644 2513 2837 2579 altare,
2897 2513 3042 2584 quod
3099 2513 3378 2569 sudarium
3430 2514 3645 2583 ponitur
3690 2515 3738 2569 in

2165 2627 2334 2668 cornu
2365 2609 2571 2664 altaris.
2604 2607 2758 2664 Calix
2796 2607 2850 2663 in
2898 2606 3071 2663 latere
3099 2606 3293 2662 oblata:
3334 2607 3388 2662 in
3421 2607 3581 2662 altari
3605 2624 3738 2663 como

2154 2703 2404 2774 ponitur,
2453 2716 2560 2756 non
2587 2708 2712 2770 post
2742 2709 2973 2769 tergum.
3016 2698 3246 2754 Litanize
3286 2700 3364 2754 ita
3409 2701 3734 2756 celebrantur

2165 2798 2219 2853 in
2254 2796 2454 2868 vigiliis
2487 2794 2733 2860 Paschae,
2765 2802 2826 2848 ut
2859 2801 3047 2848 noster
3084 2808 3202 2848 mos
3243 2792 3378 2848 olim
3407 2794 3657 2858 obtinuit,
3692 2792 3736 2848 id

2164 2900 2272 2956 est,
2311 2899 2436 2961 post
2489 2889 2818 2960 baptismum
2872 2904 2970 2959 per
3014 2888 3411 2960 septenarium,
3473 2899 3530 2948 et
3567 2891 3714 2961 quina

2166 2986 2327 3052 rium,
2361 2991 2417 3040 et
2452 2982 2756 3038 ternarium
2795 2997 3104 3037 numerum.

1154 3319 1698 3384 CONTINENTIA
1741 3319 2019 3383 CAUSIE
2064 3319 2500 3383 SECUTURIE
2545 3318 3059 3382 SCRIPTlONlS.

551 3557 658 3618 Ubi
704 3565 926 3615 sanctus
961 3553 1296 3626 Augustinus
1325 3554 1546 3624 exponit
1595 3553 1969 3626 evangelicum
1996 3552 2060 3609 il-
2087 3557 2131 3621 C
2163 3555 2510 3612 moderatore
2552 3553 2864 3624 aequissimo
2896 3552 3028 3608 Deo.
3068 3551 3224 3608 Unde
3261 3551 3590 3624 Apostolus:
3615 3549 3738 3606 Uni-

477 3652 568 3708 lud
594 3671 606 3706 :
634 3648 827 3706 Omnia
869 3664 990 3718 ergo
1020 3663 1342 3720 quiscunque
1387 3645 1543 3701 uultis
1576 3655 1634 3700 ut
1669 3646 1870 3717 faciant
1914 3646 2058 3702 vobis

475 3743 728 3807 homines,
771 3751 818 3796 et
865 3757 952 3794 vos
987 3740 1146 3809 facile
1191 3737 1316 3802 illis,
1372 3739 1704 3794 voluntatem
1759 3747 1980 3810 separat
2025 3755 2059 3795 a

480 3833 792 3903 cupiditate,
853 3831 1181 3885 voluntatem
1213 3830 1367 3900 ponit
1416 3829 1470 3884 in
1497 3830 1660 3895 bono,
1708 3830 2058 3900 cupiditatem

480 3923 534 3976 in
581 3920 743 3976 malo.
787 3919 905 3975 Non
945 3920 1088 3974 enim
1141 3917 1393 3974 convenit
1446 3929 1508 3972 ut
1540 3919 1898 3989 quodcunque
1944 3917 2060 3972 vult

480 4011 654 4068 malus
690 4011 792 4065 sibi
843 4009 979 4073 ﬁeri,
1012 4011 1119 4065 hoc
1146 4009 1339 4080 possit,
1371 4023 1436 4063 ex
1470 4009 1793 4064 auctoritate
1825 4023 2059 4080 evange-

477 4104 582 4160 lica
609 4103 892 4175 praesentis
915 4102 1040 4168 loci,
1067 4101 1122 4156 in
1147 4101 1310 4156 alium
1332 4101 1502 4158 libere
1528 4111 1859 4173 perpetrare.
1891 4103 2057 4158 Verbi

480 4194 678 4266 gratia,
709 4201 771 4247 ut
817 4193 862 4247 si
912 4207 1010 4263 ego
1045 4207 1217 4263 ganeo
1253 4191 1411 4261 cupio
1458 4190 1740 4256 inebriari,
1773 4197 1868 4244 aut
1896 4190 2058 4247 nimis

479 4285 712 4343 saturari
733 4285 802 4339 ab
835 4283 960 4350 alio,
993 4299 1100 4338 non
1129 4292 1343 4354 oportet
1377 4293 1438 4339 ut
1468 4284 1522 4340 id
1559 4285 1727 4341 libere
1757 4285 1811 4339 in
1841 4285 2058 4341 caeteris

477 4395 669 4451 agam;
711 4378 806 4434 sed
831 4377 1188 4448 quodcunque
1211 4377 1342 4432 mihi
1367 4376 1494 4432 boni
1519 4379 1702 4448 cupio,
1729 4377 1784 4432 id
1811 4377 1866 4433 in
1897 4387 2059 4457 cane-

480 4469 556 4523 ris
591 4469 761 4522 debeo
798 4476 1066 4537 satagere.
1115 4467 1378 4523 Voluntas
1412 4469 1567 4537 quasi
1613 4467 1834 4538 quidam
1883 4469 2056 4538 stipes

477 4570 582 4625 est,
608 4575 727 4628 quae
754 4574 784 4611 a
813 4558 1039 4612 Domino
1070 4557 1236 4611 menti
1265 4558 1441 4623 datur,
1472 4558 1560 4612 cui
1606 4559 1872 4613 inhaerent
1896 4559 2056 4628 quasi

479 4649 697 4720 quidam
739 4646 1048 4708 ramusculi,
1103 4647 1376 4714 appetitus
1411 4663 1425 4699 :
1464 4647 1663 4716 quibus
1705 4648 2057 4720 coniungitur

478 4755 566 4796 res
605 4739 674 4792 ab
704 4744 926 4791 auctore
959 4737 1204 4791 omnium
1235 4750 1434 4801 rerum,
1466 4737 1519 4791 in
1557 4752 1664 4808 qua
1694 4738 1892 4808 aliquid
1921 4755 2055 4810 ope-

477 4843 626 4889 retur
646 4832 918 4897 voluntas,
948 4832 1034 4886 cui
1056 4831 1100 4886 si
1128 4831 1269 4886 adsit
1297 4831 1459 4896 ratio,
1485 4830 1659 4886 aberit
1685 4845 1861 4888 error.
1888 4833 2053 4890 Ratio

2163 3649 2370 3719 cuique,
2400 3645 2594 3716 inquit,
2627 3644 2786 3699 datur
2813 3635 3171 3716 manifesthtio
3207 3645 3428 3716 spiritus
3453 3646 3524 3699 ad
3545 3645 3738 3699 utilita-

2163 3747 2287 3794 tem.
2344 3737 2668 3794 Stomachus
2708 3748 2793 3794 est
2834 3739 2928 3809 qui
2967 3739 3210 3795 diversos
3237 3739 3392 3795 cibos
3437 3739 3736 3810 recipit,de

2163 3831 2361 3902 quibus
2408 3831 2544 3886 solet
2598 3839 2789 3886 ructus
2831 3831 2951 3888 ﬁeri
3001 3831 3070 3888 ad
3117 3833 3446 3904 superiora;
3501 3835 3736 3889 similiter

2161 3923 2382 3992 quidam
2417 3931 2610 3978 venter
2636 3933 2720 3979 est
2747 3925 2968 3987 mentis,
3006 3925 3098 3994 qui
3143 3925 3336 3995 recipit
3364 3926 3733 3996 cogitationes.

2163 4012 2220 4068 Si
2247 4013 2332 4069 his
2361 4014 2594 4068 defuerit
2619 4030 2729 4080 res,
2758 4030 2864 4070 non
2885 4015 3088 4071 habent
3113 4016 3255 4071 unde
3279 4026 3502 4072 ructum
3525 4018 3727 4071 faciant.

2160 4105 2290 4160 Mihi
2321 4105 2596 4175 peccatori
2626 4105 2826 4177 fgrossa
2862 4122 2949 4162 res
2992 4107 3116 4162 data
3165 4115 3249 4163 est
3277 4109 3469 4177 potius
3500 4111 3566 4165 ad
3590 4108 3738 4163 inda~

2161 4197 2399 4269 gandum
2448 4213 2610 4268 quam
2641 4198 3039 4267 exponendum,
3074 4198 3127 4253 id
3149 4206 3253 4262 est,
3283 4199 3352 4253 de
3392 4198 3578 4253 ollicio
3606 4196 3736 4268 quod

2158 4288 2468 4342 continetur
2505 4289 2560 4342 in
2593 4287 3037 4344 Sacramentario
3079 4297 3132 4342 et
3166 4288 3597 4358 Antiphonario,
3630 4303 3735 4359 qua:

2156 4395 2294 4450 pene
2331 4382 2582 4436 omnibus
2612 4382 2832 4437 rusticis
2869 4392 3000 4438 nota
3041 4389 3144 4438 est.
3193 4381 3555 4437 Fiducialiter
3597 4397 3733 4452 agam

2157 4489 2343 4531 coram
2362 4476 2490 4539 Deo,
2527 4477 2620 4545 qui
2643 4475 2778 4543 vult,
2810 4483 2871 4530 ut
2902 4476 3273 4547 unusquisque
3297 4474 3503 4530 devote
3550 4477 3608 4530 in
3639 4475 3735 4530 suis

2155 4569 2297 4624 datis
2334 4569 2605 4624 ministret
2624 4584 2723 4639 pro
2748 4570 2973 4639 praemio
2999 4578 3223 4624 aeterno.
3254 4567 3495 4624 Humilis
3521 4568 3734 4624 humilia

2155 4661 2222 4716 de
2248 4674 2308 4716 se
2355 4660 2598 4715 sentiens
2627 4661 2908 4731 przemium
2953 4668 3231 4731 exspectat
3258 4661 3616 4716 humilitatis.
3645 4660 3734 4726 Qui

2156 4740 2348 4804 au'rum
2383 4758 2778 4821 argentumque
2806 4760 2862 4806 et
2885 4759 3081 4806 cretera
3113 4765 3305 4822 magna
3330 4751 3478 4805 dona
3509 4752 3565 4806 in
3588 4752 3739 4806 domo

2155 4842 2253 4898 Dei
2298 4841 2547 4912 suscipit,
2597 4858 2707 4896 non
2746 4842 2977 4912 despicit
3021 4841 3158 4913 pilos
3209 4856 3527 4911 caprarum.
3568 4841 3739 4895 Ardor

477 4925 665 4998 dirigit
704 4925 886 4979 radios
933 4925 1202 4993 appetitus
1249 4923 1318 4979 ad
1361 4939 1553 4979 verum
1599 4926 1766 4981 solem
1809 4925 2049 4994 Domini,
2075 4931 2129 4992 D
2155 4933 2288 4989 mihi
2329 4935 2471 4989 inest
2519 4935 2661 4989 trita:
2700 4935 2802 4989 vim
2839 4941 2894 4989 et
2939 4933 3153 4989 abolitae
3189 4942 3410 5004 propter
3441 4933 3736 5004 antiquita-

474 5027 535 5075 ιιι
583 5035 681 5076 sua
727 5018 847 5074 luce
893 5019 1175 5090 perspicue
1212 5027 1267 5074 et
1314 5019 1584 5075 veraciter
1627 5021 1762 5076 sciat
1792 5020 1920 5090 quid
1961 5021 2048 5077 vel

476 5111 635 5182 quale
663 5111 737 5165 sit
758 5110 898 5181 quod
929 5109 1152 5180 appetit.
1189 5107 1339 5165 Unde
1367 5113 1458 5179 qui
1485 5126 1647 5182 supra
1671 5129 1684 5165 :
1713 5110 1880 5168 Nemo
1901 5113 2047 5168 enim

473 5201 610 5268 vult,
660 5201 804 5272 quod
837 5201 1060 5256 omnino
1090 5199 1221 5271 quid
1261 5200 1346 5255 vel
1389 5201 1544 5270 quale
1582 5202 1671 5266 sit,
1722 5205 1914 5260 nescit.
1944 5203 2048 5272 Qui

473 5292 624 5349 claro
655 5292 859 5348 lumine
885 5293 1088 5364 pollent
1114 5301 1170 5348 et
1213 5294 1360 5348 sanis
1389 5293 1580 5360 oculis,
1613 5295 1698 5350 his
1732 5297 2052 5366 proponitur

475 5385 832 5443 subtilissima
861 5401 949 5441 res
970 5394 1025 5440 et
1049 5385 1362 5456 dignissima
1383 5403 1398 5452 ;
1432 5385 1526 5456 qui
1547 5387 1726 5457 aliquo
1747 5404 1899 5442 naevo
1920 5403 2047 5458 pec-

479 5488 727 5536 catorum
765 5477 1068 5544 fuscantur,
1111 5478 1197 5535 his
1250 5478 1496 5550 grossior
1539 5488 1596 5536 et
1631 5478 1969 5535 manifestior
2018 5495 2050 5535 a

2151 5035 2284 5092 tem,
2320 5033 2380 5080 ut
2422 5027 2590 5081 sciam
2625 5027 2756 5096 quid
2788 5026 2988 5081 habeat
3037 5027 3092 5080 in
3118 5025 3354 5082 medulla
3403 5041 3500 5082 res
3536 5040 3741 5082 memo-

2154 5127 2296 5185 rata,
2327 5119 2380 5174 id
2417 5127 2520 5184 est,
2553 5119 2684 5188 quid
2725 5120 2782 5174 in
2809 5119 2972 5176 corde
2999 5128 3146 5176 esset
3170 5120 3478 5191 primorum
3506 5123 3742 5177 dictato-

2153 5225 2275 5264 rum
2317 5208 2479 5266 ollicii
2509 5211 2703 5276 nostri,
2751 5220 2807 5268 et
2859 5226 3019 5282 quem
3051 5213 3289 5268 fructum
3317 5214 3520 5283 pariat.
3548 5213 3741 5282 itaque

2151 5299 2285 5354 mihi
2324 5301 2498 5371 prima
2542 5303 2816 5376 inquisitio
2857 5311 2942 5359 est
2984 5303 3053 5359 de
3096 5303 3532 5376 Septuagesima,
3584 5305 3740 5374 cuius

2152 5389 2276 5446 linis
2304 5399 2518 5447 constat
2545 5393 2600 5447 in
2626 5395 2804 5463 prinio
2829 5409 3032 5452 mense.
