3978 6468
241 489 2777 518 mm—

942 343 1030 398 DE
1067 342 1620 401 ECCLESIASTICIS
1657 345 1944 404 OFFICIIS
1980 346 2158 403 LIBRI
2192 349 2284 405 IV.
2322 379 2393 390 --
2433 351 2562 408 LIB.
2606 352 2648 408 I.

3361 360 3467 421 994

1449 622 1751 700 LIBER
1823 623 2244 703 PRIMUS.

728 839 958 904 CAPUT
986 843 1276 903 PRIMUM.

731 937 808 993 De
854 937 1271 1010 Septuagesima.

288 1036 697 1110 Septuagesima
720 1044 1086 1107 computatur,
1112 1037 1409 1094 secundum
1429 1039 1793 1098 titulationem

221 1128 638 1188 Sacramentarii
667 1135 724 1184 et
753 1128 1167 1200 Antiphonarii,
1209 1145 1404 1187 novem
1441 1133 1796 1189 hebdomadi-

216 1222 314 1278 bus
338 1227 466 1275 ante
495 1218 704 1274 Pascha
742 1217 978 1285 Domini,
1005 1227 1062 1274 et
1089 1219 1277 1275 ﬁnitur
1303 1228 1428 1293 post
1450 1220 1659 1278 Pascha
1689 1224 1796 1278 Do-

216 1312 347 1368 mini
378 1313 434 1366 in
462 1312 690 1383 septima
743 1311 977 1367 sabbati.
1031 1311 1128 1366 Die
1173 1314 1445 1369 dominico
1483 1315 1651 1370 habet
1687 1315 1796 1370 ini-

217 1403 369 1468 tium,
403 1410 458 1459 et
483 1404 536 1458 in
566 1403 792 1458 sabbato
823 1401 1007 1458 ﬁnem.
1040 1402 1230 1472 Populi
1261 1404 1358 1459 Dei
1389 1411 1599 1476 tempus
1624 1407 1797 1476 capti-

214 1497 399 1552 vitatis
445 1497 735 1569 signiﬁcat,
787 1497 880 1566 qui
925 1496 1202 1566 peccando
1250 1496 1477 1552 recessit
1504 1513 1536 1552 a
1567 1498 1698 1563 Deo,
1741 1506 1796 1554 et

214 1605 310 1660 per
352 1588 780 1644 misericordiam
812 1586 928 1656 ejus
958 1577 1250 1644 revertitur
1290 1589 1358 1644 ad
1403 1591 1668 1660 requiem.
1693 1589 1796 1646 Po-

210 1681 369 1752 pulus
411 1681 508 1738 Dei
554 1683 611 1737 in
652 1681 946 1752 Babylonia
993 1679 1244 1736 detentus
1288 1689 1372 1737 est
1417 1683 1664 1752 captivus
1695 1683 1795 1738 sub

211 1789 443 1830 numero
493 1774 947 1844 septuagenario:
979 1788 1086 1843 quo
1131 1790 1359 1830 numero
1403 1776 1672 1846 completo
1711 1790 1797 1832 re-

207 1878 403 1920 versus
431 1872 516 1920 est
551 1864 606 1918 in
651 1863 971 1920 Jerusalem.
1002 1864 1079 1926 De
1119 1881 1226 1936 quo
1261 1867 1459 1938 populo
1490 1868 1622 1923 dicit
1645 1866 1796 1923 Jere-

204 1954 350 2009 mias
377 1972 389 2008 :
423 1953 762 2009 Considerate
790 1964 838 2009 et
871 1957 1094 2026 qucerite
1124 1956 1178 2010 in
1207 1956 1398 2028 plateis
1437 1960 1579 2029 ejus,
1607 1976 1678 2012 an
1710 1960 1796 2013 in-

205 2046 430 2100 veniatis
481 2047 648 2100 virum
691 2046 968 2115 facientem
1015 2047 1324 2116 judicium,
1381 2059 1431 2103 et
1477 2061 1794 2120 quaerentem

203 2133 390 2204 ﬁdem,
423 2143 472 2189 et
495 2135 749 2205 prapitius
783 2151 870 2188 ero
898 2137 965 2189 ei.
1007 2134 1161 2200 Quod
1188 2137 1234 2190 si
1260 2137 1418 2191 etiam
1453 2139 1573 2192 vivit
1611 2138 1795 2192 Domi-

1823 859 1877 920 Α
1900 861 2040 907 ctum
2067 860 2145 908 est
2164 851 2375 908 verbum
2403 852 2614 907 Domini
2643 853 2712 907 ad
2737 851 3071 920 Zachariam,
3101 856 3269 925 ﬁlium
3303 858 3473 913 Barac

1895 943 2048 1008 chiw,
2067 943 2170 1013 ﬁlii
2190 943 2364 1011 Addo,
2387 944 2713 1014 prophetam.
2729 943 3087 1017 Hieronymus
3107 947 3159 1001 in
3175 947 3470 1004 Zacharia:

1895 1030 2098 1088 Mensis
2137 1041 2318 1089 autem
2353 1034 2688 1100 undecimus,
2723 1037 2815 1105 qui
2861 1036 3162 1106 appellatur
3207 1037 3471 1106 Sabbath,

1895 1129 1952 1176 et
1980 1122 2164 1194 lingua
2204 1131 2392 1179 nostra
2422 1124 2478 1178 in
2504 1124 2710 1196 virgam
2739 1125 2987 1190 vertitur,
3023 1127 3394 1182 austeritatem
3423 1137 3472 1184 et

1895 1215 2292 1285 correptionem
2345 1224 2521 1282 sonat,
2569 1227 2627 1272 et
2666 1227 2751 1272 est
2801 1219 2856 1272 in
2901 1220 3174 1276 acerrimo
3231 1228 3476 1292 tempore

1894 1306 2091 1362 hiemis
2121 1307 2268 1376 quia
2296 1307 2559 1363 Romanis
2585 1307 2916 1364 Februarius
2944 1309 3245 1380 appellatur
3271 1330 3282 1364 :
3315 1327 3474 1382 quem

1895 1401 2292 1470 septuagesima
2333 1400 2470 1456 solet
2513 1407 2754 1471 tangere.
2804 1401 3062 1471 Sequitur
3093 1410 3216 1472 post
3253 1401 3474 1472 aliqua:

1894 1491 2125 1562 Angelus
2180 1492 2395 1546 Domini
2444 1491 2870 1547 dixit:Domine
2909 1493 3265 1557 exercituum,
3318 1509 3478 1563 usque

1895 1600 1998 1655 quo
2047 1600 2153 1637 non
2192 1583 2520 1638 misereberis
2571 1582 2890 1648 Jerusalem,
2940 1591 2990 1637 et
3040 1582 3251 1637 urbium
3295 1581 3478 1649 Juda,

1896 1673 2085 1744 quibus
2125 1674 2297 1728 iratus
2324 1675 2419 1728 es?
2458 1672 2568 1728 Iste
2607 1674 3018 1745 septuagesimus
3065 1691 3234 1728 annus
3273 1683 3368 1729 est.
3407 1672 3478 1728 Et

1896 1764 2162 1835 respondit
2203 1764 2462 1818 Dominus
2522 1763 2740 1836 angelo,
2791 1765 2881 1836 qui
2929 1764 3239 1836 loquebatur
3270 1765 3328 1820 in
3367 1782 3478 1830 me,

1894 1855 2049 1908 verba
2077 1858 2230 1921 bona,
2260 1855 2415 1909 verba
2451 1854 2826 1909 consolatoria.

1965 1945 2216 2013 Ejusdem
2248 1946 2302 2000 in
2330 1946 2520 2000 eodem
2550 1964 2563 2000 :
2597 1945 2748 2012 Quod
2790 1951 2972 2000 autem
3012 1944 3226 2016 plenam
3267 1943 3482 2000 miseriv

1894 2037 2138 2091 cordiam
2185 2036 2442 2105 postulat,
2487 2044 2548 2090 ut
2601 2037 2836 2092 instante
2885 2050 3030 2092 anno
3085 2035 3482 2106 septuagesimo

1895 2128 2220 2183 misereatur
2249 2128 2393 2183 Deus
2421 2126 2727 2183 Jerusalem
2769 2136 2826 2182 et
2862 2128 3077 2184 urbium
3109 2127 3266 2192 Juda,
3302 2129 3370 2182 ad
3401 2129 3482 2184 in-

203 2243 308 2282 nus
347 2227 600 2293 dixerint,
643 2236 693 2281 et
733 2227 831 2281 hoc
874 2226 1010 2297 falso
1039 2228 1322 2298 jurabunt,
1360 2229 1605 2297 Domine,
1649 2229 1791 2284 oculi
1819 2209 1868 2268 Β
1896 2219 2248 2291 telligentiam
2299 2220 2545 2276 referunt
2610 2220 2863 2292 magistri
2927 2222 3285 2277 ecclesiarum
3340 2222 3481 2292 quod

205 2319 298 2389 qui
323 2318 610 2389 respiciunt
639 2319 817 2388 ﬁdem.
843 2319 910 2373 Et
937 2319 1131 2375 iterum
1160 2339 1173 2375 :
1207 2321 1600 2377 Induraverunt
1630 2323 1792 2392 facies

202 2427 330 2464 suas
377 2426 536 2481 super
572 2421 774 2482 petram
811 2420 860 2465 et
900 2411 1179 2466 noluerunt
1232 2414 1571 2482 reverti:ego
1617 2423 1793 2467 autem

201 2501 336 2564 dixi,
369 2501 599 2570 forsitan
623 2518 876 2572 pauperes
899 2510 1018 2556 sunt
1047 2509 1096 2556 et
1125 2501 1292 2564 stulti,
1327 2502 1630 2572 ignorantes
1658 2501 1794 2556 viam

200 2595 447 2661 Domini,
483 2596 747 2666 judicium
787 2596 925 2650 Dei:
953 2597 1034 2650 ibo
1071 2597 1233 2666 igitur
1273 2596 1342 2649 ad
1391 2597 1704 2666 optimates,
1744 2603 1794 2649 et

199 2687 400 2758 loquar
424 2687 517 2741 eis.
547 2686 658 2757 Ipsi
680 2687 816 2741 enim
841 2696 1186 2757 cognoverunt
1218 2686 1354 2740 viam
1382 2685 1619 2751 Domini,
1641 2686 1795 2755 judi-

199 2780 341 2833 cium
370 2778 476 2833 Dei
511 2779 710 2833 sui:et
753 2795 867 2833 ecce
909 2781 1077 2850 magis
1122 2779 1177 2833 hi
1221 2777 1379 2832 simul
1423 2778 1794 2848 confregerunt

191 2869 420 2942 jugum,
462 2877 713 2939 ruperunt
756 2869 984 2924 vincula.
1027 2870 1097 2925 Et
1140 2868 1373 2924 iterum:
1411 2867 1595 2923 Omnis
1627 2867 1796 2937 frater

201 2965 559 3037 supplantans
593 2963 980 3036 supplantabit,
1032 2971 1082 3017 et
1112 2962 1280 3017 omnis
1321 2961 1521 3016 amicus
1569 2960 1795 3030 fraudu-

200 3057 378 3112 lenter
407 3056 631 3121 incedet,
661 3065 710 3109 et
742 3055 822 3110 vir
851 3055 1072 3126 fratrem
1112 3069 1264 3108 suum
1302 3053 1576 3117 deridebit,
1604 3054 1794 3106 verita-

199 3162 304 3206 tem
346 3167 455 3205 non
489 3150 748 3221 loquetur,
793 3158 899 3204 etc.
938 3147 1105 3203 Paulo
1144 3155 1305 3218 post:
1343 3145 1600 3217 Nunquid
1635 3160 1793 3216 super

198 3245 283 3300 his
325 3242 711 3308 non'visitabo,
744 3241 870 3295 dicit
899 3241 1199 3296 Dominus?
1241 3241 1309 3295 Et
1349 3239 1546 3295 iterum
1589 3257 1604 3293 :
1639 3237 1792 3308 Ejice

199 3335 325 3391 illos
352 3353 387 3389 α
409 3335 546 3405 facie
574 3351 714 3398 mea,
740 3343 788 3387 et
809 3335 1165 3404 egrediantur.
1201 3332 1355 3399 Quod
1385 3333 1431 3386 si
1457 3331 1689 3385 dixerint
1720 3329 1793 3384 ad

198 3437 272 3494 te,
308 3445 416 3500 quo
447 3426 814 3498 egrediemur?
841 3426 979 3479 dices
1010 3425 1078 3478 ad
1122 3441 1207 3478 eos
1237 3437 1254 3474 :
1293 3422 1422 3477 "(PC
1450 3423 1575 3476 dicit
1602 3422 1791 3475 Domi-

198 3538 304 3576 nus
335 3537 355 3574 :
382 3519 472 3591 qui
500 3518 569 3572 ad
610 3527 828 3572 mortem
858 3515 927 3569 ad
956 3525 1213 3570 mortem:
1239 3523 1287 3569 et
1329 3515 1419 3584 qui
1457 3513 1526 3566 ad
1555 3513 1792 3582 gladium

195 3614 271 3668 ad
296 3611 536 3684 gladium
561 3625 579 3662 :
602 3620 649 3664 et
683 3611 772 3680 qui
811 3610 879 3663 ad
923 3608 1112 3677 famem
1150 3608 1219 3662 ad
1265 3607 1476 3674 famem,
1513 3615 1561 3660 et
1593 3605 1685 3677 qui
1720 3606 1789 3660 ad

196 3701 564 3772 captivitatem
585 3700 654 3753 ad
675 3699 1042 3770 captivitatem.
1089 3698 1154 3752 Et
1175 3697 1382 3752 Isaias:
1421 3695 1512 3751 Va:
1546 3697 1637 3768 qui
1672 3713 1796 3750 con-

194 3795 428 3865 surgitis
473 3810 628 3848 mane
669 3791 738 3846 ad
785 3791 1084 3845 ebrietatem
1137 3789 1463 3853 sectandum,
1517 3797 1567 3842 et
1607 3798 1794 3860 potan-

194 3883 337 3938 dum
383 3901 545 3956 usque
583 3882 652 3937 ad
694 3898 980 3952 vesperum,
1025 3891 1082 3934 ut
1111 3881 1228 3936 vino
1269 3883 1520 3936 testuetis.
1550 3879 1789 3947 Cithara,

193 3986 248 4032 et
295 3975 440 4047 lyra,
474 3985 523 4030 et
551 3985 857 4046 tympanum
879 3979 942 4027 ἐι
975 3973 1122 4036 tibia,
1154 3983 1201 4027 et
1229 3973 1428 4038 vinum,
1462 3974 1517 4026 in
1544 3974 1793 4028 conviviis

194 4068 412 4133 vestris,
439 4077 488 4122 et
515 4084 643 4138 opus
679 4065 889 4121 Domini
917 4082 1019 4119 non
1047 4065 1300 4136 respicitis
1318 4105 1333 4131 ,
1371 4083 1462 4120 nec
1491 4083 1650 4137 opera
1677 4083 1790 4120 ma-

195 4177 375 4217 nuum
399 4159 514 4229 ejus
535 4158 877 4213 consideratis
903 4169 922 4208 :
949 4167 1222 4228 propterea
1264 4159 1497 4228 captivus
1532 4158 1689 4212 datus
1716 4167 1791 4212 est

193 4252 432 4325 populus
462 4269 627 4306 meus.
658 4251 874 4319 Quanto
902 4259 1144 4322 tempore
1170 4250 1226 4306 in
1247 4251 1563 4322 captivitate
1592 4251 1787 4318 fuerit;

192 4343 476 4400 Jeremias
520 4341 850 4408 manifestat,
881 4341 1106 4397 dicens:
1142 4340 1372 4396 Perdam
1411 4359 1476 4396 ea;
1514 4343 1588 4396 eis
1619 4358 1792 4396 vocem

193 4435 390 4508 gaudii
419 4445 466 4490 et
489 4433 710 4500 lcvtitiw,
757 4451 845 4489 vos
885 4451 1058 4489 vocem
1088 4434 1266 4505 sponsi
1290 4443 1340 4489 et
1361 4451 1588 4506 sponsae,
1616 4451 1792 4489 vocem

192 4528 388 4594 molce,
414 4537 462 4581 et
491 4526 666 4582 lumen
702 4525 954 4592 lucernae,
992 4535 1039 4580 et
1069 4527 1166 4581 erit
1205 4528 1448 4581 universa
1495 4537 1636 4581 terra
1679 4527 1793 4598 ejus

192 4622 252 4674 in
282 4619 572 4674 solitudine
594 4628 641 4673 et
674 4618 729 4672 in
761 4627 991 4689 stupore,
1041 4627 1090 4672 et
1128 4620 1349 4672 servient
1397 4634 1573 4671 omnes
1616 4628 1792 4689 gentes

194 4710 320 4765 ista:
374 4710 484 4779 regi
519 4707 804 4779 Babylonis
843 4708 1171 4779 septuaginta
1214 4709 1366 4762 annis
1397 4722 1416 4760 :
1447 4725 1665 4780 cumque
1693 4709 1794 4763 im-

193 4801 330 4872 pleti
359 4801 556 4871 fuerint
602 4801 728 4854 anni
765 4800 1113 4871 septuaginta,
1159 4801 1380 4855 visitabo
1422 4819 1580 4872 super
1622 4819 1791 4874 regem

1896 2311 2133 2382 quandiu
2179 2327 2310 2366 vera
2341 2327 2447 2382 pax
2485 2311 2669 2366 veniat
2705 2321 2761 2366 et
2791 2311 3154 2368 sabbatismus
3182 2323 3288 2378 est,
3318 2322 3374 2368 et
3399 2327 3480 2368 se-

1895 2412 2044 2472 ptem
2070 2394 2401 2458 decadaru'm
2442 2415 2723 2468 numerus,
2766 2402 2820 2456 id
2861 2410 2966 2469 est,
2995 2419 3170 2458 annus
3193 2411 3483 2474 septuage-

1896 2494 2068 2549 simus
2111 2494 2429 2564 impleatur,
2484 2509 2586 2550 nec
2637 2493 2939 2550 Jerusalem
2986 2495 3202 2566 plenam
3258 2496 3507 2566 recipiet'

1893 2584 2225 2651 libertatem,
2270 2585 2325 2640 id
2359 2591 2462 2651 est,
2503 2585 2745 2641 Ecclesia
2778 2602 2878 2641 nec
2905 2587 3068 2642 urbes
3093 2585 3252 2648 Juda,
3292 2586 3346 2642 id
3376 2595 3480 2654 est,

1894 2681 2078 2735 anima
2124 2679 2414 2735 Dominum
2461 2679 2744 2736 conﬁtens.
2796 2680 3038 2751 Denique
3091 2681 3352 2736 Dominus
3397 2695 3482 2736 re-

1894 2772 2114 2843 spondit
2136 2773 2303 2828 verba
2325 2773 2466 2828 bona
2493 2779 2548 2826 et
2571 2772 2736 2826 verba
2759 2771 3147 2836 consolatoria,
3172 2771 3314 2841 quod
3337 2787 3483 2827 nunc

1893 2881 1962 2921 ex
2006 2874 2164 2937 parte
2195 2865 2493 2930 cernimus,
2526 2874 2581 2919 et
2606 2879 2671 2920 ex
2692 2871 2848 2933 parte
2884 2863 3272 2934 prophetamus
3299 2879 3314 2917 :
3349 2861 3482 2916 Cum

1894 2968 2073 3014 autem
2105 2960 2300 3014 venerit
2329 2957 2470 3030 quod
2496 2957 2782 3030 perfecium
2818 2966 2893 3012 est
2917 2997 2932 3022 ,
2978 2956 3312 3010 destruentur
3359 2971 3482 3027 qua:

1892 3071 1958 3109 ea:
1992 3065 2142 3125 parte
2187 3061 2342 3119 sunt,
2389 3060 2450 3106 ut
2503 3051 2716 3108 liberati
2759 3052 2825 3107 de
2865 3050 3138 3121 Babylone
3179 3047 3340 3118 hujus
3381 3064 3483 3104 sae-

1891 3147 2023 3214 culi,
2049 3147 2347 3204 clamemus
2362 3165 2374 3201 :
2392 3146 2461 3200 In
2484 3145 2829 3202 convertenda
2850 3144 3109 3199 Dominus
3131 3144 3483 3215 captivitatem

1894 3237 2026 3294 Sion
2056 3239 2185 3308 facti
2211 3255 2394 3293 sumus
2429 3239 2566 3292 sicut
2600 3236 2875 3291 consolati.
2917 3234 3044 3291 Dies
3071 3227 3288 3305 paschae
3313 3233 3482 3289 verba

1891 3334 2033 3390 bona
2067 3342 2122 3388 et
2159 3332 2522 3389 consolatoria
2561 3331 2672 3396 dat,
2717 3329 2880 3400 erigit
2915 3329 2984 3384 ab
3008 3329 3151 3384 bona
3186 3342 3352 3397 opera
3379 3345 3394 3382 :
3424 3326 3482 3381 in

1893 3438 1959 3478 ea
1992 3423 2137 3477 enim
2167 3422 2557 3492 justiﬁcamur.

1968 3513 2078 3570 Sed
2108 3515 2325 3583 requies
2357 3521 2414 3568 et
2461 3510 2711 3566 liberatio
2751 3508 2993 3581 perfecta
3046 3509 3102 3564 in
3152 3506 3484 3564 sabbatismo

1897 3607 2076 3673 datur,
2106 3607 2321 3677 quando
2360 3605 2554 3660 anima:
2597 3611 2909 3659 sanctorum
2949 3601 3192 3673 requiem
3221 3610 3482 3658 aeternam

1894 3699 2221 3771 percipiunt.
2273 3698 2606 3770 Babylonem
2662 3696 2864 3752 diaboli
2918 3696 3194 3751 civitatem
3247 3693 3484 3764 appellat

1894 3789 2132 3845 Joannes
2178 3790 2232 3844 iu
2273 3788 2599 3860 Apocalypsi
2644 3785 2914 3853 :Cecidit,
2962 3785 3248 3857 inquiens,
3293 3784 3481 3840 cecidit

1896 3881 2140 3953 Babylon
2178 3880 2272 3934 illa
2319 3897 2530 3952 magna.
2580 3878 2725 3934 Beda
2754 3879 2808 3933 in
2837 3877 3202 3950 Apocalypsin
3234 3877 3373 3934 libro
3399 3893 3484 3934 se-

1893 3975 2107 4030 cundo:
2137 3972 2371 4045 Superbi
2397 3983 2526 4029 tunc
2546 3989 2578 4027 a
2603 3971 2835 4028 Domino
2861 3971 3192 4042 dejiciuntur
3214 3971 3431 4044 quando
3451 3986 3483 4025 a

1895 4067 2108 4123 diabolo
2145 4067 2440 4123 inﬂantur:
2475 4067 2629 4124 Sicut
2666 4066 2928 4137 psalmus,
2969 4065 3238 4136 Dejecisti,
3282 4064 3479 4134 inquit,

1893 4175 1981 4214 eos
2026 4159 2154 4214 dum
2194 4159 2564 4214 allevarentur.
2615 4158 3060 4229 Septuagesimus
3105 4171 3368 4212 numerus
3413 4154 3483 4211 ad

1893 4251 2214 4304 memoriam
2263 4250 2420 4305 nobis
2467 4249 2678 4304 reducit
2725 4264 2887 4305 omne
2939 4257 3152 4318 tempus
3196 4245 3482 4318 praesentis

1894 4341 2100 4406 saeculi,
2132 4357 2239 4411 quo
2277 4341 2437 4396 alieni
2480 4357 2680 4399 sumus.
2703 4357 2733 4394 a
2769 4340 2976 4396 caelesti
3003 4339 3327 4396 Jerusalem.
3358 4338 3484 4396 Ideo

1894 4442 2086 4490 auctor
2112 4434 2272 4489 ofﬁcii
2304 4437 2476 4491 nostri
2500 4436 2956 4508 septuagesimam
2984 4436 3168 4507 posuit
3198 4437 3253 4491 in
3283 4435 3484 4493 nostris

1893 4527 2108 4594 otIieiis,
2157 4534 2219 4582 ut
2266 4527 2357 4583 illo
2402 4529 2458 4583 in
2505 4537 2748 4600 tempore
2788 4545 2819 4584 a
2857 4529 3066 4586 deliciis
3100 4530 3261 4602 hujus
3295 4530 3482 4586 mundi

1894 4620 2240 4686 abstinendo,
2289 4621 2700 4677 ostenderemus
2745 4623 2800 4676 in
2837 4630 3026 4676 nostra
3069 4622 3484 4678 conversatione

1894 4714 2129 4785 qualiter
2148 4730 2248 4784 per
2273 4723 2485 4784 tempus
2508 4713 2691 4769 saeculi
2737 4714 2920 4770 vivere
2964 4715 3196 4770 debeant
3227 4712 3480 4786 subjecti,

1893 4808 1986 4877 qui
2015 4815 2137 4878 post
2164 4806 2493 4876 baptismum
2540 4807 2780 4878 peccatis
2824 4822 2883 4862 se
2925 4805 3166 4861 alienant
3202 4821 3234 4860 a
3270 4804 3481 4862 caelesti

194 4893 519 4966 Babylonis,
560 4901 617 4949 et
640 4893 869 4963 reliqua.
905 4892 946 4965 ἰ’
980 4893 1185 4948 Forsan
1221 4894 1456 4950 ἀίειίηοι·
1504 4905 1791 4968 septuage-
1817 4923 1872 4982 Ι)
1895 4902 2218 4960 Jerusalem.
2266 4904 2507 4971 Agamus
2531 4903 2645 4958 dies
2688 4901 3030 4972 septuaginta
3063 4908 3124 4954 ut
3158 4901 3388 4968 captivis
3421 4900 3480 4954 in

195 4985 366 5041 sima:
394 4984 544 5039 novit
585 4999 684 5055 per
712 4983 912 5039 Christi
957 4983 1187 5055 gratiam
1229 4984 1390 5040 nobis
1435 4994 1660 5053 peccata
1703 4986 1790 5040 di-

195 5077 406 5143 missa,
455 5076 796 5148 septuaginta
843 5091 1015 5132 annos
1062 5075 1292 5131 mutavit
1333 5075 1482 5147 (quia
1515 5078 1570 5131 in
1601 5077 1794 5147 aliqui-

197 5169 314 5224 bus
354 5167 678 5223 criminibus
721 5167 1184 5222 communicamus
1211 5166 1380 5237 priori
1406 5167 1626 5238 populo)
1665 5183 1791 5238 sep-

199 5259 462 5332 tuaginta
511 5258 723 5324 diebus,
770 5266 832 5312 ut
873 5258 1014 5328 quod
1059 5257 1135 5312 illi
1181 5257 1334 5312 inviti
1391 5258 1788 5324 sustinuerunt,

199 5352 344 5423 quia
376 5349 520 5405 servi
543 5358 716 5415 erant,
748 5365 847 5405 nos
874 5349 1179 5404 voluntarie
1203 5365 1302 5420 pro
1329 5350 1566 5418 peccatis
1593 5350 1795 5406 nostris

199 5445 583 5501 sustineamus
608 5483 624 5509 ,
664 5443 791 5513 quia
830 5442 989 5497 liberi
1036 5458 1253 5508 sumus,
1303 5441 1617 5497 omittamus
1670 5456 1795 5497 cum

199 5537 292 5593 eis
323 5551 513 5592 vocem
541 5535 720 5607 gaudii
752 5543 808 5590 et
833 5534 1072 5591 lictitize?
1108 5551 1297 5592 vocem
1327 5534 1521 5608 Lsponsi
1549 5543 1603 5592 et
1631 5551 1794 5606 spon-

203 5645 309 5694 833,
339 5638 444 5686 etc.

286 5723 360 5777 Et
396 5722 727 5780 Zacharias:
755 5722 824 5778 In
851 5723 956 5790 die,
996 5724 1190 5796 inquit,
1232 5726 1477 5797 vigesima
1517 5735 1566 5782 et
1604 5737 1794 5797 quarta

204 5815 486 5873 undecimi
515 5819 703 5874 mensis
731 5818 955 5890 sabbati,
988 5819 1044 5876 in
1073 5835 1212 5878 anno
1255 5819 1480 5876 secundo
1513 5820 1665 5876 Darii
1702 5822 1792 5894 fa-

1895 4995 2368 5068 peregrinatione,
2421 4993 2601 5047 luctus
2650 4991 2985 5063 poenitentia:
3031 4998 3379 5047 convertatur
3423 4990 3480 5046 in

1898 5087 2150 5156 gaudium
2175 5086 2230 5139 in
2257 5083 2655 5138 resurrectione
2679 5083 2914 5148 Domini,
2943 5098 3044 5153 per
3068 5099 3230 5153 quam
3257 5081 3484 5139 reverti-

1897 5192 2020 5230 mur
2042 5176 2110 5231 ad
2132 5174 2433 5230 Jerusalem
2459 5193 2471 5229 :
2504 5175 2583 5230 sic
2609 5182 2812 5242 tamen,
2837 5183 2899 5228 ut
2923 5189 3018 5229 sex
3048 5181 3339 5244 sequentes
3365 5173 3481 5230 dies

1898 5284 2007 5324 non
2044 5268 2276 5340 ligemur
2303 5268 2598 5339 cupiditate
2624 5267 2804 5337 aliqua
2829 5264 3169 5336 Babylonieae
3197 5264 3478 5331 civitatis;

1898 5359 1995 5416 sed
2025 5360 2131 5415 iter
2157 5359 2614 5431 perambulemus,
2662 5365 2722 5411 ut
2753 5356 2984 5427 septima
3010 5355 3099 5410 die
3122 5355 3376 5411 veniente
3397 5355 3482 5410 in-

1897 5464 2102 5510 tremus
2129 5453 2406 5509 ccelestem
2427 5449 2750 5507 Jerusalem.
2781 5447 3163 5503 Catechumeni
3195 5446 3288 5518 qui
3318 5460 3480 5517 super

1899 5544 2003 5599 hoc
2053 5543 2259 5616 alligati
2309 5551 2436 5598 sunt
2479 5539 2731 5610 originali
2771 5546 3019 5609 peccato,
3075 5537 3152 5593 illi
3193 5537 3480 5594 abluantur

1899 5653 2039 5708 aqua
2084 5635 2425 5708 baptismatis
2456 5633 2513 5688 in
2543 5632 2961 5697 resurrectione,
3004 5639 3060 5686 et
3085 5647 3185 5686 nos
3211 5629 3479 5702 paeniten-

1899 5729 2008 5784 tia:
2053 5737 2108 5782 et
2146 5727 2223 5782 illi
2264 5734 2322 5783 et
2364 5741 2466 5782 nos
2516 5723 2572 5780 in
2627 5724 3023 5780 resurrectione
3066 5735 3478 5794 perseveremus

1900 5838 2070 5896 usque
2110 5822 2179 5879 ad
2230 5822 2445 5895 plenam
2489 5821 2964 5893 septuagesimam,
3009 5817 3064 5874 id
3111 5825 3216 5884 est,
3264 5822 3324 5871 ut
3366 5828 3478 5871 non
