3978 6474
183 456 283 517 997

182 550 317 629 Dicit
347 550 635 639 Apostolus
665 562 731 619 ad
771 536 1036 635 Ephesios
1065 578 1081 617 :
1112 536 1421 631 ornicatio
1458 550 1655 628 autem,
1694 542 1743 615 tt
1770 558 1825 629 Α

183 658 341 719 omnis
366 646 697 711 immunditia
725 652 815 709 uut
843 648 1093 723 avaritia,
1121 670 1213 709 nec
1241 642 1540 708 numinetur
1574 646 1631 707 in
1660 644 1747 706 v6-

184 754 274 821 bis,
298 744 425 805 sicut
452 747 597 803 decet
624 744 849 802 sanctos.
1060 752 1063 757 '

247 832 441 911 Contra
471 830 587 899 haec
610 838 743 898 vitia
771 836 1041 897 luctamen
1066 824 1226 897 nobis
1246 830 1348 907 eSt,
1379 838 1570 895 eodem
1598 834 1746 909 Apo-

183 932 315 1009 stolo
352 917 605 992 dicente:
634 950 743 990 non
793 942 877 990 est
925 934 1082 990 nobis
1131 918 1443 990 colluctatio
1488 929 1749 985 adversus

185 1018 397 1088 carnem
449 1014 503 1085 et
548 1020 899 1103 sanguinem,
940 1012 1040 1082 sed
1074 1022 1333 1103 adversus
1375 1021 1648 1097 principes
1693 1028 1748 1077 ct

180 1129 503 1197 potestates,
526 1120 581 1178 et
610 1119 836 1190 reliqua.
857 1100 919 1174 lu
948 1108 1035 1175 bis
1057 1100 1385 1189 superantur
1414 1110 1565 1168 vitia.
1602 1104 1781 1197 Bene-

180 1196 235 1273 se
268 1221 457 1269 contra
486 1212 603 1285 haec
647 1217 938 1284 praeparat,
981 1209 1075 1279 qui
1113 1206 1181 1263 ea
1215 1196 1290 1263 ita
1332 1206 1609 1275 abhorret,
1637 1206 1693 1259 et
1717 1198 1748 1259 a

180 1294 553 1363 communione
595 1318 689 1359 sua
739 1296 912 1374 pellit,
955 1310 1013 1356 ut
1039 1292 1204 1358 etiam
1242 1299 1385 1372 apud
1418 1314 1476 1354 se
1512 1292 1621 1353 non
1646 1313 1747 1353 no-

184 1382 472 1454 minentur.
515 1384 783 1473 Futurum
831 1400 916 1471 est
949 1390 1149 1448 bellum
1185 1410 1197 1444 ε
1237 1378 1607 1447 abstineamus
1634 1380 1749 1473 nos

179 1488 242 1544 ab
269 1474 354 1543 his
387 1500 507 1557 qua:
544 1476 844 1557 impediunt
884 1497 1118 1554 pugnam
1169 1486 1433 1535 nostram.
1491 1471 1749 1546 Sequitur

178 1587 223 1632 et
264 1552 559 1649 turpitudo,
603 1552 651 1629 et
692 1552 1095 1644 stuttiloquium,
1143 1573 1235 1625 aut
1276 1568 1595 1635 scurrilitas,
1632 1583 1748 1649 qua:

177 1667 245 1741 ad
292 1646 400 1721 rem
450 1666 553 1720 non
603 1664 854 1737 pertinet,
904 1661 996 1719 sed
1039 1650 1204 1734 inagis
1248 1654 1543 1746 gratiarum
1589 1646 1744 1711 data.

182 1758 288 1815 Ista
314 1758 384 1815 ad
410 1774 527 1815 rem
567 1748 909 1828 capeSsendai
954 1750 1256 1811 Jerusalem
1301 1750 1408 1807 non
1451 1748 1744 1823 pertinent,

177 1850 271 1907 sed
313 1849 575 1906 resistunt
600 1868 613 1904 :
638 1832 966 1927 quapropter
1013 1847 1080 1902 ab
1121 1844 1209 1902 liis
1252 1834 1633 1927 abstineamus.
1670 1839 1748 1895 De

916 450 1007 509 ns
1042 426 1592 545 scarsusrtms
1631 408 1919 545 urstnns
1955 416 2137 506 Libui
2171 404 2262 504 tv.
2300 442 2373 489 ξ
2405 442 2541 541 LIB.
2577 447 2621 503 ι.

3316 418 3421 506 at

2466 534 2698 635 cipur
2750 534 2817 610 n;

2408 640 2486 705 De
2518 636 2869 720 Sexagesima.

1917 721 1978 797 ln
2007 724 2356 815 Sexagesima
2399 716 2720 796 circumdati
2764 720 2952 817 sumttt
2986 716 3425 817 ttlbtttiitiiinlbiid

1847 817 2014 907 quam
2039 810 2313 900 maximis,
2340 842 2403 888 ac
2428 822 2473 887 Si
2501 836 2610 887 non
2636 816 2780 888 esset
2799 810 2949 886 luens
2968 810 3248 888 e’taden‘di.
3280 810 3427 891 Veni

1848 926 2082 986 didimus
2115 918 2216 986 tios
2251 930 2371 1009 suli
2393 912 2650 1009 peccato,
2691 914 2745 982 iii
2788 918 2943 1009 nobis
2983 910 3089 987 non
3122 924 3223 1007 est
3250 910 3425 1009 viittid

1847 1019 2110 1097 solvendi.
2138 1020 2293 1077 Unde
2321 1002 2519 1099 dicitur
2540 1002 2720 1092 prima
2746 1004 2990 1099 Oratione
3019 1002 3379 1099 Séxfagééliiitii
3406 1024 3447 1075 2“

1848 1094 2011 1193 Deus,
2040 1108 2133 1184 qui
2161 1096 2429 1195 conspicis
2454 1104 2580 1185 quia
2601 1104 2666 1169 ex
2694 1112 2837 1169 nulla
2860 1094 3049 1168 nasus
3075 1094 3272 1195 viilutii

1848 1190 2110 1263 sistimus.
2153 1188 2414 1280 Optamus
2459 1204 2639 1281 potius
2687 1206 2848 1281 quam
2898 1186 3309 1281 Meminimus,

1847 1288 2009 1375 verus
2039 1278 2299 1355 Dominus
2326 1278 2511 1375 uoster
2543 1316 2604 1375 se
2631 1278 2955 1375 intromittat
2985 1278 3051 1354 5d
3083 1286 3417 1375 solvendtim.

1851 1372 2029 1444 Simili
2065 1388 2131 1444 de
2177 1390 2342 1445 causa
2383 1368 2515 1445 dicit
2545 1366 2661 1444 .lo'el
2691 1407 2703 1443 :
2735 1376 2866 1455 Quis
2903 1372 2999 1443 scit
3030 1382 3075 1443 si
3097 1372 3426 1444 ibiwertatur

1849 1468 1897 1534 et
1926 1480 2160 1552 ignoscat
2181 1478 2344 1546 Deus,
2383 1460 2433 1561 et
2465 1477 2724 1552 relinquat
2756 1474 2870 1561 post
2895 1456 3427 1561 se‘iien‘edictionenti

1849 1568 2002 1646 Quod
2026 1564 2104 1627 Sic
2137 1564 2359 1642 exponit
2387 1552 2748 1645 Hieronymus
2779 1552 2833 1626 in'
2862 1552 3052 1628 eodem
3079 1552 3226 1653 loele
3254 1591 3267 1629 :
3294 1558 3427 1653 Egd,

1850 1660 2047 1738 inquit,
2076 1662 2288 1734 hortor,
2327 1669 2469 1740 quod
2514 1666 2693 1726 meum
2719 1658 2823 1735 est,
2848 1660 2918 1723 ad
2945 1650 3343 1739 ptenitentiam,
3375 1652 3431 1726 et

1850 1758 2140 1814 Dominum
2200 1752 2543 1815 iuetlabiliter
2604 1758 2731 1816 novi
2783 1756 2903 1816 esée
2961 1744 3304 1819 clementem.
3360 1744 3455 1821 Et

1849 1851 2013 1923 paulo
2044 1846 2166 1924 post
2193 1870 2207 1908 :
2240 1852 2344 1937 Sed
2375 1844 2499 1937 quia
2523 1840 2850 1937 profundum
2876 1838 3187 1937 divitiarum
3217 1840 3432 1937 sapien-

173 1940 512 2012 turpitudiu'e
554 1936 687 2013 dicit
730 1926 1090 2025 Hieronymus
1135 1926 1281 1993 inter
1316 1934 1495 2028 aliqu}!
1544 1931 1748 2004 signiti-

1857 1942 1941 1998 tiaa
1963 1952 2018 1999 et
2044 1940 2285 2000 scientiae
2310 1932 2407 1999 Dei
2439 1934 2599 2000 nosse
2628 1960 2745 2023 non
2763 1934 3076 2028 possumus,
3107 1926 3429 2028 sententiam

170 2048 300 2089 care
351 2010 724 2089 absconditam
770 2010 1174 2105 cogitationem,
1220 2024 1343 2085 cum
1377 2006 1745 2083 inflammatur

171 2138 366 2181 sensus
426 2128 616 2180 noster
672 2124 743 2179 ad
801 2121 1080 2179 libidinem
1128 2130 1184 2176 et
1237 2114 1417 2176 Carnis
1472 2114 1741 2191 titillatio-

173 2217 328 2274 nibus
366 2214 546 2271 anima
580 2202 748 2287 ignita
785 2210 1152 2280 succenditur,
1181 2196 1246 2268 ei
1264 2196 1615 2267 nihilominus
1646 2200 1744 2263 Dei

173 2306 366 2362 timore
403 2310 457 2362 et
486 2307 681 2361 mentis
707 2298 913 2377 judicio
950 2302 1273 2359 refrenatur.

240 2394 307 2452 Et
335 2395 537 2453 iterum
562 2396 627 2452 de
653 2386 989 2465 stultiloquio
1018 2396 1074 2449 et
1101 2380 1430 2447 scurrilitate
1456 2408 1468 2443 :
1502 2378 1747 2444 Stultiloé

170 2487 354 2558 quium
382 2484 518 2541 nihil
546 2485 601 2540 in
631 2500 691 2541 se
726 2485 944 2559 sapiens
970 2489 1025 2539 et
1053 2478 1216 2539 corde
1247 2482 1483 2537 hominis
1524 2476 1747 2559 (lignum

171 2575 329 2631 habet
359 2593 373 2629 :
407 2570 724 2630 seu'rrilitas
748 2572 879 2629 vero”
904 2572 970 2629 de
1004 2570 1258 2644 prudenti
1314 2578 1494 2627 mente
1524 2558 1748 2626 descen-

170 2664 267 2737 dit,
314 2666 628 2745 inconsulto
675 2662 882 2737 appetit
925 2666 1168 2739 quaedam
1205 2658 1289 2721 vel
1318 2654 1523 2719 urbana
1560 2650 1747 2730 Verba,

170 2759 253 2816 vel
280 2754 511 2826 rustica‘,
537 2754 624 2815 vel
648 2759 844 2831 turpia,
874 2757 958 2816 vel
988 2757 1187 2825 faceta,
1226 2760 1390 2828 (luam
1420 2772 1519 2813 nos
1534 2748 1749 2828 jocula-J

171 2840 393 2907 ritaterti
440 2844 546 2907 alio
586 2849 755 2907 verbo
801 2842 1089 2924 possumus
1134 2849 1429 2922 appellare,
1476 2857 1536 2904 ut
1579 2836 1749 2904 risum

172 2950 390 2999 moveat
430 2940 793 3011 audientibus.
840 2943 1041 3001 Verum
1067 2948 1121 2999 et
1150 2944 1264 2999 bzec
1301 2948 1333 2999 a
1372 2940 1578 2999 sanctis
1618 2936 1749 2998 viris

171 3030 399 3107 penitus
440 3014 788 3107 propedeu‘da
836 3032 983 3104 sunt,
1031 3037 1228 3108 quibus
1281 3032 1450 3108 magis
1500 3024 1753 3093 convenit

170 3124 298 3186 ﬂere
326 3122 494 3201 atque
521 3126 727 3204 lugere,
764 3114 823 3187 ut
857 3128 913 3186 in
951 3126 1218 3186 Hebraico
1254 3128 1468 3203 quoque
1498 3124 1748 3200 Evange-

172 3220 241 3277 iio
298 3220 534 3294 legimus
586 3214 875 3278 Dominum
927 3221 997 3278 ad
1050 3220 1342 3292 discipulos
1392 3218 1741 3294 loquentem:

1850 2040 2122 2104 tempero;
2171 2026 2226 2087 et
2272 2041 2399 2103 opto
2447 2034 2629 2104 potius
2674 2050 2837 2105 quam
2878 2026 3146 2104 praesumo
3195 2026 3425 2093 dicens:

1851 2120 1984 2193 Quis
2020 2125 2141 2191 scit,
2177 2122 2223 2179 si
2249 2120 2658 2209 convertatur‘et
2687 2118 2919 2209 ignoscat
2944 2140 2963 2178 .'
2992 2108 3147 2211 Quod
3174 2126 3274 2213 ait,
3308 2108 3439 2196 quis

1850 2226 1948 2273 aut
1987 2206 2343 2289 impossibile,
2370 2225 2467 2273 aut
2496 2202 2712 2274 diiiicile
2756 2202 3037 2275 sciendum
3063 2202 3431 2295 estsi-’eccata

1849 2317 2106 2379 separant
2145 2309 2289 2364 inter
2317 2302 2488 2363 Deum
2518 2317 2573 2365 et
2602 2298 2897 2376 hominem,
2925 2294 3097 2387 quare
3121 2294 3430 2387 dubitamus

1849 2400 1906 2455 in
1938 2399 2309 2471 Sexagesima,
2346 2407 2532 2454 utrum
2580 2397 2840 2457 Dominus
2871 2390 2957 2457 "sit
3012 2384 3328 2465 nobiscum,
3375 2407 3437 2467 et

1850 2480 2135 2563 propterea
2179 2486 2408 2545 dicimus
2443 2489 2496 2544 in
2537 2474 2768 2545 Introitu
2800 2509 2813 2545 :
2852 2478 3115 2571 Etsurge,
3153 2480 3315 2571 quare
3340 2472 3433 2571 ρό-

1850 2578 2072 2649 dormis,
2120 2570 2380 2636 Domine?
2413 2598 2653 2653 exsurge,
2698 2591 2747 2635 et
2791 2573 2853 2636 ne
2900 2566 3118 2652 repellas
3233 2566 3430 2651 ﬁnem:

1850 2678 2013 2747 quare
2058 2672 2247 2744 faciem
2296 2676 2442 2729 tuam
2487 2664 2717 2729 avertit?
2773 2662 3106 2731 Ubiivisceris
3146 2658 3337 2746 inopia:
3364 2664 3430 2744 fet

1852 2762 2206 2818 tribulationis
2239 2765 2469 2818 nostrae?
2510 2763 2775 2834 Quoniam
2802 2754 3079 2819 Ituntiliatiz
3114 2774 3188 2819 est
3226 2765 3281 2818 in
3312 2761 3432 2834 pul-

1851 2869 1969 2908 vere
1990 2854 2170 2908 anima
2196 2863 2377 2909 nostra
2393 2855 2418 2908 .’
2437 2852 2591 2910 Unde
2613 2828 2946 2928 Augustinus
2972 2856 3026 2910 in
3047 2856 3254 2926 psalmo
3273 2869 3427 2910 mn.

1850 2941 2002 3000 Inter
2042 2958 2236 3001 manus
2288 2942 2525 3016 pulveris
2581 2943 2764 3017 hujus,
2812 2928 2955 3000 ἰηιεέ
3006 2958 3198 2999 manus
3242 2944 3432 3015 impio-

1853 3052 1975 3092 rum
2009 3030 2062 3092 et
2102 3032 2564 3119 persequentium,
2606 3024 2889 3093 humiliata
2926 3022 3009 3092 est
3037 3020 3433 3119 animiino$tra

1854 3127 1925 3184 a‘d
1969 3128 2073 3185 hoc
2112 3136 2173 3186 ut
2218 3112 2270 3186 te
2318 3126 2736 3196 invocaremus,
2782 3134 2839 3185 et
2881 3116 3042 3196 dares
3078 3112 3337 3195 auxilium
3364 3112 3432 3186 de

1853 3220 2204 3277 tribulatione
2236 3228 2255 3276 :‘
2282 3220 2488 3277 Venter
2533 3194 2725 3275 autem?
2752 3214 2937 3276 noSter
3165 3204 3223 3275 iu
3262 3210 3436 3287 terra,

172 3308 240 3364 Et
262 3290 554 3383 nunquam,
594 3311 788 3383 inquit,
829 3310 936 3367 ΙαἾὶ
976 3310 1111 3381 sitis,
1144 3290 1245 3367 nisi
1275 3310 1392 3366 curii
1419 3290 1638 3384 {intrent
1664 3327 1748 3366 ve—
1776 3300 1822 3369 C
1853 3310 1909 3369 id
1932 3320 2038 3379 est,
2068 3312 2350 3367 consensit
2379 3304 2643 3384 impietati
2671 3304 2906 3382 pulveris
2933 3302 3112 3380 hujus.

170 3394 341 3452 stratis
369 3392 603 3454 uideritis
643 3400 701 3454 in
743 3394 1018 3454 charitate.
1069 3398 1220 3457 Unde
1246 3399 1480 3455 Joannes
1508 3398 1748 3471 Chryso-

171 3484 384 3569 Stemus
412 3486 467 3544 in
491 3484 744 3545 sermone
785 3488 996 3544 decimo
1032 3494 1226 3559 quarto
1265 3500 1427 3558 super
1452 3472 1750 3569 Epistolam‘

166 3578 241 3640 ad
287 3566 547 3640 Hebraeis
591 3588 608 3638 ἑ
648 3574 838 3638 Nudae
888 3580 1114 3637 audistis
1156 3576 1384 3637 Paulum
1439 3566 1747 3638 dicentem:

171 3668 499 3747 Turpittidb‘,
547 3674 904 3748 vaniloquium
947 3674 999 3731 et
1041 3660 1339 3733 scurrilitas
1389 3660 1674 3748 abjiciatur
1719 3696 1753 3733 a

166 3766 360 3823 vobis?
418 3760 553 3824 Cun‘i
602 3766 987 3839 turpitudinem
1030 3758 1086 3824 et
1129 3752 1510 3825 scurrilitatem
1549 3767 1750 3843 posuit,

168 3865 227 3913 tu
252 3866 439 3914 autem
482 3850 660 3916 rides?
696 3846 1063 3932 vaniloquiuni
1094 3860 1185 3933 qui
1217 3860 1420 3916 nullam
1451 3858 1615 3916 habet
1649 3860 1754 3915 uti-

167 3950 403 4017 litatem,
448 3946 539 4008 vel
566 3952 787 4008 omnino
817 3952 961 4008 rides
988 3961 1044 4008 et
1076 3950 1309 4008 cffundis‘
1347 3946 1540 4008 faciem
1574 3950 1754 4007 tuam?

167 4038 264 4113 Qui
316 4038 639 4114 monachum
684 4043 978 4115 proﬁteris,
1029 4042 1121 4114 qui
1177 4042 1469 4098 cruciﬁxus
1512 4056 1600 4108 es,
1660 4042 1754 4114 qui

169 4134 386 4203 lugens,
437 4124 621 4191 rides?
671 4130 769 4190 Dic
818 4118 972 4199 inihi,
1002 4132 1095 4189 ubi
1146 4122 1395 4190 Christus
1429 4130 1533 4190 hoc
1586 4131 1758 4189 fecit?

169 4216 393 4280 Audisti
436 4225 541 4280 hoc
587 4218 819 4280 alicubi?
850 4221 1125 4295 Nusquam
1174 4218 1431 4295 quidem,
1483 4224 1576 4280 sed
1623 4236 1755 4280 eon-

173 4318 455 4373 tristatuui
477 4317 674 4388 saepius
702 4310 900 4389 legisti;
929 4316 997 4372 Et
1024 4326 1149 4388 post
1183 4316 1365 4387 aliqda
1399 4332 1413 4371 :
1449 4314 1757 4389 Lugeamus

173 4420 322 4483 ergo,
360 4402 715 4477 dilectissirni,
748 4404 1049 4483 lugeamus,
1087 4420 1148 4466 ut
1184 4424 1370 4466 revera
1400 4408 1670 4467 rideamus
1698 4411 1757 4466 in

175 4494 422 4575 tempore
469 4502 647 4576 gaudii
696 4505 984 4559 sincerius.
1048 4504 1144 4560 Sic
1190 4502 1348 4560 nobis
1386 4506 1599 4560 videtur
1619 4504 1756 4559 velle

175 4594 566 4666 praeceptorem
595 4586 753 4652 ofﬁcii
802 4604 1012 4667 tempus
1054 4593 1496 4666 Septuagesimae,
1538 4596 1750 4666 tempus

1922 3406 1993 3460 Et
2041 3398 2279 3463 iterum:
2307 3384 2568 3475 Exsurge,
2599 3378 2843 3471 llontine,
2892 3388 3093 3474 adjuvit
3137 3394 3231 3459 nos
3263 3390 3313 3459 et
3348 3420 3434 3460 re-

1853 3494 1993 3552 dime
2023 3513 2116 3550 nos
2153 3500 2367 3577 propter
2410 3512 2596 3551 nomen
2634 3504 2803 3577 tuum,
2845 3486 2951 3573 hoc
2975 3503 3077 3562 est,
3108 3486 3279 3577 gratis
3308 3511 3434 3573 pro-

1853 3594 1977 3658 pter
2001 3601 2200 3642 nomen
2224 3572 2396 3654 tuum,
2418 3602 2525 3642 non
2545 3570 2763 3660 propter
2784 3570 3038 3643 meritum
3064 3570 3247 3663 meum
3271 3606 3285 3643 :
3309 3570 3438 3663 quia

1856 3686 1915 3759 tu
1944 3679 2138 3752 dignus
2161 3674 2360 3745 facere,
2408 3678 2515 3759 non
2557 3679 2684 3749 quia
2731 3674 2831 3759 ego
2870 3664 3061 3759 dignus
3089 3662 3208 3759 sum
3237 3660 3326 3737 cui
3354 3670 3438 3735 ia-

1856 3756 1988 3826 cias.
2019 3769 2115 3827 Est
2150 3771 2203 3824 in
2233 3758 2462 3841 epistola
2506 3769 2682 3826 bonus
2721 3754 2951 3845 athleta,
2970 3762 3062 3842 qui
3095 3754 3195 3833 nos
3223 3754 3455 3839 confer?
3496 3822 3497 3825 η

1857 3869 1955 3927 tat,
1997 3866 2058 3917 ut
2098 3872 2404 3933 quaeramus
2448 3862 2591 3919 viam
2625 3852 2884 3921 evadendi
2916 3846 3343 3943 de.captivitate,
3383 3871 3449 3943 et
3535 3870 3552 3882 ’

1857 3930 2218 4025 deSpiciamus
2258 3955 2524 4022 dominos,
2558 3950 2649 4026 qui
2675 3971 2775 4011 nos
2801 3957 2873 4012 ad
2908 3930 3435 4037 delendumten'ent.

1853 4043 1998 4102 Dicit
2051 4042 2381 4121 indignando
2439 4044 2601 4120 super
2655 4064 2749 4106 eos
2806 4050 2896 4120 qui
2961 4042 3116 4106 malis
3191 4036 3434 4107 cedunt:

1855 4126 2100 4196 Libenter
2134 4136 2368 4212 stt/fertis
2402 4130 2744 4213 insipientes:
2772 4140 3060 4198 Sustinetis
3090 4130 3226 4219 enim
3253 4142 3435 4208 siquis

1854 4249 1944 4288 vos
1976 4232 2030 4288 iri
2059 4236 2357 4289 servitutem
2390 4233 2595 4305 redigit,
2635 4218 2680 4309 si
2707 4235 2823 4306 quis
2860 4233 3097 4309 devorat,
3195 4231 3310 4304 quis
3337 4247 3429 4285 ac-

1855 4320 2000 4395 cipit,
2030 4332 2135 4379 etc.
2164 4320 2273 4380 Nos
2296 4325 2493 4397 captivi
2522 4308 2855 4389 obedientes,
2883 4308 3182 4378 secundum
3207 4320 3435 4394 gradum

1856 4413 2170 4483 arripimus,
2188 4412 2241 4467 id
2255 4421 2360 4478 est,
2384 4406 2448 4468 de
2476 4405 2821 4467 tribulatione
2839 4406 3251 4467 conScendimus
3268 4400 3337 4465 ad
3357 4415 3439 4465 in-

1855 4492 2176 4574 quirendum
2200 4508 2442 4560 nostrum
2472 4502 2747 4575 proprium
2767 4502 3092 4576 Dominum;
3120 4503 3296 4559 sciant
3316 4543 3331 4565 ,
3360 4501 3443 4557 di-

1855 4595 2029 4652 cimus
2045 4600 2079 4662 ,‘
2109 4602 2299 4668 gentes
2336 4595 2593 4666 quoniam
2630 4610 2825 4649 nomen
2850 4592 2947 4649 tibi
2973 4590 3252 4649 Dominus.
3286 4590 3441 4655 Unde

175 4687 521 4752 esseluctus,
561 4694 615 4742 et
644 4692 929 4759 propterea
969 4702 1092 4743 eum
1132 4688 1351 4756 dixisse,
1387 4670 1832 4744 Circumdede—D
1856 4688 2207 4762 Augustinus.
2261 4678 2621 4771 Cognoscant,
2675 4680 2883 4760 inquit,
2935 4690 3062 4762 quia
3104 4704 3301 4746 nomen
3341 4688 3440 4744 tibi

178 4786 300 4832 runt
320 4794 404 4833 me
426 4779 643 4849 gemitus
669 4780 847 4834 mortis
871 4793 889 4832 :
917 4788 972 4834 et
991 4778 1207 4835 iterum.
1235 4778 1464 4852 Adjutor
1488 4783 1543 4836 in
1568 4799 1755 4854 oppor-

180 4866 516 4938 tunitatibus,
561 4868 615 4926 in
660 4862 1017 4928 tribulatione.
1064 4873 1394 4944 Augustinus
1441 4875 1498 4930 in
1543 4875 1754 4945 psalmo

183 4977 326 5020 nono
353 4981 367 5019 :
394 4960 513 5019 Non
560 4965 704 5021 enim
745 4965 1084 5022 convertitur
1125 4966 1303 5019 anima
1346 4954 1414 5020 ad
1443 4966 1757 5033 Dominum,

183 5054 289 5112 nisi
326 5068 456 5112 cum
484 5057 551 5111 ab
582 5050 683 5112 hoc
716 5055 913 5112 smculo
941 5057 1221 5112 avertitur.
1251 5053 1361 5111 Nec
1402 5058 1763 5128 opportunius

185 5146 254 5201 ab
292 5144 401 5202 hoc
445 5142 641 5202 sscculo
692 5148 986 5213 avertitur,
1037 5148 1143 5203 nisi
1190 5144 1490 5218 nugatoriis
1538 5148 1656 5222 ejus
1704 5146 1761 5205 et

186 5239 368 5295 noxiis
401 5238 458 5294 et
499 5236 819 5310 perniciosis
862 5238 1231 5315 voluptatibus
1265 5238 1478 5294 labores
1515 5248 1567 5295 et
1605 5238 1758 5296 dolo-

189 5342 277 5385 res
310 5329 663 5386 misceantur.
706 5328 809 5386 Ubi
849 5327 1003 5385 labor
1045 5330 1102 5385 et
1153 5326 1327 5394 dolor,
1379 5327 1453 5384 ibi
1495 5326 1759 5401 jejunium

189 5421 384 5479 saltem
409 5422 657 5478 amicitia:
681 5421 840 5491 hujus
877 5418 1083 5487 mundi,
1109 5421 1201 5476 ubi
1227 5418 1512 5491 jejunium,
1552 5416 1625 5475 ibi
1662 5419 1762 5476 hu-

190 5509 395 5568 militas
427 5512 623 5568 mentis
649 5530 662 5566 :
692 5511 781 5567 ubi
804 5508 1066 5581 jejunium
1097 5510 1588 5583 septuagenarium,
1613 5512 1760 5567 eom-

191 5602 374 5673 passio
426 5603 780 5675 captivorum.
837 5600 894 5659 Si
946 5601 1307 5673 compatimur
1359 5610 1414 5658 et
1460 5614 1762 5676 conregna-

191 5692 394 5753 bimus.

1855 4782 2137 4849 Dominus,
2180 4788 2434 4854 tanquam
2473 4790 2581 4838 non
2606 4795 2755 4849 vero,
2781 4796 2881 4837 nec
2912 4797 3009 4838 suo
3053 4780 3272 4838 nomine
3302 4797 3443 4838 nuu-

1857 4882 2143 4947 cupentur,
2191 4874 2501 4947 quicunque
2536 4870 2629 4928 alii
2655 4867 2867 4928 Domini
2902 4871 3274 4936 nominantur,
3306 4886 3442 4939 quo-

1860 4968 2009 5021 niam
2056 4965 2330 5021 serviliter
2376 4956 2744 5028 dominantur,
2787 4970 2843 5043 et
2872 4952 3001 5017 vero
3032 4950 3261 5043 Domino
3280 4977 3439 5043 com-

1861 5059 2060 5129 parati,
2100 5068 2202 5112 nec
2230 5048 2442 5110 Domini
2473 5044 2619 5109 sunt.
2651 5042 2905 5122 Tractus,
2929 5036 3304 5129 Commotisti,
3334 5052 3444 5110 Do-

1864 5127 2030 5214 mine,
2058 5145 2294 5202 ostendit
2324 5148 2527 5200 terram
2549 5136 2872 5201 commotam
2899 5127 3227 5200 conscientia
3250 5157 3445 5219 pecca-

1865 5240 2062 5293 torum.
2096 5234 2226 5291 Post
2252 5242 2455 5290 terram
2479 5242 2803 5291 commotam
2846 5249 3029 5289 semen
3070 5232 3360 5288 inducitur.
3381 5229 3449 5288 lu

1863 5329 2264 5405 septuagesima
2290 5322 2554 5401 increpati
2577 5342 2785 5405 sumus,
2815 5314 2941 5397 quia
2968 5326 3126 5381 otiosi
3154 5320 3403 5405 stetimus
3422 5363 3444 5393 ,

1862 5404 2070 5479 inducti
2096 5436 2304 5488 sumus,
2347 5421 2416 5476 ad
2456 5419 2671 5476 veniam
2699 5402 2981 5474 colendam
3008 5430 3023 5471 :
3051 5412 3107 5472 iu
3145 5402 3247 5471 ista
3275 5408 3445 5472 Sexa-

1862 5517 2067 5589 gesima
2095 5526 2281 5572 semen
2298 5510 2611 5591 jacimusm
2896 5588 2899 5591 _
2986 5592 2989 5599 ἱ
3306 5583 3311 5587 ,
3438 5562 3451 5593 ,

1935 5607 2281 5685 Sexagesima
2338 5602 2612 5685 percurrit
2673 5601 2815 5685 infra
2864 5598 3331 5685 Septuagesimum
3373 5600 3449 5685 ad

1864 5672 2117 5773 quartam
2156 5672 2358 5752 feriant
2376 5679 2656 5753 Paschalis
2694 5672 3220 5751 hebdomadisdllmc
3248 5678 3448 5773 quarta

1867 5792 1999 5848 feria
2027 5776 2189 5847 habet
2217 5778 2651 5846 convenientiam
2677 5805 2800 5845 cum
2825 5774 3019 5869 quarta
3048 5774 3213 5869 nitate
3231 5776 3449 5869 retundit

1762 5894 1767 5901 ‘
1869 5870 1923 5941 in
1962 5892 2067 5948 qua
2114 5870 2282 5938 David
2332 5886 2387 5938 et
2425 5877 2681 5939 summa
2716 5858 3097 5955 regnaverunt.
3148 5864 3206 5934 lu
3251 5858 3453 5949 quarta
