3978 6488
473 393 579 452 999

1496 378 1830 436 AMALARII
1862 361 2304 433 PRESBYTER!
2341 370 2686 429 METENSIS

3613 369 3778 424 {000

473 516 633 566 atate
656 519 790 578 gens
826 502 918 557 illa
958 500 1199 557 caelestis
1223 498 1326 554 [ide
1353 498 1576 570 inclyta,
1605 513 1772 570 regno
1799 494 1966 552 David
1993 501 2047 548 et
2072 495 2124 555 Α
2149 488 2517 561 septiformem
2557 484 2810 556 spiritum
2847 481 3024 553 legem
3059 480 3331 578 implendo
3373 483 3452 578 ad
3483 498 3776 542 resurre-

473 598 778 658 Salomonis
814 595 1047 668 gloriosa
1077 593 1261 662 templi
1291 592 1458 647 etiam
1503 588 1832 646 sanctissimi
1861 587 2048 642 altitu-

2153 583 2408 638 ctionem.
2441 579 2578 634 Tres
2617 578 2818 648 gradus
2867 582 2996 630 sunt
3034 574 3198 629 trium
3246 573 3582 642 ofﬁciorum,
3622 593 3775 648 quos

473 695 613 756 dine,
649 667 1236 746 totumnobilitabatur
1269 687 1326 740 in
1355 686 1539 740 orbem
1569 703 1584 739 :
1616 684 1675 739 In
1705 690 1894 739 nostra
1921 695 2050 735 vero
2150 674 2425 730 inﬁximus
2465 686 2637 742 usque
2674 670 2744 724 ad
2779 669 2924 724 hunc
2972 669 3170 723 locum.
3225 667 3442 726 Primus
3498 672 3776 729 continet

472 793 666 858 quarta
708 782 845 838 feria
894 779 1195 851 triumphat
1239 779 1431 844 David,
1479 778 1572 848 qui
1621 776 1752 832 vicit
1797 775 2048 830 leonem:

473 878 728 934 Salomon
773 884 1039 939 aeternus,
1086 871 1346 943 paciﬁcus
1397 877 1607 942 regnat,
1663 869 1728 924 de
1775 882 1881 938 quo
1920 863 2055 920 dicit

471 970 804 1042 Apostolus:
849 967 1088 1022 Christus
1133 982 1407 1036 resurgens
1452 982 1483 1018 a
1512 963 1756 1027 mortuis,
1793 961 1911 1031 jam
1950 974 2053 1013 non

471 1064 736 1116 moritur:
761 1076 902 1113 mors
932 1059 1013 1112 illi
1047 1057 1188 1112 ultra
1223 1075 1327 1112 non
1357 1055 1737 1111 dominabitur.
1769 1051 2054 1121 Templum

473 1151 708 1207 aedificat
754 1150 1153 1206 nobilissimum
1185 1149 1296 1204 Deo
1344 1149 1488 1219 patri
1539 1147 1633 1218 qui
1680 1147 1926 1201 dicturus
1972 1151 2056 1200 est

474 1243 601 1306 line,
642 1238 840 1304 Venite,
881 1240 1139 1296 benedicti
1181 1238 1347 1309 patris
1387 1239 1512 1301 mei,
1555 1236 1814 1308 possidete
1851 1251 2057 1306 pra’pa-

478 1341 655 1388 ratum
685 1331 827 1386 vobis
858 1346 1073 1401 regnum
1113 1329 1178 1384 ab
1217 1329 1368 1384 initio
1399 1327 1602 1382 mundi.
1632 1327 1714 1382 Ad
1748 1325 1801 1381 id
1831 1339 2056 1396 regnum

474 1441 568 1496 per
613 1423 1011 1493 sexagesimum
1062 1437 1163 1478 nos
1215 1427 1435 1490 oportet
1493 1434 1736 1474 currere.
1793 1417 2056 1472 Senarius

473 1516 617 1572 enim
664 1531 926 1571 numerus
965 1515 1216 1584 partibus
1265 1512 1381 1568 suis
1433 1519 1810 1581 computatus,
1850 1508 2058 1578 primus

474 1607 745 1678 perfectus
770 1614 852 1661 est
883 1613 1037 1661 sexta
1079 1618 1246 1659 unum
1281 1603 1440 1658 tertia
1469 1603 1591 1666 duo,
1623 1601 1878 1656 meridies
1913 1598 2054 1654 tria:

473 1713 640 1753 unum
669 1698 817 1753 enim
845 1705 900 1752 et
923 1697 1031 1752 duo
1064 1705 1120 1751 et
1142 1696 1248 1750 tria
1275 1711 1372 1752 sex
1401 1694 1627 1749 faciunt.
1662 1693 1762 1749 Hic
1797 1707 2060 1748 numerus

475 1787 863 1859 perfectionem
884 1788 1237 1843 demonstrat.
1263 1786 1406 1841 Beda
1431 1784 1570 1840 libro
1597 1785 1662 1840 de
1691 1783 2054 1854 temporibus:

2149 765 2428 835 planctum
2463 761 2803 830 captivorum
2839 759 2932 829 qui
2972 774 3095 814 esse
3133 757 3323 813 nolunt
3369 759 3475 814 sub
3502 759 3772 816 dominis

2155 856 2438 919 vitiorum,
2485 852 2755 909 secundus
2811 849 3144 906 voluntatem
3182 851 3325 922 fugae
3361 851 3766 921 demonstrat;

2155 947 2446 1002 dummodo
2471 945 2741 1016 propitius
2768 942 3033 998 Dominus
3057 942 3188 997 velit
3222 958 3319 998 eos
3347 944 3675 1015 suscipere,
3703 961 3769 1001 ac

2153 1060 2263 1100 non
2291 1059 2321 1097 a
2350 1057 2410 1097 se
2437 1040 2719 1112 repellere.
2748 1039 2968 1095 Tertius
2994 1039 3282 1095 consilium
3309 1040 3444 1112 agit,
3470 1043 3765 1112 quomodo

2154 1133 2346 1204 fugiat,
2376 1147 2710 1202 prmsumens
2736 1129 2850 1200 jam
2882 1130 2949 1185 de
2979 1131 3346 1200 susceptione,
3378 1132 3594 1188 bonum
3631 1149 3766 1189 cou—

2157 1225 2337 1286 silium
2382 1223 2703 1295 adipiscitur
2734 1223 2888 1295 juxta
2936 1225 3100 1279 verba
3132 1223 3430 1280 lntroitus:
3467 1223 3608 1278 Esto
3633 1227 3766 1279 mihi

2153 1322 2210 1376 in
2234 1321 2402 1374 Deum
2424 1329 2788 1390 protectorem.
2829 1317 2887 1374 Si
2913 1318 3037 1390 quis
3067 1318 3231 1372 tacito
3255 1316 3342 1371 vel
3373 1317 3619 1372 verbosa
3649 1332 3760 1371 ser-

2156 1412 2562 1468 monevoluerit
2588 1409 2836 1474 fari,non
2866 1417 2928 1464 ut
2952 1417 3310 1477 caatera,qu:n
3341 1407 3399 1462 in
3431 1408 3757 1463 memoratis

2159 1502 2320 1558 cilicii
2357 1501 2733 1566 continentur,
2773 1501 2846 1555 ita
2885 1500 3062 1570 aptari
3110 1500 3165 1554 in
3203 1500 3283 1555 eis
3321 1499 3593 1572 gradibus
3627 1513 3757 1569 quo-

2161 1592 2323 1647 modo
2351 1601 2628 1662 excerpta,
2655 1590 2851 1646 volabo
2874 1591 2940 1645 ad
2969 1591 3261 1661 quamdam
3288 1593 3554 1647 arborem
3577 1592 3755 1664 Augu-

2162 1684 2393 1750 stinum,
2427 1683 2734 1753 sedeboque
2773 1683 2830 1736 in
2868 1682 3037 1737 ramis
3070 1683 3186 1753 ejus
3215 1700 3228 1735 :
3263 1683 3452 1737 forsan
3498 1683 3754 1738 defendar

2166 1791 2265 1830 sua
2297 1775 2562 1830 densitate
2590 1791 2622 1830 a
2653 1775 2943 1844 rapacibus
2969 1774 3341 1843 accipitribus.
3379 1773 3586 1829 Scribit
3615 1773 3753 1829 idem

433 1934 435 1936 .
477 1877 568 1931 ubi
622 1877 939 1945 notandum,
994 1876 1138 1947 quod
1188 1891 1295 1932 non
1345 1876 1464 1931 ideo
1510 1875 1756 1931 senarius
1801 1861 2136 1928 numerusB
2165 1865 2219 1920 in
2266 1865 2406 1920 libro
2449 1866 2660 1920 deeimo
2709 1874 2863 1921 883w
2913 1865 2978 1920 de
3012 1864 3248 1920 CiVitale
3287 1863 3428 1920 Dei:
3461 1864 3583 1921 Non
3630 1882 3755 1920 sane

477 1966 748 2038 perfectus
795 1975 902 2032 est,
953 1967 1084 2036 quia
1113 1967 1376 2022 Dominus
1432 1967 1496 2020 in'
1537 1983 1604 2022 eo
1652 1966 1838 2020 mundi
1893 1979 2060 2034 opera

479 2055 805 2128 perfecerit:
829 2057 942 2120 sed,
978 2056 1118 2111 sicut
1141 2057 1474 2128 Augustinus
1505 2057 1602 2122 ait,
1631 2056 1756 2111 ldeo
1779 2056 2057 2119 Dominus,

483 2149 575 2218 qui
607 2148 768 2202 simul
799 2147 980 2204 omnia
1023 2163 1214 2203 creare
1242 2147 1476 2213 valebat,
1509 2149 1564 2202 in
1601 2163 1664 2203 co
1690 2146 1940 2218 dignatus
1981 2156 2064 2203 est

479 2237 716 2308 operari,
749 2238 874 2307 quia
903 2252 1162 2293 numerus
1207 2237 1296 2292 ille
1335 2246 1419 2293 est
1457 2237 1749 2308 perfectus.
1805 2238 2065 2294 Senarius

480 2343 579 2400 per
607 2325 888 2384 denarium
920 2331 1113 2386 ductus
1141 2332 1418 2402 sexaginta
1447 2331 1671 2387 faciunt.
1703 2332 1969 2387 Denarius
1996 2333 2065 2387 ad

479 2419 791 2475 mercedem
829 2435 1054 2491 Operum
1097 2421 1338 2490 respicit.
1388 2421 1445 2476 Si
1485 2423 1607 2491 quis
1634 2438 1733 2492 per
1766 2423 2062 2487 senarium,

483 2512 540 2568 id
581 2521 685 2580 est,
735 2513 1150 2585 perfectionem,
1201 2517 1507 2573 mercedem
1556 2533 1780 2588 operum
1815 2518 2063 2587 requirit,

483 2607 599 2680 ipse
635 2609 900 2679 percipiet
939 2625 1200 2681 regnum,
1242 2611 1387 2681 quod
1428 2611 1586 2667 nobis
1625 2611 1966 2683 promittitur
2007 2612 2066 2668 in

485 2707 680 2769 quarta
704 2697 843 2755 feria
865 2699 1138 2756 Paschali.

1088 2791 1319 2850 CAPUT
1369 2793 1456 2850 ΙΙΙ.

985 2884 1065 2940 De
1110 2886 1565 2957 quinquagesima.

558 2973 1013 3046 Quinquagesima
1057 2975 1114 3030 in
1163 2977 1322 3030 tertio
1363 2977 1534 3047 gradu
1579 2976 1848 3033 consistit.
1890 2978 2067 3034 Antea

487 3066 796 3123 dubitamus
830 3075 1012 3122 utrum
1036 3069 1287 3138 proprius
1309 3069 1567 3125 Dominus
1593 3071 1874 3126 nobiscum
1901 3078 2064 3136 esset,

487 3172 558 3211 an
587 3173 714 3213 non.
743 3157 865 3214 Jam
897 3166 1144 3215 tenemus
1182 3159 1355 3226 illum,
1383 3170 1439 3216 et
1470 3163 1736 3218 dicimus:
1783 3163 1913 3218 Esto
1940 3165 2067 3219 mihi

486 3246 543 3301 in
563 3246 733 3302 Deum
757 3258 1100 3319 protectorem
1134 3260 1182 3306 et
1224 3251 1279 3307 in
1317 3251 1489 3308 locum
1527 3255 1737 3325 refugii,
1775 3266 1833 3310 ut
1865 3256 2071 3312 salvum
2098 3223 2144 3286 Ε

487 3351 571 3390 me
599 3336 789 3405 facias.
844 3337 1028 3395 Jesum
1057 3355 1343 3410 precamur
1367 3343 1561 3400 ducem
1589 3345 1798 3402 militiae
1846 3356 2069 3414 nostrae,

490 3427 755 3488 dicendo:
783 3431 852 3486 Et
898 3443 1123 3506 propter
1166 3452 1365 3492 nomen
1415 3445 1566 3493 tuum
1599 3439 1707 3494 dux
1753 3441 1889 3496 mihi
1939 3443 2071 3509 eris,

490 3530 547 3576 et
573 3525 814 3580 enutries
850 3541 956 3581 me.
988 3527 1108 3583 Jam
1147 3529 1202 3584 in
1243 3531 1587 3601 expeditione
1619 3548 1825 3599 sumus,
1858 3533 2076 3590 advenit

489 3614 837 3674 doctissimus
875 3621 1104 3688 athleta,
1135 3622 1295 3678 solito
1338 3639 1491 3679 more
1528 3639 1629 3680 nos
1660 3625 1888 3680 hortans
1919 3626 2077 3682 docet

489 3708 687 3777 quibus
728 3711 1080 3769 munimentis
1123 3714 1324 3769 muniri
1373 3730 1472 3770 nos
1518 3725 1785 3785 oporteat,
1819 3725 1872 3771 et
1911 3717 2072 3772 dicit:

492 3797 651 3855 Nunc
683 3811 859 3856 autem
894 3815 1107 3860 manent
1141 3807 1295 3876 ﬁdes,
1334 3825 1471 3878 spes,
1510 3809 1769 3876 Charitas,
1806 3811 1909 3864 tria
1941 3811 2074 3866 ha’c.

491 3890 570 3945 De
614 3894 812 3961 quibus
856 3896 990 3952 dicit
1024 3898 1079 3952 in
1120 3899 1224 3954 alia
1267 3899 1510 3970 Epistula
1540 3918 1553 3954 :
1589 3900 1657 3954 In
1698 3903 1940 3957 omnibus
1988 3920 2080 3957 su-

491 3993 688 4038 mentes
722 3996 927 4041 scutum
956 3989 1113 4058 ﬁdei,
1148 3993 1204 4046 in
1240 4010 1344 4062 quo
1376 3995 1586 4063 possitis
1621 3996 1799 4050 omnia
1844 3995 1949 4051 tela
1991 4014 2081 4051 ne-

494 4074 734 4142 quissimi
767 4079 918 4147 ignea
944 4083 1291 4154 exstinguere,
1316 4093 1365 4138 et
1386 4084 1591 4155 galeam
1613 4085 1800 4141 salutis
1832 4089 2081 4143 assumite

491 4171 540 4217 et
564 4163 801 4235 gladium
827 4167 1073 4240 Spiritus,
1102 4173 1240 4244 quod
1269 4183 1342 4228 est
1375 4173 1585 4229 verbum
1611 4177 1726 4230 Dei.
1761 4178 2083 4250 Triumpha-

495 4264 579 4310 tor
604 4258 812 4314 militia:
849 4271 1047 4320 nostra:
1076 4263 1218 4320 Deus
1248 4275 1332 4321 est
1355 4267 1443 4322 cui
1482 4269 1682 4324 dicitur
1709 4286 1724 4324 :
1753 4269 1831 4325 Tu
1859 4288 1912 4326 es
1935 4271 2079 4328 Deus

491 4349 582 4416 qui
615 4349 746 4418 facis
777 4353 1063 4408 mirabilia.
1133 4355 1200 4411 Et
1226 4357 1424 4413 iterum
1453 4358 1748 4415 :Liberasti
1786 4364 1843 4417 in
1869 4362 2079 4417 brachio

494 4444 583 4489 tuo
637 4440 884 4537 populum
937 4453 1104 4499 tuum.
1172 4447 1406 4505 Tractus
1463 4466 1592 4506 vero
1638 4452 1868 4509 Domino
1924 4455 2081 4510 nobis

492 4528 742 4594 praecipit
772 4531 1002 4597 servire,
1037 4536 1128 4603 qui
1165 4552 1264 4592 nos
1306 4539 1452 4602 fecit,
1483 4555 1590 4594 non
1621 4543 1669 4596 ei
1699 4544 1784 4597 cui
1818 4558 1918 4597 nos
1945 4559 2080 4598 ven-

497 4614 730 4672 diditnus
770 4623 1151 4693 nosmetipsos.
1197 4626 1256 4681 ln
1290 4631 1629 4698 sexagesima
1668 4633 2080 4702 seminavimus,

499 4703 554 4758 in
584 4706 1029 4780 quinquagesima
1060 4714 1295 4770 fructum
1336 4720 1660 4790 colligimus.
1694 4722 1836 4789 Quid
1881 4728 2081 4794 (ιιιωεί-

497 4798 575 4854 vit
599 4816 774 4859 caecus
799 4819 830 4859 a
852 4804 1102 4876 Domino,
1134 4812 1225 4881 qui
1254 4829 1353 4870 nos
1378 4816 1727 4888 prmligurat?
1759 4817 1906 4874 Nihil
1935 4822 2081 4878 aliud

495 4892 601 4948 nisi
627 4902 687 4948 ut
713 4893 985 4953 frueretur
1011 4900 1214 4958 lumine
1242 4923 1255 4959 :
1281 4902 1515 4962 fructum
1545 4909 1812 4978 quaesivit,
1843 4911 2081 4968 fructum

497 4985 722 5043 invenit.
771 4989 878 5045 ista
909 4992 1368 5068 Quinquagesima
1417 5002 1718 5058 secundum
1753 5004 1916 5072 diem,
1965 5007 2080 5078 pri-

497 5089 645 5130 mum
671 5081 994 5137 venerabilis
1015 5083 1236 5142 Pascbze
1267 5091 1460 5161 tangit,
1491 5092 1632 5148 sicut
1660 5095 1804 5151 enim
1834 5098 2080 5154 senarius

497 5166 883 5236 perfectionem
913 5189 1136 5243 operum
1163 5178 1519 5250 demonstrat,
1563 5185 1634 5240 ita
1673 5189 2081 5260 quinquagena-

498 5260 614 5318 rius
642 5266 820 5321 omnia
852 5269 990 5324 bona
1019 5286 1183 5343 Opera
1213 5292 1224 5329 ;
1258 5292 1377 5346 qum
1413 5277 1769 5348 perﬁciuntur
1794 5297 1894 5350 per
1922 5283 2080 5351 quin-

499 5369 604 5447 que
628 5373 819 5414 sensus
842 5365 1104 5432 corporis.
1133 5367 1431 5440 Quinquies
1457 5371 1641 5426 decem
1667 5374 2074 5447 quinquaginta.

500 5442 752 5518 Quisquis
792 5466 891 5520 per
932 5457 1256 5514 exteriorem
1309 5442 1834 5520 administrationem
1883 5442 2071 5523 decem

500 5539 664 5626 verba
698 5542 833 5614 legis
861 5549 1212 5618 compleverit
1254 5554 1309 5608 in
1337 5555 1543 5626 Spiritu
1577 5551 1935 5623 sancto,'non
1971 5561 2073 5616 du-

499 5624 638 5681 bitat
673 5632 741 5685 ad
780 5640 1110 5696 consortium
1153 5624 1574 5712 perveniendum
1618 5664 1740 5705 esse
1774 5648 1948 5706 beatm
1990 5667 2080 5708 re-

502 5722 887 5791 surrectionis,
937 5744 1058 5798 quae
1111 5733 1419 5792 celebratur
1474 5738 1528 5793 in
1577 5739 1787 5796 Pascha
1839 5741 2077 5800 Domini.

503 5808 606 5864 Per
642 5811 922 5870 sabbatum
964 5822 1210 5880 venimus
1243 5826 1313 5881 ad
1340 5827 1679 5886 Dominicum
1717 5850 1732 5886 :
1774 5831 1854 5889 sic
1895 5841 1952 5891 et
1981 5850 2082 5907 per

2166 1960 2372 2026 omnia,
2405 1975 2526 2030 qua:
2563 1969 2717 2031 gesta
2759 1968 3056 2016 narrantur
3096 1959 3304 2030 aliquid
3338 1961 3511 2015 etiam
3555 1961 3756 2030 signiﬁ-

2165 2066 2296 2105 care
2340 2051 2578 2119 putanda
2629 2058 2798 2106 sunt:
2829 2051 2922 2106 sed
2966 2059 3191 2122 propter
3235 2051 3326 2105 illa
3374 2066 3499 2120 qua:
3553 2051 3754 2121 aliquid

2165 2137 2494 2208 significant,
2513 2139 2677 2193 etiam
2698 2154 2762 2194 ea
2783 2153 2901 2209 qua:
2915 2139 3050 2194 nihil
3070 2137 3396 2210 significant,
3413 2148 3755 2193 attexuntur.

2167 2231 2282 2287 Non
2321 2232 2436 2287 solo
2471 2232 2616 2287 enim
2657 2248 2874 2288 vomere
2919 2241 3065 2288 terra
3107 2233 3463 2302 proscinditur
3498 2251 3517 2287 :
3549 2233 3657 2288 sed
3697 2243 3762 2286 ut

2167 2322 2272 2378 hoc
2299 2321 2416 2378 fieri
2444 2324 2634 2393 possit,
2669 2324 2834 2378 etiam
2869 2331 3065 2379 caetera
3095 2325 3255 2379 aratri
3282 2324 3514 2377 membra
3547 2338 3753 2378 neces-

2167 2415 2314 2469 saria
2364 2424 2535 2470 sunt:
2585 2415 2652 2470 Et
2696 2432 2805 2472 non
2851 2417 2951 2472 soli
2996 2417 3154 2472 nervi
3203 2417 3258 2472 in
3304 2416 3525 2471 citharis
3577 2424 3759 2486 atque

2168 2508 2540 2579 hujuscemodi
2571 2509 2718 2564 vasis
2747 2510 2974 2565 musicis
3003 2518 3265 2580 aptantur
3291 2509 3358 2563 ad
3387 2518 3634 2574 cantum,
3665 2508 3762 2562 sed

2167 2608 2228 2654 ut
2259 2600 2436 2671 aptari
2462 2600 2688 2670 possint,
2723 2600 2911 2656 insunt
2947 2601 3113 2654 etiam
3151 2609 3350 2654 caetera
3396 2601 3457 2654 in
3486 2601 3762 2670 compagi-

2165 2691 2330 2746 nibus
2359 2707 2706 2762 organorum,
2741 2707 2862 2762 quae
2892 2707 3000 2747 non
3020 2692 3412 2762 percutiuntur
3447 2708 3478 2744 a
3509 2692 3755 2746 canenti-

2165 2783 2290 2851 bus,
2323 2786 2418 2840 sed
2446 2801 2526 2848 ea,
2562 2801 2681 2855 quae
2709 2801 2966 2856 percussa
3004 2794 3282 2853 resonant,
3313 2787 3406 2842 his
3432 2797 3766 2842 connectun-

2169 2887 2298 2932 tu'r:
2331 2880 2407 2934 ita
2447 2881 2501 2934 in
2540 2880 2854 2950 prophetica
2900 2880 3126 2936 historia
3175 2882 3442 2938 dicuntur
3488 2889 3548 2936 et
3593 2881 3764 2951 aliqua

2169 2983 2292 3038 qua:
2317 2969 2454 3024 nihil
2485 2969 2809 3042 significant,
2851 2971 2945 3026 sed
2981 2972 3181 3040 quibus
3219 2973 3517 3028 adbmrent
3551 2987 3666 3042 qua:
3698 2972 3763 3025 sic

2169 3060 2451 3133 gnificant,
2484 3071 2539 3117 et
2567 3065 2837 3133 quomodo
2872 3064 3196 3135 religantur.
3230 3065 3492 3120 Diximus
3516 3077 3626 3121 tres
3651 3082 3763 3137 gra-

2171 3153 2273 3208 dus
2297 3155 2588 3209 nitentium
2619 3157 2686 3210 ad
2714 3173 2948 3230 pugnam
2974 3175 2987 3212 :
3015 3158 3179 3214 simili
3206 3160 3372 3215 modo
3401 3159 3639 3215 dicimus
3662 3171 3767 3215 tres

2177 3247 2436 3302 articulos
2473 3249 2754 3320 triumphi,
2791 3250 2846 3304 id
2874 3259 2988 3316 est,
3016 3267 3179 3306 unam
3219 3251 3466 3316 sabbati,
3499 3261 3767 3322 quartam-

2178 3354 2305 3408 que,
2369 3347 2423 3393 et
2471 3339 2778 3409 seplimam.
2829 3339 2966 3407 Quia
3013 3341 3247 3396 diximus
3300 3341 3770 3414 Septuagesimam

2175 3437 2418 3485 nostram
2464 3432 2704 3502 pendere
2753 3446 2786 3486 a
2834 3434 3174 3503 septuaginta
3227 3434 3558 3505 captivitatis
3605 3433 3770 3488 anuis

2176 3525 2374 3594 prioris
2400 3525 2580 3596 populi
2617 3526 2670 3580 in
2699 3526 3011 3598 Babylonia,
3068 3529 3272 3583 bonum
3305 3538 3390 3584 est
3421 3538 3483 3583 ut
3510 3528 3770 3598 respicia-

2176 3634 2298 3673 mus
2328 3619 2548 3674 eosdem
2590 3619 2867 3682 articulos,
2899 3620 3096 3690 quibus
3141 3621 3372 3692 populus
3420 3621 3515 3676 ille
3556 3622 3626 3676 ad
3658 3621 3771 3692 ple-

2178 3726 2304 3764 nam
2346 3711 2652 3766 libertatem
2691 3711 2958 3782 pervenit.
2991 3712 3173 3767 Prima
3203 3714 3455 3768 reversio
3498 3712 3603 3767 fuit
3635 3714 3769 3768 facta

2180 3803 2281 3857 sub
2309 3802 2610 3858 Zorobahel
2650 3802 2816 3867 duce,
2865 3811 2919 3858 et
2948 3800 3076 3859 Jesu
3113 3804 3404 3879 sacerdote
3450 3821 3678 3876 magno,
3719 3806 3770 3858 in

2180 3894 2598 3965 quinquagesies
2636 3893 2784 3951 mille
2821 3895 3152 3962 hominibus,
3189 3897 3338 3966 quod
3371 3896 3494 3967 jam
3532 3896 3773 3967 prescri-

2179 3976 2405 4058 psimus.
2466 3987 2569 4042 Ubi
2639 3988 2744 4044 hoc
2798 3989 3091 4044 notandum
3148 3998 3263 4055 est,
3324 3992 3476 4061 quod
3522 3991 3579 4045 in
3634 3989 3775 4043 libro

2181 4081 2365 4137 Esdrm
2409 4081 2689 4147 scribitur,
2721 4080 2907 4136 Omnis
2957 4081 3239 4136 multitudo
3286 4082 3447 4152 quasi
3487 4082 3564 4135 εἰν
3608 4096 3774 4135 κιαι.

2184 4172 2338 4228 Unde
2375 4172 2519 4228 Beda
2570 4172 2627 4228 in
2667 4173 3008 4244 expositione
3047 4171 3288 4240 ejusdem
3322 4190 3336 4225 :
3365 4172 3510 4228 Nota
3547 4172 3774 4241 gratiam

2186 4267 2483 4337 primitivze
2509 4265 2784 4331 Ecclesiae,
2821 4265 2878 4320 in
2907 4281 3012 4336 qua
3046 4265 3415 4321 multitudinis
3438 4265 3771 4320 credentium

2183 4367 2303 4414 erat
2328 4374 2422 4414 cor
2451 4374 2615 4413 unum
2646 4366 2701 4414 et
2728 4358 2909 4412 anima
2937 4374 3047 4412 una
3076 4359 3239 4412 etiam
3269 4357 3325 4412 in
3356 4359 3469 4412 hoc
3516 4359 3772 4412 transmi-

2184 4451 2459 4521 grantium
2501 4457 2647 4504 cmtu
2687 4448 2916 4519 reperiri
2961 4467 2973 4501 :
3007 4447 3081 4502 ita
3130 4455 3188 4502 ut
3225 4463 3352 4503 cum
3393 4456 3595 4503 tantus
3641 4457 3776 4502 esset

2184 4543 2479 4607 exercitus,
2510 4541 2600 4610 qui
2630 4556 2797 4610 prope
2827 4540 3214 4610 quinquaginta
3243 4539 3481 4594 millium
3508 4555 3778 4595 summam

2186 4633 2506 4703 compleret,
2535 4640 2591 4686 et
2621 4633 2708 4687 hic
2735 4631 2934 4686 diversi
2965 4631 3164 4703 gradus
3197 4637 3254 4686 et
3291 4629 3638 4685 conditionis
3667 4630 3776 4685 exi-

2185 4735 2356 4791 stens,
2397 4727 2752 4784 nihilominus
2791 4730 2968 4784 omnis
3006 4729 3291 4784 multitudo
3325 4729 3395 4783 ob
3426 4731 3688 4784 eamdem
3718 4727 3780 4780 fi-

2185 4815 2308 4870 dem
2334 4825 2389 4870 et
2414 4817 2756 4875 dilectionem
2785 4820 2940 4889 quasi
2968 4836 3108 4874 unus
3132 4835 3253 4875 esse
3276 4819 3565 4874 videretur
3591 4821 3782 4881 homo,

2185 4906 2420 4963 donante
2462 4908 2554 4963 illo
2589 4911 2682 4979 qui
2724 4911 2973 4965 habitare
3013 4910 3143 4965 facit
3186 4910 3475 4965 unanimes
3505 4911 3556 4964 in
3585 4894 3784 4964 domo.

2188 4998 2439 5057 Secunda
2493 5002 2734 5057 reversio
2770 5011 2856 5058 est
2897 5003 2997 5057 sub
3033 5002 3226 5068 Esdra,
3279 5002 3420 5057 sicut
3468 5002 3534 5056 ab
3581 5003 3788 5057 eodem

2183 5092 2446 5161 scriptum
2495 5103 2579 5149 est
2609 5113 2621 5148 :
2654 5094 3028 5149 Promovimus
3076 5110 3202 5166 ergo
3252 5111 3282 5148 a
3312 5093 3532 5149 flumine
3583 5095 3790 5150 Abaua

2183 5182 2506 5240 duodecimo
2555 5186 2643 5242 die
2683 5187 2886 5241 mensis
2923 5185 3106 5255 primi,
3149 5193 3210 5241 ut
3234 5200 3598 5256 pergeremus
3631 5185 3793 5240 Jeru-

2183 5275 2374 5342 salem,
2402 5285 2458 5330 ct
2487 5293 2679 5334 manus
2704 5277 2800 5334 Dei
2844 5279 3017 5334 nostri
3057 5278 3159 5333 fuit
3193 5293 3358 5348 super
3388 5292 3510 5342 nos,
3547 5287 3617 5331 et
3659 5278 3795 5332 lihe-

2184 5367 2325 5422 ravit
2352 5383 2451 5424 nos
2475 5368 2544 5424 de
2579 5385 2742 5424 manu
2782 5370 2989 5425 inimici
3030 5378 3086 5426 et
3121 5370 3455 5426 insidiatoris
3494 5369 3552 5423 in
3588 5371 3718 5433 via,
3743 5379 3798 5424 et

2181 5459 2430 5514 venimus
2456 5457 2780 5525 Jerusalem,
2810 5469 2864 5515 et
2893 5463 3195 5518 mansimus
3230 5461 3302 5516 ibi
3330 5461 3524 5517 diebus
3559 5463 3794 5517 tribus.

2178 5551 2280 5606 Die
2310 5560 2492 5608 autem
2515 5561 2710 5624 quarta
2736 5569 3032 5625 appensum
3057 5565 3141 5613 est
3170 5565 3452 5629 argentum
3477 5564 3532 5612 et
3552 5573 3795 5620 aurum.

2180 5653 2237 5701 et
2257 5645 2486 5716 reliqua.
2543 5645 2651 5702 Sed
2679 5647 2920 5703 nondum
2952 5648 3094 5703 muri
3121 5647 3419 5705 Jerusalem
3453 5649 3798 5703 reaediticati

2182 5747 2361 5794 erant.
2413 5739 2568 5796 Unde
2603 5750 2659 5796 et
2701 5741 2758 5796 in
2799 5742 3152 5811 sequentibus
3200 5742 3437 5815 legitur:
3470 5739 3534 5794 Et
3564 5740 3804 5804 factum

2182 5840 2263 5889 est
2288 5833 2347 5889 in
2369 5849 2544 5891 mense
2563 5831 2754 5892 ϐαδίσει
2780 5850 2920 5889 anno
2939 5833 3220 5906 lvigesimo,
3244 5842 3295 5890 et
3317 5849 3410 5905 ego
3438 5847 3592 5887 erant
3628 5830 3794 5906 (Nee
