3978 6472
174 384 308 442 1001

944 382 1034 439 DE
1071 378 1626 438 ECCLESIASTICIS
1663 377 1950 437 OFFICIIS
1984 376 2165 435 LIBRI
2201 378 2292 436 IV.
2315 367 2403 422 :—
2439 379 2567 436 LIB.
2607 383 2650 436 l.

3290 385 3432 479 1092

176 500 331 572 mias)
361 501 416 556 in
438 498 592 556 Susis
613 483 878 562 castro,et
897 499 1229 552 venitAnani
1253 514 1388 551 unus
1407 497 1473 550 de
1493 495 1746 565 fratribus
1773 500 1824 558 Α
1850 493 1903 546 in
1984 500 2284 546 memorata
2352 492 2630 562 periocha.
2711 491 2827 549 Hoc
2897 495 3044 551 enim
3106 493 3298 551 sufﬁcit
3344 498 3436 554 hic

175 595 320 657 meis,
358 594 466 663 ipse
502 600 550 644 et
575 591 672 644 viri
691 589 855 653 Iuda,
881 600 926 642 et
958 589 1273 658 interrogavi
1309 605 1394 642 eos
1431 588 1495 641 de
1518 586 1744 649 Juda'is,

175 685 262 756 qui
301 689 677 743 remanserant,
705 689 751 733 et
781 690 1083 747 supererant
1127 679 1191 732 de
1231 679 1546 748 captivitate,
1592 687 1641 730 et
1685 678 1749 732 de

174 769 464 834 Jerusalem
495 769 737 823 dixerunt
771 768 937 824 mihi:
965 767 1067 834 Qui
1096 778 1454 822 remanserunt
1486 779 1534 821 et
1561 767 1750 821 dereli-

173 865 241 918 cti
281 872 400 917 sunt
439 861 503 914 de
539 861 836 930 captivitate
872 860 942 913 ibi
977 861 1030 914 in
1070 861 1357 930 provincia,
1391 860 1447 913 in
1475 859 1749 930 aﬂiictione

172 963 291 1010 sunt
326 963 372 1006 et
407 953 461 1005 in
492 951 798 1022 opprobrio,
837 960 885 1004 et
918 967 1098 1004 murus
1129 949 1423 1004 Jerusalem
1466 950 1749 1020 dissipatus

171 1055 264 1107 est,
290 1053 339 1097 et
360 1051 523 1114 portrr
545 1043 659 1111 ejus
681 1041 962 1095 combusta:
988 1050 1107 1094 sunt
1132 1041 1260 1110 igni.
1294 1039 1475 1094 Tertia
1511 1039 1750 1093 reversio

172 1136 270 1192 sub
292 1137 481 1192 eodem
520 1134 659 1190 facta
689 1142 770 1188 est
798 1153 810 1187 :
845 1134 923 1187 sic
954 1133 1098 1188 enim
1136 1133 1398 1202 scriptum
1432 1140 1517 1186 est
1547 1148 1560 1186 :
1590 1129 1750 1184 Mise-

171 1236 250 1279 rat
278 1237 448 1280 autem
483 1243 573 1280 rea:
603 1227 862 1296 principes
897 1223 1124 1278 militum
1157 1234 1203 1278 et
1237 1224 1456 1294 equites,
1490 1235 1536 1278 et
1568 1225 1754 1278 audie-

170 1327 293 1372 runt
331 1316 639 1372 Sanaballat
684 1315 926 1371 Oronites
955 1329 1002 1370 et
1046 1315 1235 1370 Tobias
1282 1333 1459 1371 servus
1482 1316 1750 1369 Amanizes

171 1417 221 1463 et
265 1408 554 1462 contristati
601 1419 720 1462 sunt
772 1408 1045 1478 afﬂictione
1093 1423 1305 1475 magna,
1352 1405 1490 1476 quod
1535 1407 1753 1458 venisset

171 1501 321 1556 homo
355 1501 442 1570 qui
475 1510 724 1570 qutrreret
765 1500 1158 1568 prosperitatem
1195 1497 1428 1566 ﬁliorum
1466 1496 1636 1550 Israel
1661 1511 1678 1548 :
1703 1506 1752 1549 et

169 1590 615 1654 venilerusalem,
637 1607 665 1644 e
707 1606 848 1643 eram
871 1589 938 1642 ibi
962 1590 1142 1642 diebus
1163 1588 1348 1642 tribus.
1374 1587 1478 1642 Iste
1502 1587 1750 1642 Neemias

169 1683 456 1738 aediﬁcavit
491 1681 809 1737 Jerusalem.
860 1681 983 1734 Haec
1011 1690 1294 1750 propterea
1326 1679 1746 1749 prvelibavimus,

167 1782 230 1828 ut
258 1781 442 1828 nostra
483 1782 861 1842 coaptaremus
887 1772 1054 1841 priori
1094 1771 1289 1841 populo
1321 1770 1438 1825 Dei.
1484 1770 1583 1825 Hic
1614 1786 1752 1839 pra:-

1855 599 2302 648 commemorare,
2343 583 2482 653 quod
2516 584 2877 663 quadraginta
2921 602 2952 639 a
2999 589 3309 657 supradicto
3339 589 3436 645 do-

1854 677 2058 732 minico
2101 678 2208 731 duo
2252 678 2701 747 diessupersunt
2749 693 2920 748 usque
2967 681 3034 734 ad
3083 683 3434 752 baptismum,

1853 779 1907 825 et
1947 768 2080 822 ﬁunt
2113 769 2471 840 quadraginta
2507 771 2611 823 duo
2651 787 2664 822 :
2709 781 2787 825 tot
2817 772 2962 824 enim
2996 773 3306 830 mansiones
3339 777 3438 830 ba-

1852 861 2088 916 buerunt
2115 860 2397 923 ﬁliiIsrael
2427 862 2516 930 qui
2545 861 2800 930 baptizati
2832 861 2957 916 sunt
2986 862 3038 916 in
3070 864 3205 917 mari
3231 865 3466 934 Rubro,‘

1853 952 2070 1021 quando
2099 951 2350 1006 exierunt
2375 952 2440 1005 de
2466 960 2608 1005 terra
2624 948 2867 1021 Egypti,
2890 950 2958 1006 de
2985 950 3119 1006 dura
3153 953 3436 1020 servitute,

1853 1051 1908 1097 et
1951 1051 2316 1113 pervenerunt
2353 1043 2421 1098 ad
2464 1051 2662 1098 terram
2707 1042 3100 1111 promissionis.
3157 1043 3259 1098 Tot
3292 1045 3439 1100 enim

1853 1135 2232 1204 generationes
2282 1144 2404 1188 sunt
2471 1134 2631 1189 seriei
2680 1132 2928 1199 Christi,
2996 1149 3119 1189 cum
3180 1134 3440 1191 Jechonia

1855 1225 1939 1281 bis
1990 1235 2300 1296 computata
2352 1235 2409 1280 et
2453 1226 2644 1280 eodem
2693 1224 2929 1280 Christo.
2983 1224 3176 1279 Merito
3227 1227 3319 1297 qui
3368 1225 3441 1281 ad

1855 1317 2134 1371 ccelestem
2173 1316 2404 1386 patriam
2437 1315 2684 1379 tendunt,
2713 1315 2903 1370 eodem
2933 1331 3162 1370 numero
3205 1303 3442 1371 mansio-

1855 1424 1978 1462 nem
2018 1416 2292 1479 satagunt,
2325 1422 2431 1476 quo
2465 1406 2556 1460 ﬁlii
2597 1405 2761 1460 Israel
2800 1406 2868 1460 ad
2896 1416 3098 1461 terram
3128 1408 3443 1477 promissio-

1855 1502 1940 1555 nis
1965 1509 2244 1555 venernnt.
2281 1499 2346 1554 Et
2379 1501 2598 1563 merito,
2632 1499 2722 1568 qui
2755 1499 2823 1552 ad
2852 1499 3128 1554 Christum
3160 1507 3444 1556 transeunt

1854 1608 1952 1664 per
1983 1593 2330 1661 bap‘ismum,
2360 1580 2550 1645 eodem
2581 1603 2808 1643 numero
2837 1589 2905 1643 ad
2935 1605 3057 1644 eum
3087 1591 3443 1658 perveniunt,

1855 1702 1963 1756 quo
2002 1685 2253 1740 Christus
2286 1685 2353 1739 ad
2398 1698 2496 1737 nos
2535 1682 2722 1736 venire
2759 1680 3013 1752 dignatus
3054 1690 3159 1735 est.
3200 1681 3268 1735 Et
3305 1681 3448 1736 sicut

1854 1775 2218 1847 Hieronymus
2264 1775 2317 1829 in
2369 1773 2508 1827 libro
2549 1771 2888 1825 Mansionum
2957 1770 3193 1825 ﬁliorum
3253 1769 3442 1825 Israel.

168 1866 536 1922 termittamus
563 1872 811 1932 quartam
857 1863 1068 1927 feriam,
1095 1863 1312 1932 quando
1344 1862 1664 1917 intravimus
1696 1863 1751 1916 in
1780 1856 1830 1915 B
1857 1865 1968 1920 Nec
1997 1867 2220 1928 mirum,
2252 1863 2299 1918 si
2336 1864 2389 1916 in
2422 1861 2512 1916 illo
2537 1862 2752 1916 numeri
2783 1871 3126 1916 sacramento
3159 1861 3443 1932 pervenia-

163 1969 428 2024 pugnam,
465 1954 722 2023 quoniam
758 1954 811 2006 in
840 1953 1007 2006 altera
1038 1952 1297 2023 periocha
1339 1951 1620 2006 tractanda
1647 1960 1751 2007 est.

163 2044 299 2099 Dies
329 2045 628 2100 dominicos
656 2045 956 2113 sequimur.

778 2185 1007 2242 CAPUT
1045 2185 1132 2241 lV.

674 2277 752 2332 De
796 2277 1238 2348 Quadragesima.

236 2391 296 2446 In
325 2390 746 2464 Quadragesima
788 2391 968 2460 aliqua
1002 2407 1130 2460 pars
1165 2408 1357 2463 pugnae
1386 2401 1604 2463 peracta
1645 2400 1751 2448 est.

168 2483 310 2539 Dicit
331 2484 504 2548 nobis,
534 2497 693 2552 quem
719 2483 772 2534 in
795 2481 1254 2552 Quinquagesima
1277 2493 1643 2552 protectorem
1672 2484 1756 2536 in-

166 2576 498 2637 vocavimus,
522 2574 796 2629 lnvocavit
823 2590 931 2639 me,
953 2583 1009 2629 et
1030 2589 1130 2645 ego
1152 2570 1447 2629 exaudiam
1476 2590 1622 2636 eum,
1647 2582 1752 2628 etc.

166 2665 409 2736 Episiola
453 2666 566 2718 ita:
600 2663 862 2734 Tempore
904 2674 1128 2733 accepto
1167 2664 1422 2718 exaudiri
1475 2674 1552 2729 te,
1597 2672 1652 2718 et
1700 2665 1754 2717 in

167 2756 256 2811 die
302 2755 490 2810 salutis
531 2754 712 2825 adjuvi
772 2766 843 2811 te.
897 2757 966 2811 Et
1012 2757 1066 2810 in
1114 2758 1459 2826 responsorio
1506 2773 1518 2808 :
1565 2755 1756 2826 Angeli

163 2849 382 2903 Domini
421 2849 732 2904 custodiunt
777 2865 895 2904 nos.
931 2849 988 2903 In
1038 2858 1213 2903 tractu
1253 2869 1265 2902 :
1300 2848 1466 2904 Scuto
1507 2848 1754 2902 veritatis

166 2939 488 2998 circumdati
521 2956 727 2995 sumus.
761 2941 815 2994 In
846 2941 1140 3011 Evangelio
1173 2940 1239 2994 ad
1275 2940 1605 3010 triumphum
1641 2949 1756 2994 ten-

167 3033 368 3096 dimus,
409 3041 471 3086 ut
499 3033 740 3088 dicamus
775 3034 1031 3087 inimico:
1069 3033 1236 3096 Vade,
1269 3031 1492 3090 Sataua.
1528 3032 1578 3085 in
1613 3031 1751 3084 inte-

166 3122 354 3177 ritum.
386 3121 441 3176 ln
474 3122 784 3195 genealogia
817 3124 1050 3178 hominis
1076 3122 1298 3186 Christi,
1330 3123 1384 3176 in
1411 3137 1517 3192 quo
1553 3122 1744 3176 trium-

163 3211 308 3282 phus
337 3211 613 3282 tl'iputiiat,
646 3229 929 3269 numerum
957 3221 1279 3283 praesentem
1308 3211 1750 3282 Quadragesima‘.
1779 3211 1823 3274 C

166 3302 453 3358 Matthaeus
492 3304 814 3369 sanctiﬁcat,
859 3306 1018 3374 quem
1058 3305 1485 3377 quadragenario
1523 3319 1751 3358 numero

166 3399 577 3466 generationum
626 3397 817 3451 scribit
861 3398 1202 3452 descendisse
1250 3398 1316 3450 ad
1367 3405 1560 3451 terras.
1605 3395 1754 3450 Unde

163 3487 504 3558 Augustinus
540 3488 594 3541 in
633 3487 726 3541 lib.
761 3503 800 3540 ll
830 3479 1196 3542 dc'Consensu
1248 3487 1749 3558 Evangelistarum:

165 3582 346 3636 Acute
384 3579 818 3633 animadversum
850 3587 956 3641 est,
986 3579 1318 3643 Mutthzeum,
1347 3579 1437 3648 qui
1469 3579 1671 3648 regiam
1701 3581 1769 3654 in.

164 3670 391 3726 Christo
427 3669 737 3724 instituerat
767 3669 1043 3723 insinuare
1070 3685 1354 3738 personam
1382 3681 1610 3739 excepto
1638 3671 1756 3741 ipso

164 3762 532 3833 quadraginta
572 3761 817 3817 homines
850 3763 902 3815 in
943 3764 1356 3831 generationum
1401 3763 1544 3817 serie
1583 3763 1758 3818 nomi-

163 3869 355 3909 nasse.
389 3853 659 3909 Numerus
689 3864 869 3909 autem
905 3855 1016 3924 ipse
1056 3854 1182 3910 illud
1219 3864 1432 3926 tempus
1463 3857 1752 3927 signiﬁcat,

169 3960 286 4016 quo
325 3945 377 3998 in
418 3946 520 3999 hoc
554 3945 752 4000 seculo
789 3955 843 3999 et
884 3945 937 4000 in
977 3945 1078 3999 hac
1114 3945 1223 4000 vita
1265 3947 1374 4018 regi
1419 3962 1515 4000 nos
1543 3956 1759 4018 oportet

170 4053 206 4092 a
239 4035 484 4099 Christo,
534 4037 830 4091 secundum
876 4035 1204 4091 laboriosam
1251 4036 1614 4108 disciplinam,
1649 4054 1755 4107 qua

168 4125 412 4197 ﬂagellat
428 4126 569 4181 Deus
599 4126 679 4196 (ut
713 4127 971 4197 scriptum
998 4128 1102 4197 cst)
1142 4142 1356 4181 omnem
1395 4129 1560 4182 lilium
1594 4145 1755 4198 quem

168 4217 393 4287 recipit.
438 4217 514 4271 De
551 4233 657 4287 qua
695 4218 825 4272 dicit
850 4218 1140 4286 Apostolus
1179 4238 1192 4272 :
1226 4217 1331 4273 Per
1365 4219 1754 4274 tribulationem

168 4318 375 4377 oportet
403 4325 494 4362 nos
520 4309 719 4362 intrare
744 4309 798 4360 in
828 4325 1041 4378 regnum
1064 4308 1175 4362 Dei.
1207 4309 1346 4381 Ergo
1369 4326 1626 4365 numerus
1657 4312 1756 4366 iste

167 4400 433 4454 laboriosi
485 4402 644 4467 hujus
691 4403 952 4472 temporis
1005 4414 1445 4467 sacramentum,
1500 4421 1606 4474 quo
1657 4406 1758 4461 sub

169 4492 459 4562 disciplina
503 4493 646 4563 regis
679 4492 878 4548 Christi
919 4495 1180 4549 adversus
1226 4495 1496 4550 diabolum
1535 4497 1760 4552 dimica-

1857 1970 1978 2008 mus
2031 1953 2099 2008 ad
2149 1966 2312 2022 regna
2355 1951 2640 2014 caelorum,
2691 1949 2791 2003 sub
2843 1964 2950 2017 quo
2977 1947 3238 2002 Dominus
3283 1957 3447 2020 atque

1857 2042 2108 2110 Salvator
2139 2058 2168 2094 a
2199 2041 2373 2109 primo
2421 2039 2730 2109 patriarcha
2777 2039 3025 2106 pervenit
3073 2038 3143 2092 ad
3171 2039 3446 2108 Virginem

1855 2132 2011 2202 quasi
2045 2131 2110 2185 ad
2139 2129 2454 2191 Jordanem,
2488 2129 2580 2197 qui
2615 2128 2774 2198 pleno
2805 2128 3016 2198 gurgite
3045 2126 3236 2195 ﬂuens,
3275 2128 3450 2202 Spiri-

1860 2231 1954 2278 tus
1986 2222 2162 2277 sancti
2191 2221 2384 2292 gratiis
2413 2219 2771 2275 redundabat.

2486 2330 2713 2388 CAPUT
2754 2331 2817 2387 V.

1859 2423 1968 2478 Cur
1997 2423 2453 2494 quadragenarius
2491 2438 2738 2476 numerus
2773 2423 3047 2486 temporali
3077 2426 3194 2479 vita:
3215 2432 3444 2497 aptetur.

1931 2551 1958 2580 α
1976 2538 2086 2596 Cur
2111 2548 2290 2594 autem
2319 2540 2420 2594 iste
2447 2553 2706 2593 numerus
2733 2538 2873 2593 hanc
2900 2539 3252 2608 temporalem
3277 2541 3445 2598 vitam

1859 2640 2240 2699 terrenamque
2271 2629 2562 2701 signiﬁcet,
2597 2629 2685 2683 illa
2714 2630 2930 2685 interim
2959 2646 3123 2686 causa
3153 2633 3219 2687 de
3258 2634 3446 2703 proxi-

1861 2737 1949 2777 mo
2004 2723 2262 2785 occurrit,
2328 2721 2575 2791 quamvis
2621 2721 2694 2775 sit
2740 2722 2841 2775 alia
2884 2721 3118 2777 fortasse
3161 2725 3446 2790 secretior,

1859 2815 1984 2885 quia
2017 2825 2072 2870 et
2099 2824 2339 2885 tempora
2368 2829 2630 2868 annorum
2657 2814 3070 2884 quadripartitis
3096 2816 3303 2872 vicibus
3327 2833 3452 2873 cur-

1859 2917 2014 2973 runt,
2045 2917 2100 2963 et
2136 2909 2368 2963 mundus
2414 2909 2516 2980 iste
2545 2918 2779 2976 quatuor
2814 2908 3060 2978 partibus
3103 2912 3447 2966 terminatur.

1859 3003 2232 3077 Quadraginla
2282 3013 2463 3058 autem
2514 3011 2709 3073 quater
2770 3003 2975 3058 habent
3021 3003 3228 3060 decem.
3279 3003 3452 3062 Porro

1856 3096 1972 3168 ipsa
2015 3099 2200 3153 decem
2242 3096 2310 3153 ab
2341 3111 2446 3151 uno
2486 3111 2658 3166 usque
2698 3096 2765 3150 ad
2799 3107 3034 3166 quatuor
3068 3097 3448 3167 progrediente

1857 3204 2088 3244 numero
2125 3200 2594 3246 consummantur.
2629 3191 2696 3246 Et
2741 3193 2939 3248 iterum
2981 3195 3045 3249 ad
3083 3192 3446 3250 Ianuarium:

1855 3280 2094 3337 Numero
2121 3294 2300 3338 autem
2329 3285 2766 3354 quadragenario
2807 3287 2972 3340 vitam
3006 3287 3162 3340 istam
3197 3297 3448 3356 propter-

1854 3387 1919 3426 ea
1963 3373 2181 3442 ﬁgurari
2212 3374 2466 3439 arbitror,
2495 3376 2638 3444 quod
2667 3377 2923 3431 denarius
2951 3377 3004 3430 in
3036 3392 3142 3445 quo
3183 3375 3447 3447 perfectio

1855 3463 2206 3517 beatitudinis
2249 3473 2450 3518 nostrre
2481 3474 2585 3531 est,
2621 3466 2766 3521 sicut
2807 3467 2860 3521 in
2901 3467 3204 3531 octonario,
3235 3468 3325 3536 qui
3354 3482 3448 3524 re-

1857 3552 1955 3615 dit,
1986 3551 2054 3606 ad
2076 3552 2308 3622 primum
2331 3595 2345 3619 ,
2376 3555 2452 3609 ita
2492 3555 2545 3609 in
2586 3556 2689 3611 hoc
2731 3566 3005 3624 creatura,
3037 3573 3158 3628 quae
3188 3567 3446 3629 septena-

1858 3645 1942 3699 rio
1972 3643 2255 3715 ﬁguratur,
2286 3646 2527 3702 adhaeret
2556 3650 2814 3704 creatori.

2462 3758 2692 3815 CAPUT
2749 3760 2833 3816 Vl.

1860 3847 1969 3902 Cur
1994 3849 2048 3904 in
2081 3859 2309 3921 tempore
2343 3849 2441 3904 tali
2473 3853 2758 3933 constituta
2793 3854 2862 3908 sit
2894 3853 3183 3910 observatio
3208 3853 3453 3922 Quadra-

2537 3939 2766 3993 gestmte.

1929 4033 1960 4072 δ
1995 4034 2052 4088 ln
2083 4049 2188 4104 qua
2227 4049 2357 4104 ergo
2382 4043 2535 4105 parte
2564 4037 2693 4091 anni
2725 4038 3112 4110 congruentius
3137 4039 3453 4095 observatio

1860 4123 2298 4198 Quadragesimat
2353 4131 2798 4196 constitueretur,
2853 4131 2958 4186 nisi
3029 4131 3229 4187 conﬁni
3285 4141 3451 4202 atque

1859 4218 2113 4285 contigua
2143 4217 2437 4274 Dominica:
2464 4221 2742 4290 passioni?
2765 4221 2904 4288 Quia
2936 4224 2991 4276 in
3021 4238 3085 4277 ea
3113 4223 3453 4292 signiﬁcatur

1859 4302 1976 4359 ιιωο
2013 4307 2120 4360 vita
2165 4299 2458 4374 laboriosa,
2491 4312 2575 4365 cui
2615 4326 2751 4380 optts
2781 4322 2867 4368 est
2893 4313 3006 4368 haec
3047 4313 3446 4380 convenientia,

1859 4402 1919 4448 ut
1957 4395 2026 4449 ab
2062 4396 2231 4466 ipsius
2270 4401 2452 4454 mundi
2497 4403 2737 4456 amicitia
2770 4401 3070 4469 jejunetur,
3105 4417 3226 4473 qua:
3266 4403 3452 4474 utique
3504 4406 3506 4408 ’

1862 4485 2126 4542 fallaciter
2179 4488 2408 4544 blandiri
2463 4500 2519 4545 et
2571 4491 2945 4549 illecebrarum
2989 4507 3181 4550 succos
3219 4493 3453 4550 circum-

167 4560 332 4643 mus,
357 4583 519 4636 etiam
563 4560 694 4638 illud
730 4584 1004 4648 declarat,
1042 4588 1184 4656 quod
1235 4588 1593 4658 quadraginta
1645 4590 1760 4644 die-
1786 4560 1839 4625 Β
1865 4593 2121 4649 Spargere
2149 4588 2312 4650 atque
2334 4580 2520 4650 iacere
2550 4599 2660 4639 ηοη
2689 4594 2887 4640 005$”-

170 4688 302 4728 rum
341 4675 624 4743 jejunium,
658 4676 759 4731 hoc
797 4685 902 4740 est,
934 4677 1290 4733 humilitatem
1333 4681 1528 4735 anima:
1563 4697 1757 4738 conse-

170 4766 374 4830 cravit,
415 4778 468 4821 et
506 4767 589 4820 lex
629 4776 684 4821 et
721 4770 1032 4838 prophetat,
1065 4786 1160 4838 per
1204 4770 1420 4841 Moysen
1465 4781 1521 4826 et
1561 4772 1757 4840 Elian,

141 4861 273 4940 .qui
306 4863 665 4933 quadragenis
696 4865 884 4918 diebus
919 4865 1254 4935 jejunaruut,
1297 4878 1351 4922 et
1380 4869 1752 4941 Evangelium,

169 4969 277 5024 per
325 4955 494 5024 ipsius
519 4956 730 5010 Domini
755 4953 1038 5023 jejunium.
1074 4957 1279 5023 Quibus
1308 4960 1494 5014 diebus
1523 4961 1756 5031 quadra-

171 5045 331 5116 ginta
367 5045 528 5100 etiam
568 5047 872 5101 tentabatur
900 5062 928 5101 a
957 5047 1192 5109 diabolo,
1231 5049 1359 5117 quid
1399 5049 1563 5114 aliud,
1597 5067 1761 5121 quam

170 5151 280 5207 per
306 5152 467 5191 omne
494 5136 651 5208 hujus
679 5138 858 5192 seculi
894 5147 1103 5209 tempus
1134 5142 1484 5197 tentationem
1522 5154 1759 5202 nostram

173 5230 239 5284 in
269 5245 436 5285 carne
467 5244 584 5294 sua,
621 5245 783 5300 quam
813 5231 879 5286 de
909 5241 1096 5286 ucstra
1129 5234 1456 5290 mortalitate
1485 5251 1762 5295 assumere

175 5323 436 5395 dignatus
464 5333 566 5389 est,
598 5326 982 5396 praeﬁgurans?
1033 5326 1138 5379 Iste
1164 5328 1626 5399 quadragenarius
1665 5348 1762 5386 [ιιι-

174 5431 406 5479 merus,
458 5417 547 5486 qui
601 5418 886 5472 inchoatur
946 5434 975 5471 a
1028 5419 1272 5488 sequenti
1322 5420 1589 5476 dominica
1643 5431 1765 5492 post

175 5506 717 5577 Quinquagesimam,
764 5507 950 5562 ﬁnitur
989 5509 1175 5578 quinta
1225 5508 1359 5564 feria
1402 5521 1528 5566 ante
1552 5511 1761 5569 Pascha

173 5597 432 5663 Domini,
490 5615 610 5669 qua:
659 5609 882 5654 vocatur
926 5598 1090 5656 Coena
1138 5600 1374 5656 Domini.
1431 5602 1762 5661 Varietatem

175 5689 294 5746 diei
331 5703 502 5745 ccenae
548 5688 762 5746 Domini
797 5691 1116 5760 scribemus,
1148 5693 1196 5749 si
1225 5693 1484 5752 Dominus
1529 5695 1759 5764 dederit,

258 5839 284 5868 α
322 5826 575 5899 August.,
605 5827 669 5883 de
695 5826 971 5885 Consensu
1001 5831 1472 5904 evangelistarum.

508 5921 780 5982 PATROL.
823 5920 956 5983 CV.

2469 4698 2698 4755 CAPUT
2739 4698 2849 4754 VII.

1866 4782 1946 4840 De
1984 4787 2326 4843 varietatibus
2366 4789 2650 4862 ofﬁriorum
2677 4808 2771 4862 per
2795 4792 2954 4857 diem,
2984 4807 3147 4862 usque
3189 4793 3246 4846 in
3274 4808 3456 4848 resur-

2413 4861 2637 4913 rectione
2667 4859 2898 4914 Domini.

1938 4970 2140 5037 Quarta
2193 4971 2323 5026 feria
2371 4971 2514 5025 inter
2549 4970 3061 5041 Quinquagr-simam
3111 4982 3166 5027 et
3204 4972 3449 5040 Quadra-

1864 5061 2125 5130 gesimam
2185 5059 2493 5128 jejunium,
2545 5063 2686 5131 quod
2738 5066 3082 5132 protenditur
3133 5067 3186 5120 in
3239 5066 3447 5124 Pascha

1866 5156 2100 5220 Domini,
2135 5157 2469 5221 inchoamus,
2504 5173 2676 5228 usque
2712 5161 2778 5215 ad
2812 5161 2977 5215 istum
3017 5161 3160 5216 diem
3198 5161 3251 5215 in
3283 5175 3447 5230 expe-

1866 5247 2069 5302 ditione
2107 5246 2328 5312 fuimus,
2377 5248 2534 5304 hodie
2578 5267 2810 5320 patrnam
2862 5252 3271 5309 committimus.
3331 5253 3446 5309 Hoc

1865 5341 2103 5397 ostendit
2130 5343 2306 5413 prima
2347 5344 2570 5400 collecta
2600 5344 2797 5408 Missae,
2828 5344 3013 5399 dicens
3041 5363 3054 5398 :
3087 5344 3322 5400 Concede
3357 5362 3452 5400 no-

1866 5433 1962 5497 bis,
1997 5432 2238 5500 Domine,
2270 5437 2517 5506 prmsidia
2555 5435 2757 5490 militiae
2784 5433 3101 5490 Christiani:
3131 5439 3327 5491 sanctis
3361 5438 3448 5492 in-

1864 5525 2052 5580 choare
2065 5527 2308 5597 jejuniis.
2337 5527 2393 5582 In
2423 5528 2611 5582 eadem
2641 5526 2730 5582 die
2757 5542 2862 5583 non
2886 5535 2970 5583 est
2996 5527 3162 5583 altera
3190 5528 3446 5598 varietas,

1865 5615 1969 5671 nisi
1996 5617 2138 5687 quod
2165 5631 2335 5686 usque
2365 5617 2432 5671 ad
2462 5615 2600 5670 hanc
2629 5616 2770 5672 diem
2801 5615 3020 5672 Missam
3051 5615 3446 5674 celebravimus

1865 5708 2000 5764 hora
2052 5708 2229 5772 tertia,
2285 5723 2393 5778 qua
2439 5717 2495 5766 et
2540 5707 2818 5765 Dominica
2868 5709 2957 5766 die
2990 5727 3003 5763 :
3038 5709 3095 5766 in
3148 5709 3267 5774 hac,
3313 5709 3444 5768 hora

1937 5843 1966 5885 ι’
2003 5842 2230 5915 August.
2263 5843 2392 5902 ibid.
