3978 6460
531 395 672 456 1003

1556 387 1892 446 ΑΜΑιιΑιιιιι
1929 368 2365 445 pensamur
2400 378 2744 441 nemus

3670 379 3813 437 10οι

524 528 664 569 nona
693 528 706 564 ε
735 517 790 564 et
818 506 1074 579 deinceps
1111 512 1398 561 mutatam.
1430 501 1637 571 Quibus
1674 498 1841 556 armis
1867 514 2107 571 pugnare
2131 502 2187 563 Α
2279 496 2398 552 Jam
2428 508 2570 551 nunc
2596 502 2809 565 tempus
2830 490 2953 561 esti,
2976 487 3089 565 jam
3110 482 3457 563 parturiunt
3493 490 3663 564 quod
3690 500 3813 551 mne

524 604 817 659 debeamus
839 597 956 654 Jocl
996 597 1254 661 ostendit,
1281 595 1506 651 dicens:
1557 593 1623 648 In
1657 592 1863 664 jejunio
1905 602 1951 645 et
1972 592 2099 661 ﬂetu

523 706 571 751 et
605 694 853 766 planctu;
878 699 932 746 et
956 688 1275 761 Egrediatur
1306 703 1526 759 sponsus
1557 686 1621 739 de
1653 684 1882 738 thalamo
1916 698 2030 747 suo,
2054 690 2102 735 et

524 788 714 860 sponse
739 786 803 840 de
840 781 999 839 cubili
1024 798 1152 845 suo;
1176 790 1229 836 et
1253 780 1601 850 Evangelium
1631 797 1645 832 :
1671 775 1747 830 Tu
1772 784 1945 831 autem
1983 792 2101 829 cum

522 880 758 951 jejunus,
800 892 937 945 unge
980 882 1135 943 caput
1176 882 1323 926 tuum
1364 880 1412 925 et
1459 871 1646 941 [aciem
1690 879 1835 923 tuam
1878 867 2017 933 lava,
2048 875 2104 921 et

524 972 736 1039 reliqua
763 985 777 1021 :
802 967 983 1038 Opinio
1015 974 1098 1020 cst
1136 963 1457 1034 aliquorum,
1486 970 1549 1016 ut
1575 969 1861 1032 propterea
1887 961 1990 1015 hac
2015 958 2103 1014 die

526 1065 812 1120 inchoctur
848 1060 1113 1130 jejunium
1156 1054 1655 1129 quadragesimale,
1697 1053 1823 1124 quia
1861 1051 2102 1122 exceptis

528 1156 717 1213 diebus
747 1167 840 1210 sex
872 1152 1157 1208 dominicis
1188 1149 1325 1204 inira
1354 1147 1834 1219 Quadragesimam
1864 1146 2099 1217 quadra-

528 1251 672 1323 ginta
708 1246 1084 1303 tantummodo
1123 1251 1249 1299 sunt
1287 1260 1315 1298 a
1342 1250 1643 1297 memorata
1686 1241 1818 1295 feria
1845 1253 2017 1311 usque
2044 1239 2102 1294 in

527 1340 751 1397 sabbato
790 1346 994 1394 sancto.
1046 1337 1179 1391 illud
1219 1337 1361 1392 enim
1402 1334 1658 1398 occurrit,
1701 1334 1843 1403 quod
1885 1341 2104 1388 sanctus

526 1432 819 1506 Gregorius
862 1428 1235 1486 tantummodo
1280 1425 1500 1493 triginta
1540 1431 1595 1478 et
1634 1436 1729 1478 sex
1768 1422 1882 1478 dies
1930 1421 2101 1477 absti-

524 1527 720 1583 nentia:
772 1523 930 1579 nobis
984 1522 1223 1576 insinuat
1273 1515 1755 1587 quadragesimalis
1807 1514 2099 1585 temporis:

524 1617 731 1682 forsan,
780 1613 907 1685 quia
955 1612 1194 1666 nondum
1246 1614 1403 1664 erant
1446 1606 1614 1661 additi
1665 1613 1895 1675 quatuor
1921 1605 2038 1660 dies
2072 1618 2104 1657 a

526 1722 688 1778 supra
714 1707 857 1761 dicta
902 1703 1037 1757 feria
1070 1708 1263 1771 quarta
1303 1714 1473 1769 usque
1504 1698 1571 1750 ad
1605 1697 1933 1751 dominicam
1961 1694 2106 1762 Qua-

526 1795 862 1867 dragesimaz,
895 1792 944 1864 [ιι
975 1801 1033 1845 ιιι
1060 1805 1192 1859 ergo
1218 1786 1656 1859 Quadragesima:
1704 1800 1916 1841 summa
1958 1799 2107 1839 com-

2202 596 2481 645 nascatur.
2530 587 2674 656 Ergo
2702 584 2833 640 illud
2864 583 3153 639 novimus:
3190 582 3289 638 sed
3334 582 3483 637 forte
3536 583 3657 637 hoc
3694 585 3810 638 exi-

2203 681 2351 751 gitur
2381 694 2413 733 a
2457 677 2645 743 nobis,
2672 680 2857 730 utrum
2886 674 3086 730 habeat
3112 674 3328 745 aliquod
3367 683 3808 740 sacramentum,

2204 770 2564 843 quadraginta
2608 783 2704 824 sex
2752 768 2911 822 annis
2950 766 3276 822 aediﬁcatum
3321 766 3628 837 templum.
3678 764 3807 821 Sunt

2204 865 2419 936 quidem
2444 861 2618 919 multa
2643 874 2763 931 quae
2787 859 2918 915 hinc
2946 858 3052 913 dici
3078 858 3290 930 possint
3317 876 3333 911 ε
3372 858 3474 913 sed
3502 856 3659 927 quod
3686 858 3802 913 breo

2203 956 2348 1012 viter
2372 954 2478 1011 dici
2502 961 2705 1025 potest,
2745 958 2801 1007 et
2836 949 2996 1006 facile
3034 949 3294 1023 intelligi,
3320 949 3432 1005 hoc
3454 948 3699 1004 interim
3731 949 3805 1004 di-

2205 1062 2408 1104 cemus.

2270 1142 2516 1206 Fratres,
2541 1138 2779 1195 diximus
2810 1135 2924 1207 iam
2942 1178 2957 1202 ,
3000 1136 3105 1191 nisi
3149 1133 3310 1190 fallor
3334 1175 3350 1199 ,
3376 1133 3660 1189 hesterno
3685 1132 3796 1187 die:

2203 1233 2377 1289 Adam
2419 1244 2587 1287 unum
2631 1230 2907 1286 hominem
2936 1227 3106 1282 fuisse
3132 1267 3146 1291 ,
3172 1234 3227 1281 et
3256 1225 3439 1296 ipsum
3472 1224 3610 1279 esse
3648 1228 3793 1278 totum

2206 1340 2378 1397 genus
2403 1323 2723 1379 humanum.
2764 1320 2898 1375 Nam
2935 1321 3011 1374 ita
3044 1317 3309 1382 diximus,
3354 1318 3406 1371 si
3434 1316 3792 1380 mministis,

2207 1415 2361 1487 quasi
2392 1410 2598 1468 fractus
2626 1420 2729 1472 est,
2758 1420 2813 1466 et
2841 1424 3061 1480 sparsus
3090 1407 3385 1480 colligitur,
3414 1413 3476 1461 et
3500 1406 3662 1477 quasi
3680 1422 3794 1461 eon-

2205 1508 2367 1563 ﬁatur
2412 1507 2467 1561 in
2492 1521 2656 1561 unam
2687 1506 3003 1561 societatem
3050 1509 3212 1571 atque
3248 1500 3619 1555 concordiam
3656 1499 3792 1570 spiri-

2209 1600 2429 1664 tualem,
2461 1607 2517 1655 et
2544 1599 2711 1670 gemit
2731 1612 2871 1652 unus
2896 1609 3101 1667 pauper
3127 1593 3288 1649 modo
3318 1592 3443 1664 ipse
3468 1592 3681 1647 Adam:
3708 1591 3786 1647 sed

2209 1693 2264 1747 in
2292 1690 2510 1746 Christo
2540 1690 2851 1754 innovatur,
2874 1689 3000 1760 quia
3029 1689 3146 1743 sine
3170 1698 3402 1760 peccato
3424 1690 3589 1743 venit
3613 1688 3785 1751 Adam,

2209 1787 2271 1839 ut
2296 1790 2580 1854 peccatum
2604 1781 2735 1836 Adae
2761 1780 2997 1836 solveret
3024 1780 3078 1836 in
3108 1796 3272 1836 carne
3302 1797 3429 1847 sua,
3464 1788 3524 1835 et
3552 1789 3609 1834 ut
3629 1780 3789 1834 reﬁn-

525 1884 761 1954 piantur,
809 1890 1042 1951 quatuor
1090 1880 1205 1933 dies
1250 1878 1607 1948 prmcedentis
1654 1876 2004 1932 hebdomadze
2037 1874 2106 1929 ad
2132 1871 2181 1933 B
2209 1884 2447 1948 tegraret
2480 1873 2581 1929 sibi
2611 1873 2785 1928 Adam
2824 1873 3116 1943 imaginem
3145 1874 3265 1929 Dei.
3300 1874 3482 1928 Adam
3516 1888 3647 1945 ergo
3674 1888 3788 1928 caro

526 1971 645 2027 illos
682 1989 803 2026 XLVI
834 1973 949 2025 dies
978 1971 1250 2024 adduntur
1286 1986 1298 2021 :
1330 1983 1465 2037 quos
1500 1967 1666 2021 simili
1697 1968 1983 2021 devotione
2010 1981 2105 2021 ve-

525 2062 795 2117 nerabiles
817 2061 932 2128 pari
960 2059 1303 2122 abstinentia,
1333 2058 1387 2113 id
1411 2066 1495 2111 est
1514 2040 1705 2127 jejunii
1731 2057 2110 2112 observatione

528 2150 909 2207 custodiendos
952 2157 1008 2202 et
1051 2158 1363 2203 sanctorum
1405 2147 1624 2201 Patrum
1674 2149 2000 2214 auctoritas,
2054 2155 2111 2202 et

526 2243 668 2297 ratio
706 2242 821 2312 ipsa
863 2241 1223 2295 commendat.
1286 2237 1439 2295 Unde
1480 2246 1535 2291 et
1574 2246 1767 2306 quarta
1806 2237 1958 2301 feria,
2002 2252 2109 2308 qua

525 2332 632 2387 hoc
670 2329 933 2402 jejunium
983 2329 1338 2390 inchoamus,
1407 2334 1572 2396 caput
1611 2326 1802 2395 jejunii
1853 2327 2108 2397 appellari

527 2418 851 2492 consuevit.]
876 2425 1088 2474 constat
1110 2417 1273 2473 etiam
1303 2416 1408 2470 alia
1436 2417 1593 2479 ratio,
1629 2432 1750 2485 quae
1776 2430 1883 2472 non
1912 2418 2113 2472 abhor-

527 2504 613 2568 ret
642 2528 673 2567 a
697 2526 828 2566 vero
855 2510 903 2565 ei
929 2508 1393 2579 cui-perspicuum
1421 2516 1504 2564 est
1532 2508 1728 2579 capitis
1754 2516 1810 2564 et
1837 2508 2109 2563 membro-

527 2621 645 2659 rum
670 2602 1041 2676 compaginem
1062 2616 1230 2655 unum
1252 2615 1451 2670 corpus
1475 2615 1613 2655 esse.
1641 2599 1687 2654 A
1710 2610 2010 2655 memorata
2031 2597 2112 2653 fe,

526 2696 607 2750 ria
631 2711 801 2767 usque
829 2695 882 2748 in
907 2692 1134 2749 sabbato
1157 2699 1362 2755 saneto,
1396 2690 1760 2762 quadraginta
1790 2699 1846 2745 et
1872 2705 1966 2745 sex
1995 2689 2112 2745 dies

526 2795 669 2842 sunt.
706 2785 950 2843 Totidem
974 2798 1198 2839 numero
1226 2797 1512 2847 annorum,
1540 2781 1795 2852 templum
1822 2780 1875 2835 in
1890 2779 2111 2836 Jerusa-

527 2877 629 2933 lem
652 2876 973 2932 mdificatum
998 2882 1099 2929 cst.
1130 2873 1281 2929 Unde
1302 2871 1447 2928 Beda
1474 2873 1528 2927 in
1555 2872 1889 2942 expositione
1902 2872 2106 2927 Esdraa.

528 2966 713 3037 Coepta
750 2975 832 3022 est
866 2977 1044 3022 autem
1084 2964 1369 3019 aediﬁcatio
1405 2964 1585 3035 templi
1614 2965 1789 3035 primo
1817 2979 1960 3019 anno
1983 2962 2113 3034 Cyri

526 3061 694 3133 regis,
745 3068 801 3114 et
838 3069 991 3114 sexto
1017 3058 1164 3112 Darii
1213 3072 1356 3111 anno
1404 3065 1799 3127 consummata,
1848 3057 1939 3128 qui
1983 3063 2110 3112 sunt

528 3150 656 3204 anni
683 3149 833 3218 juxta
864 3150 1023 3205 ﬁdem
1054 3149 1454 3214 chronicorum,
1484 3149 1839 3225 quadraginta
1866 3157 1920 3204 et
1950 3142 2107 3220 quin?

527 3232 652 3315 que.
684 3242 958 3312 Siquidem
998 3240 1170 3311 Cyrus
1202 3241 1447 3312 regnavit
1484 3256 1656 3323 annos
1700 3239 1946 3317 triginta,
1984 3244 2111 3310 post
2135 3239 2186 3306 α

527 3348 687 3411 quem
724 3330 1001 3387 Cambises
1043 3330 1183 3384 ﬁlius
1230 3328 1347 3399 ejus
1396 3345 1568 3386 annos
1612 3338 1755 3395 octo,
1783 3328 1876 3407 qui
1922 3329 1978 3384 in
2006 3330 2115 3386 hoc

527 3424 821 3489 volumine,
868 3431 925 3475 ut
963 3420 1232 3492 Iosephus
1284 3428 1550 3487 autumat,
1582 3418 1912 3479 Artaxerxes
1952 3435 2115 3477 voca-

528 3522 620 3567 tur
658 3531 670 3567 :
702 3521 824 3583 post
854 3529 1010 3582 quem
1042 3512 1178 3584 Magi
1207 3511 1300 3583 qui
1340 3511 1490 3566 illum
1522 3508 1934 3577 interfecerunt,
1967 3527 2113 3569 anno

528 3623 638 3669 uno
663 3616 784 3678 post
814 3623 947 3677 quos
972 3607 1166 3665 Durius
1197 3622 1367 3679 usque
1398 3605 1465 3659 ad
1495 3606 2014 3662 consummationem
2048 3621 2114 3665 ac

528 3698 940 3754 aediﬁcationem
978 3698 1182 3767 templi,
1215 3696 1373 3751 annis
1403 3710 1498 3750 sex
1524 3714 1536 3749 :
1563 3694 1663 3765 qui
1695 3704 1842 3761 sunt,
1880 3704 1943 3750 ut
1971 3695 2111 3752 dixi-

530 3805 673 3854 mus,
723 3789 850 3843 anni
899 3789 1256 3858 quadraginta
1309 3788 1565 3857 quinque.
1617 3786 1888 3855 Quzeritur
1933 3796 2114 3843 autem

530 3879 825 3949 quomodo,
851 3878 1061 3933 dicente
1088 3878 1340 3943 Domino,
1370 3876 1571 3932 ιυαιείς
1598 3881 1700 3933 sub
1727 3878 1899 3950 ﬁgura
1926 3876 2112 3949 templi

531 3972 599 4025 de
629 3970 884 4040 passione
914 3986 978 4024 ac
1014 3971 1415 4025 resurrectione
1458 3988 1555 4027 sua
1584 3988 1597 4023 :
1631 3971 1829 4027 Solvite
1863 3971 2112 4043 templum

532 4060 653 4127 hoc,
688 4069 735 4114 et
772 4059 824 4114 in
849 4060 1013 4115 tribus
1048 4061 1227 4115 diebus
1258 4062 1491 4115 excitabo
1526 4059 1694 4127 illud;
1721 4061 2115 4132 responderunt

534 4152 635 4224 ipsi
664 4169 677 4206 :
706 4151 1073 4223 Quadraginta
1114 4163 1160 4208 et
1200 4170 1292 4209 sea:
1321 4153 1475 4207 annis
1503 4152 1821 4222 cediﬁcatnm
1864 4162 1938 4207 est
1980 4162 2113 4206 tem-

532 4244 677 4316 plum
722 4245 839 4310 Iwc,
876 4254 922 4299 et
963 4246 1017 4298 in
1050 4246 1215 4299 tribus
1258 4244 1440 4298 diebus
1482 4243 1733 4297 excitabit
1777 4243 1959 4298 illud?
1991 4259 2115 4301 Cum

533 4337 640 4391 non
672 4337 902 4408 amplius
929 4352 1091 4406 quam
1121 4337 1359 4406 quinque
1393 4343 1447 4389 et
1476 4335 1834 4407 quadraginta
1864 4336 1992 4391 anni
2031 4350 2117 4389 re-

531 4430 817 4499 periantur
849 4442 880 4481 a
912 4428 1087 4497 primo
1115 4426 1239 4498 Cyri
1287 4426 1430 4498 regis
1466 4431 1637 4495 usque
1671 4428 1737 4480 ad
1768 4436 1981 4482 sextum
2013 4427 2116 4482 Da-

539 4519 607 4571 rii
642 4518 782 4587 regis
808 4532 1029 4570 annum.
1070 4516 1178 4571 Sed
1215 4518 1261 4571 si
1293 4518 1579 4571 historiam
1607 4516 1824 4587 Josephi
1855 4518 2113 4589 legamus,

538 4610 591 4663 in
623 4624 727 4676 qua
756 4616 878 4675 post
904 4608 1426 4661 consummationem
1453 4622 1517 4660 ac
1548 4607 1959 4662 aediﬁcationem
1986 4615 2119 4661 tem—

536 4700 609 4769 pli
648 4708 757 4752 tres
795 4699 972 4751 adhuc
1005 4713 1176 4752 annos
1202 4697 1369 4762 addit,
1414 4696 1465 4749 in
1501 4699 1697 4765 quibus
1737 4698 2033 4767 peribolus,
2065 4699 2117 4753 id

537 4800 643 4856 est,
686 4789 1071 4859 circumposita
1114 4788 1314 4858 templo
1353 4788 1714 4843 munitionum
1761 4780 2115 4855 constructio,

538 4894 594 4941 et
640 4885 886 4957 qtnedam
941 4882 1046 4937 alia
1097 4896 1217 4953 qua:
1270 4889 1666 4946 remanserant,
1718 4881 1961 4951 perfecta
2006 4882 2117 4937 sint

538 4977 859 5037 videbimus,
901 4974 1028 5042 quia
1069 4981 1213 5027 recte
1252 4974 1307 5027 in
1344 4971 1704 5028 mdiﬁcatione
1748 4971 1932 5042 templi
1978 4986 2116 5043 qua-

539 5066 787 5136 draginta
821 5073 878 5118 et
901 5078 993 5118 sex
1031 5078 1295 5119 annorum
1324 5066 1521 5134 poterit
1545 5079 1759 5119 summa
1786 5066 2114 5137 computari,

542 5158 596 5210 in
622 5156 819 5225 quibus
847 5153 1204 5208 eminentiora
1233 5152 1351 5221 ejus
1383 5154 1609 5209 aediﬁcia
1644 5154 1797 5211 luere
1823 5158 2116 5228 completa.

544 5246 823 5317 Templum
859 5247 961 5301 hoc
989 5244 1201 5300 Domini
1240 5260 1438 5315 corpus
1465 5247 1754 5316 signiﬁcat.
1785 5248 2121 5319 Augustinus

544 5341 601 5395 in
628 5348 862 5394 tractatu
888 5353 1055 5409 super
1076 5335 1292 5401 Joanu.,
1325 5338 1465 5394 libro
1493 5339 1705 5395 decimo
1728 5357 1742 5394 :
1768 5340 1941 5411 ipsius
1980 5351 2120 5397 tem-

545 5429 620 5500 pli
667 5428 1074 5495 resolutionem,
1121 5436 1177 5485 et
1220 5429 1692 5487 mtediﬁcationem
1747 5434 2120 5489 anniversaria

549 5521 891 5579 solemnitate
912 5522 1239 5579 celebraturi
1265 5538 1484 5591 sumus;
1520 5526 1589 5581 ad
1616 5541 1777 5597 quam
1802 5538 1899 5581 vos
1928 5530 2126 5583 exhor-

550 5618 731 5666 tamur
755 5621 815 5667 ut
833 5614 1151 5683 prmparetis
1178 5628 1299 5682 vos,
1340 5615 1389 5671 si
1412 5615 1509 5686 qui
1554 5617 1687 5673 estis
1722 5617 2124 5687 catechumeni,

552 5714 617 5762 ut
644 5707 924 5776 accipiatis
955 5708 1206 5779 gratiam.

2211 1968 2435 2024 Christi.
2466 1967 2543 2022 De
2570 1966 2744 2021 Adam
2774 1980 2904 2036 ergo
2928 1964 3212 2035 templum,
3243 1956 3392 2035 quod
3419 1965 3788 2020 destruxernnt

2210 2058 2401 2124 Judaei,
2438 2065 2495 2113 et
2522 2058 2866 2112 resuscitavit
2904 2056 3166 2113 Dominus
3194 2057 3419 2112 triduo:
3456 2055 3787 2113 resuscitarit

2210 2151 2358 2207 enim
2382 2163 2604 2205 carnem
2643 2163 2818 2203 suam.
2862 2146 2933 2205 Et
2957 2156 3083 2216 post
3111 2162 3283 2221 pauca
3310 2167 3323 2201 :
3359 2147 3500 2216 Quid
3529 2162 3662 2219 ergo
3694 2145 3787 2201 sibi

2210 2240 2326 2296 vult
2354 2252 2612 2295 numerus
2638 2238 3103 2311 quadragenarius
3124 2239 3639 2297 senariusﬂnterim
3669 2237 3789 2307 ipse

2209 2330 2386 2387 Adam
2414 2329 2540 2403 quia
2567 2344 2665 2401 per
2695 2336 2864 2384 totum
2899 2328 3086 2385 orbem
3114 2335 3369 2384 terrarum
3396 2338 3476 2383 est
3495 2369 3511 2394 ,
3547 2326 3783 2383 audistis

2204 2422 2319 2493 jam
2350 2422 2609 2478 hesterno
2658 2418 2745 2476 die
2782 2426 3016 2491 quatuor
3042 2418 3246 2477 litteris
3275 2416 3471 2475 Grzecis
3493 2419 3790 2475 verborum

2211 2512 2546 2571 Graecorum.
2581 2509 2639 2567 Si
2669 2512 2816 2568 enim
2850 2512 2955 2565 ista
2993 2510 3175 2566 verba‘
3209 2498 3441 2581 quatuor
3465 2509 3672 2564 scrmas
3695 2506 3788 2562 sub

2211 2604 2481 2671 invicem,
2533 2602 2587 2659 id
2630 2610 2715 2657 est
2761 2602 2981 2656 nomina
3027 2608 3261 2672 quatuor
3306 2601 3545 2671 partium
3572 2597 3785 2663 mundi,

2211 2692 2470 2761 Orientis,
2512 2680 2825 2748 occidentis
2845 2733 2860 2760 ,
2893 2690 3177 2767 Aquilonis
3198 2734 3214 2760 ,
3244 2702 3302 2748 et
3328 2691 3632 2756 Meridiani,
3658 2687 3786 2763 quod

2211 2796 2295 2845 est
2320 2788 2464 2843 totus
2490 2785 2657 2852 orbis,
2690 2785 2835 2842 unde
2864 2784 2996 2841 dicit
3024 2778 3288 2842 Dominus
3312 2802 3344 2839 a
3370 2792 3608 2861 quatuor
3632 2778 3787 2837 ventis

2211 2879 2564 2937 collecturum
2609 2892 2669 2933 se
2715 2876 2917 2931 electos
2945 2890 3071 2931 suos
3095 2916 3111 2942 ,
3139 2891 3266 2931 cum
3312 2875 3537 2929 venerit
3565 2873 3628 2927 ad
3663 2868 3785 2945 judi-

2212 2972 2355 3030 cium
2380 2989 2393 3028 :
2436 2970 2483 3028 lsi
2510 2985 2639 3043 ergo
2667 2968 2836 3025 iacias
2862 2969 2967 3026 ista
2993 2976 3230 3043 quatuor
3257 2968 3493 3025 nomina
3522 2982 3651 3025 sua:

2491 3106 2759 3172 ’Asa-rolal,
2788 3105 2936 3177 quod
2964 3111 3050 3161 est
3081 3103 3306 3172 Oriens,

2498 3201 2681 3269 Αὖθις,
2713 3203 2861 3272 qum]
2882 3211 2968 3258 est
2992 3200 3285 3268 Occidens,

2497 3295 2735 3379 Ἀρκεῖ,
2765 3298 2911 3367 quod
2936 3303 3021 3353 est
3044 3292 3383 3367 Septentrio,

2493 3390 2820 3464 πισημϐρία,
2850 3388 2996 3459 quod
3024 3394 3111 3443 est
3137 3386 3417 3450 Meridies.

2213 3527 2451 3595 Δνατολή,
2481 3527 2660 3591 Λύσις,
2693 3520 2929 3601 Ἄρκτος,
2956 3523 3284 3597 Μεσημϐρία,
3316 3520 3494 3592 capita
3516 3516 3788 3574 verborum

2212 3618 2384 3676 Adam
2413 3618 2634 3675 habent.
2665 3605 2944 3684 Quomodo
2981 3630 3111 3687 ergo
3141 3612 3457 3669 invenimus
3480 3611 3555 3666 iii
3593 3620 3643 3666 et
3674 3624 3787 3680 qua-

2216 3710 2595 3783 dragenarium
2616 3715 2672 3762 et
2695 3700 2971 3763 senarium
2994 3703 3315 3760 numerum?
3336 3702 3480 3771 Quia
3507 3718 3632 3759 caro
3654 3698 3789 3756 Chri-

2216 3802 2286 3860 sti
2313 3802 2380 3857 de
2400 3799 2573 3855 Adam
2604 3805 2742 3855 erat.
2771 3795 2841 3853 Et
2869 3795 3063 3852 iterum
3086 3806 3207 3867 post
3231 3810 3403 3866 pauca
3425 3812 3441 3847 :
3471 3792 3593 3849 Jam
3612 3792 3785 3853 videte,

2217 3895 2336 3952 ista:
2364 3893 2557 3949 litterae
2578 3908 2738 3962 quem
2763 3905 3049 3947 numerum
3072 3888 3330 3956 habeant,
3346 3894 3402 3943 et
3422 3888 3506 3943 ibi
3532 3880 3788 3942 invenietis

2219 3987 2579 4061 quadraginta
2610 3995 2665 4041 et
2689 4000 2784 4041 sex
2810 3974 2968 4039 annis
2990 3976 3314 4039 aediﬁcatum
3336 3980 3615 4054 templum.
3634 3974 3793 4032 Habet

2218 4077 2364 4133 enim
2386 4075 2558 4132 Adam
2570 4072 2733 4150 ’Δλφα
2755 4075 2869 4149 μία,
2898 4073 3040 4149 quod
3056 4081 3142 4129 est
3164 4068 3211 4130 α’
3239 4090 3445 4129 unum:
3480 4070 3635 4127 habet
3655 4077 3711 4123 et
3732 4064 3792 4131 δ’.

2219 4172 2361 4245 quod
2406 4180 2532 4228 sunt
2571 4179 2838 4245 quatuor,
2879 4166 3046 4225 habes
3096 4158 3357 4241 quinque.
3410 4164 3593 4223 Habet
3614 4163 3788 4219 iterum

2218 4262 2371 4342 ἄλφα,
2404 4263 2548 4337 quod
2579 4271 2663 4320 est
2690 4279 2877 4331 unum,
2909 4264 3078 4321 habes
3107 4250 3223 4318 sex.
3270 4258 3451 4319 Habet
3480 4268 3537 4316 et
3576 4258 3648 4333 μ’,
3673 4252 3789 4329 quod

2219 4365 2303 4412 est
2333 4354 2717 4427 quadraginta,
2758 4346 2926 4409 habes
2970 4352 3328 4425 quadraginta
3359 4367 3483 4407 sex.
3536 4346 3791 4418 Quomodo

2220 4463 2321 4503 nos
2347 4446 2717 4517 compaginari
2752 4454 2999 4515 oporteat
3043 4442 3259 4519 corpori
3305 4442 3518 4498 Christi
3558 4438 3697 4513 quod
3722 4452 3791 4491 air

2222 4539 2491 4609 sumpsit,
2520 4537 2662 4592 idem
2694 4536 2749 4591 in
2779 4537 3127 4609 sequentibus
3160 4534 3398 4592 ostendit
3424 4553 3439 4588 :
3487 4530 3606 4590 Nos
3632 4533 3793 4593 simus.

2144 4637 2197 4697 D
2225 4630 2507 4700 inquiens,
2537 4628 2592 4683 in
2624 4627 2926 4683 humilitate
2954 4626 3142 4705 cordis.
3162 4640 3410 4697 semper,
3460 4634 3520 4680 et
3564 4622 3795 4697 gaudium

2222 4731 2467 4776 nostrum
2498 4736 2667 4795 penes
2694 4720 2867 4790 ipsum
2895 4721 2986 4775 sit.
3023 4720 3065 4792 -ι-
3094 4718 3194 4793 Qui
3222 4721 3297 4775 ita
3330 4720 3446 4792 agit
3482 4730 3545 4777 ut
3572 4728 3797 4776 cantores

2223 4810 2516 4867 admonent
2540 4820 2839 4867 memerata
2862 4802 3257 4884 feria,ipse‘est
3279 4811 3333 4866 in
3364 4810 3683 4867 humilitate
3703 4820 3804 4861 cor-

2227 4902 2311 4959 dis
2339 4921 2350 4958 :
2393 4903 2495 4974 Ipsi
2525 4902 2715 4959 dicunt
2738 4921 2751 4959 :
2789 4902 3144 4959 Immutemns
3167 4900 3416 4959 hahitum
3446 4903 3634 4959 cinere
3656 4906 3713 4955 et
3738 4894 3807 4949 ci-

2227 4994 2374 5060 licio,
2403 4992 2709 5065 jejuuemus
2737 5004 2793 5050 et
2816 4995 3094 5069 ploremus
3119 5003 3244 5049 ante
3282 4986 3603 5051 Dominum.

2301 5086 2645 5158 Compositor
2659 5085 2819 5142 oliicii
2837 5086 3011 5142 nostri
3031 5085 3186 5157 juxta
3209 5080 3651 5141 admonitionem
3673 5091 3808 5137 suam

2228 5176 2346 5232 vult
2372 5177 2575 5232 circum
2606 5192 2704 5231 nos
2734 5177 2820 5248 agi
2846 5196 2859 5230 :
2894 5174 2953 5232 Si
2982 5176 3103 5246 quis
3130 5174 3357 5231 intravit
3384 5173 3443 5229 in
3472 5172 3722 5229 scholam
3745 5168 3813 5223 di-

2231 5266 2469 5338 sciplinar
2495 5266 2816 5322 Christianae
2845 5274 3037 5337 quarta
3074 5264 3227 5331 feria,
3266 5278 3376 5321 nou
3400 5266 3492 5320 est
3526 5263 3736 5319 bonum
3764 5266 3811 5313 ut

2224 5358 2537 5431 egrediatur
2592 5356 2697 5413 nisi
2752 5365 2877 5430 post
2924 5357 3208 5411 victoriam
3253 5374 3268 5410 :
3317 5355 3449 5426 quia
3500 5353 3817 5410 intravimus

2226 5449 2441 5520 quando
2472 5446 2871 5504 celebravimus
2896 5445 3073 5504 oﬂicia
3098 5455 3385 5511 consueta,
3419 5447 3636 5502 bonum
3661 5451 3745 5500 est
3764 5448 3817 5495 nt

2228 5552 2353 5594 cum
2398 5539 2572 5609 capite
2614 5548 2807 5595 nostro
2847 5538 2903 5594 in
2933 5538 3020 5594 die
3055 5535 3478 5594 resurrectionis
3517 5533 3822 5606 triumphe-

2229 5646 2373 5687 mus.
2408 5631 2715 5703 Antequam
2744 5640 2967 5688 sanctus
2992 5629 3326 5705 Augustinus
3350 5629 3417 5684 de
3444 5642 3693 5687 numero
3719 5637 3823 5682 mo-

2232 5728 2445 5776 morato
2469 5720 2795 5791 disputaret,
2821 5721 3072 5779 hortatus
3096 5728 3182 5779 est
3216 5719 3657 5779 catechumenos
3688 5725 3751 5773 ut
3770 5725 3824 5770 se

627 5829 656 5859 ι
698 5817 868 5874 Uncis
898 5819 1108 5877 inclusa
1148 5818 1209 5876 in
1230 5833 1343 5878 uno
1369 5823 1743 5883 tantummodo
1768 5832 1927 5883 erant
1949 5825 2268 5900 exemplari.

3276 5944 3295 5971 ι
