3978 6458
211 435 342 495 1005

994 430 1086 487 DE
1123 427 1683 487 ECCLESIASTICIS
1721 428 2007 488 OFFICIIS
2046 429 2226 485 LIBRI
2258 428 2349 486 IV.
2390 458 2463 472 -
2499 430 2628 487 LIB.
2670 432 2712 487 Ι.

3321 437 3459 496 1006

208 552 570 624 praepararent
586 543 655 603 ad
671 543 1070 603 solemnitatem
1080 545 1423 602 Paschalem.
1447 545 1641 601 Petrus
1656 561 1783 616 apo-
1808 551 1863 615 Α
1884 547 2059 618 prima
2091 547 2322 603 lectione
2337 589 2352 615 ,
2384 563 2504 619 quae
2539 547 2835 605 secundum
2861 533 3205 609 Ezechieiiem
3233 547 3457 625 legitur,

207 645 371 704 stolas
395 641 630 698 ostendit
667 641 938 712 quomodo
977 655 1035 697 se
1072 642 1304 697 debeant
1325 637 1666 711 praeparare,
1697 641 1778 695 di-

127 777 131 779 -
206 751 360 793 cens:
415 734 565 804 Agite
608 733 992 804 paenitentiam,
1031 743 1079 788 et
1109 734 1399 806 baptizatur
1426 733 1780 804 unusquisque

205 837 422 884 oestrum
451 827 507 881 in
536 827 744 880 nomine
760 808 984 882 'Domini
1018 828 1183 880 nostri
1217 825 1344 881 Jesu
1370 823 1587 892 Christi,
1621 828 1676 880 in
1701 844 1780 881 re-

204 918 497 974 missionem
542 917 777 972 omnium
815 927 1170 988 peccatorum.
1218 915 1532 992 Secundum,
1564 917 1736 972 Adam
1761 959 1777 985 ,

203 1019 484 1080 propterea
522 1008 673 1063 venit
710 1017 769 1063 ut
812 1024 909 1081 per
936 1010 1316 1081 paenitentiam
1360 1017 1414 1064 et
1455 1010 1781 1079 baptismum

202 1101 533 1158 reformetur
560 1101 626 1156 ad
652 1117 807 1157 suam
829 1103 1118 1173 imaginem
1146 1103 1354 1174 primus
1376 1101 1548 1158 Adam
1577 1102 1669 1173 qui
1699 1110 1782 1158 est

199 1195 253 1250 in
276 1202 512 1265 quatuor
537 1195 782 1266 partibus
813 1195 1019 1251 mundi.
1071 1195 1209 1263 Quia
1236 1196 1408 1250 Adam
1448 1210 1670 1267 Sparsus
1698 1203 1784 1252 est

200 1301 294 1358 per
338 1293 575 1356 quatuor
620 1295 802 1358 partes
848 1287 1068 1353 mundi,
1115 1287 1208 1343 illo
1249 1302 1473 1342 numero
1517 1288 1584 1343 ad
1631 1286 1781 1343 colli-

200 1384 412 1446 gentem
434 1375 604 1430 Adam
630 1374 1000 1444 recurramus,
1023 1392 1184 1448 quem
1205 1377 1449 1433 continet
1472 1385 1615 1433 totus
1635 1375 1781 1431 orbis

200 1463 390 1536 primis
416 1464 613 1522 litteris
646 1467 778 1522 suis.
1067 1477 1072 1480 ‘
1471 1475 1474 1478 ‘

801 1577 1028 1636 CAPUT
1070 1579 1202 1635 VIII.

213 1665 296 1724 De
334 1668 568 1726 secunda
611 1669 858 1726 varietate
906 1681 1108 1752 quarta:
1145 1671 1484 1728 hebdomadas
1514 1669 1762 1741 Quadra-

876 1757 1105 1811 gestmte.
1663 1753 1666 1756 ’

261 1826 515 1886 Secunda
545 1831 780 1885 varietas
810 1829 868 1884 ﬁt
894 1831 948 1884 in
969 1839 1162 1900 quarta
1185 1829 1521 1888 hebdomada
1540 1831 1784 1900 Quadra-

1884 640 2284 696 demonstratur
2303 640 2570 711 quomodo
2586 640 3001 698 catechumenos
3019 653 3308 717 congreget
3321 646 3461 702 Deus

1882 734 1949 788 ad
1976 747 2289 804 compagem
2324 732 2567 803 corporis
2605 721 2826 788 Christi.
2869 731 3042 803 Eripit
3081 750 3176 790 eos
3212 752 3240 789 a
3281 737 3462 806 priore

1879 825 1992 879 vita
2022 833 2076 880 et
2114 825 2244 880 facit
2274 825 2494 880 credere
2525 825 2578 878 in
2615 823 2925 891 Christum;
2969 827 3050 881 sic
3087 828 3230 882 enim
3263 830 3462 902 legitur

1881 914 1954 971 ibi
1979 931 1993 971 :
2025 915 2228 971 Tottam
2256 917 2443 988 quippe
2468 933 2557 971 vos
2580 917 2642 971 de
2670 919 2924 988 gentibus,
2953 928 3001 973 et
3024 922 3343 991 congregabo
3372 940 3460 978 vos

1881 1004 1945 1060 de
1970 1007 2222 1061 universis
2250 1009 2423 1072 terris,
2458 1015 2506 1061 et
2534 1007 2794 1060 adducam
2833 1025 2922 1062 vos
2952 1010 3006 1062 in
3048 1019 3241 1063 terram
3264 1051 3278 1076 ,
3309 1020 3355 1064 et
3384 1011 3462 1081 ef-

1883 1095 2105 1166 fundam
2146 1114 2302 1168 super
2341 1115 2431 1152 vos
2473 1113 2665 1169 aquam
2695 1098 2965 1161 mundam,
3005 1110 3050 1154 et
3082 1103 3461 1159 mundabimini

1881 1183 1947 1241 ab
1983 1189 2219 1242 omnibus
2248 1189 2608 1259 iniquitatibus
2636 1191 2834 1255 vestris,
2864 1200 2912 1245 et
2941 1191 3004 1244 ab
3027 1187 3282 1248 univei'sis
3306 1195 3460 1250 idolis

1880 1280 2064 1332 uestris
2078 1280 2341 1332 mandabo
2359 1291 2519 1342 vos,et
2535 1280 2670 1334 dabo
2685 1281 2824 1334 vobis
2840 1297 2930 1335 cor
2945 1292 3216 1350 novum,et
3229 1286 3458 1356 reliqua.

1883 1368 2036 1436 Quod
2062 1370 2139 1424 sic
2168 1367 2526 1440 Hieronymus
2553 1370 2606 1424 in
2645 1371 2834 1425 eodem
2877 1371 3196 1428 Ezechiele:
3237 1374 3464 1433 Creator

1882 1459 2026 1513 enim
2055 1461 2296 1514 omnium
2329 1475 2447 1515 sum
2474 1475 2488 1514 :
2521 1461 2738 1530 percepi
2764 1462 2865 1528 eis,
2890 1471 2945 1516 et
2968 1463 3299 1520 sanctiﬁcavi
3323 1466 3461 1535 illos,

1883 1559 1938 1606 et
1961 1551 2143 1622 gloria:
2168 1552 2414 1621 pristina:
2434 1552 2670 1619 restitui,
2705 1552 2779 1607 ita
2807 1561 2865 1607 ut
2895 1569 3057 1625 super
3087 1557 3386 1624 credentes,
3410 1567 3467 1615 et

1884 1643 1953 1698 ab
2000 1658 2186 1698 errore
2232 1659 2560 1711 conversos,
2608 1644 2936 1701 eﬂ‘underem
2985 1661 3180 1716 aquam
3208 1650 3464 1705 mundam

1882 1732 2137 1804 baptismi
2169 1733 2444 1801 salutaris,
2471 1743 2524 1790 et
2544 1736 2862 1791 mundat-em
2891 1751 2984 1790 eos
3016 1737 3084 1791 ab
3111 1738 3466 1794 abominatio-

1884 1825 2045 1881 nibus
2073 1827 2206 1893 suis,
2234 1835 2290 1881 et
2316 1827 2384 1882 ab
2410 1828 2677 1882 universis
2716 1827 2991 1882 erroribus
3021 1829 3216 1899 quibus
3250 1828 3468 1885 fuerant

194 1921 436 1992 gesimze,
464 1925 520 1975 et
549 1921 602 1976 in
634 1930 827 1992 quarta
855 1921 1009 1976 feria.
1047 1921 1288 1977 Primum
1306 1965 1318 1989 ,
1352 1939 1470 1994 quae
1510 1925 1580 1979 sit
1606 1925 1782 1978 varie-
1808 1917 1857 1979 B
1884 1917 2163 1986 occupati,
2192 1925 2248 1972 8t
2277 1919 2463 1973 darem
2491 1919 2569 1974 eis
2597 1934 2691 1974 cor
2720 1929 2899 1975 meum
2920 1960 2934 1985 ,
2977 1927 3038 1972 ut
3082 1922 3361 1976 crederent
3408 1911 3466 1978 in

193 2015 320 2078 tas;
361 2009 575 2077 deinde,
604 2028 808 2082 quare;
849 2022 1145 2083 postremo,
1179 2013 1224 2069 si
1265 2016 1519 2071 Dominus
1548 2016 1779 2082 dederit,

192 2115 293 2158 cur
320 2103 376 2157 in
410 2113 603 2174 quarta
634 2103 768 2159 feria
799 2115 1006 2175 quartae
1037 2109 1370 2176 septimanae.
1414 2108 1661 2162 Varietas
1699 2117 1782 2164 est

192 2203 290 2265 per
319 2193 682 2263 adjectionem
712 2197 873 2249 unius
895 2195 1144 2251 lectionis
1166 2207 1222 2251 et
1242 2197 1402 2252 unius
1430 2198 1778 2268 respon‘sorii.

191 2283 381 2340 Prima
409 2285 572 2340 lectio
601 2285 901 2341 Ezechielis
941 2289 1257 2357 prophetae:
1301 2285 1652 2357 Sancti/icabo
1689 2306 1783 2343 no-

190 2391 307 2430 men
334 2391 513 2429 meum
536 2391 804 2447 magnum.
836 2371 990 2432 Gra.:
1009 2375 1185 2432 Venite
1205 2377 1325 2446 ﬁlii.
1353 2376 1600 2433 Secunda
1623 2379 1784 2435 lectio

189 2461 342 2522 Isaia:
366 2467 678 2536 prophetae:
709 2465 838 2522 ch
864 2468 990 2521 dicit
1021 2465 1274 2522 Dominus
1297 2468 1461 2533 Deus,
1487 2468 1781 2537 Lavamini,

190 2560 381 2614 mundi
423 2571 601 2615 estote.
636 2559 798 2615 Gra.:
834 2561 999 2614 Beata
1041 2578 1164 2632 gens
1203 2563 1357 2632 cujus
1398 2571 1473 2616 est
1504 2560 1781 2618 Dominus.

187 2647 427 2706 Causam
475 2665 788 2722 promemus
837 2651 1065 2707 Domino
1113 2642 1437 2708 miserante:
1491 2653 1784 2710 Memorata

188 2755 392 2814 quarta
420 2743 553 2798 feria
579 2746 720 2816 apud
747 2745 986 2815 cultores
1011 2745 1268 2801 Ecclesiae
1297 2745 1354 2800 in
1379 2747 1657 2815 apertionc
1685 2761 1784 2802 au-

188 2837 333 2891 rium
365 2837 586 2892 dicitur.
620 2838 823 2892 Eadem
851 2837 937 2893 die
967 2839 1147 2909 agitur
1173 2838 1498 2894 scrutinium
1530 2840 1747 2895 tertium
1769 2881 1784 2906 ,

189 2933 338 3002 quod
370 2933 669 2986 maximum
706 2940 790 2986 est
835 2932 977 2987 inter
1010 2941 1216 3003 septem
1257 2933 1535 2987 scrutinia.
1584 2932 1786 2988 Eadem

187 3024 278 3079 die
308 3033 612 3096 tanguntur
641 3039 800 3079 aures
837 3033 891 3080 et
938 3041 1104 3082 nares
1151 3028 1665 3082 catechumenorum
1706 3027 1787 3081 di-

189 3117 325 3189 gitis
351 3119 812 3188 presbyterorum.
853 3118 1055 3173 Eadem
1087 3118 1174 3172 die
1216 3120 1557 3174 instruuntur
1585 3119 1651 3174 de
1685 3135 1787 3173 au-

188 3214 441 3267 ctoribus
474 3221 527 3266 et
556 3211 728 3267 initiis
754 3219 986 3282 quatuor
1011 3213 1444 3286 Evangeliorum.
1470 3211 1672 3269 Eadem
1695 3215 1784 3270 die

1882 2004 2081 2061 Filium
2112 2007 2226 2062 Dei.
2263 2005 2522 2063 Eamdem
2557 2025 2672 2064 rem
2713 2009 2769 2064 in
2811 2011 3158 2080 responsorio
3189 2012 3463 2080 inveniet,

1883 2097 1974 2166 qui
2005 2098 2233 2166 quaerit:
2279 2095 2458 2153 Venite
2482 2099 2602 2168 ﬁlii,
2629 2100 2806 2154 audite
2835 2117 2915 2154 me
2936 2115 2954 2152 .'
2990 2102 3229 2156 timorem
3253 2101 3467 2160 Domini

1882 2186 2074 2241 docebo
2106 2205 2211 2242 vos.
2240 2186 2415 2244 Radix
2450 2191 2596 2244 enim
2638 2192 2916 2262 sapientize
2942 2200 3026 2247 est
3054 2194 3245 2251 timere
3283 2195 3469 2253 Domi-

1882 2291 2032 2333 num.
2061 2279 2163 2346 Qui
2193 2280 2368 2350 primo
2395 2283 2630 2337 radicem
2673 2283 2792 2354 ﬁgit
2837 2285 3207 2352 credulitatis,
3245 2304 3468 2346 necesse

1884 2376 1972 2428 est
1999 2383 2061 2427 ut
2086 2375 2224 2428 sciat
2251 2374 2445 2430 timere
2465 2375 2770 2431 Dominum.
2796 2377 2951 2433 Unde
2977 2378 3175 2433 iterum
3203 2381 3467 2451 scriptum

1885 2472 1970 2520 est
1998 2483 2010 2519 :
2050 2461 2159 2519 Fili
2205 2467 2310 2532 mi,
2350 2467 2600 2521 accedens
2633 2469 2702 2521 ad
2727 2469 3021 2523 servitutem
3055 2471 3268 2526 Domini
3297 2481 3379 2527 sta
3411 2475 3470 2528 in

1876 2558 2091 2630 justitia
2131 2567 2179 2612 et
2224 2559 2432 2626 timore,
2461 2569 2510 2614 et
2537 2577 2781 2633 praepara
2821 2565 3053 2618 animam
3081 2573 3225 2619 tuam
3257 2566 3326 2621 ad
3357 2575 3470 2622 ten-

1886 2652 2156 2705 tationem.

1955 2742 2028 2796 At
2055 2742 2290 2798 secunda
2325 2743 2556 2800 lectione
2586 2745 2789 2801 affatim
2819 2748 2886 2803 de
2925 2749 3166 2804 moribus
3196 2749 3470 2822 disputat,

1885 2833 1943 2890 in
1971 2835 2212 2906 qua’ait:
2249 2835 2510 2902 Quiescite
2539 2855 2689 2909 agere
2716 2856 2951 2910 perverse
2971 2881 2985 2906 ,
3017 2839 3200 2894 discite
3237 2841 3361 2896 bene
3387 2841 3473 2912 fa-

1887 2941 2041 2982 cere:
2075 2927 2292 2998 quaerite
2331 2929 2600 2999 judicium
2626 2948 2653 2995 ,'
2690 2931 2953 2986 subuenite
3004 2949 3266 3003 oppresso.
3307 2933 3374 2988 Et
3415 2933 3472 2988 in

1886 3021 2235 3076 conclusione
2259 3020 2368 3075 ita:
2392 3019 2572 3076 Venite
2597 3031 2646 3078 et
2676 3025 2880 3094 arguite
2904 3040 3006 3090 me,
3024 3023 3148 3078 dicit
3175 3025 3473 3091 Dominus;

1885 3113 1941 3170 id
1969 3121 2075 3179 est,
2098 3113 2144 3168 si
2167 3107 2244 3167 ita
2265 3113 2526 3181 feceritis,
2559 3124 2615 3169 et
2642 3130 2750 3170 non
2771 3115 3055 3172 reddidero
3085 3117 3237 3172 vobis
3265 3131 3475 3173 merce-

1885 3203 2031 3271 dem,
2071 3206 2268 3262 merito
2296 3207 2536 3279 arguetis
2563 3223 2671 3262 me.

187 3303 507 3375 percipiunt
534 3273 832 3358 oratione-nt
867 3273 1201 3360 Dominicain
1237 3314 1292 3360 et
1325 3303 1672 3376 Symbolum,
1715 3306 1783 3361 ad
1810 3273 1858 3338 c
1961 3295 2208 3366 Sequens
2251 3312 2496 3366 τθεροιιεο
2555 3299 2893 3361 demonslml
2939 3299 3357 3354 caleChumenos
3407 3301 3476 3354 ad

187 3396 537 3452 reddendum
566 3395 621 3449 in
655 3393 879 3449 sabbato
909 3404 1094 3449 sancto
1128 3395 1372 3449 Paschat.
1424 3395 1576 3450 Unde
1605 3395 1787 3466 Augu-

184 3487 380 3544 stinus
406 3486 462 3540 in
491 3485 629 3539 libro
655 3485 720 3538 de
753 3481 884 3538 Fide
921 3492 974 3538 et
1006 3483 1244 3538 Moribus
1271 3503 1282 3536 :
1319 3484 1426 3537 Cur
1453 3499 1583 3553 ergo
1611 3483 1784 3553 bapti-

184 3578 361 3635 zandi
404 3576 706 3650 symbolum
736 3575 1018 3640 tradimus,
1059 3576 1498 3646 reddendumque
1546 3574 1787 3645 reposci-

184 3681 326 3725 mus
347 3669 372 3721 Ἰ
409 3666 555 3721 Nihil
588 3665 691 3720 tale
717 3667 860 3721 enim
885 3666 1087 3720 factum
1117 3674 1200 3720 est
1227 3682 1352 3736 erga
1382 3665 1502 3720 illos
1534 3682 1668 3735 quos
1692 3681 1789 3736 per

184 3773 359 3816 mare
383 3757 626 3811 Rubrum
657 3757 798 3811 Deus
829 3756 897 3810 ab
923 3754 1194 3827 A‘lgyptiis
1221 3756 1490 3810 liberavit.
1525 3755 1581 3810 Si
1609 3761 1791 3809 autem

183 3855 358 3906 recte
401 3847 702 3918 intelligunt
741 3848 844 3902 hoc
874 3847 1165 3919 signiﬁcari
1207 3841 1635 3918 prarcedentibus
1675 3863 1791 3918 my-

185 3939 392 3996 steriis
418 3937 486 3994 de
521 3939 781 4010 sanguine
811 3941 926 3993 ovis
951 3938 1196 4008 postibus
1222 3938 1380 4005 illito,
1413 3948 1468 3993 et
1499 3939 1563 3994 de
1587 3939 1793 4010 azymis

185 4031 538 4090 sinceritatis
567 4040 622 4087 et
651 4029 917 4095 veritatis,
953 4045 1050 4085 cur
1080 4047 1187 4085 non
1219 4032 1383 4086 etiam
1427 4031 1556 4087 illud
1603 4043 1795 4088 conse-

189 4133 436 4197 quenter
464 4123 771 4193 intelligunt
798 4123 968 4194 ipsam
997 4123 1066 4178 ab
1094 4121 1364 4194 Egyptiis
1396 4125 1795 4194 separationem

187 4218 517 4292 signiﬁcare
546 4219 934 4274 discessionem
954 4235 983 4272 a
1006 4219 1267 4287 peccatis,
1299 4234 1460 4288 quam
1487 4219 1796 4287 baptizandi

187 4311 552 4386 proﬁtentur.
586 4309 923 4364 Scrutinium
967 4323 1255 4378 possumus
1301 4317 1448 4362 recte
1500 4308 1798 4379 intelligere

187 4407 308 4462 iter
336 4405 409 4460 ad
435 4403 786 4474 baptismum.
831 4401 1167 4456 Scrutinium
1205 4403 1483 4472 pr0prium
1513 4409 1798 4472 syntagma

188 4498 396 4563 habet,
428 4505 482 4551 et
514 4495 786 4566 propriam
817 4495 1057 4548 missam.
1089 4494 1164 4548 De
1195 4495 1390 4560 missa,
1419 4508 1583 4563 quam
1617 4493 1797 4562 publi-

189 4609 326 4651 cam
362 4605 650 4654 vocamus,
699 4597 781 4643 est
824 4587 984 4642 modo
1022 4587 1328 4641 dicendum.
1362 4585 1418 4640 1n
1454 4600 1518 4641 ea
1557 4601 1796 4640 comme-

192 4683 444 4740 moratio
469 4681 773 4737 celebratur
798 4695 985 4733 eorum
1016 4693 1135 4747 qua:
1169 4686 1402 4749 aguntur
1427 4678 1484 4732 in
1511 4677 1793 4732 scrutinio.

191 4777 324 4833 Duo
363 4773 541 4830 ollicia
571 4773 643 4828 ibi
672 4779 905 4843 aguntur
930 4789 943 4824 :
978 4771 1239 4828 imbuitur
1261 4785 1494 4840 namque
1523 4771 1587 4825 de
1614 4767 1718 4824 ﬁde
1745 4776 1802 4824 et

192 4868 475 4925 moribus.
495 4864 648 4921 Unde
671 4862 762 4932 qui
784 4877 946 4932 supra
969 4861 1024 4920 in
1049 4861 1184 4916 libro
1209 4871 1540 4916 memorato:
1562 4861 1803 4915 Audiant

195 4961 299 5030 qui
327 4955 642 5027 baptizandi
670 4961 796 5009 sunt
817 4969 924 5008 non
951 4952 1123 5006 solum
1146 4953 1274 5022 quid
1304 4953 1526 5007 credere
1549 4952 1801 5018 debeant,

199 5050 305 5107 sed
346 5049 512 5104 etiam
544 5045 997 5116 quemadmodum
1033 5059 1092 5099 se
1130 5044 1198 5098 ab
1241 5044 1345 5098 hoc
1391 5042 1590 5098 saeculo
1637 5055 1805 5112 pravo

199 5141 472 5215 eripiant.
497 5139 574 5194 lbi
599 5139 744 5194 cnim
774 5153 994 5193 necesse
1021 5145 1105 5192 est
1125 5145 1182 5192 ut
1207 5137 1428 5192 audiant
1455 5138 1806 5206 quemadmo-

202 5237 350 5291 dum
401 5233 685 5290 credentes
731 5232 909 5287 vivere
959 5231 1211 5286 debeant.
1259 5229 1328 5284 Et
1378 5230 1612 5284 iterum:
1650 5227 1808 5298 Quod

203 5327 488 5397 scriptum
514 5333 595 5380 est
619 5324 1018 5394 evangelizasse
1043 5321 1345 5392 Philippum
1375 5320 1600 5390 spadoni
1626 5319 1808 5376 Domi-

204 5435 377 5486 num,
415 5418 561 5473 nullo
589 5417 748 5472 modo
777 5417 1131 5472 dubitandum
1173 5425 1290 5482 est,
1336 5424 1392 5470 et
1434 5414 1522 5469 illa
1565 5415 1619 5470 in
1663 5422 1810 5470 cate-

209 5511 438 5568 chismo
484 5509 627 5564 dicta
670 5523 789 5564 esse
835 5523 954 5579 quae
995 5509 1063 5563 ad
1105 5509 1272 5562 vitam
1315 5522 1604 5578 moresque
1635 5506 1805 5578 perti-

207 5609 362 5658 nent
399 5599 516 5670 ejus
561 5601 650 5672 qui
696 5601 868 5656 credit
917 5601 972 5654 in
1010 5597 1293 5654 Dominum
1328 5596 1532 5654 Jesum.
1575 5596 1689 5652 Hoc
1726 5606 1810 5654 est

211 5695 379 5751 enim
406 5693 774 5766 evangelizare
795 5681 1089 5757 Christum,
1120 5707 1227 5746 non
1257 5698 1465 5746 tantum
1487 5689 1668 5746 dicere
1691 5704 1811 5760 qua:

216 5787 501 5844 credenda
533 5797 658 5843 sunt
677 5789 743 5844 de
765 5785 1002 5851 Christo,
1027 5787 1117 5842 sed
1144 5787 1306 5842 etiam
1335 5802 1454 5857 qua:
1475 5783 1812 5840 observanda

217 5881 279 5943 ei
332 5882 426 5954 qui
470 5883 678 5938 accedit
719 5882 788 5938 ad
836 5895 1151 5953 compagem
1200 5880 1444 5950 corporis
1488 5876 1712 5934 Christi.
1752 5873 1811 5933 In

1823 4634 1877 4695 D

1887 3403 2087 3443 nomen
2112 3388 2344 3442 transire
2371 3388 2586 3442 dicens:
2609 3385 2775 3440 Beata
2798 3404 2921 3457 gens
2947 3388 3098 3457 cujus
3124 3396 3197 3440 est
3222 3387 3477 3442 Dominus

1896 3479 2034 3534 Deus
2061 3481 2198 3550 ejus,
2227 3479 2450 3551 populus
2489 3497 2640 3550 quem
2680 3479 2831 3550 elegit
2874 3481 2927 3534 in
2971 3480 3324 3534 hereditatem
3355 3481 3477 3536 sibi.

1892 3574 2096 3630 Versus
2135 3575 2307 3630 bonos
2351 3590 2533 3631 mores
2569 3575 2865 3630 electorum
2898 3579 3265 3632 demonstrat:
3305 3575 3476 3634 Verbo

1895 3665 2108 3720 Domini
2134 3665 2245 3721 caeli
2273 3667 2472 3737 ﬁrmati
2501 3676 2657 3733 sunt,
2704 3676 2754 3722 et
2796 3668 2982 3738 spiritu
3026 3668 3130 3722 oris
3157 3667 3272 3739 ejus
3307 3668 3478 3724 omnis

1895 3755 2058 3810 virtus
2087 3773 2289 3810 eorum.
3131 3817 3148 3833 χ

1967 3845 2073 3902 Fas
2101 3856 2183 3903 est
2210 3856 2267 3902 ut
2295 3846 2388 3920 qui
2428 3862 2485 3903 se
2521 3856 2714 3919 sponte
2741 3848 3056 3905 obtulerunt
3094 3849 3205 3906 Deo
3246 3857 3368 3924 post
3398 3850 3484 3908 in-

1897 3941 2252 3996 structionem
2287 3940 2410 3996 ﬁdei
2437 3950 2493 3997 et
2521 3957 2766 4008 morum,
2814 3941 2881 3998 ad
2922 3958 3118 3999 nomen
3162 3942 3279 4013 ejus
3311 3953 3488 4002 trans-

1898 4045 2046 4100 eant,
2085 4043 2140 4090 et
2169 4035 2286 4104 ejus
2313 4034 2569 4091 ﬁrmitate
2614 4036 2956 4101 muniantur,
2987 4037 3140 4108 cujus
3170 4037 3486 4094 haereditate

1898 4126 2261 4199 possidentur.
2300 4126 2369 4184 Ut
2404 4128 2628 4198 opinor,
2668 4129 3095 4184 demonstratum
3140 4138 3224 4184 est
3267 4137 3488 4202 propter

1899 4220 2060 4274 ﬁdem
2091 4228 2146 4274 et
2173 4235 2354 4275 mores
2383 4221 2579 4289 quibus
2603 4219 2908 4274 instruendi
2934 4229 3059 4274 sunt
3087 4221 3487 4287 catechumeni,

1902 4311 2035 4366 duas
2065 4311 2323 4365 lectiones
2352 4310 2520 4365 lectas
2550 4325 2670 4365 esse
2705 4312 2894 4365 eodem
2921 4311 3027 4365 die.

1977 4403 2118 4472 Ergo
2155 4411 2210 4456 et
2251 4401 2604 4473 Evangelium
2650 4417 2756 4457 non
2789 4402 3032 4457 dissonat
3067 4401 3135 4456 ab
3158 4401 3261 4457 hoc
3289 4399 3487 4470 oﬁicio,

1903 4495 2118 4550 dicente
2143 4495 2442 4563 Augustino
2471 4509 2633 4563 super
2659 4492 2920 4548 Joannem
2945 4509 2958 4547 :
3003 4493 3160 4548 Lavit
3199 4508 3328 4566 ergo
3354 4509 3488 4549 ocu-

1905 4588 1984 4644 los
2009 4590 2062 4643 in
2085 4605 2145 4644 ea
2169 4589 2397 4658 piscina,
2414 4604 2535 4658 quae
2560 4589 2949 4659 interpretatur
2971 4587 3166 4644 Missus
3184 4587 3492 4659 baptizatus

1903 4691 1987 4739 est
2017 4683 2070 4737 in
2097 4682 2333 4738 Christo.
2366 4682 2422 4736 Si
2461 4697 2592 4755 ergo
2637 4683 2852 4753 quando
2876 4697 2997 4737 eum
3043 4682 3096 4736 in
3136 4682 3313 4753 seipso
3358 4698 3493 4755 quo-

1904 4776 2191 4832 dammodo
2219 4775 2515 4847 baptizavit
2554 4786 2684 4831 tunc
2712 4775 3056 4840 illuminavit,
3087 4775 3306 4845 quando
3335 4775 3493 4829 inun-

1904 4870 2015 4937 xit,
2062 4869 2293 4925 fortasse
2324 4870 2772 4925 catechumenum
2819 4867 2966 4923 fecit.
3018 4866 3176 4922 Modo
3204 4867 3492 4923 dicendum

1905 4972 2010 5030 est,
2032 4971 2091 5017 ut
2115 4963 2483 5034 promisimus,
2508 4975 2677 5031 quare
2698 4961 2801 5015 hoc
2824 4958 3058 5015 oflicium
3082 4968 3274 5032 agatur
3298 4969 3492 5030 quarta

1909 5049 2046 5107 feria
2072 5062 2279 5122 quartae
2320 5051 2673 5106 hebdomadis
2711 5050 3169 5124 Quadragcsimie.
3211 5049 3317 5106 Pcr
3359 5067 3494 5122 qua-

1913 5142 2292 5211 dragenarium
2323 5157 2606 5198 numerum
2641 5157 2801 5198 omne
2831 5151 3041 5214 tempus
3075 5141 3254 5196 sreculi
3284 5141 3493 5215 signiﬁ-

1912 5243 2088 5300 catur,
2113 5241 2173 5288 ut
2202 5235 2629 5291 demonstratum
2655 5243 2739 5292 est
2767 5237 2823 5290 in
2855 5234 3224 5306 superioribus
3257 5250 3325 5290 ex
3354 5233 3494 5292 libro

1913 5325 2084 5381 sancti
2133 5325 2418 5398 Augustini
2457 5327 2524 5382 de
2571 5341 2838 5383 consensu
2866 5324 3320 5396 evangelistarum
3352 5344 3365 5379 :
3397 5339 3494 5380 εει

1913 5413 2028 5472 dies
2055 5417 2245 5490 primi,
2275 5433 2370 5475 sex
2410 5425 2596 5474 anates
2639 5414 2817 5473 saeculi
2862 5415 3256 5481 demonstrant,
3300 5423 3354 5470 et
3397 5431 3494 5472 sex

1913 5516 2101 5564 aetates
2127 5510 2285 5565 unius
2319 5509 2574 5564 hominis.
2614 5507 2689 5563 De
2727 5516 2920 5578 quarta
2948 5507 3320 5563 tantummodo
3350 5521 3497 5563 nunc

1913 5601 2197 5657 dicendum
2247 5609 2368 5656 est:
2422 5607 2614 5671 quarta
2662 5598 2795 5653 feria
2845 5608 2900 5654 et
2949 5607 3142 5669 quarta
3188 5598 3494 5670 septimana

1913 5693 2350 5766 Quadragesima:
2385 5693 2833 5764 compaginantur
2875 5700 3085 5762 quartae
3127 5693 3271 5748 aetati
3312 5689 3495 5748 smculi

1911 5790 1968 5838 et
1992 5798 2107 5839 aevo
2135 5784 2294 5837 unius
2318 5783 2570 5838 hominis.
2606 5782 2806 5850 Quarta
2837 5794 2968 5841 aetas
2995 5791 3078 5840 est
3115 5799 3145 5838 a
3184 5783 3384 5848 David,
3414 5779 3500 5834 di-

1915 5885 2072 5935 cente
2098 5876 2243 5932 Beda
2271 5878 2328 5933 in
2357 5892 2454 5934 sua
2483 5877 2773 5948 chronica,
2822 5895 2992 5951 usque
3040 5879 3108 5934 ad
3145 5874 3499 5945 transmigra-
