3978 6464
490 379 624 435 i007

1512 369 1848 451 AMALARII
1884 364 2328 427 PRESBYTER]
2370 364 2716 424 METENSIS

3629 361 3765 419 1008

485 494 687 549 tionem
714 488 1023 560 Babylonis.
1060 486 1133 544 Et
1159 496 1283 558 post
1303 494 1515 549 caetera,
1548 502 1576 539 a
1606 501 1710 555 qua
1744 483 1892 540 velut
1913 482 2069 552 juve-
2094 483 2146 543 Α
2170 479 2369 536 Paulus
2391 494 2408 534 :
2427 477 2731 534 Imitatores
2755 476 2858 532 mei
2880 483 3059 537 estote,
3088 473 3187 545 ﬁlii
3210 473 3539 540 charissimi,
3564 476 3701 532 sicut
3717 489 3762 534 et

484 585 578 642 nili
608 593 788 643 mlttte,
826 583 881 636 in
916 580 1113 651 populo
1141 581 1231 636 Dei
1262 596 1444 651 regum
1485 588 1725 649 tempora
1766 584 2065 646 cmperunt.
2107 570 2111 574 ’

484 675 611 732 Hmc
644 686 875 742 namque
917 672 971 726 in
1018 670 1330 726 hominibus
1373 680 1537 735 aetas,
1566 679 1687 740 apta
1722 667 2072 738 gubernando

486 765 625 822 solet
657 764 891 819 existere
920 777 1106 832 regno.
1160 761 1292 816 Item
1339 762 1393 815 in
1438 760 1666 817 eadem:
1705 760 1906 828 Quarta
1940 768 2072 814 mtas

485 854 675 910 mundi
706 870 811 907 non
843 852 1015 907 solum
1044 866 1165 905 cum
1200 852 1455 907 inchoato
1480 852 1655 923 gentis
1682 850 1878 906 Judtete
1903 851 2074 919 impe-

483 947 589 1007 rio.
621 946 716 1001 sed
745 954 799 999 ct
825 960 947 1001 cum
976 936 1229 999 innovata
1266 944 1647 1014 promissione,
1673 960 1794 1014 qua:
1820 941 2074 998 Patribus

487 1041 619 1097 olim
647 1040 769 1095 data
791 1045 892 1101 est,
921 1037 1131 1108 imperii
1155 1036 1450 1093 Christiani
1478 1038 1643 1092 sumit
1669 1036 1976 1101 exordium,
1992 1033 2075 1102 ju-

486 1139 645 1188 ranle
670 1131 898 1185 Domino
916 1129 1083 1183 David
1115 1130 1421 1192 veritatem,
1441 1129 1508 1185 de
1532 1129 1709 1184 fructu
1732 1128 1938 1184 ventris
1958 1127 2074 1197 ejus

487 1222 683 1278 sedere
723 1235 883 1290 super
909 1219 1090 1274 sedem
1131 1218 1265 1288 ejus.
1311 1218 1424 1274 Non
1467 1220 1738 1275 immerito
1764 1221 1952 1276 eadem
1985 1220 2074 1276 die

487 1324 542 1372 et
584 1314 771 1369 eadem
810 1312 1147 1368 bebdomada
1186 1313 1558 1369 catechumeni
1589 1311 1656 1366 ad
1689 1326 1884 1366 nomen
1914 1310 2076 1366 Chri-

488 1406 722 1461 stianum
775 1404 1075 1467 accedunt,
1124 1419 1244 1474 quae
1291 1402 1635 1475 praeﬁguraa
1683 1411 1767 1458 est
1804 1418 1835 1456 a
1881 1411 2075 1472 quarta

486 1508 646 1556 aetate
682 1497 942 1562 hominis,
972 1496 1025 1552 id
1053 1505 1157 1561 est,
1186 1495 1433 1567 juvenili,
1472 1511 1592 1566 qua:
1619 1504 1741 1565 apta
1769 1503 1851 1549 est
1877 1495 1945 1550 ad
1973 1510 2075 1565 gu-

483 1592 777 1650 bernacula
809 1591 1062 1661 imperii:
1107 1597 1158 1644 et
1193 1591 1261 1644 ah
1295 1590 1483 1644 eadem
1511 1597 1669 1644 aetate
1702 1588 1913 1651 smculi,
1957 1601 2078 1657 quae

486 1682 741 1738 innovata
774 1692 860 1737 est
898 1696 964 1735 ex
1005 1681 1364 1751 promissione
1395 1678 1544 1751 regni
1589 1678 1811 1734 Christi.
1856 1680 1934 1733 De
1969 1692 2079 1747 quo

484 1788 657 1845 regno
684 1772 903 1827 Gabriel
931 1771 1289 1843 archangelns
1322 1768 1503 1825 Maris!
1529 1784 1543 1822 :
1572 1768 1671 1823 Hic
1702 1769 1798 1823 erit
1833 1784 2074 1837 magnus,

2168 589 2261 644 ego
2287 571 2501 626 Christi.
2517 570 2810 627 ldentidem
2841 568 2972 624 dicit
2989 566 3349 639 Apostolicus,
3370 570 3640 638 quamvis
3662 586 3760 628 non

2167 663 2371 727 verbis,
2407 661 2662 731 operibus
2703 668 2885 715 tamen
2936 659 3240 714 imitatores
3284 659 3391 714 mei
3417 667 3638 724 estote,
3675 661 3759 720 lilii

2169 754 2307 819 mei,
2361 754 2501 809 sicut
2542 761 2598 808 et
2640 768 2739 824 ego
2772 751 2974 808 Mariae.
3028 750 3577 822 Unde'Augustinus
3614 768 3762 824 super

2170 842 2435 899 Joannem
2461 861 2473 897 :
2506 842 2733 897 Factum
2760 841 3034 906 audimus,
3052 840 3371 912 mysterium
3394 840 3756 910 requiramus.

2173 935 2520 1004 Quaecunque
2545 932 2726 988 anima
2756 931 2932 987 ﬁdelis
2952 932 3036 986 vis
3057 945 3179 988 esse
3202 930 3586 1003 Marianunge
3610 936 3759 1004 pedes

2174 1025 2390 1081 Domini
2440 1025 2840 1095 pretiosissimo
2894 1032 3187 1094 unguento.
3238 1022 3601 1093 Unguentum
3643 1027 3757 1083 illud

2166 1114 2379 1186 justitia
2407 1115 2531 1182 fuit,
2569 1116 2691 1171 ideo
2718 1115 2855 1170 libra
2884 1114 3004 1168 fuit.
3038 1114 3105 1169 Et
3140 1114 3374 1169 iterum:
3420 1113 3589 1186 Unge
3614 1118 3756 1187 pedes

2174 1207 2386 1264 Domini
2419 1208 2556 1262 bene
2577 1207 2827 1271 vivendo,
2858 1202 3135 1260 Dominica
3162 1214 3378 1260 sectare
3396 1206 3654 1276 vestigia,
3674 1222 3754 1262 α.

2174 1298 2319 1371 pillis
2352 1307 2539 1369 terge;
2580 1297 2623 1353 si
2656 1297 2826 1351 habes
2859 1296 3161 1366 superﬂua,
3210 1296 3278 1350 da
3322 1295 3681 1366 pauperibus,
3710 1306 3755 1352 et

2175 1392 2341 1463 pedes
2370 1390 2584 1445 Domini
2621 1389 2855 1444 tersisti:
2883 1387 3065 1459 capilli
3090 1388 3234 1443 enim
3272 1386 3561 1457 superﬂua
3586 1403 3751 1460 mrpo-

2178 1485 2257 1539 ris
2285 1483 2575 1546 videntur;
2616 1482 2789 1537 habes
2820 1480 2967 1551 quod
3011 1495 3141 1551 agas
3182 1480 3248 1535 de
3292 1480 3599 1551 super-nuis
3644 1483 3749 1539 tuis.

2180 1576 2301 1631 Tibi
2333 1572 2605 1645 superﬂua
2632 1581 2783 1638 sunt,
2814 1571 2909 1627 sed
2938 1572 3149 1627 Domini
3178 1572 3413 1643 pedibus
3443 1576 3750 1642 necessaria,

2181 1666 2322 1722 forte
2344 1666 2488 1721 enim
2518 1665 2572 1719 in
2604 1673 2747 1719 terra
2775 1663 2988 1719 Domini
3013 1664 3241 1734 pedibus
3267 1666 3545 1737 indigent.
3568 1669 3638 1724 De
3655 1671 3751 1740 qui-

2180 1760 2282 1816 bus
2306 1758 2450 1814 enim
2479 1758 2582 1813 nisi
2614 1758 2682 1813 de
2710 1758 2971 1813 membris
3000 1756 3111 1812 suis
3136 1757 3191 1811 in
3231 1755 3341 1814 (ine
3385 1759 3632 1817 dicturus
3659 1771 3748 1831 est,

484 1873 533 1918 et
558 1863 702 1933 [ilius
729 1863 989 1918 Altissimi
1007 1864 1307 1917 vocabitur:
1331 1871 1378 1916 et
1400 1862 1547 1915 dabit
1569 1860 1648 1914 illi
1666 1860 1920 1915 Dominus
1936 1857 2077 1913 Deus
2106 1854 2153 1914 Β
2181 1865 2303 1906 cum
2334 1850 2424 1905 uni
2455 1863 2520 1903 ex
2558 1848 2796 1903 minimis
2820 1848 2958 1903 meis
2984 1845 3214 1909 fecistis,
3243 1848 3378 1902 mihi
3408 1848 3650 1907 fet-istis?
3674 1869 3751 1908 su-

483 1955 658 2010 sedem
685 1952 853 2009 David
882 1956 1046 2025 patris
1072 1953 1209 2025 ejus,
1234 1964 1281 2008 et
1312 1952 1547 2023 regnabit
1569 1953 1624 2005 in
1649 1950 1804 2005 domo
1830 1950 1996 2006 Jacob
2018 1952 2074 2005 in

485 2056 759 2100 wternum.
796 2044 937 2099 Deda
969 2046 1022 2099 in
1052 2045 1195 2099 Luca
1221 2063 1234 2097 :
1268 2043 1489 2113 Accepit
1512 2051 1693 2096 autem
1720 2043 1927 2105 sedem,
1959 2042 2075 2098 sive

485 2151 714 2207 regnum
746 2135 915 2189 David
948 2134 1227 2196 Dominus,
1260 2140 1321 2186 ut
1345 2140 1560 2204 gentem
1586 2131 1673 2186 cui
1710 2129 1879 2185 David
1905 2145 2078 2199 quon-

487 2226 615 2283 dam
644 2226 955 2296 temporalis
992 2225 1140 2295 regni
1170 2222 1536 2295 gubernacula
1564 2221 1725 2277 simul
1748 2229 1803 2276 et
1828 2220 2077 2290 exempla

480 2318 705 2389 iustitiae
726 2318 976 2389 praabuit,
1006 2330 1276 2386 quamque
1303 2312 1536 2369 modulis
1569 2313 1894 2384 hymnorum
1917 2310 2078 2382 spiri-

484 2409 671 2467 talium
697 2408 765 2462 ad
792 2407 952 2463 ﬁdem
983 2416 1146 2477 atque
1170 2419 1410 2460 amorem
1443 2405 1528 2459 sui
1556 2403 1857 2458 conditoris
1885 2417 2079 2459 accen-

485 2504 613 2558 dere
640 2501 882 2565 solel-at,
921 2501 1060 2554 hanc
1086 2500 1202 2568 ipse
1229 2497 1409 2562 factis,
1446 2482 1841 2560 verbisﬁionis
1866 2504 1921 2549 et
1945 2509 2077 2565 pro-

424 2632 429 2637 ι
484 2594 670 2649 missis
696 2600 909 2646 tantum
934 2591 1199 2646 mediator
1229 2588 1322 2643 Dei
1362 2596 1418 2642 et
1453 2588 1734 2642 hominum
1764 2587 1971 2656 dignis,
2010 2586 2080 2643 ad

485 2697 713 2755 regnum
735 2681 960 2737 cteleste
979 2689 1035 2735 et
1057 2677 1359 2734 immortale
1382 2686 1625 2743 vocaret,
1638 2686 1802 2747 atque
1818 2675 1886 2732 ad
1903 2677 2078 2748 ipsam

485 2769 581 2827 Dei
609 2771 790 2827 Patris
819 2770 1085 2826 visionem
1116 2769 1511 2823 introduceret.

1108 2903 1337 2961 CAPUT
1373 2903 1465 2958 IX.

691 3022 765 3076 De
794 3020 949 3075 tertia
974 3018 1225 3073 varietate
1250 3017 1456 3072 sabbati
1484 3025 1605 3072 ante
1634 3016 1874 3073 Palmm.

565 3134 811 3189 Varietas
843 3132 1001 3187 tertia
1035 3139 1120 3186 est
1155 3131 1383 3185 sabbato
1411 3140 1537 3185 ante
1578 3106 1837 3197 Palmasi
1857 3130 1975 3187 haec
1998 3136 2083 3187 est

2176 1942 2378 2015 perﬂua
2407 1951 2592 1998 vestra
2621 1941 2952 2013 impenditis,
2983 1941 3077 1996 sed
3109 1941 3340 2011 peiibus
3368 1944 3512 1998 meis
3536 1945 3752 2001 obsecuti

2176 2035 2328 2089 estis.
2360 2033 2563 2087 Domus
2610 2040 2789 2087 autem
2820 2033 3044 2103 impleta
3075 2040 3160 2087 est
3200 2047 3268 2087 ex
3294 2047 3330 2087 o
3349 2034 3463 2089 lore
3492 2038 3752 2106 unguenti,

2176 2127 2410 2182 mundus
2436 2124 2688 2195 impletus
2712 2132 2797 2180 est
2834 2122 2979 2179 fama
3010 2124 3151 2179 bona
3183 2124 3447 2181 mulieris.
3496 2126 3608 2183 Hoc
3643 2144 3754 2197 pre-

2177 2215 2532 2272 tiosissimum
2560 2215 2868 2286 exemplum
2897 2215 3146 2283 sequitur
3191 2216 3524 2286 apostolicus.
3551 2222 3752 2276 utinam

2176 2314 2232 2363 et
2256 2321 2355 2361 nos
2382 2320 2694 2375 sequamur.
2734 2304 3049 2375 Ubicunque
3070 2306 3219 2360 enim
3247 2307 3469 2385 eliciunt
3498 2288 3746 2364 Romani

2177 2398 2433 2454 Ecclesiae
2460 2397 2658 2469 agitur,
2691 2397 2808 2451 haec
2836 2396 2978 2451 fama
3006 2405 3295 2468 personat,
3341 2396 3587 2453 Dominus
3618 2416 3756 2470 popa

2176 2492 2555 2562 eleemosynam
2581 2490 2695 2544 dat.
2732 2489 2836 2546 Det
2878 2489 3022 2546 Deus
3047 2498 3107 2545 ut
3142 2499 3200 2546 et
3234 2490 3290 2545 in
3338 2491 3499 2546 nobis
3523 2506 3756 2562 perseve-

2179 2590 2364 2636 ranter
2394 2588 2582 2644 sonet,
2627 2588 2685 2635 et
2709 2588 2994 2650 acceptum
3024 2580 3096 2636 sit
3135 2581 3282 2650 quod
3332 2580 3549 2653 agimus
3588 2596 3755 2639 coram

2178 2674 2386 2746 angelis
2411 2664 2630 2730 Domini
2653 2674 2709 2729 in
2737 2674 3057 2729 memoriam
3090 2674 3284 2730 nostri.

2804 2765 3035 2823 CAPUT
3075 2766 3142 2821 Χ.

2444 2859 2524 2913 De
2544 2843 2735 2930 quarta
2758 2860 3015 2914 uarietate
3037 2860 3143 2914 diei
3174 2859 3521 2917 Palinurum.

2192 2944 2195 2949 “
2250 2954 2455 3021 Quarta
2488 2954 2725 3008 varietas
2771 2961 2855 3009 est
2896 2968 3018 3024 qua:
3057 2954 3253 3009 dicitur
3294 2953 3408 3011 diei
3457 2953 3752 3011 Palmam

2181 3043 2381 3101 Eadem
2411 3046 2497 3101 die
2523 3044 2786 3099 Dominus
2816 3047 2882 3100 dc
2909 3043 3172 3100 Bethania
3200 3044 3497 3101 descendit
3534 3045 3748 3102 nim

2183 3135 2312 3200 lem,
2344 3136 2560 3206 quando
2587 3137 2805 3191 obviam
2834 3139 2980 3192 venit
3008 3138 3058 3193 ei
3085 3124 3265 3202 turba,
3281 3137 3531 3194 Joannes
3559 3148 3752 3194 narrat:

490 3227 727 3284 varietas
751 3224 887 3293 ejus.
920 3220 1371 3289 Prmtitulatur'in
1409 3223 1853 3280 Sacramentario
1891 3236 2080 3281 nostro
2105 3217 2151 3279 C
2182 3227 2251 3283 In
2274 3227 2563 3281 crastinum
2589 3241 2765 3282 autem
2789 3228 2943 3282 turba
2970 3227 3155 3293 multa,
3182 3244 3303 3298 qua:
3326 3239 3540 3284 uenerat
3559 3230 3756 3284 addicta

488 3327 544 3373 et
588 3319 641 3372 in
684 3315 1109 3386 Antiphonario,
1144 3314 1374 3370 Sabbato
1404 3328 1596 3370 vacat:
1638 3317 1895 3373 Dominus
1942 3336 2082 3390 papa

487 3411 871 3480 eleemosynam'
892 3410 1004 3463 dat.
1038 3408 1291 3480 Cogitare
1324 3418 1541 3480 Oportet
1566 3426 1737 3480 quare
1776 3412 1963 3466 eadem
1995 3413 2084 3468 die

487 3507 829 3578 potissimum
877 3504 1223 3575 eleeznosyna
1272 3502 1555 3572 apostolici
1616 3503 1907 3560 recitetur.
1955 3518 2079 3558 cum

487 3611 584 3668 per
625 3611 789 3651 omne
835 3605 1049 3665 tempus
1090 3595 1217 3648 anni
1268 3593 1615 3664 eleemosyna
1651 3593 1935 3648 tribuenda
1986 3594 2078 3647 sit.

498 3687 596 3744 Ubi
619 3687 915 3742 notandum
941 3686 1082 3755 quod
1111 3700 1171 3740 ea
1196 3700 1318 3754 quae
1343 3685 1634 3739 recolitnus
1658 3683 1895 3738 cultibus
1914 3684 2084 3739 eccle-

491 3780 727 3837 siasticis
762 3779 906 3834 circa
938 3778 1247 3849 passionem
1294 3776 1505 3832 Domini
1544 3783 1598 3830 et
1627 3777 2080 3832 resurrectionem

490 3873 653 3943 attjue
686 3871 1059 3925 ascensionem
1092 3870 1147 3925 in
1175 3870 1365 3933 cwlos,
1399 3869 1452 3922 in
1484 3869 1932 3923 memorationem
1964 3868 2083 3922 illa-

489 3982 611 4021 runt
635 3980 817 4020 rerum
858 3978 977 4033 qua:
1018 3978 1117 4019 suo
1157 3963 1210 4018 in
1257 3972 1502 4033 tempore
1539 3971 1773 4032 peracta:
1810 3968 1937 4017 sunt
1961 3961 2079 4030 agi-

492 4079 650 4128 mus;
691 4060 833 4116 unde
877 4061 1116 4131 quotidie
1162 4060 1394 4114 dicimus
1441 4058 1495 4112 in
1542 4054 1812 4113 sacriﬁcio
1858 4057 2077 4111 missas:

493 4156 913 4223 Quotiescunque
953 4154 1063 4207 haec
1110 4153 1372 4222 feceritis,
1413 4152 1469 4205 in
1515 4150 1617 4205 mei
1662 4151 1968 4204 memoriam
1997 4150 2082 4219 fa-

490 4248 657 4302 cietis.
685 4245 958 4301 Habemus
976 4260 1112 4315 opus
1139 4244 1454 4314 praecedens
1473 4242 1829 4313 eleemosynze
1850 4256 2085 4313 putescu-

492 4340 563 4394 tis
590 4338 823 4402 sabbati,
868 4338 1011 4406 quod
1050 4336 1324 4391 imitemur
1360 4343 1415 4390 et
1454 4334 1521 4389 ad
1561 4334 1880 4389 memoriam
1906 4332 2081 4387 nostri

491 4432 833 4485 reducamus.
871 4430 991 4485 lnlit
1015 4434 1296 4502 symm‘sta
1325 4429 1597 4487 Joannes:
1640 4449 1658 4479 t
1684 4430 1824 4487 Ante
1848 4445 1941 4485 sex
1965 4429 2081 4484 dies

491 4521 717 4577 Pascha:
739 4522 885 4576 venit
907 4520 1063 4577 Jesus
1087 4523 1142 4575 in
1172 4523 1488 4577 Bethaniam
1515 4522 1605 4576 ubi
1634 4520 1813 4577 fuerat
1842 4523 2082 4576 Lazarus

493 4621 760 4675 mortuus,
783 4629 942 4681 quem
973 4614 1286 4667 suscitavit:
1317 4613 1561 4668 iecerunt
1586 4621 1768 4668 autem
1794 4612 1843 4668 ei
1867 4627 2079 4668 orenam

491 4703 588 4760 ibi.
633 4723 651 4754 ι
686 4702 752 4757 Et
778 4711 901 4773 post
929 4716 1137 4771 pauca:
1182 4721 1201 4753 ι
1252 4701 1420 4757 Maria
1466 4717 1597 4772 ergo
1640 4703 1849 4773 accepit
1885 4703 2080 4759 libram

493 4794 754 4867 unguenti
788 4793 941 4848 nardi
973 4792 1147 4863 pislici
1178 4794 1428 4864 pretiosi,
1457 4803 1514 4849 et
1556 4793 1710 4849 unxit
1737 4795 1904 4865 pedes
1927 4794 2079 4864 Iesu,

490 4897 540 4941 et
566 4886 795 4941 extersit
820 4884 1031 4957 capillis
1062 4886 1176 4940 suis
1208 4886 1375 4963 pedes
1402 4886 1521 4958 ejus
1554 4894 1609 4943 et
1636 4888 1828 4943 domus
1858 4887 2076 4958 impleta

488 4987 574 5034 est
593 4994 659 5034 ex
686 4975 852 5031 odore
872 4977 1152 5047 unguenti.
1187 4997 1206 5029 ι
1230 4976 1311 5032 Ad
1336 4976 1761 5048 indignationem
1785 4975 1938 5033 Judae
1960 4992 2083 5046 pro-

489 5071 701 5129 ditoris.
724 5066 880 5137 juxta
915 5066 1243 5128 Matlhmum.
1277 5069 1350 5123 ita
1381 5068 1641 5123 Dominus
1665 5068 1920 5125 testiﬁcat
1936 5084 2074 5139 opus

488 5162 768 5217 mulieris:
813 5159 957 5227 Quid
982 5159 1184 5215 molesti
1208 5162 1331 5215 estis
1356 5160 1477 5214 huic
1507 5160 1718 5214 mulieri
1744 5162 1768 5214 ?
1807 5159 1951 5231 Opus
1979 5161 2073 5215 bo-

491 5269 615 5307 num
644 5263 857 5325 aperata
880 5262 955 5307 est
986 5251 1042 5306 in
1071 5267 1171 5307 me.
1198 5249 1340 5306 Nam
1368 5267 1571 5322 semper
1591 5267 1845 5323 pauperes
1875 5251 2074 5307 habetis

490 5348 794 5413 vobiscum;
829 5363 911 5401 me
949 5344 1271 5401 autemnon
1314 5361 1517 5417 semper
1543 5343 1817 5400 habebitis.
1857 5344 1923 5401 Et
1951 5353 2077 5416 post

489 5454 662 5511 pauca
686 5459 699 5495 :
722 5439 889 5495 Amen
911 5439 1029 5494 dico
1054 5439 1215 5504 vobis,
1231 5438 1521 5509 ubicunque
1543 5438 1703 5509 fuerit
1726 5439 2074 5509 prtrdiratum

491 5527 590 5583 hoc
621 5529 962 5601 Evangelium
1007 5531 1061 5585 in
1108 5540 1217 5585 toto
1248 5530 1444 5585 mundo
1472 5528 1678 5585 dicetur
1711 5539 1760 5585 et
1785 5530 1927 5601 quod
1958 5531 2073 5587 hac

493 5618 635 5689 fecit,
665 5622 720 5676 in
745 5625 1051 5679 memoriam
1074 5623 1208 5695 ejus.

552 5710 891 5782 Apostolicus
901 5716 1003 5778 vir,
1028 5716 1082 5772 in
1106 5718 1421 5774 memoriam
1438 5719 1801 5775 devotissimte
1812 5718 2073 5787 mulieris,

496 5804 756 5861 membris
787 5805 987 5862 Christi
1036 5808 1167 5863 facit
1211 5810 1353 5879 quod
1396 5810 1512 5880 ipsa
1551 5810 1683 5867 fecit
1711 5814 1893 5884 capiti.
1938 5812 2081 5870 Dicit

2188 3318 2397 3389 festum,
2428 3334 2547 3372 cum
2575 3318 2809 3372 audisset
2841 3320 2968 3389 quia
2994 3318 3128 3372 venit
3156 3318 3212 3371 in
3239 3317 3659 3390 Hierosolymam
3678 3318 3756 3373 le-

2185 3427 2296 3471 sus,
2326 3420 2637 3482 acceperunt
2683 3428 2857 3466 ramos
2897 3414 3195 3482 palmarum
3222 3422 3270 3466 et
3301 3424 3651 3483 processerunt
3672 3415 3758 3469 ob-

2184 3503 2323 3557 viam
2349 3504 2397 3556 ei
2424 3513 2473 3556 et
2501 3502 2857 3557 clamauerunt
2878 3518 2896 3555 :
2915 3502 3191 3570 "osanna,
3207 3504 3511 3561 benedictus
3528 3507 3613 3577 qui
3634 3505 3757 3562 venit

2185 3595 2239 3648 in
2262 3595 2472 3647 nomine
2492 3592 2705 3649 Domini
2741 3610 2834 3649 res:
2863 3593 3052 3649 Israel.
3078 3596 3135 3651 In
3160 3598 3488 3653 memoriam
3516 3598 3652 3652 illius
3669 3599 3757 3663 rei,

2186 3701 2288 3741 nos
2316 3702 2411 3756 per
2443 3685 2703 3741 ecclesias
2729 3697 2944 3742 nostras
2974 3688 3213 3744 solemus
3239 3699 3469 3760 portare
3500 3706 3687 3753 ramos,
3706 3698 3757 3745 et

2186 3779 2446 3843 clamare,
2480 3777 2756 3834 Hosanna.
2788 3780 2970 3847 Quare
3007 3782 3220 3837 venerit
3249 3781 3614 3846 Hierusalem,
3636 3782 3758 3837 Beia

2186 3874 2240 3929 in
2274 3873 2459 3928 Marco
2486 3888 2553 3927 ex
2593 3874 2920 3929 testimoniis
2966 3873 3373 3945 Scripturarum
3411 3876 3642 3947 putuit,
3684 3874 3758 3929 die

2185 3979 2355 4021 cens:
2416 3966 2896 4038 Appropinquante
2948 3976 3129 4023 autem
3174 3975 3430 4039 tempore
3474 3966 3758 4040 passionis,

2185 4058 2622 4128 appmpinquare
2646 4057 2820 4112 voluit
2849 4056 3110 4112 Dominus
3135 4059 3253 4112 loco
3271 4058 3477 4128 passio.
3497 4059 3561 4121 is,
3590 4056 3760 4125 ibique

2184 4150 2468 4220 proximus
2498 4163 2736 4211 manere.
2777 4149 2867 4203 ubi
2902 4149 3196 4204 constituto
3242 4163 3308 4204 ac
3353 4147 3623 4218 praeﬁnito
3653 4154 3761 4200 ante

2188 4241 2385 4297 sarcula
2425 4250 2665 4313 tempore
2694 4241 2924 4297 inveniri
2953 4250 3136 4312 posset
3163 4241 3233 4296 ab
3255 4241 3358 4306 eis,
3400 4256 3502 4310 per
3525 4256 3660 4311 quos
3682 4253 3761 4293 ea-

2185 4332 2309 4387 dem
2339 4332 2521 4403 passio
2548 4340 2670 4386 erat
2693 4330 3030 4400 complenda.
3067 4330 3133 4387 Et
3162 4339 3285 4401 post
3310 4346 3485 4402 pauca
3513 4349 3529 4385 :
3558 4331 3648 4387 ubi
3672 4344 3761 4385 uti

2185 4430 2560 4501 pra-tereunda
2593 4427 2812 4483 silentio
2853 4435 2937 4483 est
2978 4443 3085 4483 non
3133 4435 3343 4482 tantum
3385 4428 3678 4484 concordia
3714 4426 3759 4478 in

2190 4522 2382 4584 rebus,
2422 4536 2613 4576 verum
2654 4519 2819 4575 etiam
2864 4519 2917 4574 in
2954 4520 3286 4590 temporibus
3312 4517 3538 4574 Veteris
3570 4527 3628 4574 et
3648 4514 3761 4572 limi

2190 4612 2545 4677 Testamenti,
2574 4613 2780 4668 umbrae
2800 4621 2859 4667 et
2884 4611 3150 4677 veritatis,
3199 4609 3335 4682 legis
3372 4619 3431 4664 et
3479 4606 3761 4683 Evangelii.

2185 4704 2461 4774 Scriptum
2487 4711 2573 4758 est
2622 4718 2858 4774 namque
2900 4703 2953 4758 in
2994 4703 3149 4773 lege,
3194 4700 3409 4756 dicente
3453 4701 3685 4756 Domino
3708 4696 3768 4752 ad

2183 4795 2404 4867 Moysen
2430 4805 2487 4851 et
2512 4796 2691 4852 Aaron
2715 4814 2729 4851 :
2766 4796 2961 4851 Mensis
2997 4798 3097 4851 iste
3121 4796 3261 4851 vobis
3285 4796 3613 4867 principium
3640 4811 3772 4848 men-

2180 4889 2340 4953 sium,
2368 4890 2570 4959 primus
2589 4888 2685 4942 erit
2708 4888 2764 4943 in
2790 4887 3051 4942 mensibus
3074 4888 3218 4941 anni.
3252 4885 3558 4957 Loquimini
3571 4885 3641 4937 ad
3663 4883 3772 4936 sni-

2180 4995 2386 5034 vetsum
2410 4988 2599 5033 cretum
2626 4977 2861 5047 filiorum
2889 4977 3089 5040 Israel,
3131 4987 3179 5032 et
3215 4977 3375 5031 dicite
3400 4977 3483 5031 eis
3506 4992 3526 5031 :
3565 4975 3774 5030 Decimo

2183 5072 2270 5126 die
2292 5074 2484 5127 mensis
2510 5072 2669 5141 hujus
2706 5071 2857 5125 tollat
2885 5072 3239 5143 unusquisque
3272 5086 3471 5139 agnum
3497 5085 3597 5139 per
3627 5066 3777 5137 fanti-

2181 5164 2284 5219 lias
2310 5174 2360 5219 et
2390 5163 2571 5218 domos
2599 5180 2745 5218 suas.
2775 5162 2841 5219 Et
2868 5164 3031 5234 paulo
3074 5170 3228 5233 post:
3255 5160 3324 5215 Et
3350 5159 3639 5214 seruabitis
3664 5172 3775 5212 ett-

2182 5272 2346 5329 usque
2366 5255 2436 5310 ad
2455 5265 2699 5328 quartam
2724 5256 2980 5311 decimam
3007 5256 3147 5310 diem
3173 5254 3367 5309 mensis
3387 5252 3576 5322 hujus,
3602 5254 3777 5306 immo-

2182 5347 2410 5421 labitque
2448 5364 2568 5403 eum
2602 5348 2848 5403 universa
2887 5346 3169 5402 multitudo
3208 5345 3444 5416 ﬁliorum
3484 5342 3669 5399 Israel
3714 5338 3777 5395 ed

2179 5455 2467 5511 uesperam.
2498 5438 2714 5495 Decima
2741 5454 2872 5510 ergo
2900 5438 2989 5495 die
3034 5438 3235 5494 mensis
3271 5435 3432 5507 primi
3477 5450 3663 5506 agnus
3690 5430 3780 5504 qui

2179 5535 2236 5592 in
2262 5533 2468 5591 Pascha
2498 5516 2889 5597 immolaretur,
2918 5532 3137 5588 domum
3166 5528 3434 5586 introduci
3449 5528 3651 5599 jussus
3672 5530 3781 5587 est.

2183 5625 2307 5699 quia
2336 5633 2393 5681 et
2417 5624 2680 5681 Dominus
2704 5624 2913 5681 decima
2935 5623 3024 5680 die
3045 5621 3285 5692 ejusdem
3312 5619 3537 5683 mensis,
3562 5618 3678 5674 hoc
3694 5621 3782 5672 est

2183 5728 2309 5777 ante
2337 5721 2575 5791 quinque
2597 5718 2713 5775 dies
2742 5718 2988 5785 Pascha,
3009 5718 3066 5776 in
3092 5718 3371 5775 civitatem
3397 5716 3453 5773 iu
3484 5729 3597 5788 qua
3621 5719 3785 5786 pato-

2182 5819 2336 5868 retur
2358 5812 2634 5883 ingressus
2661 5823 2764 5868 est.
