3978 6478
235 392 367 459 1009

835 508 1060 565 CAPUT
1098 509 1190 564 XI.

229 607 304 663 De
325 605 503 677 quinta
529 601 776 656 varietate
799 611 1004 670 quam:
1025 602 1172 671 feria:
1196 603 1413 673 majoris
1438 601 1795 657 hebdomadas.

295 699 488 766 Quinta
521 696 758 750 varietas
795 703 880 749 est
922 696 973 748 in
1005 704 1197 763 quarta
1242 694 1373 750 feria
1406 703 1526 766 post
1566 695 1796 761 Palmas,

227 805 341 861 quae
370 788 531 842 habet
557 787 872 841 varietatem
903 793 958 840 et
985 785 1339 854 adjectiouem
1370 787 1529 842 unius
1552 787 1800 842 lectionis

225 889 276 937 et
308 878 462 932 unius
497 876 854 947 rcsponsorii,
888 892 1010 930 crm
1052 877 1288 947 quinque
1326 877 1587 941 versibus,
1633 892 1698 932 ac
1732 892 1801 931 ex

221 974 466 1046 passione
490 972 723 1036 Domini,
755 987 874 1040 quae
906 988 970 1028 ea
999 970 1086 1024 die
1118 970 1332 1042 legitur,
1375 985 1579 1025 necvon
1612 971 1798 1038 etiam,

219 1073 275 1120 ut
296 1063 556 1134 scriptum
583 1060 847 1116 habemus
874 1062 927 1115 in
956 1061 1133 1116 libello
1154 1061 1245 1129 qui
1276 1062 1495 1126 dicitur,
1525 1060 1798 1118 Romanus

218 1157 379 1221 Ordo,
406 1169 477 1210 ex
501 1168 640 1226 genu
671 1153 922 1209 ﬂexione.
951 1154 1167 1207 lntimat
1191 1153 1532 1224 supradictus
1561 1153 1798 1218 libellus,

217 1265 280 1306 ex
303 1249 546 1304 Romana
577 1249 969 1304 consuetudine
997 1248 1194 1303 debere
1215 1247 1403 1302 eadem
1434 1246 1520 1302 die
1547 1255 1672 1300 ante
1695 1261 1797 1315 pu-

215 1341 408 1397 blicum
436 1341 669 1398 oliicium
699 1343 996 1404 orationes,
1030 1356 1168 1411 quas
1193 1340 1426 1395 solemus
1455 1341 1508 1394 iu
1533 1349 1684 1395 sexta
1715 1337 1794 1392 l'e-

216 1433 292 1487 ria
321 1447 504 1504 agere,
544 1433 780 1488 recitari.
817 1431 954 1500 Quid
984 1431 1210 1486 rationis
1237 1431 1510 1487 orationes
1539 1431 1794 1496 habeant,

212 1522 323 1580 sive
352 1524 405 1578 in
432 1533 624 1594 quarta
655 1524 814 1589 feria,
845 1525 959 1578 sive
991 1524 1040 1576 in
1073 1532 1247 1588 sexta,
1271 1524 1424 1593 juxta
1450 1523 1592 1592 quod
1620 1523 1798 1577 Domi-

209 1629 310 1668 nus
332 1613 562 1680 dederit,
588 1615 1080 1672 demonstrabimus
1102 1616 1156 1669 in
1181 1615 1315 1671 feria
1344 1631 1411 1670 ex
1436 1616 1594 1670 dictis
1621 1616 1795 1671 sancti

204 1704 491 1779 Augustini
521 1726 534 1762 :
565 1709 819 1778 praesenti
851 1725 979 1764 vero
1011 1723 1200 1778 parum
1230 1709 1587 1764 intimandum
1615 1716 1718 1764 est.

273 1799 437 1856 Lbet
464 1802 622 1858 modo
648 1802 884 1872 primum
919 1803 1099 1858 dicere
1127 1816 1226 1856 cur
1253 1802 1368 1857 haec
1396 1803 1634 1857 varietas
1666 1815 1792 1872 aga-

204 1897 292 1946 tur
333 1892 391 1946 in
431 1902 623 1961 quarta
667 1893 825 1958 feria,
870 1892 1136 1962 simulque
1179 1893 1432 1947 intimare
1471 1892 1788 1962 mysterium

200 1981 504 2038 varietatis.
549 1983 690 2038 Dicit
717 1983 1050 2054 Augustinus
1089 1985 1141 2038 in
1189 1982 1326 2040 libro
1362 1984 1429 2037 ad
1462 1982 1788 2038 Casulanum

197 2073 582 2143 presbyterum
629 2075 694 2130 de
731 2073 938 2144 jejunio
979 2076 1188 2130 sabbati
1241 2095 1253 2128 :
1303 2075 1508 2142 Quarta
1554 2076 1786 2141 sabbati,

199 2177 366 2232 quam
411 2165 568 2236 vulgo
603 2177 854 2235 quartam
898 2167 1084 2222 feriam
1115 2178 1344 2232 vocant,
1377 2168 1663 2224 consilium
1703 2185 1790 2223 re-

196 2257 488 2327 periuntur
526 2259 593 2313 ad
637 2259 992 2313 occidendum
1033 2258 1320 2314 Dominum
1363 2259 1558 2316 fecisse
1595 2258 1786 2315 Judtei.

196 2348 272 2404 Ex
301 2364 370 2404 eo
396 2350 824 2405 demonstratum
849 2360 934 2406 est
961 2367 1130 2422 quare
1151 2353 1389 2408 varietas
1413 2353 1686 2408 celebrata
1717 2353 1790 2408 sit

196 2440 250 2494 in
290 2453 593 2495 memorata
624 2441 779 2496 feria.
819 2441 1002 2497 Consil
1029 2459 1117 2496 um
1149 2443 1295 2498 enim
1335 2443 1579 2499 fecerunt
1615 2445 1788 2500 Judzei

195 2542 253 2586 ut
275 2535 592 2590 occiderent
623 2535 929 2590 Dominum.
969 2537 1121 2591 Sicut
1147 2547 1301 2592 actus
1325 2553 1537 2603 eorum,
1566 2540 1658 2608 qui
1687 2537 1791 2594 fuit

195 2623 246 2678 in
297 2634 457 2680 sexta
504 2627 736 2691 sabbati,
791 2627 857 2681 ad
903 2629 1218 2683 memoriam
1264 2627 1557 2693 reducitur,
1608 2629 1688 2684 sic
1733 2637 1789 2684 et

192 2717 486 2772 consilium
518 2733 729 2773 eorum.

261 2807 321 2863 In
349 2809 604 2879 utrisque
625 2809 878 2880 injuriam
903 2810 1403 2867 feceruntChristo.
1431 2809 1563 2866 Illud
1588 2819 1788 2881 myste-
1829 2836 1831 2838 ·

190 2899 336 2956 rium
359 2903 610 2958 continet
641 2918 882 2972 praesens
904 2903 1171 2969 alliciunt,
1202 2913 1262 2958 ut
1286 2903 1670 2974 intelligamus,
1702 2919 1788 2958 se-

189 2991 434 3046 cundum
457 2991 630 3046 Adam
656 3008 754 3063 pro
781 2993 956 3062 primo
980 2993 1152 3048 Adam
1181 3004 1452 3048 mortuum
1483 3009 1620 3057 esse,
1648 2995 1788 3050 sicut

188 3082 439 3151 psalmus
482 3085 695 3155 inquit:
734 3085 866 3152 Qute
911 3102 1013 3140 non
1055 3086 1238 3156 rapui,
1279 3095 1403 3139 tunc
1439 3085 1782 3138 exsolvebam.

189 3171 349 3231 Unde
377 3176 716 3248 Augustinus
748 3195 760 3231 :
793 3175 1025 3232 Omnino
1054 3192 1160 3231 non
1194 3176 1392 3246 rapuit,
1425 3176 1518 3230 sed
1550 3175 1671 3245 quis
1698 3192 1786 3229 ra-

186 3271 344 3340 puit?
373 3271 549 3325 Adam
579 3272 640 3342 1-.
674 3271 874 3326 Eadem
905 3271 992 3327 die
1025 3273 1343 3326 memoriam
1374 3280 1543 3324 nostri
1576 3269 1788 3326 reduci-

187 3371 279 3419 tur
329 3366 556 3421 crudele
606 3367 889 3422 consilium
934 3365 1276 3428 Judteorum,
1325 3375 1380 3420 et
1429 3366 1788 3420 mansuetudo

183 3451 429 3519 Christi;
479 3455 548 3511 de
593 3471 698 3524 qua
750 3456 1163 3521 mansuetudine
1201 3456 1332 3509 dicit
1370 3455 1463 3523 qui
1504 3471 1689 3524 supra,
1733 3455 1788 3508 in

182 3547 407 3616 psalmo
436 3563 560 3602 xuv
593 3566 606 3601 :
645 3547 823 3617 Usque
852 3550 987 3604 adeo
1015 3558 1349 3612 mansuetus,
1384 3557 1443 3602 ut
1468 3549 1705 3616 pendens
1735 3547 1788 3600 in

178 3656 382 3704 cruce,
429 3641 638 3696 diceret
679 3659 692 3694 :
740 3640 923 3705 Pater,
970 3643 1177 3710 ignosce
1216 3640 1345 3704 illis,
1391 3640 1512 3711 quia
1555 3640 1790 3693 nesciunt

172 3729 310 3800 quid
342 3727 557 3796 faciunt
585 3731 644 3798 οἷο.
679 3726 848 3796 Hujus
875 3730 1144 3799 exemplo,
1180 3730 1231 3784 id
1259 3738 1346 3784 est
1369 3729 1565 3798 capitis
1593 3727 1786 3794 nostri,

175 3819 482 3886 docemur,
521 3831 580 3875 ut
619 3830 812 3877 contra
852 3835 1068 3877 omnem
1110 3821 1360 3890 injuriam
1387 3836 1662 3876 armemus
1690 3835 1788 3876 nos

174 3911 359 3966 armis
403 3912 664 3968 orationis
706 3922 762 3968 et
803 3913 1097 3982 patientite,
1139 3914 1279 3968 sicut
1310 3913 1571 3982 scriptum
1610 3921 1697 3966 est
1735 3913 1789 3966 in

173 4002 492 4075 Evangelio
523 4022 536 4057 :
575 4002 737 4059 Orate
761 4020 858 4075 pro
883 4003 1304 4077 persequentibus
1334 4013 1380 4058 et
1410 4002 1787 4058 calumnianti-

179 4097 280 4152 bus
307 4112 427 4150 vos.

255 4187 564 4257 Postquam
597 4187 934 4257 tetigerimus
961 4189 1119 4244 olIicii
1149 4191 1467 4254 constituta,
1504 4191 1618 4259 ipsa
1647 4190 1786 4244 dilu-

181 4280 452 4336 cidahunt
495 4281 623 4350 quid
671 4282 724 4334 in
767 4297 825 4335 se
865 4281 1196 4336 contineant.
1239 4281 1498 4337 Introitus
1535 4290 1621 4336 est
1663 4301 1676 4335 :
1721 4281 1788 4335 In

181 4372 406 4426 nomine
437 4371 650 4426 Domini
679 4388 831 4426 omne
861 4389 998 4442 genu
1031 4373 1293 4441 ﬂectatur,
1327 4373 1641 4438 ctzlestium,
1685 4383 1789 4428 ter-

181 4463 442 4516 restrium
467 4473 516 4516 et
539 4463 902 4532 infernarum;
930 4463 1055 4533 quia
1081 4461 1332 4517 Dominus
1358 4464 1530 4533 {actus
1563 4473 1638 4517 est
1676 4463 1789 4517 obe-

181 4555 337 4609 diens
379 4571 542 4625 usque
577 4555 646 4608 ad
685 4566 935 4619 mortem,
972 4565 1191 4609 mortem
1220 4567 1393 4610 autent
1435 4559 1626 4622 crucis,
1667 4557 1784 4611 ideo

183 4643 455 4699 Dominus
481 4643 636 4698 Jesus
661 4643 899 4699 Christus
929 4645 986 4698 in
1009 4643 1181 4714 gloria
1208 4655 1280 4698 est
1308 4645 1405 4699 Dei
1433 4643 1633 4701 Patris.
1673 4645 1785 4700 No-

181 4752 304 4790 men
339 4736 557 4790 Domini
592 4736 645 4789 in
677 4735 794 4790 loco
823 4736 928 4790 isto
953 4751 1052 4805 pro
1083 4751 1140 4790 re
1175 4735 1434 4791 debemus
1460 4738 1780 4809 intelligere.

183 4823 349 4880 Unde
380 4824 700 4879 Ambrosius
729 4825 782 4878 in
810 4824 1109 4894 Epistulam
1137 4825 1205 4879 ad
1228 4824 1598 4896 Philippenses
1625 4845 1640 4882 :
1671 4829 1784 4884 No-

180 4930 308 4968 men
341 4913 570 4970 evidens
604 4923 706 4977 est,
737 4914 1008 4983 quomodo
1037 4930 1142 4969 non
1169 4915 1506 4979 vocabulum,
1541 4918 1635 4972 sed
1667 4933 1782 4972 rem

181 5006 488 5077 quamdam
519 5005 649 5060 dicit
682 5005 1002 5075 acquisitam
1030 5005 1078 5060 ei
1099 5046 1114 5070 ,
1152 5005 1294 5060 sicut
1319 5005 1446 5060 illud
1475 5008 1619 5076 quod
1648 5009 1785 5063 scri-
1817 4999 1824 5010 ⁸

180 5107 347 5170 ptum
384 5088 510 5152 est:
549 5095 616 5150 Et
655 5105 958 5166 cognoscent
991 5097 1116 5166 quia
1157 5111 1343 5150 nomen
1372 5095 1465 5148 tibi
1499 5094 1778 5165 Dominus,

181 5189 297 5246 hoc
324 5199 438 5253 est,
469 5189 724 5258 quoniam
753 5197 807 5242 tu
839 5188 1118 5242 Dominus.

257 5285 662 5354 I.:tcrprctatur
683 5298 812 5338 vero
837 5281 1034 5336 Paulus
1060 5281 1187 5350 quid
1212 5283 1285 5338 sit
1309 5282 1436 5337 illud
1465 5299 1682 5348 nomen,
1713 5285 1780 5341 In

184 5376 408 5432 nomine
424 5373 555 5430 Iesu
580 5391 728 5430 omne
747 5391 880 5445 genu
903 5375 1165 5446 ﬂectatur,
1190 5384 1247 5429 et
1270 5375 1494 5444 reliqua.
1519 5377 1558 5446 -ι-
1581 5377 1780 5444 Quam-

183 5467 278 5524 vis
309 5470 417 5525 ista
443 5467 764 5522 Ambrosius
795 5467 1022 5522 disserat
1050 5475 1174 5536 post
1205 5468 1511 5537 passionem
1545 5469 1777 5537 Domini,

188 5565 392 5621 tamen
411 5556 808 5623 nonabhorret
836 5571 866 5608 a
897 5572 1046 5618 vero,
1082 5557 1128 5610 si
1151 5558 1467 5627 dixerimus,
1494 5560 1780 5630 innomine

187 5645 413 5711 Domini
442 5663 601 5717 posse
640 5646 884 5715 intcltigi.
932 5647 984 5700 in
1030 5656 1307 5719 praecepto-
1338 5649 1568 5703 Domini.
1613 5649 1778 5706 Omne

183 5749 339 5806 genu
363 5737 814 5804 ﬂectaturcontra
843 5736 1067 5814 adversa
1099 5738 1304 5802 tnundi,
1335 5748 1394 5792 ut
1422 5741 1672 5810 superius
1697 5737 1780 5816 dif-

186 5833 356 5885 ctum
377 5837 483 5902 est,
512 5827 672 5888 Orate
693 5845 787 5910 pro
813 5829 1234 5908 persequentibus
1262 5839 1310 5888 et
1339 5830 1776 5894 calumniantibus

966 395 1054 450 DE
1092 395 1642 450 ECCLESIAS'I'ICIS
1681 397 1757 448 ω
1774 396 1970 449 ιατιωιδ
2007 393 2184 452 LIBRI
2222 395 2313 452 IV.
2354 427 2425 438 —-
2460 394 2586 452 LIB.
2628 396 2668 453 1.

1809 4599 1862 4660 D

3343 406 3482 464 1010

1827 511 1880 572 Α
1903 528 2010 566 vos.
2045 511 2128 568 Ad
2155 528 2316 582 quam
2355 529 2468 569 rem
2507 513 2954 585 signiﬁcandam.
2992 520 3269 576 orationes
3308 525 3484 594 praeli-

1899 603 2147 659 babimus
2187 619 2254 659 ex
2294 604 2534 660 Romano
2580 606 2789 676 ordine.
2840 605 3131 664 Intermisit
3177 624 3484 685 praeceptor

1897 693 2054 749 cilicii
2074 736 2089 760 ,
2120 694 2186 748 Et
2217 697 2384 749 omnis
2409 697 2588 767 lingua
2613 697 2942 766 conﬁteatur.
2974 697 3088 755 Hoc
3116 700 3317 758 bonum
3343 703 3485 763 bene

1898 787 2109 842 locutus
2137 801 2222 865 est
2245 789 2553 855 Apostolus.

1966 877 2175 933 Bonum
2233 889 2478 935 nostrum
2526 879 2694 936 Judaei
2748 881 3110 953 loquebantur
3162 887 3228 941 de
3279 886 3483 944 Christi

1899 983 2094 1038 morte,
2107 989 2227 1044 qua:
2246 977 2544 1031 intercessit
2560 991 2658 1047 pro
2675 977 2845 1032 salute
2861 987 3064 1041 nostra,
3085 982 3179 1035 sed
3199 983 3336 1037 male
3355 998 3484 1052 pro-

1897 1064 2145 1122 ferebant
2167 1069 2380 1142 linguis.
2406 1070 2636 1127 Silentia
2659 1073 2851 1144 lingua:
2875 1074 3031 1129 docet
3059 1090 3156 1130 nos
3181 1084 3482 1146 prteceptor

1897 1156 2056 1213 ollicii
2096 1159 2268 1214 vitare
2307 1161 2503 1216 malum
2539 1161 2866 1218 Judaaorum.
2901 1164 3252 1221 Mansuetudo
3275 1165 3485 1223 Christi

1897 1247 2108 1313 orabat,
2136 1266 2297 1318 quam
2331 1268 2429 1307 nos
2460 1252 2752 1308 imitemur.
2783 1253 2989 1309 Sullicit
3013 1255 3082 1310 de
3113 1256 3356 1321 introitu,
3389 1256 3483 1327 qui

1895 1342 2130 1408 pertinet
2157 1345 2224 1397 ad
2255 1344 2554 1400 orationem
2576 1387 2591 1411 ,
2621 1363 2780 1416 quam
2813 1363 2911 1402 nos
2937 1363 3193 1404 exercere
3223 1349 3483 1405 debemus

1895 1429 1950 1484 in
1981 1429 2193 1500 injuriis
2227 1444 2655 1503 persccutorum.
2697 1436 2850 1492 Nunc
2877 1438 2944 1490 ad
2970 1439 3272 1493 orationem
3303 1440 3484 1495 missa:

1896 1532 2254 1589 transeamus,
2284 1525 2338 1579 in
2364 1541 2467 1595 qua
2496 1527 2633 1581 sicut
2659 1528 2711 1581 in
2737 1529 2949 1583 eteteris
2970 1531 3319 1598 sequentibus
3345 1545 3484 1584 mor-

1899 1621 2005 1670 tem
2038 1616 2239 1672 Christi
2270 1618 2684 1686 celebrabimus,
2708 1637 2870 1692 quam
2901 1631 3017 1676 erat
3053 1637 3149 1695 pro
3182 1623 3266 1676 noI
3292 1622 3336 1676 is
3365 1637 3485 1691 pas-

1895 1720 2076 1762 surus.
2119 1707 2364 1779 Regnum
2406 1711 2600 1766 mortis
2639 1728 2738 1767 nos
2780 1712 3111 1778 stimulabat,
3154 1714 3298 1783 quod
3337 1714 3486 1767 venit

1896 1797 2146 1855 Christus
2188 1803 2557 1859 reverberate.
2602 1804 2693 1860 Sic
2729 1806 2874 1860 enim
2917 1806 3047 1861 dicit
3083 1826 3097 1861 :
3141 1806 3244 1873 Qui
3291 1808 3483 1861 nostris

1891 1890 2186 1945 excessibus
2230 1893 2551 1947 incessanter
2596 1896 2902 1964 aﬂligimur,
2958 1912 3052 1965 per
3099 1893 3362 1965 Unigeniti
3405 1896 3484 1948 tui

1893 1979 2186 2046 passionem
2206 1980 2502 2036 liberemur.
2523 1983 2810 2038 Videamus
2832 1984 3138 2048 lectionem,
3158 2001 3277 2053 qua:
3296 1994 3484 2054 aperte

1891 2074 2197 2143 passionem
2229 2074 2441 2147 Domini
2469 2077 2824 2141 demonstrat,
2849 2078 3078 2132 dicendo
3103 2098 3115 2131 :
3142 2075 3362 2131 Oblatas
3383 2088 3482 2142 est,

1890 2167 2015 2236 quia
2059 2168 2169 2236 ipse
2206 2169 2386 2234 voluit,
2419 2180 2468 2223 et
2513 2187 2615 2224 non
2645 2171 2848 2240 aperuit
2889 2188 2946 2226 os
2985 2189 3159 2226 suum.
3201 2170 3268 2226 Et
3309 2172 3364 2226 in
3398 2186 3486 2226 se-

1891 2259 2198 2328 quentibus,
2241 2275 2339 2314 cur
2363 2259 2576 2316 oblatus
2605 2262 2708 2325 sit,
2747 2263 2923 2330 aperit
2961 2281 2973 2316 :
3023 2262 3085 2318 Si
3120 2264 3348 2333 posuerit
3387 2279 3484 2333 pro

1890 2359 2098 2418 peccato
2139 2351 2369 2405 animam
2409 2369 2594 2418 suam,
2641 2354 2825 2406 videbit
2866 2370 3036 2407 semen
3074 2353 3384 2423 Ιοηθιιτυιιηι,
3427 2360 3485 2409 et

1892 2439 2118 2507 reliqua.
2154 2439 2306 2494 Unde
2339 2439 2698 2512 Hieronymus
2731 2458 2743 2494 :
2780 2442 2836 2497 Si
2866 2443 3104 2510 posuerit
3132 2458 3230 2513 pro
3257 2452 3482 2512 peccato

1892 2532 2128 2586 animum
2165 2547 2318 2587 suam
2363 2533 2452 2587 ille
2491 2549 2652 2602 quem
2684 2533 2944 2590 Dominus
2979 2543 3262 2590 conterere
3290 2534 3482 2602 voluit,

1893 2624 2006 2678 sive
2037 2624 2324 2688 mandare,
2358 2625 2544 2678 videbit
2573 2641 2744 2680 semen
2788 2625 3109 2697 longa'vum,
3139 2626 3280 2696 quod
3321 2627 3484 2681 semi—

1891 2717 2041 2770 navit
2071 2733 2233 2787 super
2259 2719 2453 2771 bonam
2498 2729 2696 2772 terram
2717 2758 2733 2782 ,
2777 2719 2842 2772 de
2877 2735 2986 2788 quo
3013 2728 3068 2773 et
3106 2719 3158 2773 iu
3190 2717 3482 2787 Evangelia

1893 2809 2154 2877 scriptum
2195 2819 2281 2863 cst
2321 2827 2334 2862 :
2379 2809 2523 2864 Exitt
2564 2811 2653 2879 qui
2697 2811 2929 2864 seminat
2976 2812 3247 2866 seminare
3295 2825 3481 2865 semen

1892 2901 2114 2956 bonum.
2144 2903 2184 2972 ’ξ-
2210 2903 2504 2956 Audiamus
2545 2905 2949 2973 respousorium
2982 2923 2994 2958 :
3033 2905 3115 2958 Ne
3155 2917 3358 2960 avertas
3397 2907 3480 2974 fa-

1891 2994 2020 3046 ciem
2049 3004 2192 3046 tuam
2219 3012 2251 3046 α
2277 3011 2439 3064 puero
2467 3005 2576 3057 tuo,
2605 3007 2659 3050 et
2699 2996 2924 3066 reliqua.
2961 2996 3113 3052 Unde
3146 2997 3480 3068 Augustinus

1892 3085 1944 3140 in
1978 3085 2206 3141 Psalmis
2246 3105 2256 3140 :
2301 3087 2368 3140 Et
2406 3088 2520 3142 haec
2547 3091 2950 3144 commendatio
2975 3098 3060 3144 est
3095 3105 3124 3144 a
3164 3106 3332 3161 puero
3363 3099 3478 3158 tuo,

1891 3179 1943 3234 id
1970 3189 2072 3242 est,
2103 3197 2131 3233 a
2160 3197 2327 3250 parvo
2354 3182 2444 3250 qui
2477 3179 2591 3248 jam
2622 3183 2798 3237 caruit
2827 3185 3078 3253 superbia
3109 3199 3208 3253 per
3234 3183 3478 3252 discipli-

1891 3287 2013 3325 nam
2055 3271 2441 3327 tribulationis.
2476 3272 2514 3342 ’ξ-
2545 3273 2745 3328 Versus
2787 3274 2859 3327 ita
2896 3285 3046 3328 Sonat
3079 3290 3093 3328 :
3141 3271 3354 3329 Salvum
3399 3291 3480 3348 me

1889 3362 1995 3431 fac,
2025 3361 2182 3427 Deus,
2205 3363 2455 3433 quoniam
2487 3365 2815 3417 intraverunt
2857 3382 3006 3435 aqua,
3051 3381 3213 3435 usque
3250 3366 3319 3418 ad
3363 3367 3481 3419 ani-

1889 3469 2028 3505 mam
2061 3469 2226 3506 nteant
2245 3495 2260 3518 ,
2302 3454 2498 3521 inﬁxus
2523 3471 2636 3506 sunt
2665 3455 2717 3507 in
2746 3454 2870 3508 Iinto
2899 3455 3168 3524 profundi.
3209 3454 3360 3510 Unde
3386 3457 3481 3526 qui

1890 3559 2051 3612 supra
2081 3544 2134 3597 in
2159 3546 2348 3600 eodem
2381 3564 2392 3598 :
2423 3545 2784 3615 Pneiigurans
2810 3557 2864 3601 et
2916 3546 3312 3602 transformans
3340 3547 3392 3602 in
3419 3563 3480 3603 se

1891 3635 2160 3703 nosipsos,
2205 3635 2320 3688 haec
2351 3635 2472 3689 ait:
2505 3633 2720 3690 Salvum
2762 3655 2842 3692 me
2881 3638 2986 3707 fac,
3031 3637 3191 3698 Deus,
3232 3639 3481 3710 quoniam

1889 3725 2213 3778 intraverunt
2237 3742 2387 3794 aqua:
2408 3743 2571 3797 usque
2590 3727 2658 3780 ad
2681 3729 2908 3781 animum
2939 3746 3127 3784 meam.
3159 3729 3476 3794 Potuerunt,

1889 3815 1982 3884 qui
2013 3816 2282 3885 persecuti
2308 3824 2454 3878 sunt,
2476 3817 2639 3871 etiam
2663 3819 2929 3882 occidere,
2954 3821 3044 3874 sed
3076 3819 3310 3889 amplius
3333 3821 3478 3889 quod

1889 3906 2096 3962 faciant
2122 3924 2225 3962 non
2254 3909 2550 3964 habebunt.
2582 3909 2646 3964 Et
2667 3911 2828 3980 paulo
2854 3922 2972 3981 post
3003 3919 3016 3964 ':
3051 3910 3257 3980 lnfixus
3281 3928 3398 3966 sum
3423 3913 3479 3966 in

1887 3998 2013 4053 limo
2053 4001 2323 4070 profundi,
2364 4011 2413 4055 et
2455 4018 2560 4056 non
2602 4013 2677 4056 est
2723 4003 3034 4058 substantia.
3081 4004 3218 4072 Quid
3247 4005 3377 4059 dicit
3415 4004 3478 4058 li-

1888 4091 2072 4144 mum?
2110 4107 2179 4144 an
2227 4092 2373 4161 ipsos
2403 4094 2494 4161 qui
2539 4095 2810 4162 persecuti
2851 4094 3012 4148 sunt?
3053 4095 3118 4149 de
3166 4094 3294 4148 limo
3327 4095 3477 4150 enim

1888 4179 2066 4235 factus
2103 4189 2187 4235 est
2231 4183 2416 4245 homo,
2458 4183 2551 4237 sed
2594 4181 2942 4252 justificando
2978 4183 3043 4236 ad
3078 4183 3364 4252 justitiam.
3409 4183 3478 4239 Et

1887 4269 2048 4339 paulo
2089 4279 2212 4340 post
2243 4290 2256 4324 :
2288 4272 2378 4326 Isti
2411 4280 2589 4326 autem
2619 4289 2740 4326 cum
2780 4273 2940 4328 limus
2978 4272 3227 4344 profundi
3258 4283 3474 4342 essent,

1889 4361 2022 4415 hatsi
2070 4363 2122 4416 in
2171 4362 2295 4427 illis,
2347 4363 2398 4417 id
2442 4372 2544 4427 est,
2595 4371 2883 4416 tenuerunt
2925 4379 3030 4428 me,
3077 4362 3478 4434 prazvaluerunt

1889 4453 2379 4518 mihi,occiderunt
2405 4470 2491 4509 me
2514 4455 2572 4524 1-.
2589 4453 2803 4508 Primus
2828 4456 2987 4509 homo
3015 4471 3204 4524 passus
3229 4463 3315 4510 est
3339 4455 3478 4512 duas

1891 4556 2094 4599 mortes
2141 4563 2153 4597 :
2207 4553 2438 4598 mortem
2488 4545 2682 4598 animae
2728 4554 2783 4598 et
2827 4554 3055 4598 mortem
3102 4545 3362 4615 corporis.
3415 4545 3476 4602 In

1889 4634 2060 4705 prima
2106 4633 2357 4699 lectione,
2398 4645 2453 4690 et
2503 4634 2558 4688 in
2605 4635 2782 4706 primo
2829 4637 3169 4705 respousorio
3218 4637 3477 4693 recolitur

1885 4744 2032 4783 mors
2083 4729 2297 4793 animat,
2332 4729 2385 4782 in
2419 4727 2654 4783 secunda
2689 4738 2746 4783 et
2777 4729 2827 4783 in
2859 4732 3130 4794 secundo,
3174 4747 3322 4786 mors
3351 4747 3474 4786 cor-

1883 4823 2051 4892 poris.
2080 4821 2184 4877 Pro
2215 4823 2456 4892 utrisque
2483 4832 2726 4877 mortuus
2746 4832 2836 4886 est
2861 4823 3128 4877 Christus.
3161 4823 3314 4879 Unde
3341 4825 3472 4878 Am-

1883 4910 2098 4966 brosius
2140 4913 2192 4966 in
2233 4911 2473 4981 Epistola
2504 4912 2570 4965 ad
2597 4911 2907 4965 Corinthios
2941 4929 2954 4962 :
2989 4912 3220 4980 Sanguis
3259 4912 3471 4968 Domini

1885 5006 2201 5075 sanguinem
2231 5015 2476 5058 nostrum
2507 5004 2750 5066 redemit,
2780 5003 2831 5056 id
2857 5012 2962 5067 cst,
2990 5011 3156 5057 totum
3192 5003 3470 5060 hominem

1885 5094 2090 5148 salvum
2124 5094 2268 5148 fecit.
2317 5092 2454 5147 Caro
2485 5093 2629 5147 enim
2662 5091 2958 5148 Salvatoris
2998 5110 3096 5164 pro
3134 5093 3306 5148 salute
3347 5111 3472 5149 cor-

1881 5185 2050 5255 poris,
2091 5185 2312 5255 sanguis
2335 5200 2462 5240 vero
2503 5201 2602 5255 pro
2631 5188 2809 5241 anima
2840 5195 3020 5241 nostra
3051 5185 3252 5242 ell‘usus
3277 5195 3362 5241 est
3403 5188 3467 5258 Τ.

1882 5275 2098 5332 Primus
2128 5277 2288 5332 homo
2328 5293 2486 5332 unam
2519 5277 2708 5332 habuit
2743 5279 3001 5351 animam,
3041 5288 3324 5349 propterea
3355 5280 3467 5349 pri-

1883 5385 2028 5424 mum
2061 5373 2466 5440 responsorium
2502 5386 2642 5424 unus
2669 5385 2858 5424 versus
2882 5369 3144 5440 sequitur.
3178 5368 3465 5427 Videamus

1881 5463 2058 5533 primo
2097 5463 2366 5535 quomodo
2394 5463 2630 5518 secunda
2666 5463 2842 5516 oratio
2879 5469 3141 5533 congruat
3177 5461 3468 5518 intentioni

1881 5566 2090 5631 nostra:
2131 5575 2143 5610 :
2197 5556 2407 5627 deinde,
2455 5555 2725 5624 quomodo
2761 5554 2957 5613 lectio.
3009 5564 3283 5624 postremo
3329 5567 3466 5624 quo-

1881 5651 2040 5704 modo
2071 5649 2444 5719 responsorius
2466 5649 2554 5716 qui
2590 5648 2751 5702 habet
2775 5648 3013 5718 quinque
3038 5662 3248 5702 versus.
3273 5645 3462 5702 Oratio

1879 5743 2010 5797 dicit
2042 5761 2052 5794 :
2094 5742 2259 5804 Deus,
2301 5741 2521 5812 quipro
2559 5740 2708 5794 nobis
2733 5738 2784 5792 F
2787 5739 2936 5792 ilium
2958 5749 3104 5793 tuum
3128 5740 3299 5792 crucis
3321 5737 3464 5808 pati-

1878 5817 2056 5892 bulum
2101 5833 2274 5889 subire
2319 5831 2546 5903 voluisti,
2591 5842 2645 5888 ut
2676 5832 2873 5888 inimici
2912 5851 2945 5889 a
2984 5832 3130 5888 nobis
3173 5829 3460 5906 expellens
