3978 6480
487 339 618 394 1011

1505 324 1838 386 AMALARI]
1873 320 2307 378 PRESBYTERI
2349 319 2689 377 METENSIS

3632 319 3776 375 10B

483 454 810 519 potestatem.
859 442 1042 498 Lectio
1087 441 1289 498 referta
1337 448 1420 497 est
1453 439 1520 495 de
1545 439 1797 510 passione
1826 434 2060 498 Domini,
2089 433 2141 495 Α
2166 432 2425 499 fratrum,
2475 443 2528 488 et
2569 433 2875 503 pavimenta
2918 431 3186 500 ecclesiae,
3234 434 3524 489 nudantur
3581 434 3776 492 altaria

486 552 606 608 qua:
635 536 767 592 dicit
800 552 814 589 :
849 533 979 601 Quis
1009 543 1084 588 est
1123 535 1240 599 iste,
1273 535 1364 604 qui
1400 532 1535 587 venit
1561 531 1625 583 de
1666 527 1858 590 Edam,
1894 525 2067 579 tinctis

488 629 711 686 vestibus
732 627 796 682 de
818 626 984 680 Bosra
1003 626 1028 680 .’
1047 623 1113 679 Et
1145 627 1337 680 iterum
1368 642 1378 676 :
1412 619 1665 674 Torcular
1690 617 1884 672 σηιεαυὶ
1905 613 2066 669 solus.

487 719 547 776 In
579 720 777 790 quibus
801 717 982 772 verbis
1011 714 1145 770 nihil
1178 715 1319 769 aliud
1360 712 1594 774 redolet,
1628 711 1730 765 nisi
1761 709 2068 780 angelorum

489 810 791 882 inquisitio,
837 824 936 864 cur
983 807 1208 863 haberet
1245 804 1492 860 Christus
1539 803 1704 856 tincta
1749 801 2071 855 vestimenta

489 902 774 974 sanguine,
807 907 862 956 et
885 895 1010 968 'ejus
1034 896 1333 967 responsio,
1361 894 1485 965 quia
1511 891 1746 946 torcular
1767 890 1964 945 calcavi
1989 905 2073 945 s0-

490 992 594 1048 ιω.
634 991 816 1060 Quare
843 989 946 1046 hoc
975 997 1186 1062 ageret,
1225 988 1278 1042 in
1314 986 1419 1041 ﬁne
1444 985 1688 1041 lectionis
1713 981 1949 1038 audituri
1978 993 2070 1054 su-q

491 1101 616 1142 mus
644 1101 713 1142 ex
739 1084 1034 1156 gratiarum
1062 1079 1292 1144 actione,
1319 1094 1439 1148 quae
1469 1077 1599 1133 dicit
1632 1095 1642 1130 :
1677 1073 2073 1128 Miserationum

491 1175 708 1232 Domini
753 1173 1082 1238 recordabar,
1131 1170 1340 1224 laudem
1386 1169 1596 1222 Domini
1637 1183 1794 1236 super
1838 1164 2077 1218 omnibus

493 1285 610 1327 aute
652 1266 877 1321 reddidit
918 1265 1082 1319 nobis.
1127 1262 1486 1332 Hieronymus
1521 1261 1574 1313 in
1613 1259 1748 1312 lsaia
1786 1255 2075 1321 :Pressus,

496 1359 692 1430 inquit,
721 1356 962 1428 pondere
1004 1355 1268 1410 malorum
1302 1354 1355 1407 in
1400 1351 1544 1406 nullo
1587 1350 1691 1404 alio
1734 1349 1837 1403 nisi
1869 1347 2082 1403 miseri-

494 1449 676 1504 cordia
712 1447 802 1502 Dei
844 1463 992 1517 spem
1035 1446 1229 1506 habeo.
1273 1444 1362 1513 qui
1395 1442 1526 1496 facit
1565 1440 1993 1496 miscricordiam
2023 1438 2080 1492 in

495 1537 664 1592 millia
692 1537 1040 1609 diligentibus
1069 1550 1145 1591 se.
1181 1533 1578 1604 Responsorins
1624 1530 1892 1586 secundus
1919 1529 2080 1598 quin-

497 1646 602 1701 que
623 1644 815 1686 versus
838 1629 1044 1683 habens
1067 1627 1302 1696 quinque
1325 1624 1567 1695 corporis
1595 1638 1786 1677 sensus
1814 1621 2083 1691 signiﬁcat

498 1723 552 1776 in
581 1721 755 1776 Adam
781 1726 1044 1783 mortuos,
1075 1731 1211 1788 quos
1233 1714 1482 1771 Christus
1517 1715 1569 1768 in
1601 1713 1881 1768 moriendo
1913 1721 1967 1767 et
1999 1726 2084 1766 re-

2170 538 2342 593 usque
2375 525 2430 578 in
2460 523 2685 578 sabbato
2726 530 2932 578 sancto.
2977 523 3035 578 In
3076 539 3140 578 ea
3180 524 3268 579 die
3302 527 3663 594 pmnitentes
3692 543 3777 584 ve-

2171 615 2328 669 niunt
2356 615 2422 670 ad
2450 616 2769 670 solutionem
2803 624 2857 670 et
2881 615 3022 685 apud
3057 615 3319 686 quosdam
3351 616 3620 671 redditur
3645 633 3776 689 sym~

2169 703 2353 762 bolum
2397 723 2427 761 a
2474 707 2901 771 catechumenis,
2952 715 3012 760 ut
3052 708 3106 761 in
3150 723 3360 762 canone
3405 707 3775 766 Laodicensis

2172 796 2383 853 concilii
2426 798 2735 853 continetur
2766 817 2780 852 :
2813 808 2999 854 tamen
3039 797 3342 853 Romanum
3371 797 3658 854 Ordinem
3697 815 3774 855 se-

2173 893 2401 960 quentes
2439 890 2580 945 banc
2616 889 2975 946 redditionem
3015 905 3294 947 servamus
3322 907 3514 961 usque
3559 891 3616 946 in
3660 894 3773 948 sab-

2173 982 2303 1038 bato
2329 985 2534 1038 sancto.
2565 979 2828 1053 Optamus
2853 998 2920 1039 ex
2948 983 3312 1050 hisomnibus
3339 983 3564 1054 primo,
3608 983 3652 1038 si
3680 981 3774 1038 Do-

2175 1077 2356 1132 minus
2387 1075 2616 1143 dederit,
2661 1078 2840 1149 aliqua
2880 1077 3126 1149 proferre
3167 1080 3233 1135 de
3276 1080 3503 1134 ratione
3547 1079 3673 1134 olei.
3711 1079 3770 1137 Ut

2176 1169 2412 1225 Isidorus
2453 1169 2560 1234 ait,
2593 1170 2709 1224 olea
2738 1170 2851 1240 ipsa
2875 1171 3039 1225 arbor
3063 1180 3169 1236 est,
3196 1169 3406 1226 fructus
3443 1171 3623 1235 oliva,
3667 1187 3770 1226 suc-

2179 1277 2274 1316 cus
2301 1261 2500 1316 oleum.
2533 1259 2629 1316 Est
2653 1272 2833 1316 autem
2862 1262 3025 1316 arbor
3054 1261 3203 1331 pacis
3238 1262 3467 1333 insigne
3503 1281 3518 1315 :
3553 1262 3768 1316 habetet

2179 1353 2583 1426 pinguedinem,
2613 1370 2718 1424 qua
2755 1350 2883 1409 lassi
2913 1361 3075 1424 atque
3111 1353 3308 1409 inﬁrmi
3339 1365 3511 1408 artus
3541 1369 3767 1408 recreau—

2181 1457 2290 1512 tur,
2325 1455 2379 1502 et
2407 1447 2579 1516 gratia
2620 1456 2914 1517 praestatur
2957 1447 3196 1500 luminis.
3230 1443 3368 1500 illud
3408 1454 3643 1515 Oportet
3683 1446 3765 1499 hoc

2183 1540 2236 1594 in
2269 1538 2386 1592 loco
2416 1538 2693 1604 intimare,
2720 1546 2782 1592 ut
2807 1537 3106 1593 secundum
3129 1536 3489 1605 Apostolum,
3520 1551 3587 1589 ex
3614 1533 3767 1588 visibi-

2183 1630 2326 1684 libus
2354 1629 2649 1684 invisibilia
2681 1627 3071 1697 intelligantur.
3106 1625 3236 1682 Sine
3264 1625 3391 1681 oleo
3422 1627 3582 1680 enim
3618 1631 3762 1696 potest

2185 1722 2329 1776 Deus
2365 1737 2560 1776 sanare
2601 1720 2873 1786 inﬁrmos,
2910 1718 3360 1788 sanctiﬁcareque
3390 1734 3553 1779 suos,
3596 1726 3646 1772 et
3671 1716 3762 1771 da?-

497 1812 769 1882 surgendo
813 1807 1188 1870 reviviﬁcavit,
1239 1815 1295 1862 et
1339 1805 1570 1876 pristino
1616 1804 1851 1858 reddidit
1899 1800 2083 1857 statui.
2114 1811 2164 1874 Β
2189 1827 2377 1866 mones
2403 1809 2660 1881 eﬂ‘ugare,
2694 1809 2848 1866 Unde
2871 1809 3194 1865 Ambrosius
3225 1809 3279 1863 in
3310 1809 3564 1880 Epistnla
3595 1808 3758 1864 adCo-

499 1905 515 1922 ‘
545 1901 944 1974 Responsorius
987 1899 1227 1968 quinque
1268 1911 1461 1951 versus
1503 1894 1684 1949 habet.
1735 1894 1884 1949 Unus
1922 1892 2084 1946 homo

497 2009 594 2066 per
621 1996 860 2064 quinque
886 2007 1078 2048 sensus
1104 1989 1348 2058 corporis
1378 1995 1626 2042 mortuus
1652 1994 1790 2040 erat.
1820 1983 2084 2053 Operato‘

497 2100 613 2140 rem
642 2078 834 2138 mortis
861 2082 1131 2138 diabolum
1161 2099 1281 2139 esse
1315 2099 1414 2154 per
1442 2099 1632 2138 sensus
1659 2081 1956 2138 exteriores
1985 2081 2089 2151 Cy-

497 2177 724 2248 prianus
755 2176 1109 2231 demonstrat.
1127 2174 1314 2242 Oli‘ert,
1347 2177 1540 2247 inquit,
1560 2175 1729 2230 oculis
1754 2174 1954 2229 formas
1982 2173 2088 2228 illi-

500 2284 612 2334 ces,
656 2266 844 2322 faciles
868 2267 1190 2336 voluptates,
1222 2276 1283 2322 ut
1313 2268 1431 2323 visu
1461 2268 1704 2323 destruat
1737 2267 2040 2322 castitatem
2072 2284 2084 2320 :

503 2375 664 2415 aures
689 2374 790 2429 per
816 2374 1017 2414 canora
1047 2359 1252 2414 musica
1285 2367 1480 2424 tentat,
1510 2367 1570 2412 ut
1598 2359 1652 2412 in
1683 2357 1800 2414 soni
1831 2357 2092 2414 dulcioris

501 2448 689 2504 auditu
729 2449 905 2504 solvat
944 2458 999 2504 et
1043 2449 1251 2505 molliat
1277 2449 1644 2505 Christianum
1673 2448 1948 2518 vigorem;
1988 2448 2091 2503 lin-

504 2558 664 2613 guam
691 2542 937 2597 convicio
964 2549 1246 2612 provocat,
1279 2556 1494 2596 manum
1529 2538 1743 2610 injuriis
1775 2538 2093 2595 lacessenti-

504 2635 606 2689 bus
629 2634 695 2687 ad
717 2633 1072 2704 petulantiam
1097 2633 1263 2688 caedis
1291 2633 1530 2703 instigat.
1555 2631 1596 2701 ἰ-
1617 2631 1693 2686 De
1720 2630 1919 2685 olfactu
1947 2629 2088 2686 silet.

506 2719 694 2777 Faciat
720 2722 865 2778 Deus
890 2733 951 2778 ut
978 2723 1264 2794 instigator
1307 2721 1496 2776 mortis
1537 2735 1646 2776 non
1675 2719 1875 2775 habeat
1910 2719 2095 2774 locum

504 2812 745 2867 intrandi
787 2814 855 2868 ad
898 2813 1136 2868 animum
1167 2820 1412 2868 nostrum
1455 2827 1554 2882 per
1589 2812 1812 2867 odorem
1841 2811 2095 2866 libidino-

505 2917 652 2967 sum,
685 2903 830 2972 quod
868 2905 1043 2976 magis
1087 2904 1386 2960 timendum
1415 2912 1499 2958 est
1537 2918 1702 2975 quam
1725 2902 2090 2957 tractandum.

503 2989 564 3044 In
604 2990 877 3062 aliquibus
906 2995 1090 3050 verbis
1122 3011 1377 3051 versuum
1408 2993 1736 3064 responsorii
1781 2995 1895 3064 ipse
1922 2991 2094 3048 Adam

506 3084 894 3154 introducitur,
937 3102 969 3142 a
1020 3103 1128 3157 quo
1175 3103 1272 3143 nos
1333 3102 1552 3142 carnem
1616 3087 1903 3142 trahimus.
1954 3084 2096 3139 Dicit

2187 1901 2466 1958 rinthiosl
2504 1921 2515 1955 :
2553 1901 2770 1957 Scimus
2798 1902 2944 1958 enim
2976 1910 3032 1957 et
3070 1900 3334 1971 Spiritum
3375 1911 3627 1957 sanctum
3665 1902 3762 1955 sine

2186 2009 2380 2049 manus
2417 1993 2761 2063 impositione
2787 1994 2973 2048 datum
3006 2008 3037 2048 a
3068 1991 3201 2057 Deo,
3230 2001 3288 2048 et
3308 2009 3419 2047 non
3452 1994 3760 2064 baptizatum

2188 2094 2542 2142 consecutum
2570 2085 2946 2140 remissionem
2968 2091 3338 2154 peccatorum.
3383 2082 3636 2154 Nunquid
3667 2097 3761 2136 non

2188 2177 2277 2232 hic
2303 2175 2646 2231 invisibiliter
2665 2176 2970 2245 baptizatus
2994 2183 3101 2240 est,
3127 2174 3347 2245 quando
3375 2175 3567 2228 donum
3595 2172 3762 2244 bapti-

2190 2266 2381 2322 smatis
2400 2275 2722 2322 consecutus
2765 2275 2868 2321 est.
2894 2265 3008 2321 Olei
3035 2273 3289 2320 naturam
3308 2265 3610 2326 audivimus,
3637 2278 3757 2332 quae

2191 2356 2389 2413 habilis
2419 2367 2503 2411 est
2525 2357 2592 2410 ad
2620 2356 2952 2411 recreandos
2977 2363 3128 2410 artus
3157 2355 3430 2417 fessarum,
3456 2362 3507 2409 et
3533 2352 3751 2408 luminis

2192 2448 2425 2520 gratiam
2445 2455 2682 2517 praestat.
2712 2446 2994 2502 Animales
3012 2447 3160 2503 enim
3185 2447 3300 2502 haec
3323 2453 3538 2517 possunt
3563 2457 3758 2516 cogno-

2192 2553 2386 2596 scere:
2420 2539 2646 2594 cnedant
2673 2539 2837 2593 etiam
2879 2539 3024 2609 quod
3069 2552 3178 2593 non
3207 2545 3440 2608 possunt
3476 2537 3672 2598 videre,
3708 2541 3760 2588 ut

2193 2631 2288 2687 ﬁat
2305 2632 2450 2702 quod
2477 2632 2544 2687 de
2567 2631 2823 2702 Apostolo
2845 2630 3251 2701 praelibavimus
3277 2647 3290 2683 ε
3326 2626 3614 2684 Invisibilis
3640 2628 3757 2680 (nil

2192 2725 2376 2796 ipsius,
2423 2741 2455 2777 a
2494 2732 2737 2778 creatura
2761 2722 2946 2777 mundi
2984 2739 3076 2793 per
3100 2739 3183 2787 ea,
3212 2736 3332 2792 qua
3359 2721 3504 2790 facta
3535 2727 3661 2783 sunt,
3687 2718 3760 2770 in-

2195 2816 2399 2871 tellecta
2431 2815 2847 2886 conspiciuntur,
2881 2814 3193 2884 sempiterna
3231 2813 3348 2882 ejus
3394 2828 3592 2882 quoque
3621 2812 3757 2863 rictus

2195 2918 2245 2964 et
2273 2909 2518 2963 divinitas
2543 2921 2562 2959 :
2591 2907 2734 2977 quod
2762 2916 2950 2978 aperte
2977 2907 3336 2979 Augustinus,
3365 2907 3424 2961 in
3448 2905 3630 2977 psalm.
3655 2917 3758 2958 ων

2195 2998 2448 3067 explanat
2480 3014 2491 3050 :
2527 2997 2717 3053 Oleum
2757 2997 2902 3052 enim
2931 2996 3141 3052 visibile
3182 2997 3233 3052 in
3278 2996 3446 3068 signo
3470 3004 3581 3058 est,
3606 2993 3755 3049 sicel

2197 3090 2466 3146 invisibile
2495 3091 2551 3167 in
2591 3097 2954 3155 sacramento,
2985 3088 3167 3144 oleum
3198 3087 3492 3159 spirituaie
3521 3088 3650 3141 intus
3669 3091 3752 3138 est.

506 3189 739 3232 versus:
773 3175 913 3242 Quia
942 3177 1241 3248 defecerunt
1277 3179 1409 3232 sicut
1452 3178 1628 3247 fumus
1667 3177 1776 3231 dies
1821 3178 1941 3231 mei.
1987 3179 2097 3232 Au-
2122 3172 2170 3238 C
2201 3183 2387 3241 Potest
2428 3183 2570 3238 Deus
2598 3197 2698 3253 per
2731 3197 2791 3238 se
2829 3181 3008 3238 oleum
3048 3181 3295 3236 tribuere
3328 3180 3627 3251 spiritnalc,
3663 3175 3757 3230 sint

508 3265 764 3336 gustinus
790 3266 967 3337 inquit
984 3267 1040 3322 in
1070 3267 1259 3322 eodem
1282 3267 1490 3337 psalmo
1513 3281 1528 3320 :
1551 3265 1704 3324 Unde
1725 3267 1860 3322 sicut
1882 3269 2059 3336 fumus
2077 3308 2092 3334 ,

506 3357 615 3412 nisi
651 3367 876 3430 propter
901 3359 1190 3414 elationem
1232 3360 1534 3429 superbiae?
1573 3359 1732 3415 Tales
1760 3359 1876 3414 dies
1903 3359 2098 3430 dignus

508 3449 612 3507 fuit
637 3453 888 3522 accipere
915 3451 1182 3523 superbus
1205 3453 1398 3518 Adam,
1435 3452 1578 3507 unde
1606 3467 1824 3508 carnem
1848 3452 2098 3509 Christus

510 3545 742 3614 accepit.
767 3543 911 3616 Ergo
939 3544 994 3598 in
1021 3543 1191 3598 Adam
1219 3543 1485 3608 Christus,
1511 3551 1566 3597 et
1588 3543 1759 3597 Adam
1780 3544 1834 3598 in
1855 3541 2094 3598 Christo.

510 3634 578 3688 Et
606 3635 802 3690 iterum
834 3652 847 3688 :
883 3632 1201 3690 Percussum
1238 3644 1312 3690 est
1347 3636 1482 3690 sicut
1518 3635 1722 3705 fenum,
1762 3644 1809 3688 et
1840 3634 1982 3688 aruit
2009 3649 2100 3686 cor

510 3740 702 3779 meum.
750 3724 980 3796 Respice
1024 3726 1095 3781 ad
1141 3727 1338 3793 Adam,
1378 3727 1522 3782 unde
1563 3737 1732 3799 genus
1781 3726 2095 3780 humanum.

514 3813 670 3872 Unde
697 3817 842 3873 enim
887 3818 992 3873 nisi
1033 3819 1103 3874 ab
1149 3819 1242 3876 illo
1272 3819 1756 3896 hatreditariaista
1787 3827 2097 3890 paupertas.

514 3905 670 3961 Dicat
695 3921 826 3977 ergo
845 3906 958 3977 jam
991 3924 1117 3964 cum
1153 3924 1250 3980 spe
1295 3911 1349 3965 in
1392 3926 1621 3981 corpore
1661 3910 1863 3968 Christi
1891 3909 2102 3980 positus

514 3999 606 4056 ille
631 4001 923 4072 aliquando
949 4003 1004 4057 in
1034 4019 1134 4060 suo
1161 4017 1389 4074 corpore
1417 4005 1735 4075 desperatus
1759 4021 1772 4058 :
1810 4002 2100 4057 Percussus

512 4109 630 4149 sum
653 4094 788 4148 sicut
817 4093 997 4164 fenum
1020 4104 1070 4151 et
1096 4097 1238 4150 aruit
1263 4113 1353 4152 cor
1377 4113 1550 4151 meum
1572 4098 1631 4167 1-.
1665 4096 1856 4152 Passio
1882 4109 2002 4165 qua:
2024 4093 2104 4151 le-

513 4191 680 4262 gitur,
725 4199 910 4247 nostra
946 4193 1110 4249 corda
1153 4192 1455 4248 conﬁrmat.
1501 4191 1749 4248 Ostendit
1791 4187 2102 4246 Iudaeorum

512 4283 796 4340 consilium
828 4285 1177 4355 prmvaluisse
1224 4287 1293 4341 ad
1339 4295 1568 4356 tempus,
1609 4292 1664 4339 et
1707 4285 1761 4339 in
1792 4293 2102 4341 mansuetu-

513 4373 641 4429 dine
682 4373 960 4432 Christum
1009 4391 1404 4446 perseverasse.
1459 4371 1846 4446 Proposuimus
1893 4384 2100 4431 tantum

514 4463 695 4517 dicere
725 4464 791 4518 de
816 4465 1194 4531 varietatibus,
1228 4472 1559 4534 quapropter
1591 4464 1880 4520 reticemus
1922 4466 1989 4519 de
2017 4480 2102 4520 se-

2198 3275 2498 3346 corporali;
2531 3275 2623 3330 sed
2650 3281 2876 3345 propter
2899 3273 3162 3328 animales
3187 3282 3430 3344 aguntur
3453 3271 3688 3332 visibilis,
3708 3277 3757 3322 ut

2199 3367 2492 3424 invisibilia
2520 3365 2732 3422 facilius
2759 3365 3065 3437 capiantur.
3099 3364 3156 3420 Si
3181 3365 3309 3434 quis
3333 3365 3566 3426 dixerit,
3604 3363 3645 3417 si
3678 3373 3759 3431 po-

2199 3471 2337 3529 test,
2369 3478 2540 3534 quare
2569 3469 2720 3517 tanto
2748 3461 2927 3517 studio
2951 3460 3272 3516 observatur
3297 3460 3478 3514 cultus
3496 3468 3759 3513 consecra-

2201 3557 2364 3612 tionis
2389 3556 2527 3621 olei,
2567 3555 2982 3626 respondebitur
3012 3573 3026 3608 :
3069 3551 3261 3607 Nonne
3291 3551 3504 3620 antiqui
3532 3549 3648 3620 iusti
3667 3560 3760 3618 po-

2202 3654 2426 3702 tuerunt-
2452 3647 2562 3701 Deo
2589 3646 2804 3716 placere
2845 3646 2965 3700 sine
3005 3642 3459 3698 circumcisione?
3498 3641 3761 3695 Potuerunt

2200 3737 2424 3807 utique:
2450 3723 2545 3792 sed
2571 3744 2859 3806 postquam
2886 3735 2967 3790 eis
2995 3740 3327 3805 praeceptum
3353 3741 3444 3787 est
3473 3741 3538 3786 ut
3559 3732 3757 3786 circum-

2200 3827 2502 3894 eideretur,
2552 3827 2656 3882 nisi
2706 3825 3258 3886 eircumciderentur.
3310 3825 3529 3894 peccati
3580 3821 3759 3877 vinculo

2199 3922 2544 3978 tembantur.
2573 3921 2723 3978 Unde
2747 3919 3082 3990 Augustinus
3106 3919 3176 3974 ad
3195 3917 3508 3974 Seleuciam
3535 3913 3757 3983 :Antiqni

2194 4011 2329 4084 Iusti
2358 4013 2405 4067 si
2438 4010 3130 4073 non'clrcumciderentur,
3171 4021 3280 4063 non
3323 4017 3448 4062 erat
3484 4009 3560 4062 eis
3590 4018 3761 4076 peca-

2201 4111 2350 4170 tum;
2382 4109 2570 4173 postea
2595 4115 2724 4156 vero
2749 4115 2912 4170 quam
2936 4099 3100 4171 jussit
3122 4098 3262 4154 Deus
3282 4106 3345 4153 ut
3370 4095 3762 4153 circumcidere-

2201 4202 2295 4251 tur
2340 4194 2637 4258 Abraham,
2680 4191 2908 4263 ejusque
2953 4189 3264 4261 posteritas,
3304 4188 3426 4257 jam
3465 4187 3574 4244 nisi
3615 4185 3760 4246 ﬁeret,

2198 4289 2482 4358 peccatum
2521 4296 2688 4354 grave
2734 4279 2855 4337 fuit.
2906 4280 3151 4352 Apostoli
3190 4289 3371 4334 autem
3408 4279 3516 4338 hac
3560 4286 3688 4338 arte,
3719 4273 3761 4328 id

2200 4383 2288 4431 est
2317 4374 2445 4438 olei,
2489 4372 2784 4428 utebantur
2828 4369 2884 4424 in
2927 4369 3385 4440 redintegratione
3431 4368 3759 4424 inﬁrmum

2203 4466 2482 4538 apostolici
2514 4465 2618 4520 viri
2649 4464 2704 4518 in
2746 4461 3156 4534 consignatione
3185 4461 3615 4532 neophytorum.
3646 4458 3759 4525 ρυ-

513 4553 751 4621 quentiis
780 4553 978 4620 missae,
1006 4556 1132 4625 quia
1159 4557 1409 4627 congruit
1448 4566 1510 4611 ut
1548 4555 1616 4610 ad
1643 4558 1960 4613 memoriam
2008 4572 2095 4612 re-
2123 4539 2178 4601 D
2202 4565 2426 4627 propter
2450 4569 2554 4609 non
2582 4554 2700 4609 sine
2725 4561 2949 4623 peccato
2977 4567 3009 4606 a
3038 4551 3196 4608 nobis
3219 4561 3402 4623 potest
3424 4552 3631 4608 dimitti
3649 4547 3762 4620 quoi

515 4644 836 4699 duceremus
888 4654 1116 4700 mortem
1173 4647 1410 4712 Christi,
1471 4647 1698 4704 consilio
1751 4648 2094 4717 Judaaorum,

515 4749 680 4805 quam
721 4741 900 4790 tamen
939 4736 1129 4791 eodem
1173 4735 1258 4791 die
1298 4753 1393 4808 per
1429 4738 1731 4808 patibulum
1772 4741 1950 4796 crucis
1989 4755 2098 4794 non

513 4824 720 4891 subiit,
755 4835 968 4897 oportet
991 4836 1052 4881 ut
1081 4835 1256 4882 morte
1285 4838 1469 4884 nostra
1496 4844 1616 4898 qua;
1633 4826 1748 4897 jam
1777 4838 1925 4895 erat,
1953 4830 2099 4886 illam

512 4916 818 4976 recolamus
848 4935 949 4991 pro
973 4934 1082 4992 qua
1121 4920 1236 4994 ipse
1272 4921 1522 4994 dignatus
1550 4931 1636 4980 est
1661 4924 1850 4980 venire
1881 4925 1948 4981 ad
1976 4939 2101 4995 pas-

514 5009 726 5067 sionem

1119 5105 1349 5164 CAPUT
1385 5106 1498 5162 XI].

819 5195 894 5252 De
918 5206 1066 5253 sexta
1095 5198 1342 5252 varietate
1369 5197 1540 5254 Coena!
1563 5198 1796 5256 Domini.

591 5285 754 5345 Sexta
782 5287 1018 5345 varietas
1043 5297 1128 5345 est
1156 5289 1210 5344 in
1239 5290 1426 5360 quinta
1460 5291 1613 5356 leria,
1649 5307 1813 5362 quam
1840 5305 2098 5350 vocamus

515 5379 736 5437 Cinnam
767 5377 1002 5436 Domini.
1042 5380 1101 5436 ln
1129 5397 1191 5436 ea
1220 5397 1327 5438 non
1359 5384 1595 5448 canitur,
1630 5382 1814 5438 Gloria
1846 5383 2019 5450 Patri,
2049 5393 2096 5438 et

519 5470 661 5526 Filio
700 5483 749 5527 et
792 5471 1019 5544 Spiritui
1065 5485 1267 5530 sancto.
1317 5474 1374 5529 in
1425 5491 1487 5530 ea
1532 5484 1880 5531 consecratur
1927 5476 2099 5530 tribus

519 5563 694 5617 modis
717 5563 894 5620 oleum
924 5567 1089 5620 trium
1120 5564 1440 5621 oillciorum.
1469 5567 1525 5621 in
1553 5582 1616 5621 ea
1647 5575 1954 5620 reservatur
1977 5583 2098 5622 cor-

426 5663 428 5666 '
518 5665 621 5724 pus
642 5651 852 5712 Domini
880 5675 1052 5730 usque
1081 5660 1135 5713 in
1157 5660 1473 5723 crastinum,
1499 5659 1846 5728 reﬁciturquc
1876 5659 1928 5712 in
1957 5675 2098 5713 com-

520 5745 967 5804 memorationem
1004 5747 1316 5810 refectionis
1343 5748 1546 5810 Christi
1582 5768 1596 5810 ε
1637 5749 1888 5809 lavantur
1911 5750 2096 5834 pedes

2202 4662 2392 4704 eorum
2419 4647 2714 4701 auctoritas
2738 4645 3096 4701 consecravit.
3130 4645 3220 4700 Sic
3248 4646 3394 4700 enim
3419 4647 3680 4715 scriptum
3698 4649 3786 4713 est,

2201 4738 2257 4794 in
2289 4737 2614 4808 Evangelio:
2646 4737 2912 4792 Exeuntes
2937 4737 3316 4808 prwdicabant,
3351 4746 3410 4790 ut
3437 4734 3768 4805 penitentia-

2203 4838 2435 4900 agerent,
2458 4838 2506 4883 et
2528 4828 2792 4884 damonia
2814 4828 2981 4881 multa
3001 4825 3296 4898 cjiciebant,
3322 4837 3372 4881 et
3397 4829 3658 4898 angebant
3674 4823 3769 4877 oleo

2203 4919 2395 4976 multos
2425 4936 2617 4992 (egros,
2663 4929 2712 4974 et
2760 4920 3040 4974 sanabant.
3081 4919 3234 4976 Unde
3271 4919 3416 4974 Beda
3447 4938 3461 4973 :
3495 4919 3631 4974 Dicit
3655 4928 3772 4986 apo-

2203 5013 2376 5069 stolus
2421 5011 2695 5068 Iacobus:
2727 5011 3045 5081 Inﬁrmatur
3087 5012 3204 5082 quis
3248 5013 3306 5064 in
3351 5011 3538 5065 vobis!
3579 5010 3773 5064 indeed

2201 5104 2526 5176 presbyteros
2547 5104 2817 5171 Ecclesiae,
2839 5113 2886 5159 et
2911 5114 3058 5160 orent
3083 5121 3240 5175 super
3261 5121 3379 5159 eum
3401 5115 3655 5176 tingentes
3673 5115 3772 5157 en

2203 5198 2317 5253 oleo
2345 5198 2398 5250 in
2425 5199 2631 5252 nomine
2659 5197 2922 5252 Domini:
2964 5207 3010 5252 et
3051 5199 3096 5252 si
3125 5197 3182 5252 in
3220 5199 3448 5269 peccatis
3486 5200 3580 5264 sit,
3619 5196 3774 5251 dimit-

2202 5299 2378 5344 tentur
2400 5290 2466 5343 ei.
2501 5289 2652 5345 Unde
2681 5297 2829 5358 patet
2855 5288 2924 5344 ab
2961 5289 3096 5360 ipsis
3131 5289 3390 5360 apostolis
3415 5291 3564 5346 hunc
3593 5295 3774 5343 saneta

2197 5382 2454 5437 Ecclesia:
2485 5396 2693 5436 morem
2722 5395 2846 5436 esse
2873 5381 3130 5436 traditum
3149 5423 3164 5447 ,
3194 5389 3254 5436 ut
3281 5381 3643 5454 euergumeui
3664 5421 3678 5446 ,
3701 5376 3775 5433 vel

2197 5475 2289 5530 alii
2320 5473 2545 5544 quilibet
2571 5473 2782 5543 aegroti,
2813 5482 3088 5544 uagantur
3107 5473 3228 5530 oleo
3270 5473 3574 5544 pontiﬁcali
3623 5474 3776 5529 bene-

2196 5567 2433 5623 dictione
2456 5574 2796 5621 oonsecrato.
2829 5565 2906 5620 De
2931 5579 2998 5620 eo
3033 5564 3155 5622 oleo
3182 5566 3323 5636 quod
3364 5565 3674 5621 infunditur
3701 5576 3780 5617 su-

2196 5671 2294 5727 per
2324 5657 2643 5727 neophytos,
2676 5669 2784 5711 non
2812 5655 2923 5711 tale
2949 5656 3080 5725 quid
3115 5655 3366 5727 legimus,
3394 5658 3488 5710 sed
3533 5665 3779 5709 tenemus

2196 5747 2551 5825 apostolicam
2591 5748 3066 5825 consuetudinem,
3108 5756 3166 5812 et
3202 5748 3589 5811 auctoritatem
3632 5756 3784 5811 suam
