3978 6502
254 333 367 388 1015

249 442 525 515 accepimus
545 458 575 497 a
598 443 838 497 Romana
864 443 1123 511 Ecclesia,
1148 454 1309 515 quam
1334 456 1431 515 pro
1457 446 1573 517 lege
1602 423 1787 501 tenere

244 543 453 609 oportet,
485 536 696 592 dicente
723 536 1021 606 Augustino
1044 537 1114 591 ad
1146 537 1471 614 Casulenutn
1508 538 1790 609 presbyte-

243 642 347 685 rum
373 624 437 685 de
460 623 666 697 jejunio
696 627 907 683 sabbati
939 646 954 683 :
982 627 1043 697 in
1070 629 1156 684 bis
1180 628 1326 684 enim
1349 629 1541 695 rebus,
1578 632 1644 685 de
1669 629 1791 700 qui-

239 720 328 778 bus
349 718 473 777 nihil
504 719 643 775 certi
683 721 877 775 statuit
900 721 1179 792 Scriptura
1204 722 1404 787 divina,
1450 737 1568 777 mos
1609 722 1789 792 populi

240 812 324 878 Dei
352 811 443 869 vel.
470 811 719 867 instituta
759 812 1023 882 majorum
1066 829 1167 886 pro
1206 814 1344 886 lege.
1368 812 1599 869 tenenda
1642 821 1786 869 sunt.

235 903 374 964 Nunc
393 918 526 960 vero
564 905 690 974 quia
728 905 1159 961 demonstratum
1196 912 1281 960 est
1314 905 1383 961 de
1422 904 1661 976 generali
1703 916 1789 959 ra-

236 995 361 1053 tione
395 992 531 1059 olei,
569 998 739 1048 restat
780 1001 841 1049 ut
880 995 1056 1065 primo
1094 995 1336 1050 dicamus
1379 994 1447 1051 de
1487 994 1608 1050 oleo
1645 995 1791 1065 quod

233 1093 563 1145 musecratur
587 1085 952 1155 prointirmo.
986 1084 1353 1141 Consecratur
1381 1086 1526 1141 enim
1568 1086 1627 1140 in
1670 1083 1788 1155 ipso

230 1178 388 1237 cilicio
414 1178 842 1235 consecrationis
863 1178 1106 1249 corporis
1133 1187 1191 1234 et
1216 1179 1495 1250 sanguinis
1527 1178 1740 1233 Domini
1770 1195 1784 1231 :

226 1278 325 1326 nan
355 1269 516 1325 habet
544 1269 821 1340 proprium
847 1270 1082 1327 cilicium
1100 1308 1115 1338 ,
1151 1272 1207 1330 id
1243 1281 1359 1339 est,
1391 1287 1494 1330 nec
1529 1274 1584 1328 in
1612 1274 1791 1345 capite

229 1367 376 1422 verba
401 1365 763 1433 salutationis,
795 1378 899 1423 nec
932 1366 1177 1433 Oremus,
1210 1383 1311 1424 nec
1350 1368 1406 1423 in
1438 1368 1553 1423 ﬁne
1572 1368 1791 1423 conclu-

226 1459 361 1516 ditur
397 1466 458 1514 ut
491 1468 700 1516 caetera
740 1460 1054 1516 orationes:
1082 1454 1189 1515 Per
1228 1460 1515 1516 Dominum
1556 1470 1791 1516 nostrum

221 1552 395 1608 Jesum
423 1550 711 1620 Christum,
748 1554 845 1610 sed
870 1561 1102 1619 tantum,
1132 1551 1189 1607 in
1223 1555 1429 1610 nomine
1454 1552 1669 1609 Domini
1693 1569 1790 1608 no-

220 1647 312 1702 stri
331 1645 460 1701 Iesu
485 1644 699 1701 Christi.
736 1646 795 1702 ln
820 1660 889 1704 eo
922 1647 1040 1702 loco
1068 1647 1160 1701 ubi
1197 1645 1432 1702 solemus
1460 1660 1592 1701 uvas
1628 1647 1792 1702 bene-

208 1737 413 1805 dicere,
442 1740 515 1795 ibi
548 1748 896 1796 consecratur
922 1732 1101 1797 oleum
1129 1754 1229 1811 pro
1250 1739 1487 1807 inﬁrmo,
1514 1739 1790 1798 concludi-

221 1837 408 1900 turque
432 1831 819 1889 conclusione:
852 1832 961 1887 Per
988 1844 1139 1904 quem
1173 1838 1287 1887 nam
1325 1832 1520 1898 omnia,
1544 1831 1789 1899 Domine,
1817 1820 1866 1881 B

214 1935 412 1991 semper
441 1921 579 1977 bona
612 1938 777 1977 creas.
812 1922 967 1978 Unde
1004 1923 1353 1995 intelligimus
1387 1922 1640 1979 embolim
1673 1937 1794 1977 esse

215 2011 508 2081 supradicti
547 2009 729 2067 oﬂicii.
772 2011 1154 2084 Supradictum
1194 2013 1429 2069 ollicium
1474 2010 1795 2069 immolatio-

209 2118 336 2157 nem
356 2102 559 2159 Christi
575 2111 633 2159 et
650 2105 902 2160 Ecclesiae
926 2105 1297 2161 tantummodo
1320 2112 1486 2160 tenet.
1514 2104 1615 2171 Qui
1646 2104 1792 2159 enim

206 2202 433 2265 peccato
470 2195 632 2262 vivit,
662 2211 771 2251 non
798 2196 1107 2251 immolatur
1140 2196 1407 2251 Domino:
1439 2195 1531 2265 qui
1568 2201 1792 2265 peccato

208 2286 458 2353 moritur,
490 2287 801 2342 immolatur
826 2288 1077 2344 Domino.
1110 2288 1224 2343 Nisi
1262 2288 1556 2344 inﬁrmitas
1580 2288 1793 2344 accide-

209 2385 293 2433 ret
316 2392 385 2433 ex
418 2378 679 2449 peccatis,
706 2392 814 2435 non
842 2380 1045 2437 diceret
1074 2378 1328 2448 Iacobus,
1359 2382 1429 2436 Et
1454 2383 1500 2436 si
1530 2383 1588 2436 in
1611 2394 1791 2452 pecca-

206 2467 271 2522 tis
303 2466 396 2533 sit,
422 2467 753 2522 dimittentur
774 2470 842 2522 ei.
872 2463 931 2522 in
962 2464 1203 2539 Epistula
1230 2484 1352 2540 quas
1380 2468 1579 2539 legitur
1601 2468 1791 2523 eadem

206 2557 294 2614 die
321 2558 567 2614 ostendit
597 2557 798 2614 Paulus
831 2558 1028 2629 quibus
1051 2558 1292 2630 peccatis
1319 2560 1532 2615 accidat
1563 2559 1794 2614 inﬁrmi-

203 2656 307 2713 tas,
339 2651 575 2706 dicendo
604 2668 617 2705 :
652 2650 842 2706 Probet
878 2660 1054 2706 autem
1081 2652 1309 2724 seipsum
1334 2653 1508 2719 horno,
1539 2660 1590 2707 et
1620 2653 1697 2707 sic
1728 2650 1793 2707 de

200 2759 334 2814 pene
359 2742 457 2797 illo
485 2738 629 2809 edat,
659 2752 710 2797 et
737 2742 802 2798 de
835 2738 996 2799 calice
1021 2744 1182 2799 bibat.
1213 2740 1317 2810 Qui
1341 2745 1479 2799 enim
1507 2743 1795 2798 mandarat

197 2843 248 2889 et
275 2833 407 2889 bibit
440 2830 677 2905 indigne,
696 2836 961 2905 judicium
986 2836 1086 2891 sibi
1116 2837 1400 2892 manducet
1427 2846 1477 2892 et
1505 2836 1655 2903 bibit,
1689 2853 1794 2892 non

198 2924 510 2997 dijudicans
530 2941 721 2999 corpus
740 2928 971 2983 Domini.
997 2928 1126 2985 Ideo
1146 2930 1282 2984 inter
1303 2946 1396 2985 nos
1418 2928 1570 2984 multi
1593 2929 1793 2999 inﬁrmi

196 3028 247 3073 et
274 3015 563 3076 imbecilles
590 3028 641 3075 et
666 3016 933 3076 deﬁniunt
959 3021 1130 3076 multi.
1162 3022 1263 3078 llic
1288 3022 1525 3078 ostendit
1547 3022 1790 3089 vulnera,

194 3108 435 3167 Jacobus
457 3113 804 3182 coapostolus
824 3112 942 3182 ejus
964 3115 1321 3171 medicinam:
1338 3115 1657 3186 Inﬁrmatur
1674 3114 1792 3187 quis

193 3202 250 3257 in
272 3204 418 3259 vobis
435 3204 462 3259 ι
494 3205 713 3261 inducat
730 3206 1055 3278 presbyteros
1075 3207 1351 3275 Ecclesite,
1380 3216 1432 3263 et
1463 3214 1610 3263 orent
1636 3222 1796 3279 super
1822 3190 1868 3254 C

190 3308 339 3359 uno,
366 3304 620 3366 augentes
638 3311 761 3351 eum
794 3296 910 3352 oleo
947 3295 1004 3352 in
1045 3299 1251 3353 nomine
1287 3296 1501 3352 Domini
1534 3304 1585 3352 et
1623 3296 1793 3351 oratio

188 3382 321 3452 ﬁdei
350 3384 579 3441 salvebit
599 3388 890 3457 inﬁrmum,
930 3392 979 3443 et
1014 3388 1276 3444 alleoiabit
1299 3404 1418 3444 eum
1446 3387 1726 3453 Dominus,
1747 3394 1797 3442 et

185 3479 233 3532 si
255 3479 316 3533 in
337 3480 571 3550 peccatis
592 3479 679 3545 sit,
703 3479 1033 3535 dimittentur
1049 3481 1116 3535 ei.
1148 3479 1286 3547 Quid
1309 3468 1583 3534 inﬁrmum
1605 3478 1796 3543 salvet,

186 3568 282 3625 hic
312 3569 661 3636 manifestat,
688 3570 1104 3630 scilicet.oratio
1128 3569 1273 3635 ﬁdei,
1302 3554 1457 3639 cujus
1482 3569 1692 3641 signum
1716 3574 1802 3623 est

176 3656 296 3717 olei
341 3661 560 3716 unctio.
608 3660 668 3716 Si
708 3666 995 3732 propterea
1032 3660 1379 3716 inﬁrmantur
1415 3659 1544 3730 quia
1572 3659 1801 3715 mandu—

178 3760 326 3809 eant
353 3766 566 3822 corpus
590 3752 806 3809 Domini
844 3753 1085 3824 indigne,
1115 3753 1313 3824 quibus
1339 3758 1520 3808 tamen
1549 3752 1802 3811 subvenit

174 3842 292 3901 olei
339 3843 555 3907 unctio,
594 3843 652 3899 id
703 3853 823 3912 est,
848 3832 1024 3914 gratia
1058 3832 1155 3900 Dei
1191 3848 1290 3915 per
1325 3844 1629 3900 orationem
1669 3858 1799 3915 pre-

174 3934 411 4006 sbyteri
431 3973 448 3999 ,
474 3935 672 3992 merito
696 3928 1037 3992 consecratio
1061 3936 1130 3992 de
1149 3948 1261 4005 qua
1290 3948 1437 3992 nune
1463 3935 1642 4006 agitur
1666 3949 1798 3990 con-

171 4027 503 4084 secrationi
554 4028 800 4099 corporis
841 4038 898 4084 et
945 4026 1229 4101 sanguinis
1271 4028 1486 4085 Domini
1528 4027 1799 4099 jungitur,

174 4135 311 4191 qua:
346 4118 415 4174 iit
458 4119 516 4174 in
545 4122 1113 4177 commemorationem
1146 4121 1415 4193 passionis
1438 4119 1666 4186 Christi,
1703 4132 1802 4191 per

171 4228 360 4286 quam
395 4222 596 4269 auctor
618 4214 827 4286 peccati
851 4213 1182 4271 :eternaliter
1204 4223 1510 4286 prostratus
1538 4222 1641 4270 est.
1670 4212 1803 4269 Pas-

174 4308 266 4365 sio
304 4307 532 4363 Christi
556 4312 834 4363 auctorem
865 4307 1059 4365 murtis
1087 4306 1357 4365 destruxit
1397 4321 1413 4361 :
1456 4307 1633 4379 gratia
1658 4306 1799 4376 ejus,

172 4406 309 4469 qua:
336 4394 697 4470 signiﬁcatur
719 4412 818 4469 per
840 4398 948 4455 olei
968 4399 1302 4465 unctionem,
1335 4412 1488 4453 arma
1513 4396 1650 4466 ejus,
1679 4410 1801 4467 quae

173 4500 316 4548 sunt
344 4501 590 4564 peccata
613 4490 947 4562 quotidiana,
977 4490 1261 4548 destruxit.
1290 4491 1594 4548 Novissima
1623 4490 1799 4546 oratio

170 4582 638 4641 consecrationis
669 4570 935 4641 Dominici
975 4583 1220 4656 corporis
1253 4601 1322 4641 ex
1361 4595 1490 4640 voto
1523 4584 1796 4655 poeniten-

172 4676 323 4733 tium
357 4678 451 4742 iit,
486 4676 555 4733 de
575 4676 771 4748 quibus
800 4675 1001 4733 dicitur
1027 4694 1043 4733 :
1074 4676 1410 4748 Sacriﬁcium
1438 4678 1548 4732 Deo
1582 4677 1797 4749 spiritus

167 4767 616 4825 eontﬁbulatu.
644 4767 894 4845 Congrue
926 4770 983 4824 in
1012 4785 1077 4825 ea
1114 4778 1468 4826 consecratur
1493 4768 1672 4825 oleum
1700 4780 1801 4840 pro

165 4864 628 4943 paenitentibus,
667 4868 757 4923 ubi
795 4882 985 4923 eorum
1026 4868 1353 4925 sacriﬁcium
1398 4870 1512 4924 Deo
1551 4868 1796 4924 oii'ertur.

167 4958 479 5029 Quoniam
511 4956 578 5014 de
602 4950 707 5015 olei
731 4966 949 5025 natura,
975 4964 1029 5014 et
1060 4954 1188 5030 quid
1217 4959 1503 5030 signiticet,
1537 4966 1593 5014 et
1620 4975 1717 5014 cur
1744 4958 1799 5013 in

163 5054 272 5110 tali
300 5055 447 5111 loco
477 5061 843 5116 consecretur,
870 5053 1180 5117 summatim
1202 5052 1638 5123 perstrinximus,
1671 5065 1802 5104 con-

168 5158 443 5215 sequens
473 5150 561 5199 est
591 5151 651 5198 ut
688 5142 869 5214 aliqua
901 5152 1185 5213 tangamus
1213 5141 1279 5197 de
1308 5140 1489 5195 verbis
1517 5153 1803 5194 consecra-

163 5235 380 5291 tionis.
417 5233 523 5289 Ait
549 5231 695 5287 enim
722 5247 738 5286 :
771 5231 963 5287 Emitte
986 5232 1245 5304 Spiritum
1265 5242 1503 5286 sanctum
1531 5239 1680 5284 tuum
1708 5247 1804 5301 pa-

165 5328 469 5382 racletum
501 5325 568 5381 de
598 5326 737 5382 caelis
768 5326 825 5381 in
850 5325 989 5381 Itane
1015 5324 1381 5398 pinguedinem
1418 5323 1538 5390 olei,
1559 5340 1717 5396 quam
1739 5322 1804 5380 de

159 5418 345 5474 uiridi
374 5419 537 5489 ligno
557 5417 844 5489 producere
863 5417 1112 5489 dignatus
1143 5435 1197 5472 es
1228 5417 1296 5472 ad
1328 5417 1656 5488 refectionem
1689 5433 1808 5471 cor-

160 5508 356 5581 poris.
387 5506 745 5564 Paraeletum
771 5515 854 5564 est
883 5506 973 5563 hic
1002 5506 1264 5572 additum,
1296 5508 1439 5578 quod
1464 5521 1570 5561 non
1600 5507 1808 5562 inveni-

160 5609 267 5658 tur
298 5603 383 5658 in
429 5601 816 5672 sequentibus,
843 5610 903 5655 ut
930 5616 1069 5665 reor,
1104 5617 1213 5656 non
1245 5601 1364 5656 sine
1389 5616 1553 5656 causa
1580 5599 1806 5669 alicujus

160 5692 489 5765 mysterii.
513 5691 696 5747 Primo
716 5690 1005 5747 videndum
1028 5698 1112 5748 est
1140 5691 1269 5761 quid
1290 5701 1544 5763 operetur
1574 5693 1809 5763 Spiritus

159 5790 437 5845 Sanctus
506 5784 565 5843 in
607 5782 833 5861 singulis
852 5825 870 5857 ,
916 5783 1046 5846 inde
1095 5785 1379 5859 apparebit
1425 5801 1527 5848 cur
1579 5786 1809 5847 addatur

1825 4541 1880 4602 D

989 331 1074 386 DE
1112 329 1663 388 ECCI.ESIASTICIS
1696 330 1982 389 OFFICIIS
2021 332 2199 388 LIBRI
2235 331 2325 388 IV.
2361 362 2434 376 —
2469 332 2598 387 LIB.
2636 332 2679 386 Ι.

3324 328 3461 383 MM

1888 448 1942 501 in
1988 428 2109 502 ista.
2158 428 2502 503 Exercis‘mus
2543 447 2648 502 olei
2688 444 2846 516 jubet
2888 445 3141 504 recedere
3191 442 3461 499 dial-olunt

1891 555 1924 595 ει
1972 540 2395 605 catcchumono,
2450 534 2559 609 qui
2596 538 2774 592 adhuc
2808 538 2927 608 pro"
2976 535 3194 592 mortuo
3243 537 3464 605 deputa-

1889 639 2003 697 tur,
2031 631 2157 700 quia
2187 632 2423 686 nondum
2460 638 2548 684 est
2574 629 2898 698 baptizatus.
2930 627 3251 703 Chrismalis
3279 628 3465 682 unctio

1888 724 2189 780 sanctiﬁcat
2232 723 2343 791 jam
2390 724 2659 778 viventem
2711 738 2778 779 ex
2825 724 3072 779 mortuis.
3126 723 3315 779 Oleum
3366 738 3463 794 pro

1889 814 2147 881 inﬁrmis,
2194 814 2455 869 medelam
2491 821 2714 884 praestat
2759 814 3034 869 sauciatis.
3086 814 3238 870 Unde
3280 816 3337 870 in
3378 830 3468 870 ea-

1887 906 2030 970 dem,
2079 906 2146 961 ad
2189 906 2529 962 evacuandos
2566 921 2755 962 omnes
2794 906 3027 968 dolores,
3077 921 3269 962 omnes
3320 904 3469 962 infir-

1887 996 2136 1062 mitates,
2187 1012 2401 1052 omnem
2443 995 2813 1068 aegritudinem
2858 998 3119 1067 corporis.
3171 996 3470 1068 [Egritndi-

1888 1102 2013 1145 nem
2042 1088 2287 1157 sequitur
2314 1088 2483 1153 dolor,
2525 1087 2763 1143 dolorem
2802 1087 3116 1142 consolatio.
3158 1086 3471 1143 Paracletus

1888 1177 2199 1233 consolator
2257 1179 2665 1249 interpretatur.
2729 1176 2832 1243 Qui
2888 1184 3133 1231 mortuus
3183 1184 3303 1240 est,
3363 1189 3471 1228 non

1888 1270 2034 1327 dolet
2079 1288 2094 1325 :
2139 1266 2266 1341 quia
2316 1285 2425 1325 non
2466 1270 2652 1335 sentit,
2699 1283 2860 1339 quem
2907 1283 3015 1322 non
3060 1268 3303 1335 sequitur
3344 1279 3472 1319 con-

1888 1362 2099 1417 solatio.
2158 1362 2259 1429 Qui
2311 1363 2365 1416 in
2421 1361 2639 1417 Christo
2686 1358 3055 1415 sanctificatur
3102 1373 3200 1428 per
3248 1371 3472 1412 consur-

1890 1452 2219 1517 rectionem,
2264 1466 2369 1506 non
2410 1459 2535 1521 eget
2560 1449 2933 1505 consolatione
2967 1463 3032 1502 cx
3066 1447 3269 1520 dolore.
3318 1445 3472 1501 Nunc

1888 1542 2277 1599 transeundum
2336 1551 2420 1598 est
2470 1542 2538 1597 ad
2599 1540 2953 1613 principalem
3010 1538 3473 1595 consecrationem

1891 1637 2222 1692 chrismatis.
2269 1636 2385 1707 ipsa
2428 1637 2570 1691 enim
2605 1636 2803 1691 dicitur
2848 1633 3189 1705 principalis,
3233 1632 3356 1703 quia
3404 1630 3477 1687 ad

1891 1726 2008 1795 ejus
2042 1729 2353 1783 unctionem
2386 1727 2703 1798 principalis
2731 1727 2952 1796 spiritus
2990 1726 3263 1780 tribuitur.
3300 1724 3477 1780 liabet

1893 1825 2035 1881 enim
2080 1828 2359 1895 prOprium
2405 1823 2638 1879 cilicium
2681 1816 2778 1892 per
2818 1837 2895 1878 sc.
2939 1822 3229 1877 lnchoatur
3270 1836 3301 1875 a
3340 1818 3478 1876 Sur-

1894 1931 2011 1969 sum
2044 1915 2250 1980 corda;
2282 1913 2501 1978 ﬁnitur,
2551 1911 2657 1966 Per
2698 1911 2982 1965 Dominum
3022 1920 3256 1963 nostrum
3291 1908 3477 1963 Iesum

1894 2006 2194 2069 Christum,
2240 2004 2330 2074 qui
2368 2015 2536 2057 tecum
2566 2001 2705 2056 vivit.
2748 1999 3112 2055 Consecratur
3154 2000 3209 2053 in
3240 2014 3304 2054 eo
3332 1998 3477 2066 loco,

1892 2096 1986 2153 ubi
2028 2110 2220 2165 pacem
2262 2095 2406 2148 inter
2439 2108 2540 2148 nos
2580 2092 2815 2147 solemus
2846 2092 2995 2145 dare.
3046 2090 3160 2144 lioc
3202 2096 3289 2144 est
3341 2103 3478 2160 opus

1894 2186 2080 2257 gratim
2098 2182 2334 2249 Domini,
2366 2182 2428 2237 ut
2448 2197 2552 2253 pax
2583 2189 2640 2237 et
2669 2181 2959 2236 concordia
2997 2188 3187 2252 regnet
3211 2179 3266 2235 in
3298 2177 3478 2245 nobis,

1890 2286 1954 2334 nt
1997 2278 2234 2333 lsidorus
2283 2276 2403 2331 ait:
2433 2292 2453 2327 ι
2491 2274 2622 2330 Olea
2652 2280 2738 2328 cst
2766 2273 2930 2328 arbor
2974 2272 3126 2343 pacis
3167 2271 3411 2343 insignis.
3451 2289 3473 2324 ι

1893 2369 2021 2425 Haec
2048 2384 2155 2439 pax
2183 2367 2529 2440 praeﬁgurata
2557 2373 2643 2421 est
2670 2366 2801 2420 olim
2830 2366 2886 2419 in
2918 2379 3043 2419 arca
3070 2364 3204 2430 Noe,
3234 2372 3295 2419 ut
3313 2363 3483 2419 verba

1895 2460 2134 2533 ejusdem
2165 2459 2592 2515 consecrationis
2621 2465 2927 2523 testantur,
2963 2456 3190 2512 dicendo
3223 2473 3237 2511 :
3268 2455 3483 2511 Etcum

1894 2550 2080 2608 mundi
2125 2553 2347 2606 crimina
2387 2551 2585 2606 diluvio
2622 2551 2887 2621 quondam
2938 2551 3280 2620 expiarentur
3314 2549 3481 2620 effuso

1895 2644 2294 2700 similitudinem
2334 2645 2502 2714 futuri
2540 2645 2773 2700 muneris
2817 2644 3060 2699 columba
3090 2644 3479 2714 demonstrans,

1895 2754 1989 2813 per
2027 2737 2179 2792 olivae
2218 2753 2425 2793 ramum
2465 2756 2647 2811 pacem
2693 2742 2847 2793 terris
2892 2738 3155 2795 redditam
3198 2740 3479 2796 nuntiavit.

1897 2828 2001 2886 Hic
2044 2844 2153 2885 non
2180 2829 2355 2885 solum
2387 2829 2590 2897 oleum,
2629 2832 2725 2886 sed
2750 2839 2807 2886 et
2834 2830 3160 2897 balsamum,
3199 2845 3485 2887 consecra-

1896 2931 2007 2978 tur.
2066 2922 2301 2978 Balsami
2354 2921 2521 2977 arbor
2545 2930 2629 2979 est
2664 2938 2771 2977 una
2819 2930 3147 2987 aromatum,
3191 2937 3312 2991 qua:
3359 2932 3487 2978 sunt

1897 3011 2204 3079 odoriferae,
2252 3022 2312 3067 ut
2350 3013 2495 3068 idem
2524 3013 2780 3069 Isidorus.
2810 3014 3069 3069 Aromata
3106 3021 3232 3069 sunt
3261 3028 3489 3084 qumque

1894 3104 2193 3177 fragrantis
2222 3105 2441 3172 odoris,
2473 3122 2594 3177 quae
2634 3105 2787 3162 India
2814 3106 2902 3161 vel
2945 3105 3149 3160 Arabia
3179 3105 3367 3171 mittit,
3402 3104 3488 3160 vel

1898 3198 2065 3255 Italia:
2100 3198 2366 3270 regiones.
2399 3197 2604 3254 Nomen
2634 3208 2817 3254 autem
2847 3204 3090 3255 aromata
3135 3196 3365 3252 traxisse
3400 3195 3487 3251 vi—

1901 3290 2120 3357 dentur,
2152 3290 2267 3345 sive
2292 3291 2422 3360 quia
2451 3290 2564 3346 aris
2598 3290 2877 3361 imposita,
2910 3291 3106 3347 divinis
3132 3291 3489 3347 invocationi-

1898 3383 2002 3438 bus
2037 3389 2160 3453 apta
2192 3380 2511 3449 videantur,
2541 3396 2640 3438 seu
2683 3384 2810 3455 quia
2850 3397 2971 3439 sese
3000 3384 3113 3439 aeri
3153 3386 3395 3441 inserere
3422 3401 3489 3442 ac

1901 3475 2133 3530 miscere
2160 3474 2458 3544 probantur
2481 3475 2540 3544 τ.
2581 3473 2727 3531 Odor
2755 3475 2983 3532 balsami
3012 3477 3066 3531 in
3104 3477 3244 3541 oleo,
3276 3476 3488 3552 opinio—

1902 3584 2026 3625 ncm
2077 3569 2339 3624 bonarum
2383 3568 2648 3624 virtutum
2692 3566 2801 3624 late
2850 3569 3173 3641 dispersam,
3231 3578 3491 3641 operante

1904 3663 2077 3736 gratia
2105 3661 2341 3734 Spiritus
2369 3662 2539 3717 sancti
2559 3663 2910 3719 demonstrat.
2926 3664 3157 3719 Additur
3173 3663 3292 3719 oleo
3316 3663 3490 3719 balsa-

1902 3770 2046 3822 mus,
2090 3754 2217 3824 quia
2260 3754 2395 3808 uitet
2424 3754 2479 3809 in
2517 3753 2669 3809 vultu
2698 3755 2899 3810 Christi
2947 3754 3185 3811 caelestis
3213 3755 3486 3826 splendor.

1904 3842 2062 3905 Unde
2096 3846 2460 3919 Hieronymus
2501 3848 2557 3902 in
2598 3847 2807 3918 psalmo
2846 3846 3264 3917 quadragesimo
3297 3854 3490 3916 quarto

1904 3942 1972 3997 ad
2008 3939 2337 4011 Principiam
2369 3939 2631 4012 virginem
2671 3954 2686 3994 :
2724 3940 2884 4013 Virgo
2912 3939 2976 3995 de
3000 3938 3229 4011 virgine,
3259 3939 3351 4009 qui
3380 3954 3492 3994 non

1903 4051 1972 4092 ex
2002 4034 2278 4090 voluntate
2306 4032 2428 4099 viri,
2472 4034 2566 4089 sed
2593 4050 2660 4090 ex
2697 4034 2809 4089 Deo
2848 4041 3009 4088 natus
3064 4041 3165 4087 est.
3207 4030 3318 4087 Nisi
3344 4033 3492 4088 enim

1904 4124 2189 4187 habuisset
2233 4131 2289 4184 in
2341 4127 2492 4184 vultu
2541 4128 2801 4199 quiddam
2849 4127 3129 4196 oculisque
3174 4126 3492 4194 sidereum,

1904 4236 2181 4292 nunquam
2214 4238 2336 4276 eum
2374 4220 2559 4275 statim
2602 4218 2775 4276 secuti
2812 4218 3041 4274 fuissent
3088 4216 3339 4288 apostoli,
3388 4229 3494 4273 nec

1904 4314 1999 4385 qui
2056 4313 2122 4368 ad
2172 4311 2741 4382 comprehendendum
2790 4318 3082 4374 venerant,
3136 4307 3488 4365 corruisscnt.

1903 4398 2022 4475 ipse
2045 4403 2189 4459 nitor
2216 4402 2504 4469 exliilarat,
2532 4409 2791 4473 operante
2814 4402 2947 4469 Deo,
2962 4401 3146 4457 vultus
3170 4400 3488 4470 electorum,

1904 4507 1964 4551 ut
2002 4511 2124 4551 cum
2166 4510 2361 4567 magna
2387 4494 2742 4549 delectatione
2777 4502 2931 4549 actus
2958 4508 3147 4549 eorum
3192 4493 3489 4548 imitemur.

1906 4587 2060 4646 Unde
2096 4602 2335 4658 pttesens
2360 4585 2555 4642 oratio.
2587 4583 2724 4639 Nam
2753 4594 2807 4640 et
2835 4584 3002 4640 David
3026 4585 3342 4657 prophetico
3380 4584 3493 4655 spi-

1902 4683 2011 4739 ritu
2041 4683 2226 4754 gratiae
2253 4697 2364 4737 suae
2403 4686 2742 4735 sacramenta
2775 4695 3137 4749 praenoscens,
3181 4680 3361 4735 vultus
3389 4695 3493 4735 no-

1904 4784 2048 4834 stros
2089 4774 2151 4829 in
2189 4773 2310 4829 oleo
2351 4771 2733 4828 exhilarandos
2765 4787 2886 4827 esse
2921 4770 3180 4826 cantavit.
3216 4770 3285 4825 Et
3328 4768 3492 4840 paulo

1903 4876 2026 4940 post
2054 4885 2067 4920 :
2094 4864 2222 4921 Haec
2249 4865 2355 4921 olei
2390 4863 2578 4918 unctio
2617 4862 2795 4917 vultus
2825 4869 3039 4917 nostros
3070 4860 3340 4927 jucundos
3374 4858 3495 4915 effl-

1908 4959 1981 5014 cit
2003 4973 2067 5013 ac
2089 4971 2333 5012 serenos.
2358 4954 2551 5011 Vultus
2575 4960 2810 5015 nostros,
2842 4949 3339 5006 manifestationem
3369 4964 3494 5020 ope-

1903 5066 2025 5105 rum
2065 5058 2374 5104 nostrorum
2415 5045 2787 5117 intelligimits.
2821 5042 2896 5100 De
2922 5062 3028 5117 qua
3064 5061 3123 5102 re
3160 5043 3492 5116 Augustinus

1903 5141 1961 5197 in
2000 5140 2209 5212 psalmo
2239 5137 2537 5193 centesimo
2565 5146 2763 5211 quarto
2801 5152 2816 5192 :
2844 5137 3030 5195 Gratia
3060 5138 3307 5208 qumdam
3326 5177 3341 5202 ,
3371 5150 3494 5207 qua:

1903 5216 1990 5293 est
2009 5228 2379 5299 hominumad
2400 5231 2669 5297 homines,
2694 5233 2976 5303 perspicua
3002 5232 3070 5286 ad
3093 5230 3494 5289 conciliandum

1904 5332 2151 5384 sanctum
2188 5340 2461 5391 amorem,
2500 5325 2679 5381 oleum
2719 5325 2918 5380 dicitur
2963 5325 3017 5379 in
3053 5325 3232 5381 nitore
3259 5323 3488 5381 divino:

1908 5426 1963 5478 et
1989 5418 2242 5490 quoniam
2272 5417 2729 5474 excellentissima
2758 5417 2815 5471 in
2848 5415 3070 5473 Christo
3111 5416 3385 5489 apparuit,
3410 5423 3495 5473 to-

1908 5519 1996 5567 tus
2040 5511 2189 5566 orbis
2229 5525 2351 5566 eum
2392 5509 2585 5581 diligit.
2625 5504 2692 5561 Et
2740 5507 2900 5579 paulo
2928 5518 3089 5581 post:
3126 5508 3299 5564 Tanta
3347 5508 3497 5566 enim

1906 5603 2025 5673 ejus
2058 5610 2142 5658 est
2193 5602 2367 5674 gratia
2392 5642 2407 5667 ,
2447 5608 2505 5654 ut
2546 5598 2703 5653 multi
2748 5600 2839 5669 qui
2881 5600 2937 5655 in
2968 5616 3091 5655 eum
3127 5616 3232 5656 non
3267 5603 3497 5657 credunt

1904 5695 2127 5751 laudent
2167 5710 2324 5757 eum,
2373 5700 2429 5746 et
2453 5700 2742 5761 propterea
2786 5691 2968 5747 dicant
2993 5692 3134 5748 nolle
3176 5709 3233 5749 se
3277 5694 3330 5749 in
3370 5710 3497 5749 eum

1908 5787 2157 5857 credere,
2187 5783 2329 5861 quia
2356 5797 2517 5841 nemo
2540 5789 2722 5857 potest
2762 5783 2867 5841 hoc
2894 5783 3035 5858 quod
3060 5784 3214 5859 jubet
3242 5786 3489 5859 implere.
3540 5815 3562 5841 .‹
