3978 6464
541 385 678 443 1015

1564 374 1902 456 ΑΜΑιΑιιιι
1929 369 2363 430 passerum
2397 368 2738 428 METENSIS

3659 370 3793 430 1016

537 497 836 557 Laudando
871 494 1275 566 impediuntur,
1326 491 1416 561 qui
1458 491 1515 546 in
1563 491 1712 545 illum
1763 487 2114 559 vituperando
2140 491 2188 548 Α
2217 493 2398 540 autem
2438 491 2494 539 et
2524 482 2663 538 facta
2709 483 2850 538 bona
2894 479 3178 536 manifesta
3219 487 3344 536 sunt
3387 494 3508 552 qua:
3537 484 3709 540 aliter
3741 506 3794 547 δα

531 589 828 648 saviehant
851 607 865 642 :
890 595 1105 641 amatur
1147 593 1326 638 tamen
1360 582 1428 636 ab
1464 580 1734 644 omnibus,
1781 579 2108 650 praedicatur

530 681 598 738 ab
612 681 882 741 omnibus,
907 678 1034 748 quia
1055 675 1383 732 excellenter
1402 681 1615 735 unctus,
1642 670 1691 724 id
1713 679 1814 733 est,
1838 669 2102 724 Christus.

533 769 790 840 Sequitur
815 766 1151 822 exorcismus
1177 763 1278 817 olei
1309 781 1324 828 ;
1364 770 1424 814 ttt
1467 761 1701 815 Isidorus
1725 778 1738 812 :
1763 758 2106 812 Exercismus

531 861 741 928 Graece,
780 860 972 916 Latine
1000 857 1336 927 coniuratio;
1375 869 1468 908 seu
1500 869 1680 908 sermo
1724 851 2107 922 increpationis

529 963 615 1010 est
651 954 910 1008 adversus
941 945 1246 1013 diabolum,
1278 955 1338 1002 ut
1366 948 1635 1011 discedat;
1677 953 1733 1001 ct
1768 943 2106 1001 concluditur

531 1046 610 1101 sic
644 1063 658 1099 :
691 1045 797 1098 Per
837 1042 1114 1096 Dominum
1168 1050 1402 1094 nostrum
1450 1038 1633 1093 Jesum
1686 1035 1974 1099 Christum,
2016 1035 2106 1106 qui

529 1146 773 1192 uenturus
818 1143 891 1187 est
919 1131 1166 1200 judicare
1203 1131 1343 1184 vivos
1373 1139 1423 1182 et
1466 1139 1719 1191 ntortuos,
1765 1139 1813 1180 et
1852 1124 2102 1180 saeculum

529 1240 622 1295 per
658 1223 847 1293 ignem.
897 1220 990 1274 Illo
1030 1221 1362 1289 inunguatur
1390 1216 1784 1281 catechumeni,
1823 1226 1882 1268 ut
1909 1216 1952 1270 si
1985 1230 2105 1283 quas

531 1315 752 1370 maculae
805 1313 1139 1366 inhaeserunt
1183 1309 1395 1380 corpori
1448 1317 1541 1362 aut
1591 1308 1778 1372 menti,
1819 1315 2104 1375 postquam

528 1406 593 1458 ad
638 1402 961 1458 scrutinium
1003 1408 1372 1464 accesserunt,
1403 1398 1702 1459 recedantJ
1721 1405 1776 1452 et
1806 1397 2106 1450 munimen-

528 1475 640 1548 tum
670 1482 925 1562 deinceps
968 1491 1203 1547 habeant
1229 1505 1325 1559 per
1360 1490 1501 1544 hanc
1530 1492 1874 1550 unctionem,
1908 1495 2103 1540 utnon

524 1585 695 1656 possit
737 1582 984 1637 diabolus
1029 1582 1306 1652 repedare.
1343 1579 1517 1634 Verba
1557 1579 1819 1635 orationis
1852 1579 1968 1632 haec
2011 1578 2104 1632 de-

525 1683 850 1738 mons’rant,
889 1674 1136 1737 dicendo,
1167 1683 1221 1726 ut
1244 1673 1289 1726 si
1314 1688 1433 1742 qua?
1453 1671 1558 1726 illis
1581 1671 1971 1726 adversantium
1991 1669 2101 1740 spi-

525 1770 720 1821 rituum
761 1767 1012 1820 inlta’sere
1044 1764 1304 1835 reliquiw,
1337 1764 1405 1817 ad
1436 1773 1632 1817 tactum
1664 1763 1834 1816 sancti
1860 1762 1959 1815 olei
1992 1777 2105 1814 om-

2183 577 2433 636 habent,
2481 573 2738 630 abscondi
2777 588 2883 628 non
2918 580 3144 642 possunt
3175 573 3276 627 nisi
3307 573 3563 629 habuerit
3611 576 3790 648 ﬁdem,

2211 667 2327 721 sine
2357 682 2461 736 qua
2510 681 2670 720 nemo
2717 673 2890 734 potest
2931 665 3146 734 placere
3183 666 3295 719 Deo
3337 684 3350 718 :
3391 666 3495 721 nisi
3545 668 3790 729 habuerit

2209 757 2575 826 quotidianam
2602 757 2832 826 gratiam
2859 756 3218 822 curationum,
3241 757 3366 826 quia
3389 758 3641 826 quotidie
3671 776 3782 831 pee-

2209 861 2414 901 camus.
2445 846 2782 915 Quapropter
2808 845 2923 899 haec
2958 845 3225 914 praecipue
3250 845 3678 915 imprecantura
3708 866 3782 904 sa.

2209 940 2514 994 cerdotibus
2541 955 2638 1010 per
2666 938 3120 993 ministrationem
3149 938 3274 1003 olei,
3306 947 3366 991 ut
3403 954 3604 994 omnes
3647 958 3784 1011 gene-

2211 1032 2398 1086 raliter
2436 1032 2726 1101 accipiant,
2775 1030 2901 1098 quia
2945 1029 3048 1084 nisi
3093 1044 3155 1084 ea
3205 1029 3414 1084 dederit
3465 1031 3649 1100 gratia
3685 1032 3782 1099 Dei,

2207 1136 2314 1176 non
2356 1130 2478 1176 sunt
2527 1120 2734 1176 habiles
2776 1135 2960 1190 regno.
3015 1117 3108 1173 Dei
3149 1120 3428 1188 seQuentia
3477 1119 3652 1184 dona,
3694 1139 3782 1178 non

2208 1229 2398 1270 omnes
2445 1214 2625 1268 omnia
2661 1213 2750 1268 hic
2776 1220 2998 1283 possunt
3046 1211 3246 1266 habere
3270 1253 3284 1276 ,
3322 1212 3415 1266 sed
3461 1228 3566 1282 per
3607 1214 3781 1271 multos

2206 1306 2375 1360 divisa
2406 1314 2532 1360 sunt
2556 1305 2648 1374 qui
2690 1316 2871 1358 tamen
2905 1318 3011 1356 non
3040 1304 3336 1357 creduntur
3363 1303 3526 1358 divisi
3561 1320 3598 1358 a
3632 1321 3773 1375 regno

2206 1398 2324 1463 Dei,
2370 1399 2618 1468 quamvis
2661 1413 2766 1452 non
2807 1397 3043 1452 habeant
3080 1396 3454 1465 operationbm
3505 1399 3773 1464 virtutum,

2205 1490 2276 1545 id'
2299 1500 2403 1552 est,
2451 1500 2511 1544 ut
2547 1490 2698 1561 signa
2741 1489 2942 1544 faciant
2974 1497 3029 1543 et
3066 1490 3336 1544 daemones
3373 1488 3604 1557 ejiciaut
3635 1508 3650 1544 :
3685 1493 3775 1546 sive

2205 1597 2314 1636 non
2359 1579 2594 1634 habeant
2632 1579 2992 1649 prophetiam,
3025 1587 3084 1632 ut
3119 1587 3328 1632 secreta
3377 1578 3772 1648 Scriptor-arum

2205 1673 2476 1736 revelent,
2523 1682 2617 1726 aut
2655 1671 2834 1727 futura
2876 1672 3167 1741 praedicent
3201 1696 3213 1723 ;
3247 1671 3360 1726 sive
3399 1687 3508 1726 non
3557 1674 3771 1731 habeant

2209 1765 2590 1820 discretionem
2626 1766 2935 1835 spirituum,
2977 1773 3071 1818 aut
3112 1779 3309 1836 genera
3358 1765 3664 1836 linguarum
3703 1767 3770 1822 vel

525 1877 614 1913 ttcs
654 1858 935 1912 abscedant
973 1873 991 1910 :
1034 1855 1208 1909 nullus
1252 1854 1577 1924 spiritalibus
1625 1854 1866 1924 nequitiis
1913 1851 2059 1906 locus
2086 1891 2100 1915 ,
2131 1849 2181 1908 B
2209 1858 2712 1926 interpretationem
2748 1871 3052 1911 sermonum
3106 1871 3212 1909 non
3257 1863 3415 1910 erunt
3456 1866 3702 1913 extorres
3743 1874 3770 1912 s

522 1952 671 2009 nulla
716 1952 909 2020 refugis
948 1950 1220 2003 virtutibus
1256 1950 1321 2002 sit
1351 1947 1602 2018 facultas,
1631 1957 1686 2002 et
1724 1947 1950 2016 reliqua.
1978 1946 2106 2001 Haec

523 2041 825 2109 increpatio
879 2039 993 2094 sive
1033 2037 1334 2105 conjnratio
1374 2040 1440 2092 ad
1481 2036 1773 2100 diabolum,
1821 2037 1981 2107 digna
2025 2043 2108 2090 est

523 2130 722 2184 habere
747 2130 1010 2200 judicium
1041 2128 1414 2193 novissimum,
1448 2129 1499 2181 in
1537 2142 1643 2196 quo
1663 2125 1941 2194 judicandi
1980 2133 2105 2181 sunt

519 2222 719 2276 mortui
749 2229 804 2275 et
831 2221 932 2274 vivi
960 2230 1014 2275 et
1042 2219 1295 2275 szeculum
1322 2235 1418 2289 per
1447 2220 1646 2289 ignem.
1675 2219 1751 2272 lbi
1781 2233 1840 2273 se
1870 2217 1973 2272 scit
2002 2232 2104 2286 po-

523 2313 794 2367 tissimum
833 2310 1078 2366 diabolus
1107 2310 1491 2374 damnandum,
1525 2309 1667 2362 illius
1695 2317 1928 2361 tremore
1955 2306 2105 2360 undi-

511 2399 630 2475 quc
663 2403 972 2458 concutitur
1005 2422 1016 2456 :
1049 2411 1107 2456 at
1128 2402 1219 2472 qui
1245 2400 1360 2469 jam
1390 2408 1810 2454 resurrexerunt
1837 2407 1889 2451 et
1916 2398 2105 2451 vivunt

523 2515 645 2554 cum
689 2497 930 2563 Christo,
982 2496 1058 2551 illi
1113 2496 1331 2551 audiant
1370 2495 1508 2549 bona
1560 2493 1661 2548 sibi
1702 2492 1964 2562 promitti,
2010 2507 2103 2560 per

520 2591 758 2646 eumdem
795 2592 886 2662 qui
923 2590 1042 2644 vivit
1071 2600 1118 2643 et
1165 2598 1345 2659 regnat
1375 2589 1516 2643 Deus
1552 2605 1670 2642 cum
1709 2584 1869 2639 Patre
1902 2587 1958 2639 in
1984 2585 2104 2639 uni-

517 2692 624 2736 tate
666 2681 896 2753 Spiritus
931 2683 1120 2736 sancti.
1167 2681 1302 2736 Tres
1350 2687 1783 2735 commemorata‘
1813 2692 2101 2732 consecra-

520 2773 692 2830 tiones
725 2789 792 2828 ex
825 2789 929 2828 una
960 2775 1258 2842 eademque
1294 2770 1596 2827 substantia
1627 2771 1777 2834 ﬁunt,
1807 2770 1860 2824 id
1889 2779 1972 2824 est
1998 2768 2100 2824 olei

515 2865 746 2936 liquore.
784 2865 875 2922 Sic
902 2881 1132 2937 namque
1163 2866 1398 2936 Spiritus
1431 2865 1603 2919 sancti
1642 2862 1946 2919 substantia
1972 2877 2099 2928 una,

521 2956 614 3026 qui
646 2965 826 3010 tamen
857 2957 1024 3011 dividi
1051 2972 1148 3021 ur,
1179 2954 1587 3010 multiformiter
1615 2971 1714 3025 per
1752 2955 1979 3026 gratiam
2006 2955 2102 3008 d0-

511 3040 713 3101 norum
742 3062 992 3100 suorum:
1017 3047 1122 3100 Alii
1150 3047 1310 3099 datur
1337 3063 1506 3100 sermo
1543 3047 1840 3110 sapientiat,
1877 3044 1967 3098 alii
1999 3062 2102 3098 ser-

520 3154 604 3193 mo
625 3137 892 3203 srientite,
919 3137 1068 3192 al:eri
1098 3137 1254 3206 ﬁdes,
1287 3138 1381 3191 alii
1406 3138 1578 3208 gratia
1600 3139 1912 3201 sanitatum,
1942 3148 1996 3190 et
2020 3150 2102 3190 re-

2207 1963 2373 2018 regno
2400 1947 2678 2010 caalorum,
2719 1947 3008 2002 dummodo
3037 1947 3276 2000 habeant
3305 1945 3459 2000 ﬁdem
3478 1986 3496 2010 ,
3541 1963 3657 2016 qua:
3687 1961 3770 2014 per

2207 2039 2544 2094 dilectionen
2581 2045 2855 2107 operatur.
2901 2036 3145 2090 Diximus
3175 2035 3286 2088 Deo
3322 2036 3555 2104 propitio
3599 2051 3700 2104 quo
3723 2035 3769 2088 in

2205 2133 2324 2187 loco
2369 2140 2716 2187 consecretur
2757 2131 2934 2186 oleum
2961 2171 2976 2195 ,
3023 2139 3078 2184 et
3115 2129 3246 2199 quid
3283 2130 3337 2184 iu
3385 2130 3768 2200 signiﬁcatione

2205 2226 2478 2280 contineat
2508 2241 2520 2276 :
2562 2232 2734 2276 restat
2762 2232 2822 2276 ut
2856 2222 3099 2276 dicamus
3126 2218 3302 2289 aliqua
3336 2222 3396 2274 de
3421 2222 3609 2274 ordine
3634 2237 3768 2275 con-

2204 2317 2524 2372 secrationis
2558 2316 2710 2387 juxta
2758 2315 3162 2371 adnotationem
3191 2313 3583 2369 Sacramentarii
3612 2325 3668 2370 et
3695 2315 3763 2368 li-

2201 2409 2328 2465 belli
2355 2410 2447 2480 qui
2477 2409 2676 2464 dicitur
2703 2408 2976 2462 Romanus
2997 2407 3162 2464 Ordo.
3189 2407 3264 2462 De
3291 2407 3401 2462 oleo
3422 2423 3519 2477 pro
3541 2406 3763 2461 inﬁrmo

2203 2504 2286 2560 sic
2307 2503 2620 2559 continetur
2648 2502 2700 2555 itt
2729 2500 3184 2555 Sacramentario.
3201 2498 3498 2568 Antequam
3524 2498 3762 2551 dicatur:

2204 2592 2312 2649 Per
2350 2609 2499 2664 quem
2531 2593 2642 2645 IM’C
2675 2591 2872 2655 omnia,
2915 2589 3152 2650 Domine,
3198 2605 3396 2656 semper
3427 2589 3558 2641 bona
3601 2603 3760 2653 creas,

2203 2686 2454 2740 levantur
2484 2684 2548 2739 de
2577 2682 2826 2753 ampullis
2855 2698 2991 2752 quas
3026 2680 3258 2736 offerunt
3289 2679 3494 2750 populi,
3535 2688 3586 2732 et
3609 2679 3760 2732 bene-

2203 2779 2336 2834 dicit
2379 2786 2488 2832 tam
2533 2777 2786 2831 dominus
2815 2791 2983 2846 papa,
3027 2790 3188 2844 quam
3218 2789 3412 2828 omnes
3440 2773 3684 2844 episcopi.
3711 2771 3763 2825 [ιι

2201 2870 2392 2925 Exodo
2429 2869 2688 2939 scriptum
2725 2877 2830 2933 est,
2870 2877 2929 2921 ιιι
2972 2867 3151 2937 populi
3198 2865 3434 2921 oﬁ‘erant
3472 2866 3660 2926 oleum,
3698 2864 3764 2916 di-

2204 2969 2360 3016 cente
2389 2959 2620 3015 Domino
2651 2974 2664 3011 :
2699 2956 2937 3029 Pratipe
2969 2958 3094 3027 ﬁliis
3132 2956 3322 3021 Israel,
3355 2967 3416 3010 ut
3446 2957 3657 3026 aferant
3681 2953 3761 3006 tibi

2205 3048 2375 3103 oleum
2413 3050 2478 3102 de
2505 3048 2779 3102 arboribus
2807 3046 3060 3101 olivarum
3096 3047 3464 3117 purissimum.

2277 3143 2504 3211 Quando
2536 3159 2565 3196 a
2619 3141 2828 3212 populis
2869 3140 3123 3203 oll‘ertur.
3162 3141 3391 3212 simplex
3445 3140 3618 3208 liquor
3651 3146 3758 3192 est:

519 3228 684 3297 liqua.
736 3226 863 3283 Haec
891 3227 1142 3283 videntur
1189 3228 1344 3283 nobis
1383 3227 1580 3282 habilia
1626 3242 1746 3282 esse
1793 3228 1859 3281 ad
1915 3225 2097 3280 diluci-

2202 3251 2299 3307 per
2326 3234 2757 3290 benedictionem
2791 3234 3134 3288 sacerdotum
3164 3231 3496 3287 transfertur
3523 3233 3572 3286 in
3599 3246 3762 3286 sacra-

517 3320 723 3375 dandas
751 3320 1187 3376 consecrationes
1224 3329 1456 3376 nostras.
1488 3318 1669 3375 Sermo
1704 3320 1976 3389 sapientia:
2003 3318 2098 3374 bo-

507 3427 643 3482 nam
669 3411 1132 3465 conversationem
1164 3420 1331 3476 tenet,
1362 3427 1546 3466 eorum
1578 3410 1992 3480 scilicetquibus
2021 3410 2097 3464 lo-

513 3502 696 3572 quittIr
740 3518 978 3574 praesens
1024 3503 1310 3572 Apostolus
1351 3522 1363 3556 :
1412 3501 1472 3557 Si
1522 3502 1922 3557 consurrexistis
1977 3517 2095 3555 cum

515 3593 745 3663 Christo,
784 3615 901 3670 qua:
930 3615 1138 3652 sursum
1167 3608 1289 3653 sunt
1325 3598 1575 3669 quierite,
1610 3598 1698 3651 ubi
1751 3607 1825 3651 est
1858 3595 2094 3651 Christus

511 3689 569 3742 in
613 3688 827 3744 dextera
870 3689 970 3744 Dei
1020 3691 1249 3745 sedens:
1287 3706 1404 3760 qua:
1463 3704 1674 3743 sursum
1723 3699 1843 3743 sunt
1904 3690 2090 3758 sapite.

503 3774 669 3857 Hunc
693 3794 940 3848 saporem
977 3780 1214 3851 gustavit
1241 3779 1331 3850 qui
1362 3779 1439 3833 ait
1481 3796 1494 3832 :
1537 3778 1721 3833 Gratia
1753 3778 1850 3832 Dei
1885 3795 2000 3832 sum
2038 3778 2093 3831 id

508 3871 650 3940 quod
672 3889 810 3941 sum.
845 3872 982 3926 Ecce
1011 3873 1177 3928 habes
1205 3872 1383 3927 oleum
1425 3891 1436 3925 :
1471 3887 1499 3926 a
1524 3872 1704 3927 idatur
1727 3887 1897 3925 sermo
1928 3872 2095 3925 scieno

507 3954 619 4017 liae.
671 3962 912 4018 Scientia
953 3964 1019 4017 ad
1070 3965 1374 4019 doctrinam
1421 3964 1656 4033 pertinet
1697 3981 1708 4015 :
1741 3963 1995 4032 quoniam
2036 3961 2094 4016 in

511 4055 602 4110 illa
635 4056 900 4111 laboravit
929 4056 1150 4120 Paulus,
1181 4067 1465 4128 propterea
1505 4055 1815 4127 subjuuxit,
1842 4065 1888 4108 et
1919 4056 2093 4125 gratia

509 4150 624 4219 ejus
652 4150 705 4203 in
746 4165 826 4203 me
864 4167 1024 4205 vacua
1053 4168 1155 4204 non
1183 4152 1303 4221 fuit.
1344 4151 1521 4207 Habes
1548 4158 1604 4204 et
1633 4133 1952 4204 balsamum.
1988 4147 2086 4204 Ubi

511 4239 627 4295 haec
665 4240 772 4294 duo
803 4240 1087 4310 conjuncta
1126 4241 1360 4308 fuerint,
1406 4242 1703 4312 perfectum
1736 4239 1940 4296 faciunt
1983 4257 2093 4296 ser-

512 4333 769 4386 vientem.
819 4333 1091 4404 Sequitur,
1142 4334 1307 4388 Alteri
1335 4333 1500 4402 fides,
1540 4332 1697 4386 fidem
1735 4333 1788 4385 in
1841 4341 2091 4402 promptu

509 4425 578 4477 ad
610 4424 716 4480 duo
746 4440 911 4494 opera
949 4427 1373 4490 introducimus,
1405 4426 1472 4480 ad
1503 4425 1870 4496 expulsioncm
1903 4427 2091 4482 videli-

507 4511 654 4574 licet,
693 4523 751 4566 ut
775 4515 1060 4584 Apostolus
1087 4534 1099 4568 :
1130 4517 1188 4568 Si
1219 4515 1446 4568 habuero
1484 4515 1661 4582 ﬁdem,
1700 4515 1775 4568 ita
1808 4527 1862 4568 ut
1895 4529 2091 4570 montes

510 4602 828 4671 transferam
857 4618 876 4654 :
905 4616 960 4659 et
981 4607 1048 4659 ad
1085 4607 1380 4670 munimen,
1413 4607 1478 4660 de
1503 4621 1610 4674 quo
1640 4607 1859 4671 dicitur,
1883 4624 2092 4661 sumen-

511 4704 584 4748 tes
613 4705 818 4749 scutum
846 4695 991 4764 ﬁdei.
1027 4695 1202 4750 Habes
1224 4697 1584 4750 cxorcismum
1613 4698 1737 4759 olei,
1782 4708 1836 4751 ut
1865 4699 1975 4768 ipsa
1998 4713 2092 4753 ve-

510 4789 644 4844 ritas
706 4797 967 4853 testatur,
1013 4788 1266 4854 dicendo,
1308 4786 1367 4843 Si
1409 4806 1526 4860 quae
1566 4789 1816 4843 inltwsere
1850 4779 2090 4860 reliquias

508 4876 929 4950 adversantium,
958 4883 1026 4937 ad
1049 4893 1245 4937 tactum
1263 4882 1579 4952 sanctiﬁcati
1603 4882 1761 4953 hujus
1785 4883 1884 4936 olei
1913 4882 2090 4937 absce-

505 4967 660 5026 dant.
693 4973 757 5026 Et
779 4973 1010 5028 iterum:
1038 4973 1189 5028 Nulla
1214 4973 1415 5044 refugis
1440 4974 1729 5030 virtutibus
1747 4974 1819 5028 sit
1839 4974 2084 5029 facultas.

511 5062 792 5134 Sequitur,
831 5064 940 5118 Alii
965 5065 1135 5136 gratia
1173 5066 1458 5119 sanitatum
1499 5080 1517 5117 :
1561 5066 1728 5121 habes
1772 5064 1948 5121 oleum
1993 5080 2093 5135 pro

507 5153 746 5210 infirmo.
799 5157 975 5212 Verba
1024 5153 1182 5224 hujus
1226 5157 1486 5212 orationis
1541 5158 1932 5223 demonstrant,
1983 5173 2089 5212 non

509 5247 685 5303 solum
716 5249 1081 5305 necessariam
1113 5264 1233 5305 esse
1259 5249 1580 5305 medicinam
1610 5250 1966 5320 corporalem,
1995 5248 2090 5304 sed

509 5343 690 5409 potius
731 5341 1084 5411 spiritualem,
1133 5342 1357 5398 dicendo
1393 5339 1757 5410 juramentum
1807 5343 2002 5398 mentis
2037 5349 2095 5397 et

508 5431 774 5501 corporis.
815 5430 1060 5488 Peccatis
1099 5433 1406 5487 infirmatur
1448 5448 1620 5496 mens,
1656 5434 1828 5505 gratia
1869 5432 2087 5487 Domini

515 5532 740 5578 sanatur
773 5541 786 5576 :
823 5524 939 5579 sine
977 5524 1112 5589 istis,
1146 5533 1206 5579 ut
1245 5541 1384 5589 reor,
1421 5525 1596 5579 nullus
1637 5525 1814 5580 aulam
1852 5525 2090 5581 cmlestis

513 5614 663 5682 regni
695 5613 892 5678 intrat,
924 5615 976 5669 id
1001 5623 1082 5670 est
1105 5656 1118 5678 ,
1149 5615 1250 5671 nisi
1284 5616 1478 5670 habeat
1498 5616 1962 5671 conversationem
1993 5615 2090 5670 bo-

513 5718 662 5765 nam,
700 5712 754 5756 et
798 5704 1095 5759 doctrinam
1139 5705 1253 5759 sive
1285 5707 1463 5761 verbis
1492 5747 1506 5766 .
1545 5708 1657 5762 sive
1704 5707 1961 5770 moribus,
1995 5709 2088 5776 qui

517 5809 624 5849 non
659 5804 884 5865 possunt
920 5798 1205 5866 abscondi,
1238 5800 1446 5856 dicente
1496 5800 1750 5874 Apostolo
1781 5818 1793 5832 ο
1827 5800 2090 5861 Similiter

2200 3336 2459 3382 mentum.
2489 3325 2621 3393 Haec
2639 3323 3036 3378 administratio
3060 3321 3351 3394 signiﬁcat.
3378 3322 3575 3376 debere
3594 3320 3764 3373 adesse

2201 3430 2472 3474 terrenam
2523 3416 3052 3471 administrationem
3111 3413 3401 3485 spirituali.
3461 3412 3602 3468 Unde
3643 3409 3768 3464 dicit

2197 3508 2535 3580 Apostolus:
2577 3505 2638 3563 Si
2679 3523 2772 3560 nos
2830 3506 2970 3561 vobis
3029 3502 3332 3582 spiritualia
3391 3501 3762 3562 seminat-intus,

2198 3617 2446 3674 magnum
2483 3610 2555 3654 est
2597 3600 2643 3654 si
2692 3609 2858 3654 vestra
2900 3596 3138 3652 carnalia
3186 3592 3768 3649 metamus?Bene'.icit

2199 3703 2308 3748 tam
2341 3693 2592 3748 domintts
2630 3706 2769 3762 papa
2796 3705 2958 3762 quam
2990 3702 3178 3743 omnes
3207 3685 3535 3757 presbyteri.
3568 3683 3673 3738 Mos
3695 3689 3766 3737 est

2195 3786 2453 3841 erame
2496 3782 2751 3840 Ecclesia:
2795 3791 2854 3838 ut
2903 3783 2956 3836 itt
3008 3779 3346 3837 confectione
3401 3775 3765 3833 immolationis

2197 3879 2396 3936 Christi
2445 3879 2626 3936 adsint
2671 3877 2976 3950 presbyteri
3004 3919 3019 3938 .
3056 3885 3109 3931 et
3147 3874 3309 3931 simul
3355 3891 3484 3930 cum
3533 3870 3766 3944 pontiﬁce

2196 3974 2377 4027 verbis
2413 3988 2443 4027 e
2473 3972 2721 4027 manibus
2748 3969 3041 4025 conﬁciant
3075 3984 3089 4022 :
3122 3977 3177 4023 at
3215 3970 3342 4038 quia
3375 3968 3430 4022 in
3463 3968 3572 4036 ipsa
3605 3964 3769 4032 perio-

2194 4067 2293 4122 cha
2333 4050 2674 4120 eonclttditttr
2719 4061 3059 4117 consecratio
3097 4060 3199 4114 olei
3240 4056 3436 4122 hujus.
3475 4063 3676 4125 rportet
3713 4060 3771 4107 ut

2194 4155 2355 4212 simili
2394 4153 2554 4209 modo
2589 4154 2729 4208 sicut
2753 4163 2806 4208 et
2839 4161 3064 4212 ctetcra,
3097 4166 3220 4206 cum
3262 4147 3526 4218 pontifice
3557 4146 3769 4217 presby-

2196 4250 2295 4304 teri
2326 4248 2502 4302 oleum
2535 4245 2840 4301 conficiant.
2880 4245 3022 4300 Dicit
3050 4242 3263 4298 libellus
3300 4241 3540 4295 Romani
3570 4237 3770 4294 Ordinis

2194 4342 2258 4396 de
2288 4339 2698 4395 consecratione
2726 4337 3041 4392 chrismatis
3089 4353 3102 4388 :
3137 4332 3405 4389 Continuo
3457 4333 3568 4384 duo
3603 4327 3770 4396 acolgn'

2192 4432 2451 4486 involutas
2485 4428 2745 4501 ampullas
2773 4444 2890 4482 cum
2936 4427 3153 4480 sindone
3206 4423 3327 4477 alba
3371 4424 3444 4475 de
3483 4423 3671 4481 serico,
3709 4417 3772 4468 ita

2196 4523 2361 4576 videri
2378 4522 2574 4592 possint
2604 4539 2635 4574 a
2660 4521 2830 4574 medio
2858 4527 3065 4573 teneant
3093 4519 3144 4570 in
3178 4514 3392 4569 brachio
3427 4516 3669 4568 sinistro.

2207 4658 2212 4662 .
2269 4615 2337 4669 Et
2364 4615 2521 4684 paulo
2559 4626 2680 4684 post
2715 4632 2728 4663 τ
2772 4613 3062 4683 Antequam
3103 4611 3396 4674 benedicat,
3431 4607 3590 4662 halat
3629 4619 3699 4660 ter
3729 4604 3777 4655 in

2195 4705 2502 4776 ampullam.
2546 4707 2609 4760 Et
2654 4707 2848 4760 iterum
2889 4725 2899 4758 :
2936 4702 3181 4772 Ampulla
3225 4713 3402 4756 autem
3435 4744 3450 4764 ,
3501 4719 3627 4772 qua:
3675 4713 3778 4750 cent

2194 4796 2473 4850 chrismate
2505 4806 2614 4861 est,
2663 4797 2838 4850 statim
2871 4805 2926 4848 ut
2969 4794 3236 4848 benedicta
3287 4792 3454 4862 fuerit
3497 4794 3780 4863 aperiatur.

2193 4895 2309 4938 uta
2350 4888 2554 4940 nemine
2591 4886 2732 4939 nuda
2768 4885 3026 4947 videatur,
3056 4883 3148 4937 sed
3173 4891 3377 4936 tenente
3414 4899 3538 4936 eam
3562 4879 3782 4948 arolyto,

2192 4995 2370 5032 omnes
2414 4994 2505 5049 per
2537 4977 2774 5030 ordinem
2804 4976 3055 5039 salutent,
3083 4990 3240 5045 quam
3271 4974 3555 5044 episcopus
3595 4983 3640 5025 et
3674 4972 3786 5023 dia-

2195 5070 2314 5123 coni
2367 5068 2513 5138 prius
2554 5067 2803 5121 salutent.
2845 5065 2888 5137 -ι-
2934 5065 2990 5120 Si
3040 5065 3183 5120 enim
3226 5080 3478 5133 przesens
3526 5064 3701 5125 Ordo,
3735 5069 3787 5114 ut

2194 5161 2455 5227 scriptum
2495 5167 2595 5220 est,
2652 5174 2756 5213 non
2794 5159 2993 5228 agitur,
3037 5156 3323 5211 frustravit
3356 5158 3615 5228 scriptor
3652 5156 3789 5210 labo-

2196 5265 2311 5303 rem
2333 5251 2516 5319 0peris
2545 5249 2627 5304 sui
2653 5263 2667 5302 :
2697 5249 2742 5304 si
2772 5258 2949 5303 autem
2982 5247 3179 5316 agitur,
3211 5245 3417 5300 frustra
3453 5248 3566 5302 nisi
3592 5243 3790 5316 aliquid

2195 5341 2472 5398 contineat
2502 5341 2553 5394 itt
2595 5349 2960 5396 sacramento.
2989 5338 3145 5393 Libet
3165 5339 3344 5409 primo
3368 5339 3571 5394 dicere
3603 5339 3673 5394 de
3699 5338 3794 5392 hoc

2196 5435 2338 5506 quod
2381 5435 2534 5500 dicit,
2579 5432 2743 5488 Halat
2783 5444 2862 5487 ter
2883 5435 2938 5487 in
2963 5432 3269 5504 ampullam.
3301 5431 3524 5488 Halitus
3556 5433 3633 5487 ab
3666 5434 3795 5487 intc-

2195 5525 2430 5581 rioribtts
2456 5534 2512 5580 et
2539 5525 2762 5580 secretis
2783 5525 3029 5595 procedit
3054 5522 3120 5577 ad
3145 5523 3442 5593 publicum,
3479 5532 3537 5578 et
3566 5533 3798 5579 vocatur

2194 5619 2414 5688 spiritus
2457 5627 2511 5674 et
2540 5617 2762 5673 naribus
2802 5616 2922 5687 ejus
2956 5627 3057 5672 est.
3098 5616 3346 5671 Pontifex
3391 5631 3497 5684 per
3536 5618 3800 5686 spiritum

2195 5727 2350 5765 suum
2383 5711 2740 5764 substantiam
2791 5709 3026 5779 Spiritus
3070 5708 3240 5762 sancti
3291 5708 3510 5760 nuntiat
3562 5709 3626 5761 in
3684 5721 3800 5762 cor-

2193 5817 2323 5875 pore
2349 5813 2627 5876 assumpto
2655 5817 2684 5856 a
2707 5801 2988 5857 divinitate
3010 5799 3334 5868 inhabitare,
3358 5797 3518 5868 cujus
3546 5800 3804 5856 adventu
