3978 6468
225 343 339 402 1017

915 375 917 378 ‹
981 333 1068 388 or:
1106 311 1658 394 ECCLESIASTICIS
1692 323 1977 386 omcus
2014 328 2190 385 unm
2236 289 2324 387 iv.
2363 309 2436 370 4-
2470 328 2610 413 ιιιιῑ⁷
2635 329 2675 385 ι.

3319 319 3454 383 i0i8

220 462 459 516 renovata
485 455 610 507 sunt
653 450 856 506 omnia.
887 448 1134 519 Ampulla
1164 449 1306 504 enim
1329 463 1452 503 cum
1483 446 1776 502 chrismate
1804 449 1856 507 Α
1881 460 2001 500 cum
2027 445 2294 515 praeterita
2322 453 2500 508 nocte,
2530 459 2630 514 pro
2657 451 2816 518 nocte
2842 449 2895 498 et
2918 441 3005 498 die
3031 437 3330 512 accipiens,
3353 440 3458 497 hoc

220 544 597 620 quodammodo
634 558 828 612 corpus
875 542 1083 597 Domini
1131 557 1197 596 cx
1233 540 1439 611 virgine
1487 538 1650 593 Maria
1693 555 1776 594 as-

219 648 474 710 sumptmn
527 636 817 708 signiﬁcat.
861 635 1013 704 Quod
1065 645 1350 704 antequam
1404 632 1662 688 transiret
1714 634 1780 688 ad

221 733 375 786 altare
417 728 628 792 crucis,
683 728 860 796 aliquo
894 737 1132 797 tempore
1180 732 1494 796 coopertum
1529 732 1670 788 erat,
1725 731 1782 777 et

215 823 387 893 aliquo
414 822 614 876 nudum
660 839 672 874 :
709 821 966 890 primva
997 829 1237 888 tempore
1283 824 1593 886 coopertum
1634 824 1774 881 erat,

216 905 418 985 quando
445 912 516 966 ita
545 911 680 982 fugit
707 912 759 965 in
790 911 1081 982 Egyptum
1109 924 1289 979 regem
1315 907 1600 971 Herodem,
1625 907 1780 976 quasi

214 1022 312 1062 non
343 1012 489 1060 esset
526 1002 638 1058 Rex
676 1017 890 1075 regum,
938 1012 994 1056 et
1038 1002 1296 1056 Dominus
1341 999 1731 1054 dominantium
1763 1017 1775 1052 :

212 1096 419 1168 quando
442 1095 514 1150 ita
545 1102 789 1165 portatus
812 1105 895 1149 est
915 1094 981 1148 ad
1006 1093 1259 1162 templum
1280 1134 1293 1156 ,
1325 1090 1476 1160 quasi
1502 1106 1606 1144 non
1638 1096 1782 1144 esset

211 1190 587 1257 omnipotens:
626 1188 841 1257 quando
885 1187 958 1240 ita
1005 1184 1430 1256 regredientibus
1468 1183 1780 1254 parentibus

212 1281 274 1334 ab
298 1277 618 1342 Jerusalem,
647 1278 940 1349 requisitus
962 1286 1045 1332 est
1070 1267 1211 1333 inter
1234 1286 1494 1346 cognatos
1519 1284 1573 1331 et
1599 1290 1776 1341 nows,

209 1371 353 1442 quasi
389 1386 491 1425 non
523 1379 668 1426 esset
695 1372 894 1440 ubique
921 1388 932 1423 :
965 1370 1182 1439 quando
1209 1370 1282 1423 ita
1312 1371 1561 1423 inventus
1605 1376 1688 1423 est
1725 1369 1778 1423 in

209 1463 433 1532 templo,
478 1463 672 1518 sedens
701 1464 752 1516 in
797 1461 976 1515 medio
1013 1463 1295 1514 doctorum
1316 1501 1330 1524 ,
1363 1469 1525 1530 atque
1557 1459 1779 1515 audiens

207 1561 259 1607 et
295 1554 654 1623 interrogans,
710 1552 863 1622 quasi
913 1567 1017 1606 non
1068 1560 1212 1606 esset
1263 1550 1382 1604 fons
1434 1551 1712 1620 sapientia:
1763 1568 1776 1603 :

206 1645 416 1713 quando
469 1645 542 1698 ita
594 1644 844 1698 subditur
891 1643 1230 1713 parentibus,
1281 1641 1436 1711 quasi
1491 1655 1600 1695 non
1635 1647 1780 1694 esset

202 1747 389 1789 auctor
417 1746 720 1804 parentum.
1163 1725 1176 1734 ’

270 1828 326 1882 1η
368 1829 486 1884 istis
515 1831 766 1884 omnibus
795 1838 1083 1899 coopertus
1111 1827 1332 1884 latebat.
1372 1828 1780 1898 Operimentum
1807 1806 1857 1867 Β

198 1929 320 1973 erat
345 1920 537 1974 sindon
563 1920 704 1982 alba,
732 1934 829 1990 per
855 1935 1013 1991 quam
1047 1935 1151 1974 non
1180 1919 1472 1989 incongrue
1494 1933 1783 1987 possumus

197 2009 509 2080 intelligere
541 2011 948 2065 mundissimam
979 2010 1287 2080 specialiter
1316 2010 1782 2064 conversationem

194 2099 350 2168 ejus,
387 2116 492 2168 qua
524 2102 741 2157 indutus
771 2101 873 2154 fuit
903 2102 971 2155 ab
1006 2102 1179 2155 initio.
1218 2100 1427 2154 Nudum
1455 2109 1599 2158 erat.
1631 2109 1779 2169 post-

194 2207 357 2261 quam
391 2195 554 2262 carpit
596 2195 853 2249 miracula
899 2195 1094 2259 facere,
1149 2210 1268 2263 quin
1309 2193 1448 2247 ultra
1496 2193 1781 2247 hominum

193 2298 360 2354 Opera
398 2295 572 2339 erant.
619 2284 771 2340 Unde
814 2285 1138 2340 Nicodemus
1165 2327 1178 2350 ,
1224 2284 1390 2339 Nemo
1444 2295 1610 2354 potest
1670 2285 1782 2338 lucc

192 2375 344 2444 signa
371 2375 544 2444 facere
573 2393 690 2446 qum
727 2387 781 2430 tu
818 2377 971 2446 faris,
1010 2377 1112 2430 nisi
1145 2376 1300 2445 fuerit
1331 2377 1472 2430 Deus
1503 2393 1620 2430 cum
1642 2375 1734 2429 illo
1762 2389 1780 2428 .'

193 2464 464 2534 simulque
513 2467 808 2534 praedicare
855 2475 910 2520 et
957 2467 1122 2520 Deum
1164 2449 1242 2520 se
1273 2467 1663 2521 demonstrare.
1713 2463 1786 2520 Ut

192 2559 373 2628 inquit
405 2579 418 2614 :
451 2559 562 2631 Ego
605 2570 652 2615 et
699 2559 861 2616 Pater
887 2579 1052 2616 unum
1080 2580 1280 2617 sumus.
1321 2562 1435 2618 Nisi
1474 2563 1665 2618 Petrus
1703 2564 1784 2618 in-

191 2653 465 2724 telligeret
503 2655 605 2709 hoc
636 2655 839 2711 dictum
879 2672 999 2713 esse
1031 2659 1097 2712 de
1118 2658 1297 2712 divina
1327 2670 1539 2718 natura.
1574 2675 1680 2714 non
1706 2659 1784 2713 di-

189 2756 336 2801 ceret
375 2765 390 2799 :
426 2746 502 2800 Tu
539 2764 591 2801 es
618 2746 859 2803 Christus
898 2749 1070 2803 Filius
1105 2749 1201 2803 Dei
1237 2752 1352 2804 vivi.
1389 2751 1458 2804 At
1495 2762 1780 2820 postquam

186 2837 448 2892 transivit
474 2838 539 2892 ad
575 2839 968 2904 altaiecrucis,
1004 2840 1054 2894 id
1097 2849 1197 2903 est,
1226 2841 1291 2894 ad
1331 2841 1778 2907 immolationem,

187 2930 344 3000 quasi
400 2931 467 2984 ad
514 2931 977 2985 consecrationem
1009 2932 1290 3001 episcopi,
1341 2932 1456 3002 ipse
1498 2940 1583 2986 est
1634 2933 1781 2986 enim

186 3033 444 3073 summus
479 3017 748 3083 Pontifex,
795 3021 887 3090 qui
931 3021 1168 3090 seipsum
1221 3021 1415 3075 obtulit
1460 3022 1570 3076 Deo
1609 3021 1779 3087 Patri,

189 3110 380 3181 aliqua
413 3120 566 3180 parte
598 3113 857 3182 temporis
891 3114 1090 3169 nudum
1133 3129 1328 3184 corpus
1369 3131 1524 3170 suum
1561 3116 1783 3171 demon-

186 3207 413 3261 stravit.
455 3205 585 3274 Qute
612 3224 738 3280 pars
778 3210 845 3263 ad
885 3210 1202 3265 memoriam
1234 3209 1509 3267 reducitur
1536 3227 1635 3280 per
1670 3227 1785 3265 am-

185 3297 357 3366 pullae
409 3299 705 3354 nuditatem
739 3316 902 3370 quam
951 3302 1236 3371 episcopus
1278 3312 1333 3357 et
1372 3303 1584 3358 diaconi
1641 3303 1785 3358 salu-

185 3393 334 3441 tant.
368 3387 604 3443 Thomas
631 3389 721 3456 qui
763 3390 910 3443 misit
939 3391 1135 3460 digitos
1164 3407 1290 3446 suos
1320 3391 1371 3444 in
1414 3391 1643 3445 ﬁxuram
1677 3393 1787 3446 cla-

181 3491 416 3544 vorum,
460 3489 516 3535 et
555 3496 747 3534 manus
777 3481 829 3534 in
859 3480 1025 3545 latus,
1070 3483 1226 3545 dixit,
1273 3481 1528 3536 Dominus
1557 3501 1701 3538 meus
1736 3495 1785 3539 et

178 3571 342 3627 Deus
384 3591 531 3628 meus
562 3593 579 3627 :
609 3574 807 3628 nudum
856 3574 1103 3628 salutavit
1131 3590 1331 3645 corpus
1356 3575 1579 3630 Christi.
1621 3576 1787 3631 Nudi-

180 3670 368 3716 tatem
399 3661 515 3730 ejus
544 3663 774 3718 dicimus
802 3662 1294 3719 manifestationem
1328 3667 1634 3735 prmsentia:
1665 3683 1786 3721 cor-

171 3754 405 3824 por-alis
437 3772 450 3808 :
488 3754 771 3819 similiter,
806 3757 896 3825 qui
931 3757 1398 3812 manducaverunt
1440 3767 1497 3814 et
1535 3759 1788 3815 biberunt

174 3857 319 3898 cum
355 3843 468 3909 illo,
513 3856 799 3916 postquam
843 3848 1140 3902 resurrexit
1183 3865 1212 3902 a
1255 3850 1503 3904 mortuis.
1545 3849 1612 3904 At
1643 3858 1788 3920 post-

170 3953 360 4010 quam
411 3939 641 3994 salutata
688 3951 771 3996 est
809 3957 838 3996 a
885 3940 1139 4011 pontiﬁce
1189 3952 1244 3998 et
1293 3944 1556 3998 ministris
1599 3944 1788 4000 altaris

169 4027 465 4099 ampulla,
509 4032 818 4099 cooperitur
863 4041 921 4087 ut
965 4049 992 4086 a
1037 4034 1249 4088 nemine
1294 4035 1435 4089 nuda
1480 4034 1730 4089 videatur
1767 4052 1781 4088 :

172 4127 454 4188 conperta
484 4128 668 4174 tamen
693 4123 959 4178 salutatur
985 4124 1240 4195 ampulla.
1273 4125 1523 4180 Christus
1555 4141 1787 4196 namque

170 4222 488 4285 postquam
518 4217 863 4283 pra-sentiam
890 4233 1041 4272 suam
1071 4219 1151 4272 eis
1181 4219 1475 4272 secundum
1503 4235 1653 4272 suam
1679 4218 1788 4273 dis-

172 4305 523 4375 positionem
569 4309 849 4368 exhibuit.
903 4324 1038 4378 quos
1079 4309 1248 4363 voluit
1289 4325 1412 4364 esse
1460 4318 1629 4364 testes
1675 4325 1786 4365 sua:

173 4396 639 4459 resurrectionis,
678 4399 916 4453 ascendit
950 4399 1001 4452 in
1035 4398 1252 4461 malum,
1287 4409 1339 4454 et
1377 4398 1664 4454 invisibilis
1693 4400 1785 4454 ho-

172 4486 438 4541 minibus
465 4485 636 4541 factus
667 4497 771 4544 est.
807 4497 869 4542 ut
899 4489 1011 4558 ipse
1042 4497 1272 4544 testatur
1302 4507 1314 4541 :
1349 4488 1504 4542 Exivi
1526 4507 1556 4542 a
1592 4486 1778 4555 Patre,

167 4585 224 4632 et
283 4577 410 4630 veni
459 4576 514 4630 in
557 4577 810 4631 mundum
849 4594 868 4632 :
911 4578 1097 4632 iterum
1144 4577 1379 4650 relinquo
1414 4579 1699 4641 mundum,
1734 4589 1783 4632 et

168 4667 323 4720 vado
376 4665 447 4719 ad
494 4666 724 4721 Patrem.
765 4668 916 4735 Quod
965 4681 1047 4724 est
1087 4679 1272 4739 aperte
1313 4670 1512 4732 dicere,
1547 4655 1784 4724 Visi'bilis

165 4756 426 4828 apparui
470 4759 778 4814 hominibus
813 4778 824 4812 :
867 4763 1080 4816 rediens
1108 4764 1172 4815 ad
1201 4761 1444 4826 Patrem,
1492 4761 1780 4816 invisibilis

165 4862 298 4903 ero.
323 4847 590 4914 Quamvis
614 4851 958 4918 prmsentiam
973 4853 1087 4920 ejus
1104 4854 1438 4922 corporalem
1467 4868 1570 4906 non
1601 4853 1782 4906 videa-

163 4954 339 5000 mus,
406 4951 584 4996 tamen
644 4945 949 4999 venerando
999 4960 1116 4998 eam
1170 4947 1414 5016 quotidie
1459 4947 1778 5000 salutamus.

163 5030 326 5098 Quia
374 5032 650 5102 tetigimus
691 5037 759 5088 ad
806 5035 1203 5090 diluciiandum
1254 5039 1320 5091 de
1365 5036 1574 5090 ratione
1617 5036 1717 5090 olei
1764 5053 1777 5088 :

163 5135 335 5175 nunc
371 5121 549 5191 placet
576 5123 771 5186 dicere,
807 5125 849 5178 si
877 5124 1135 5180 Dominus
1163 5127 1390 5192 dederit,
1425 5142 1592 5197 quare
1622 5127 1783 5180 omit-

165 5222 400 5276 tamus,
425 5210 607 5268 Cloria
625 5212 776 5269 Patri
802 5226 849 5270 et
867 5215 1007 5270 Filio
1033 5228 1079 5271 et
1105 5216 1328 5289 Spiritui
1351 5229 1551 5273 sancto.
1582 5219 1783 5274 Triduo

155 5301 364 5372 jacuit
406 5304 666 5361 Dominus
709 5307 761 5360 in
803 5308 1049 5378 sepulcro
1087 5311 1380 5365 secundum
1409 5311 1779 5377 Evangelium,

162 5394 340 5464 quod
391 5396 570 5452 dicit:
610 5395 756 5452 Sicut
798 5398 899 5466 fuit
947 5398 1115 5454 Jonas
1161 5403 1216 5456 in
1248 5411 1422 5456 ventre
1468 5403 1566 5455 ceti
1615 5401 1779 5457 tribus

161 5486 384 5547 diebus
411 5501 458 5544 et
487 5492 650 5545 tribus
693 5493 950 5556 noctibus,
987 5495 1063 5549 sic
1104 5498 1200 5550 erit
1241 5495 1416 5551 Filius
1461 5497 1686 5552 hominis
1725 5500 1779 5552 in

169 5581 359 5643 corde
395 5590 546 5636 terra:
574 5582 740 5637 tribus
762 5585 942 5639 diebus
969 5597 1016 5640 et
1049 5589 1216 5641 tribus
1243 5589 1498 5642 noctibus.
1527 5587 1678 5655 Quod
1705 5588 1779 5642 ita

174 5674 536 5743 Augustinus
571 5675 623 5730 in
668 5675 805 5731 libro
849 5679 1023 5747 primo
1055 5681 1421 5747 Quaestionum
1467 5679 1783 5751 Evangelio-

163 5779 318 5830 tum
360 5783 373 5820 :
407 5764 587 5823 Sexta:
625 5767 776 5826 feria:
814 5772 917 5828 diei
964 5783 1192 5842 partem,
1244 5788 1350 5846 qua
1391 5772 1631 5846 sepultus
1675 5780 1778 5846 est,

1877 551 1982 607 est,
2014 558 2110 613 pro
2148 551 2259 597 tota
2288 542 2372 598 die
2399 541 2682 596 sabbatum
2713 549 2870 596 nocte
2909 549 2964 596 et
2994 542 3109 606 die,
3139 551 3194 597 et
3239 549 3457 596 noctem

1879 633 2204 689 dominicam
2229 650 2350 689 cum
2386 634 2574 689 eodem
2613 633 2700 688 die
2728 632 3104 697 illucescente,
3139 649 3204 689 ac
3227 648 3325 703 per
3350 633 3456 687 hoc

1879 728 2192 795 accipiendo
2214 737 2421 798 partem
2469 743 2566 798 pro
2607 735 2746 795 toto,
2792 727 2962 783 babes
3001 727 3236 783 triduum
3263 736 3319 784 et
3344 736 3460 784 tres

1880 828 2090 874 ηοειεε.

1952 908 2279 964 Triduanam
2309 910 2524 966 Domini
2563 910 2893 979 sepulturam
2927 911 2992 966 ad
3033 910 3348 967 memoriam
3374 923 3464 966 re.

1881 999 2156 1065 ducimus,
2191 1018 2349 1072 quam
2383 1018 2489 1057 non
2523 1003 2809 1058 recolimus
2843 1003 3191 1067 celebrando,
3227 1003 3329 1058 nisi
3362 1004 3458 1060 ad-

1881 1093 2038 1148 datur
2081 1109 2201 1148 cum
2234 1102 2387 1148 sexta
2415 1093 2547 1148 feria
2577 1104 2630 1148 et
2668 1094 2894 1165 septima
2923 1094 3128 1164 quinta.
3182 1094 3458 1149 Dominica
3516 1084 3518 1086 ’

1880 1186 2025 1240 ειιίηι
2066 1201 2168 1239 nox
2205 1185 2256 1239 in
2289 1201 2481 1257 magna
2512 1186 2682 1257 gloria
2709 1186 3034 1249 celebratur,
3065 1195 3125 1240 ut
3148 1185 3314 1255 liquet
3349 1201 3465 1241 om-

1882 1277 2040 1331 nibus
2069 1278 2158 1347 qui
2198 1293 2404 1331 morem
2443 1287 2642 1333 nostrae
2667 1277 2909 1332 ecclesiae
2942 1278 3146 1332 tenent.
3182 1277 3334 1333 Unde
3357 1277 3466 1332 Au-

1881 1368 2126 1437 gustinus
2164 1385 2230 1423 ex
2275 1383 2523 1423 sermone
2571 1369 2637 1422 ad
2681 1368 2935 1439 populum
2975 1368 3170 1438 vigiliis
3217 1367 3460 1423 Paschve.

1883 1457 2085 1513 Deinde
2129 1458 2340 1512 sabbati
2381 1459 2495 1514 dies
2533 1474 2562 1511 a
2605 1475 2700 1513 sua
2743 1468 2900 1514 nocte
2944 1459 3239 1527 incipiens,
3283 1457 3466 1512 ﬁnitus

1882 1561 1966 1608 est
1993 1567 2213 1620 vespere
2250 1551 2556 1622 incipientis
2599 1567 2701 1606 noc
2732 1551 2798 1616 is,
2827 1568 2953 1622 qua:
2981 1551 3219 1622 pertinet
3249 1551 3316 1605 ad
3362 1549 3464 1603 ini-

1883 1645 2018 1700 tium
2049 1646 2332 1701 dominica:
2360 1647 2486 1710 diei,
2521 1648 2774 1716 quoniam
2805 1663 2922 1701 eam
2958 1645 3217 1700 Dominus
3238 1658 3348 1698 suae
3383 1657 3469 1697 re-

1884 1738 2239 1792 surrectionis
2277 1737 2446 1809 gloria
2476 1738 2834 1794 consecravit.
2877 1737 3024 1792 Illius
3062 1737 3245 1806 itaque
3295 1734 3472 1789 noctis

1884 1830 1950 1882 ad
1991 1828 2202 1884 initium
2233 1830 2337 1884 diei
2368 1830 2620 1885 dominici
2652 1831 2974 1900 pertinentis
3009 1844 3154 1884 nunc
3180 1829 3341 1882 istam
3377 1841 3465 1881 so-

1884 1920 2138 1977 lemniter
2173 1922 2494 1977 memoriam
2530 1923 2888 1977 celebramus.

1956 2012 2012 2069 Si
2028 2013 2184 2081 juxta
2206 2014 2568 2082 Augustinum
2591 2013 2761 2080 gloria
2780 2013 2880 2067 fuit
2906 2011 3256 2076 resurrectio,
3277 2022 3471 2080 nempe

1885 2121 2032 2161 mors
2066 2115 2122 2159 et
2149 2105 2454 2174 sepultura,
2489 2105 2792 2160 humiliatio
2818 2104 2934 2172 ejus
2969 2113 3070 2159 est.
3106 2103 3161 2159 Si
3192 2117 3250 2159 se
3278 2102 3470 2158 exina-

1882 2197 2039 2259 nivit,
2065 2195 2220 2265 juxta
2257 2196 2596 2265 Apostolum,
2623 2205 2910 2266 postquam
2942 2194 3168 2248 formam
3203 2192 3345 2248 servi
3381 2205 3471 2247 ac-

1882 2291 2044 2360 cepit,
2073 2297 2275 2360 quanto
2300 2291 2469 2361 magis
2515 2304 2636 2343 cum
2677 2288 2853 2344 factus
2895 2296 2979 2344 est
3009 2287 3272 2343 obediens
3316 2283 3468 2338 Patri

1884 2397 2055 2451 usque
2084 2380 2150 2434 ad
2192 2388 2444 2443 mortem,
2497 2390 2730 2433 mortem
2777 2388 2957 2434 autem
2998 2377 3194 2432 crucis.
3227 2374 3332 2430 Per
3363 2383 3476 2429 tres

1885 2471 2176 2526 continuos
2199 2469 2318 2524 dies
2340 2511 2354 2536 ,
2394 2469 2446 2523 id
2481 2478 2567 2523 est
2597 2469 2783 2539 quinta
2815 2467 2968 2528 feria.
3005 2476 3179 2532 sexta,
3213 2466 3475 2536 septima-

1884 2578 1990 2634 que
2029 2563 2332 2617 triduanam
2361 2563 2692 2632 sepulturam
2727 2560 2843 2629 eius
2873 2561 3231 2617 celebramus.
3263 2559 3341 2614 Ac
3369 2575 3468 2628 per

1885 2656 1989 2710 hoc
2003 2663 2063 2708 ut
2077 2654 2516 2724 compaginemur
2531 2653 2822 2708 humilitati
2853 2653 3141 2723 sepulturae
3153 2650 3288 2720 ejus,
3307 2651 3473 2704 omit-

1887 2748 2049 2802 timus
2071 2747 2286 2802 excclsa
2314 2755 2517 2811 nostra,
2538 2747 2586 2800 id
2616 2755 2720 2809 est,
2741 2743 2924 2800 Gloria
2955 2743 3128 2809 Patri,
3151 2753 3197 2797 et
3228 2741 3390 2808 Filio,
3415 2748 3472 2796 et

1886 2856 2270 2910 campanarum
2299 2841 2450 2910 signa
2471 2881 2486 2905 ,
2519 2838 2633 2893 sive
2685 2838 2789 2893 alia
2816 2853 2935 2908 qua:
2963 2837 3345 2907 congruentius
3367 2843 3477 2888 tra-

1886 2934 2176 2988 elabuntur
2217 2948 2339 2988 cum
2378 2933 2446 2987 ad
2483 2932 2886 2986 dilucidandum
2915 2947 2979 2986 ea
3006 2938 3325 3000 perventum
3358 2925 3478 2980 fne-

1885 3023 1976 3076 rit.
2004 3022 2164 3076 Panis
2193 3021 2450 3078 caelestis.
2477 3019 2532 3074 id
2554 3028 2656 3082 est,
2685 3035 2881 3088 corpus
2908 3019 3141 3081 Domini,
3170 3025 3478 3073 reservatur

1887 3131 1916 3169 a
1949 3115 2080 3171 feria
2111 3115 2298 3186 quinta
2327 3131 2496 3182 usque
2524 3115 2590 3169 ad
2617 3113 2975 3168 Parasceven.
3010 3111 3320 3167 Secundum
3359 3110 3475 3164 Au-

1887 3207 2162 3280 gustinum
2204 3208 2270 3261 ad
2310 3204 2651 3261 Januarium.
2707 3204 2847 3259 Sunt
2887 3205 2977 3275 qui
3009 3203 3249 3273 quotidie
3294 3202 3476 3257 volunt

1888 3299 2277 3355 eucharistiam
2317 3313 2553 3352 sumere.
2592 3297 2748 3351 V’alet
2777 3297 2962 3359 etiam,
3002 3295 3208 3366 inquit,
3239 3295 3307 3348 ad
3336 3294 3476 3349 hanc

1889 3390 2319 3454 similitudinem,
2348 3389 2490 3456 quod
2520 3387 2572 3440 in
2605 3387 2782 3457 primo
2811 3385 3006 3456 populo
3036 3386 3324 3454 unicuique
3344 3383 3474 3440 ﬁde-

1887 3481 2019 3536 lium
2062 3497 2259 3536 manna
2304 3479 2598 3535 secundum
2639 3479 2914 3548 propriam
2949 3477 3277 3532 voluntatem
3303 3477 3356 3532 in
3384 3491 3475 3534 ore

1889 3575 2134 3643 sapiebat
2164 3592 2176 3628 :
2212 3578 2257 3629 si
2287 3573 2712 3643 uniuscujusque
2744 3573 2795 3626 in
2828 3587 2922 3626 ore
2957 3571 3257 3627 Christiani
3288 3585 3468 3625 sacra-

1888 3680 2128 3722 mentum
2158 3666 2310 3731 illud,
2356 3681 2454 3735 per
2483 3664 2624 3734 quod
2666 3664 2905 3718 salvatus
2951 3680 3015 3719 ac
3051 3663 3366 3734 sulrjugatus
3396 3669 3478 3717 est

1889 3758 2141 3812 mundus.
2182 3755 2318 3812 Nam
2345 3766 2402 3812 et
2430 3757 2517 3812 ille
2544 3757 2860 3811 honorando
2898 3771 3003 3810 non
3047 3754 3205 3810 audet
3240 3753 3478 3824 quotidie

1889 3867 2124 3914 sumere,
2157 3861 2214 3907 et
2257 3851 2346 3906 ille
2376 3850 2692 3905 honorando
2735 3864 2841 3903 non
2872 3850 3035 3903 audet
3062 3847 3172 3902 ullo
3214 3847 3301 3902 die
3337 3859 3477 3918 prae-

1887 3944 2207 3998 termittere.
2258 3941 2638 4011 Contemptum
2668 3941 2840 3994 Solum
2873 3954 2978 3995 non
3016 3938 3130 3994 vult
3167 3939 3320 3994 cibus
3352 3939 3476 4005 iste,

1887 4035 2026 4092 sicut
2070 4050 2266 4090 manna
2299 4035 2592 4089 fastidium.
2626 4033 2682 4088 ln
2713 4033 3015 4088 Parasceve
3058 4047 3163 4086 non
3197 4031 3479 4088 coniicitur

1885 4145 2082 4199 corpus
2118 4127 2351 4182 Domini.
2386 4126 2620 4182 Necesse
2647 4134 2734 4180 est
2762 4133 2822 4178 ut
2849 4124 2923 4186 bi,
2957 4124 3153 4191 quibus
3175 4131 3258 4178 est
3287 4122 3474 4176 volun-

1887 4229 1971 4274 tas
2015 4217 2471 4280 communicandi,
2527 4216 2764 4270 habeant
2813 4213 3140 4268 sacriﬁcium
3186 4229 3253 4268 ex
3303 4212 3475 4281 priori

1887 4310 1991 4364 die.
2023 4309 2152 4364 Dein
2186 4309 2450 4362 transitur
2479 4306 2544 4361 ad
2571 4307 2904 4370 convivium,
2937 4321 3006 4360 ex
3035 4319 3144 4374 quo
3171 4301 3338 4358 Coena
3369 4302 3475 4358 Do-

1887 4403 2084 4458 minica
2108 4411 2350 4457 vocatur.

1963 4496 2115 4552 Unde
2139 4495 2375 4550 Isidorus
2417 4511 2430 4547 :
2475 4492 2640 4548 Cmna
2673 4491 2888 4547 Domini
2918 4490 3058 4547 dicta
3091 4499 3197 4556 est,
3233 4504 3299 4545 eo
3330 4489 3475 4561 quod

1889 4587 1942 4640 iu
1973 4601 2039 4640 eo
2063 4586 2149 4640 die
2182 4584 2432 4639 Salvator
2468 4583 2676 4639 Pascha
2709 4598 2833 4637 cum
2869 4581 3149 4651 discipulis
3183 4581 3295 4637 suis
3324 4581 3474 4637 fecit.

1889 4679 2056 4746 Quali.
2093 4678 2253 4733 modo
2304 4677 2434 4732 illud
2485 4685 2735 4732 sanctum
2776 4674 3083 4730 convivium
3139 4673 3476 4729 celebratum

1885 4771 1975 4835 sit,
2027 4767 2264 4824 Joannes
2304 4769 2633 4838 evangelista
2675 4776 2903 4822 narrat:
2935 4767 3070 4821 Ecce
3117 4784 3260 4820 coma
3307 4767 3473 4835 facta,

1883 4862 2169 4933 inquiens,
2200 4877 2318 4913 cum
2355 4859 2596 4912 diabolus
2636 4859 2754 4927 jam
2804 4858 3103 4910 immisisset
3152 4858 3208 4909 in
3253 4872 3362 4910 cor.
3415 4863 3472 4908 ut

1883 4955 2108 5008 traderet
2146 4969 2261 5006 eum
2301 4951 2474 5004 ludas
2504 4949 2737 5004 Simonis
2787 4947 3114 5013 Scariothis,
3157 4948 3323 5002 sciens
3347 4947 3474 5015 quia

1884 5046 2058 5098 omnia
2085 5044 2225 5097 dedit
2254 5042 2301 5094 ei
2344 5039 2502 5093 Pater
2526 5043 2580 5093 in
2606 5056 2818 5105 manus,
2847 5049 2895 5093 et
2919 5039 3043 5112 quia
3075 5057 3106 5092 τι
3145 5037 3252 5092 Deo
3290 5036 3468 5104 exivit,

1883 5145 1932 5189 et
1961 5134 2029 5186 ad
2057 5133 2223 5186 Deum
2259 5131 2431 5192 vadit,
2469 5131 2636 5201 surgit
2665 5149 2696 5184 a
2726 5148 2889 5196 caena,
2921 5141 2969 5184 et
2998 5131 3141 5200 ponit
3168 5130 3471 5184 vesfimenta

1883 5242 1980 5279 sua
2014 5237 2031 5275 :
2063 5233 2111 5276 et
2142 5239 2258 5275 cum
2287 5225 2566 5292 accepisset
2593 5223 2830 5285 linteum,
2858 5221 3131 5292 praecinxit
3154 5237 3208 5274 se
3233 5234 3252 5270 :
3282 5217 3471 5272 deinde

1883 5318 2023 5373 misit
2050 5333 2240 5388 aquam
2264 5317 2320 5370 in
2343 5315 2530 5386 pelvth
2554 5357 2568 5373 .
2599 5326 2644 5370 et
2673 5316 2818 5385 capit
2855 5313 3030 5366 lavare
3050 5313 3203 5384 pedes
3239 5312 3472 5382 discipu-

1883 5407 2089 5473 lorum',
2126 5419 2173 5462 et
2218 5419 2483 5478 extergere
2531 5407 2688 5461 linteo
2711 5447 2724 5470 ,
2757 5422 2858 5476 quo
2900 5413 3013 5457 erat
3043 5404 3374 5474 praecinctus.
3403 5402 3470 5460 Et

1884 5512 2003 5572 post
2039 5518 2207 5572 pauca
2237 5521 2248 5556 :
2280 5501 2566 5572 Postquam
2597 5515 2717 5568 ergo
2743 5497 2864 5550 lavit
2896 5495 3050 5566 pedes
3078 5511 3283 5561 eorum,
3318 5511 3469 5551 acce-

1882 5592 1955 5661 pit
1995 5592 2292 5644 vestimenta
2323 5608 2420 5645 sua
2450 5605 2468 5642 :
2499 5600 2544 5642 et
2580 5606 2697 5642 cum
2740 5587 3055 5641 recubuisset
3089 5588 3300 5650 iterum,
3334 5585 3471 5641 dixit

1883 5681 1956 5734 eis
1994 5695 2011 5731 :
2055 5680 2215 5736 Scitis
2241 5681 2367 5752 quid
2392 5680 2604 5750 fecerint
2638 5681 2780 5734 vobis
2801 5678 2828 5733 .9
2857 5678 3011 5747 Quod
3037 5677 3370 5751 Augustinus
3395 5677 3471 5734 ita

1886 5773 1942 5829 in
1968 5774 2178 5830 eodem.
2787 5785 2808 5788 “
