3978 6474
523 281 663 337 1019

1547 273 1884 335 amen
1914 270 2355 331 PRESBYTER!
2390 271 2732 367 mersans
2786 354 2793 367 ρ

3663 273 3822 331 uno

586 392 710 449 Non
748 391 936 463 itaque
965 388 1225 461 debemus
1271 387 1572 461 intelligere
1616 390 1783 447 veluti
1824 388 1938 459 jam
1967 404 2097 445 con-
2122 389 2176 452 Α
2201 388 2335 443 ritas
2360 354 2616 460 loquitur,
2645 354 2793 460 quod
2816 354 2952 460 opus
2996 387 3197 447 habeat
3223 391 3388 462 pedes
3411 392 3607 449 lavare
3633 392 3822 452 etiam

517 491 789 556 sumptam
811 492 972 551 atque
993 489 1327 551 transactam
1353 501 1365 537 :
1392 479 1567 539 adhuc
1591 482 1733 537 enim
1755 481 2096 547 coenabatur,

516 595 643 637 cum
670 576 932 634 Dominus
950 578 1209 646 surrexit,
1238 585 1294 634 et
1319 576 1453 632 lavit
1479 579 1643 649 pedes
1673 576 2094 647 discipulorum;

517 690 647 731 nam
706 681 895 747 postea
949 671 1199 729 recubuit
1249 680 1304 727 et
1351 671 1647 727 buccellam
1703 686 1800 724 suo
1849 668 2096 724 traditori

515 774 704 839 postea
744 766 892 822 dedit
929 765 1158 835 :utique
1198 763 1437 819 nondum
1469 762 1621 817 ﬁnita
1657 774 1833 827 coena,
1884 760 1987 815 hoc
2016 765 2100 815 est

516 861 648 935 dum
671 860 847 916 adhuc
873 860 1028 933 panis
1069 859 1124 914 in
1151 873 1339 914 mensa
1378 864 1539 913 esset.
1569 855 1735 913 Coena
1774 869 1904 925 ergo
1929 851 2095 920 facta,

516 950 722 1010 dictum
752 959 837 1027 est
857 950 970 1027 jam
1001 958 1211 1022 parata,
1244 958 1301 1004 et.
1329 948 1393 1004 ad
1424 946 1829 1004 convivantium
1853 956 2095 997 mensam

513 1058 685 1115 usque
725 1026 988 1116 perducta
1022 1062 1034 1097 :
1078 1041 1197 1098 Vidi
1237 1039 1523 1112 quemdam
1569 1038 1880 1110 religiosum
1911 1049 1973 1088 ea
2011 1034 2098 1089 die

513 1133 691 1205 primo
712 1133 911 1205 aliquid
940 1151 1154 1191 sumere
1179 1136 1245 1189 de
1270 1134 1410 1200 cibo,
1437 1141 1493 1187 et
1512 1140 1699 1203 postea
1726 1130 1906 1184 lavare
1931 1129 2096 1199 pedes

510 1226 957 1299 peregrinorum,
988 1233 1044 1280 et
1078 1226 1157 1280 sic
1195 1225 1427 1280 transire
1465 1224 1533 1278 ad
1574 1238 1835 1287 mensam,
1883 1220 2095 1275 Domini

511 1313 686 1369 nostri
725 1314 994 1385 exemplo.
1036 1314 1305 1370 Lavamus
1348 1331 1415 1371 eo
1452 1314 1537 1393 die
1579 1329 1684 1367 non
1721 1312 1891 1368 solum
1933 1311 2096 1381 pedes

511 1403 774 1472 fratrum,
816 1408 912 1483 sed
954 1408 1119 1463 etiam
1163 1409 1473 1480 pavimenta
1524 1405 1798 1461 Ecclesiae.
1838 1401 2097 1473 Quamvis

509 1498 727 1555 ornatui
770 1499 943 1571 possit
979 1515 1282 1572 congruere
1328 1499 1526 1555 lavatio
1556 1514 1776 1565 eorum,
1818 1493 2097 1551 Paschalis

508 1587 842 1657 festivitatis,
888 1600 1068 1649 tamen
1110 1608 1218 1649 non
1264 1593 1416 1649 deest
1446 1591 1649 1662 aliquid
1680 1589 2002 1662 mysterium
2039 1588 2094 1644 in

510 1694 596 1737 eo.
619 1666 863 1737 Parietes
884 1681 1098 1749 domus,
1122 1683 1440 1738 vocabulum
1463 1683 1664 1737 habent
1687 1680 1944 1737 Ecclesim
1965 1678 2094 1751 quia

2201 480 2314 547 ille,
2347 482 2437 552 qui
2476 480 2618 539 lotus
2660 490 2763 538 est.
2795 480 2960 550 Quid,
2987 481 3184 540 fratres
3214 488 3343 552 mei,
3390 488 3523 559 quid
3561 489 3821 559 putatis?

2199 571 2315 629 Nisi
2361 575 2488 646 quia
2533 574 2693 630 homo
2734 576 2788 630 in
2838 586 3029 633 sancto
3070 579 3288 650 quidem
3332 581 3615 653 baptismo
3658 592 3818 640 totus

2200 666 2436 721 abluitur
2460 681 2567 721 non
2603 676 2827 738 propter
2857 668 3046 739 pedes,
3089 670 3183 726 sed
3224 679 3371 726 totus
3402 673 3638 728 omnino
3666 692 3684 728 :
3720 689 3814 730 ve-

2201 767 2504 813 rumtamen
2547 774 2671 814 cum
2722 759 2777 814 in
2823 762 2987 815 rebus
3035 761 3289 817 humanis
3325 773 3516 834 postea
3570 765 3810 832 vivitur,

2201 854 2386 924 utique
2434 863 2579 910 terra
2616 855 2879 913 calcatur.
2920 855 3026 927 Ipsi
3079 858 3225 912 enim
3269 858 3498 913 humani
3547 857 3807 924 allectus,

2202 944 2319 1000 sine
2346 944 2541 1014 quibus
2588 946 2642 1001 in
2692 946 2795 1002 hac
2842 948 3176 1007 mortalitate
3222 964 3330 1005 non
3362 949 3618 1016 vivitur,
3648 951 3809 1020 quasi

2200 1035 2365 1105 pedes
2392 1044 2538 1101 sunt,
2565 1037 2656 1092 ubi
2695 1052 2761 1092 ex
2796 1038 3047 1095 humanis
3090 1041 3253 1097 rebus
3293 1038 3609 1106 aﬂicimur;
3643 1052 3698 1097 et
3729 1044 3820 1100 sic.

2201 1124 2485 1192 aﬂicimur,
2514 1138 2575 1183 ut
2604 1128 2649 1183 si
2683 1127 2981 1184 dixerimus
3010 1129 3132 1201 quia
3166 1139 3458 1200 peccatum
3489 1145 3604 1185 non
3642 1129 3805 1186 babe-

2201 1233 2343 1284 mus,
2372 1234 2471 1273 nos
2496 1220 2644 1290 ipsos
2673 1218 3028 1291 decipiamus,
3056 1228 3112 1275 et
3134 1220 3340 1277 veritas
3366 1236 3481 1277 non
3512 1222 3729 1277 mansit
3748 1221 3799 1277 in

2202 1308 2377 1363 nobis.

2273 1399 2524 1467 Quotidie
2564 1417 2698 1474 ergo
2726 1401 2894 1474 pedes
2940 1401 3087 1458 lavat
3114 1402 3294 1467 nobis,
3335 1404 3432 1475 qui
3480 1404 3795 1476 interpellat

2200 1504 2302 1561 pro
2337 1492 2492 1548 nobis
2534 1499 2589 1548 et
2637 1493 2878 1569 quotidie
2926 1509 3061 1565 opus
3105 1493 3369 1549 habemus
3400 1504 3464 1548 ut
3498 1495 3677 1565 pedes
3717 1496 3792 1551 la-

2203 1599 2424 1652 vemus,
2465 1585 2519 1641 id
2555 1596 2643 1642 est
2679 1595 2743 1642 ut
2779 1587 2896 1643 vias
2933 1587 3298 1658 spiritualium
3335 1603 3634 1661 gressuum
3667 1591 3794 1646 tiri-

2203 1690 2413 1745 gamus.

507 1773 791 1827 continent
814 1746 1148 1838 Ecclesiam,
1178 1788 1284 1827 non
1318 1780 1442 1827 sunt
1482 1772 1585 1843 ipsi
1624 1770 1888 1825 Ecclesia.
1941 1746 2095 1836 Quod
2122 1746 2171 1808 Β
2270 1769 2327 1823 In
2359 1771 2475 1840 ipsa
2501 1772 2748 1831 oratione
2795 1771 3074 1828 Dominica
3108 1772 3452 1839 conﬁtemur,
3498 1788 3631 1829 cum
3662 1773 3791 1828 diei-

508 1877 797 1934 possumus
846 1864 1145 1935 intelligere
1200 1880 1269 1920 ex
1320 1863 1767 1936 interpretatione
1816 1860 2092 1917 Ecclesiae.

464 2006 479 2018 ,
508 1954 777 2027 Legamus
802 1971 965 2028 super
983 1956 1204 2012 Bedam.
1230 1954 1359 2024 Ejus
1384 1956 1568 2029 lingua
1592 1955 1937 2020 discernitur,
1966 1951 2097 2025 quid

508 2044 650 2103 inter
672 2063 996 2119 synagogam
1035 2058 1090 2102 et
1124 2048 1425 2103 Ecclesiam
1454 2048 1547 2113 sit,
1576 2054 1740 2116 atque
1772 2046 2098 2114 interpreta-

508 2137 711 2192 tionem
741 2150 952 2192 eorum.
997 2138 1198 2194 Verum
1230 2136 1430 2205 differt,
1458 2138 1649 2207 inquit,
1696 2138 1840 2192 inter
1862 2151 2093 2208 synago-

508 2243 635 2304 gam
659 2245 778 2300 quae
803 2231 1149 2303 congregatio
1170 2272 1185 2298 ,
1216 2238 1271 2286 et
1302 2229 1599 2286 Ecclesiam
1626 2245 1746 2300 quae
1776 2228 2095 2285 convocatio

506 2319 915 2392 interpretatur,
979 2321 1124 2392 quod
1192 2322 1393 2377 veteris
1461 2321 1809 2377 instrumenti
1862 2320 2096 2392 populus

506 2420 738 2484 utroque
758 2414 1044 2482 vocabulo,
1074 2416 1200 2473 novi
1230 2425 1414 2472 autem
1438 2423 1651 2470 tantum
1690 2415 1930 2471 Ecclesia
1959 2432 2098 2470 nun-

506 2514 739 2579 cupatur
767 2520 785 2562 :
814 2509 941 2580 quia
972 2510 1222 2566 videlicet
1259 2517 1315 2564 et
1341 2525 1540 2581 pecora
1568 2516 1625 2565 et
1652 2508 1905 2564 inanima:
1940 2524 2091 2579 quae-

504 2610 612 2670 que
659 2612 748 2654 res
775 2600 1089 2673 congregari
1120 2598 1174 2655 in
1208 2617 1375 2655 unum
1402 2609 1651 2671 possunt,
1680 2601 1971 2656 convocari
1998 2617 2095 2655 au-

505 2696 617 2746 tem
632 2706 741 2748 non
763 2691 869 2752 nisi
890 2693 1097 2750 ratione
1117 2694 1324 2750 utentia
1345 2703 1593 2765 possunt.
1626 2693 1704 2749 Ac
1724 2709 1822 2766 per
1841 2694 1944 2749 hoc
1965 2694 2093 2764 quia

504 2782 747 2843 Ecclesia
775 2802 880 2869 non
914 2788 1151 2860 parietes
1183 2788 1378 2844 domus
1406 2806 1419 2842 :
1454 2781 1557 2858 qui
1588 2795 1765 2843 tamen
1802 2798 2091 2859 pr0pterea

507 2878 919 2936 sanctiﬁcantur
956 2882 1024 2938 ab
1060 2882 1334 2953 episcopo,
1380 2882 1524 2937 utin
1561 2882 1642 2938 eis
1673 2881 1805 2937 velit
1846 2897 1968 2938 esse
1999 2882 2093 2937 ad-

505 2980 699 3037 ventus
729 2971 1069 3044 angelorum,
1110 2983 1165 3029 et
1196 2973 1445 3030 homines
1482 2975 1537 3029 in
1576 2991 1695 3031 eam
1728 2976 2086 3041 introeuntes,

505 3064 575 3118 ab
615 3064 763 3135 omni
790 3065 1116 3137 turpiloquio
1154 3062 1208 3119 et
1247 3065 1580 3122 scurrilitate
1624 3068 1788 3123 etiam
1818 3076 1874 3122 et
1908 3066 2085 3122 inutili
2114 3099 2160 3164 C

502 3162 833 3235 cogitatione
859 3166 1039 3221 norint
1075 3181 1134 3221 se
1160 3165 1457 3237 prohiberi.
1489 3165 1730 3222 Audiant
1751 3167 1843 3236 qui
1880 3167 2089 3225 intrant

503 3249 809 3318 eccbsiam,
833 3268 957 3325 qua:
975 3254 1180 3311 audivit
1208 3254 1447 3329 Moyses,
1469 3257 1686 3327 quando
1718 3257 1887 3313 voluit
1909 3258 2087 3315 visere

501 3342 701 3399 rubum
732 3343 1045 3413 ardentem,
1093 3354 1145 3402 et
1187 3346 1482 3415 Dominus,
1522 3347 1603 3402 Ne
1650 3349 1974 3421 appropries,
2004 3349 2087 3405 in-

506 3437 649 3509 quit,
675 3437 800 3506 huc,
834 3437 973 3495 solue
995 3437 1405 3496 calceamentum
1430 3440 1495 3496 de
1517 3440 1734 3513 pedibus
1762 3443 1865 3497 tuis
1888 3459 1907 3510 ,'
1939 3441 2085 3498 locus

498 3530 659 3596 enim,
686 3530 742 3585 in
754 3546 869 3610 νφιο
899 3540 1038 3598 stas,
1067 3540 1208 3587 terra
1236 3542 1422 3588 sancta
1462 3541 1558 3586 est.
1592 3533 1659 3586 Et
1696 3533 1893 3593 iterum
1922 3549 2086 3606 ange-

505 3618 591 3677 ius
611 3619 677 3677 ad
695 3616 862 3678 Iosue
888 3619 1092 3691 :Solve,
1122 3623 1318 3694 inquit,
1344 3621 1757 3678 calceamentum
1778 3623 1843 3677 de
1867 3624 2084 3694 pedibus

501 3713 605 3768 tuis
619 3728 637 3765 :
654 3712 797 3769 locus
810 3714 946 3769 enim
959 3715 1011 3768 in
1024 3732 1126 3787 quo
1139 3724 1248 3770 stas
1258 3756 1271 3780 ,
1287 3723 1502 3769 sanctus
1514 3723 1609 3770 est.
1628 3708 1945 3770 Calceamen
1954 3723 2005 3772 ta
2019 3717 2085 3773 de

500 3806 735 3863 mortuis
747 3806 1072 3862 animalibus
1096 3806 1251 3861 ﬁunt.
1270 3805 1537 3862 Mortuum
1562 3806 1760 3862 animal
1780 3816 1865 3864 est
1885 3808 2081 3875 Adam,

501 3894 570 3953 de
612 3912 722 3967 quo
759 3913 862 3959 nos
904 3907 1134 3954 mortem
1170 3899 1456 3959 traximus.
1490 3896 1785 3955 Videamus
1828 3900 1871 3954 si
1902 3899 2083 3971 aliquo

500 3986 665 4044 modo
698 4002 855 4049 mens
880 3997 1067 4044 nostra
1094 3987 1333 4045 calceata
1372 3990 1443 4045 sit
1489 4005 1639 4045 more
1676 3988 1812 4060 eius.
1836 3990 1964 4065 ,ἰςίεί
1995 3991 2083 4048 ille

501 4072 660 4132 ﬁeret
686 4074 968 4146 mortalis,
1015 4093 1124 4134 non
1170 4078 1494 4136 haberemus
1545 4081 1925 4139 necessitatem
1953 4081 2081 4138 dor-

499 4169 705 4233 miendi
729 4210 744 4238 ,
788 4186 897 4241 non
937 4170 1221 4231 domorum
1246 4171 1716 4242 mditicandarum,
1756 4190 1864 4230 non
1894 4190 2084 4232 neces-

499 4262 717 4341 sitatem
742 4264 1105 4336 agriculturae,
1130 4281 1238 4323 non
1263 4267 1617 4336 esuriremus,
1643 4283 1753 4324 non
1782 4268 2080 4338 sitiremus,

498 4372 611 4413 non
638 4357 779 4413 bella
802 4360 1249 4430 componeremus
1268 4402 1282 4425 ,
1304 4361 1431 4432 quia
1452 4362 1747 4433 unicuique
1776 4363 1911 4420 satis
1938 4370 2086 4421 esset

2196 1879 2357 1920 mus:
2388 1862 2603 1940 Dimitte
2639 1865 2784 1919 nobis
2831 1864 3004 1919 debita
3054 1875 3255 1929 nostra,
3292 1866 3422 1919 sicut
3471 1875 3521 1919 et
3556 1883 3661 1920 nos
3706 1866 3788 1918 di-

2197 1953 2451 2008 mittimus
2500 1952 2817 2009 debitoribus
2855 1955 3067 2010 nostris.
3098 1954 3157 2009 In
3194 1954 3313 2024 ipsa
3339 1954 3423 2009 die
3454 1955 3789 2025 peuitentes

2196 2041 2264 2095 ad
2309 2044 2685 2099 remissionem
2731 2053 3079 2116 peccatorum
3122 2046 3353 2101 redeunt
3391 2043 3545 2116 juxta
3586 2044 3787 2101 Decre-

2196 2130 2330 2187 talia
2375 2132 2675 2189 lnnocentii
2722 2138 2895 2208 papae,
2926 2137 3018 2207 qui
3071 2136 3239 2191 dicit:
3273 2137 3347 2192 De
3385 2139 3789 2212 penitentibus

2196 2232 2399 2291 autem,
2434 2226 2549 2281 sive
2589 2226 2654 2282 de
2693 2227 3030 2300 gravioribus
3074 2229 3388 2292 commissis,
3421 2228 3537 2283 sive
3580 2245 3659 2284 ex
3707 2229 3792 2286 le-

2194 2316 2437 2372 vioribus
2483 2318 2861 2389 paenitentiam
2900 2327 3129 2392 gerunt,
3176 2321 3219 2375 si
3260 2320 3388 2374 nulla
3429 2320 3787 2377 interveniat

2194 2409 2479 2479 aegritudo,
2509 2412 2699 2482 quinta
2729 2409 2862 2467 feria
2889 2420 3015 2469 ante
3043 2410 3265 2469 Pascha:
3283 2412 3487 2467 Domini
3513 2410 3639 2483 eius
3672 2427 3786 2486 reg-

2194 2502 2517 2558 mittendum
2562 2501 2821 2560 Romana:
2863 2502 3125 2561 Ecclesiae
3172 2505 3501 2562 consuetudo
3545 2504 3785 2562 deluun-

2194 2601 2352 2652 Strat.

2266 2684 2611 2741 lnnocentius
2639 2692 2853 2757 tempus
2878 2682 3133 2760 praeﬁgit,
3168 2684 3535 2760 Hieronymus
3560 2685 3781 2741 modum

2193 2776 2249 2833 in
2279 2777 2505 2848 epistola
2533 2780 2601 2834 ad
2650 2776 2926 2836 Oceanum
2970 2780 3038 2835 de
3087 2788 3260 2835 morte
3307 2778 3569 2847 Fabiois,
3598 2778 3776 2848 cujus,

2191 2869 2248 2926 id
2290 2877 2405 2941 est,
2455 2869 2710 2934 Fabiolae,
2738 2870 3121 2949 paenitentiam
3172 2870 3362 2926 laudat
3406 2868 3476 2926 de
3521 2869 3780 2926 adulterio

2191 2962 2503 3029 commisso,
2547 2960 2733 3018 dicens
2758 2980 2771 3016 :
2796 2960 2937 3031 Quid
2978 2978 3079 3034 ego
3113 2963 3167 3017 in
3213 2961 3435 3020 abolitis
3460 2974 3519 3021 et
3556 2963 3778 3035 antiquis

2190 3066 2397 3118 moror,
2442 3068 2693 3124 quaerens
2737 3069 3001 3109 excusare
3049 3053 3283 3125 culpam,
3315 3053 3478 3124 cujus
3520 3057 3774 3128 peniten-

2192 3141 2322 3197 tiam
2360 3144 2475 3214 ipsa
2503 3142 2751 3200 confessa
2789 3144 2906 3199 est?
2933 3142 3067 3211 Quis
3108 3144 3211 3199 hoc
3238 3145 3521 3211 crederet,
3568 3154 3622 3200 ut
3658 3152 3777 3217 post

2189 3242 2423 3291 mortem
2449 3234 2669 3291 secundi
2698 3235 2803 3291 viri
2830 3234 2884 3290 in
2911 3240 3085 3291 semet
3124 3251 3368 3301 reversa,
3397 3251 3509 3306 quo
3537 3246 3770 3307 tempore

2190 3323 2366 3380 solent
2408 3325 2583 3381 vidua:
2631 3324 2986 3399 negligentes,
3023 3325 3156 3400 jugo
3200 3327 3484 3385 servitutis
3530 3342 3775 3393 excusso,

2189 3430 2349 3487 agere
2372 3431 2430 3472 se
2455 3416 2702 3484 liberius,
2724 3419 2873 3477 adire
2902 3417 3140 3486 balneas,
3166 3418 3400 3475 volitare
3430 3435 3525 3490 per
3543 3418 3774 3488 plateas,

2187 3509 2368 3564 vultus
2396 3506 2748 3565 circumferre
2775 3511 3132 3576 meretricios,
3163 3526 3387 3566 saccum
3414 3510 3660 3565 induere?
3688 3525 3777 3566 er-

2189 3616 2370 3657 rorem
2399 3598 2610 3674 publice
2639 3590 2934 3657 fateretur?
2958 3609 3013 3657 et
3044 3609 3153 3657 tota
3183 3602 3319 3657 urbe
3359 3610 3643 3675 spectante
3676 3599 3776 3655 Ro-

2187 3707 2371 3760 mana,
2401 3701 2526 3750 ante
2554 3694 2698 3750 diem
2726 3680 2969 3758 PaSchte,
3019 3694 3073 3747 in
3115 3690 3329 3764 publica
3360 3693 3602 3762 quodam
3632 3689 3775 3746 Late-

2186 3785 2307 3839 rani
2328 3826 2343 3850 ,
2389 3785 2480 3856 qui
2508 3783 2820 3840 Caesariano
2856 3792 3139 3839 truncatus
3165 3791 3249 3840 est
3278 3782 3481 3856 gladio,
3514 3790 3687 3838 staret
3724 3780 3775 3834 in

2187 3874 2378 3947 ordine
2432 3876 2859 3949 pmnitentium?
2899 3876 3180 3949 Episcopis
3225 3885 3283 3932 et
3343 3874 3685 3948 presbyteris
3726 3879 3777 3926 et

2186 3964 2333 4024 omni
2357 3969 2554 4039 populo
2595 3968 3024 4042 collacrymanti,
3051 3985 3240 4041 sparso
3261 3968 3439 4033 crine,
3462 3983 3555 4022 ora
3580 3965 3778 4033 lurida,

2187 4059 2461 4130 squalidas
2507 4076 2721 4129 manus,
2769 4060 2987 4119 sordida
3039 4062 3178 4116 colla
3222 4057 3601 4116 submitteret?
3643 4052 3779 4129 Qua

2184 4144 2408 4226 peccata
2439 4150 2596 4209 ﬂetus
2620 4136 2722 4209 iste
2751 4170 2859 4209 non
2888 4153 3115 4225 purget?
3136 4151 3283 4219 Quas
3313 4152 3650 4206 inveteratas
3674 4163 3782 4204 ma-

2187 4247 2338 4304 culas
2362 4248 2481 4304 hzec
2508 4246 2742 4304 lamenta
2768 4263 2877 4321 non
2899 4246 3157 4303 abluant?
3183 4244 3243 4300 in
3274 4245 3399 4300 istis
3422 4243 3680 4300 omnibus
3702 4257 3778 4297 eo

2186 4340 2499 4411 gnoscimus
2540 4339 2694 4395 valde
2720 4348 3043 4411 praesentem
3078 4340 3219 4397 diem
3244 4345 3643 4394 consecratum
3669 4349 3776 4391 esse

499 4448 600 4506 Dei
653 4450 1093 4523 imaginemmsihi
1145 4430 1461 4523 reservare,
1500 4463 1558 4521 et
1604 4430 1839 4539 gaudere
1882 4456 2084 4513 unione

2196 4430 2496 4491 remissioni
2524 4441 2889 4504 peccatorum.

500 4539 863 4599 fraternitatis
889 4561 901 4597 :
935 4552 995 4605 ,ut
1021 4545 1187 4599 etiam
1229 4554 1442 4603 taceam
1476 4547 1543 4602 de
1569 4548 1775 4617 apertis
1802 4547 2041 4616 peccatis
2064 4586 2080 4615 ,

500 4634 721 4705 quando
746 4634 892 4691 circa
921 4635 1037 4690 haac
1060 4651 1216 4695 mens
1243 4638 1443 4702 studet,
1473 4637 1711 4692 calceata
1740 4646 1826 4692 est
1852 4638 2083 4709 pellibus

500 4725 702 4783 mortui
739 4724 1006 4795 animalis.
1042 4725 1314 4785 lntrantes
1353 4742 1453 4782 nos
1492 4730 1561 4784 ad
1598 4737 1786 4785 sancta
1814 4730 1951 4793 loca,
1989 4730 2083 4786 ubi

499 4814 765 4873 Dominus
794 4825 848 4872 et
877 4816 1099 4889 angelus
1122 4816 1237 4885 ejus
1259 4825 1365 4884 est,
1405 4834 1668 4876 exuamus
1704 4834 1802 4875 nos
1837 4820 1927 4878 hic
1973 4820 2083 4877 cal-

500 4904 799 4965 ceamentis
822 4948 839 4976 ,
887 4917 942 4964 et
970 4908 1269 4981 cogitemus
1308 4909 1376 4967 de
1406 4912 1821 4973 conversatione
1862 4912 2081 4986 angelo-

500 5017 624 5059 rum
638 5001 730 5056 ubi
745 5008 831 5059 est
843 5002 1060 5073 requies
1074 5003 1191 5059 sine
1208 5017 1422 5069 somno,
1445 5004 1539 5060 ubi
1558 5004 1750 5061 domus
1775 5005 1950 5076 gratia
1963 5020 2084 5076 pro-

499 5095 751 5151 tectionis
768 5092 886 5161 Dei,
903 5094 995 5151 ubi
1010 5109 1145 5164 opus
1157 5094 1273 5150 sine
1285 5095 1489 5159 labore,
1506 5097 1729 5153 satietas
1750 5097 1865 5157 sine
1878 5098 2079 5165 esurie,

498 5186 592 5243 ubi
623 5200 730 5255 pax
755 5194 1017 5257 perpetua
1045 5185 1162 5243 sine
1195 5186 1357 5243 bello.
1397 5186 1771 5247 Pavimentum
1792 5187 2036 5247 ecclesiae
2060 5229 2077 5259 ,

497 5276 777 5349 auditores
822 5276 1205 5347 magistrorum
1248 5275 1540 5348 signiﬁcat.
1588 5276 1812 5332 Lavatio
1837 5277 2030 5333 domus
2059 5317 2074 5342 ,

495 5384 619 5443 qua:
650 5370 1013 5439 nuncupative
1041 5368 1285 5425 Ecclesia
1320 5369 1518 5424 dicitur
1539 5410 1555 5436 ,
1587 5379 1669 5426 est
1695 5370 1908 5441 signum
1928 5370 2076 5423 lava-

495 5461 664 5531 tionis
694 5459 893 5532 pedum
941 5458 1173 5517 fratrum
1219 5479 1234 5517 :

493 5554 712 5625 signum
740 5563 826 5611 est
849 5555 1184 5627 remissionis
1210 5565 1553 5627 peccatorum
1584 5596 1598 5623 ,
1642 5556 1755 5611 sive
1799 5555 2014 5625 quando
2042 5569 2074 5610 a

494 5642 725 5702 Domino
754 5647 1103 5704 remittuntur
1128 5687 1145 5715 ,
1175 5648 1287 5705 sive
1322 5649 1552 5706 invicem
1579 5663 1609 5702 a
1645 5647 1803 5703 nobis
1826 5646 1978 5716 ipsis.

565 5734 900 5813 Augustinus
924 5738 996 5803 de
1019 5753 1088 5804 eo
1130 5738 1190 5801 in
1213 5737 1462 5802 Joanne:
1491 5739 1754 5799 Dominus
1781 5737 1934 5835 dicit,
1979 5751 2076 5799 ve-

1284 5461 1485 5518 lavatio
1548 5464 1745 5535 pedum
1796 5461 2026 5517 fratrum
2055 5502 2093 5529 ,_

2258 4533 2377 4591 Non
2424 4534 2570 4590 enim
2608 4542 2881 4606 putamus,
2916 4532 3171 4606 praesenti
3219 4531 3432 4602 quinta:
3480 4529 3643 4591 feriae
3676 4531 3775 4588 ior-

2189 4630 2327 4685 tuitu
2369 4630 2472 4685 hoc
2499 4629 2765 4686 accidere.
2797 4626 2906 4684 Nos
2947 4626 3102 4683 scioli
3130 4625 3349 4681 interim
3378 4624 3645 4681 dicamus
3664 4621 3779 4694 quid

2187 4720 2345 4776 nobis
2391 4720 2640 4775 videatur
2674 4719 2915 4776 rationes
2960 4718 3189 4782 habere,
3235 4714 3383 4788 quod
3435 4716 3493 4770 in
3543 4717 3664 4799 ipso
3705 4715 3781 4769 die

2187 4811 2369 4879 voluit,
2403 4811 2664 4869 Dominus
2708 4811 2872 4884 pedes
2919 4809 3136 4874 lavare,
3175 4808 3331 4878 cujus
3374 4807 3650 4879 exemplo
3694 4820 3785 4863 nos

2186 4902 2356 4975 pedes
2382 4911 2438 4958 et
2471 4911 2669 4960 caetera
2711 4901 2972 4969 lavamus,
3004 4915 3123 4971 quae
3149 4898 3353 4953 lavatio
3398 4900 3787 4955 remissionem

2182 4999 2530 5061 peccatorum
2592 4987 2883 5064 signiﬁcat.
2932 4988 3272 5060 Quapropter
3326 4995 3384 5042 et
3455 4987 3787 5060 pcenitentd

2182 5083 2374 5140 eadem
2405 5084 2494 5139 die
2529 5083 2596 5139 ad
2624 5098 2817 5138 manus
2861 5079 3204 5137 sacerdotum
3233 5088 3571 5145 recurrunt,
3599 5086 3658 5135 et
3697 5089 3788 5131 cur

2182 5177 2374 5234 eadem
2431 5174 2520 5231 die
2575 5173 2755 5229 oleum
2815 5180 3184 5229 consecretur.
3252 5168 3537 5227 Dominus
3604 5178 3790 5227 noster

2180 5267 2367 5337 quinta
2394 5272 2553 5320 aetate
2582 5263 2727 5320 venit
2764 5264 2821 5318 in
2859 5262 3151 5330 mundum,
3184 5269 3397 5317 sextam
3431 5258 3795 5318 consecravit

2180 5372 2279 5413 suo
2328 5356 2580 5412 adventu.
2623 5354 2702 5411 De
2737 5369 2843 5427 quo
2889 5352 3185 5424 Gregorius
3232 5351 3287 5406 in
3322 5350 3473 5407 libro
3515 5353 3599 5411 de
3637 5350 3791 5409 1£dio

2179 5442 2429 5506 ﬁcatione
2473 5447 2661 5520 templi
2701 5465 2716 5503 :
2755 5446 2859 5515 Qui
2901 5454 2957 5502 et
2995 5446 3050 5501 in
3086 5444 3193 5501 ﬁne
3232 5441 3559 5518 SynagOga
3602 5446 3791 5509 venit,

2178 5554 2235 5601 et
2261 5552 2390 5598 ante
2420 5542 2633 5596 initium
2664 5538 2941 5605 Ecclesiae,
2969 5554 3129 5610 quam
3151 5554 3215 5595 ex
3242 5536 3510 5610 gentibus
3539 5536 3791 5610 collegit.

2250 5632 2359 5689 Sed
2403 5632 2579 5704 primo
2628 5631 2908 5686 videamus
2951 5628 3128 5701 qualis
3176 5636 3320 5685 esset
3369 5637 3514 5683 aetas
3570 5630 3791 5700 quinta,

2175 5737 2365 5805 postea
2408 5726 2707 5802 intelligere
2734 5724 3032 5800 poterimus
3060 5724 3122 5801 si-
3146 5722 3598 5803 eam.Dominus
3634 5724 3797 5797 inve-
