3978 6438
145 326 279 384 1091

926 332 1014 388 DE
1054 332 1604 392 ECCLESIASTICIS
1637 332 1927 392 OFFICIIS
1964 335 2142 392 LIBRI
2179 336 2268 392 IV.
2307 364 2379 378 —
2410 336 2540 394 LIB.
2578 337 2620 392 1.

3251 343 3391 401 1032

140 439 323 492 uisset.
351 436 489 493 Dicit
516 437 584 496 de
611 453 676 496 ea
713 441 960 498 dominus
982 444 1126 500 Beda
1151 463 1164 499 :
1193 445 1391 514 Quinta
1418 445 1507 500 die
1533 446 1712 515 pisces
1737 457 1792 518 Α
1815 445 1906 502 illo
1949 445 2160 515 expleta
2205 455 2289 502 est
2327 453 2589 518 tempore,
2618 447 2837 517 quando
2865 448 3171 520 baptizatus
3218 460 3303 510 est
3331 453 3390 512 in

141 544 368 599 avesque
413 531 569 600 aquis
599 533 826 589 educta.
872 537 938 590 Et
967 548 1086 608 post
1113 554 1282 608 pauca
1309 558 1321 593 :
1351 538 1628 596 Successit
1652 548 1708 596 et

140 635 378 692 vespera,
407 624 624 692 quando
649 625 965 686 imminente
984 630 1096 700 jam
1124 630 1422 685 Salvatoris
1449 631 1704 697 adventu,

139 728 265 783 gens
304 712 492 768 Judaa
540 727 762 786 propter
815 720 1080 778 scelerum
1129 723 1549 794 magnitudinem
1594 723 1706 778 Ro-

137 808 306 862 manis
362 808 648 866 tributaria
686 812 862 881 facta,
902 816 1124 884 insuper
1168 825 1224 872 et
1259 816 1453 872 alienis
1491 815 1708 886 regibus

135 903 212 950 est
241 911 450 966 pressa.

103 1030 113 1081 ς
199 1009 265 1064 Et
295 1011 496 1068 iterum
517 1011 573 1067 in
603 1014 817 1078 eodem.
847 1017 897 1072 id
919 1026 1001 1074 est
1024 1017 1090 1074 de
1117 1019 1446 1089 temporibus
1470 1035 1481 1071 :
1509 1019 1706 1086 Quinta

103 1097 108 1110 ί
131 1100 278 1169 quasi
306 1101 499 1156 senilis
517 1112 650 1158 atas
673 1121 702 1158 a
728 1109 1200 1179 transmigratione
1221 1110 1509 1180 Babylonis
1538 1126 1708 1180 usque

131 1193 197 1248 ad
236 1196 526 1251 adventum
558 1199 767 1254 Domini
812 1199 1128 1258 Salvatoris.
1161 1204 1229 1257 Et
1271 1205 1426 1272 paulo
1459 1211 1618 1272 post:
1649 1203 1707 1257 In

131 1302 230 1356 qua
253 1296 313 1342 ut
338 1290 488 1357 gravi
516 1302 793 1347 senectute
819 1294 958 1349 fessa
984 1297 1138 1350 malis
1161 1298 1529 1352 crebrioribus
1554 1299 1709 1366 plebs

131 1377 345 1434 Hebraea
393 1390 684 1449 quassatur
707 1383 765 1454 1‘.
809 1384 1088 1450 Quomodo
1127 1396 1381 1455 quassata
1427 1389 1498 1442 sit
1543 1387 1708 1443 Isaias

129 1472 291 1542 tangit
318 1489 334 1525 :
365 1472 645 1529 Calamum
674 1485 988 1546 quassatum
1018 1494 1124 1533 non
1155 1487 1418 1542 conteret,
1455 1489 1508 1534 et
1538 1480 1706 1533 linum

127 1563 393 1636 fumigans
443 1583 552 1623 non
607 1571 938 1641 exstinguet.
987 1571 1138 1639 Quod
1193 1573 1266 1627 ita
1314 1573 1606 1644 Gregorius
1655 1573 1707 1625 in

126 1655 454 1713 Moralibus:
487 1660 628 1727 Quid
659 1661 807 1716 enim
858 1662 1052 1717 calami
1087 1665 1306 1719 nomine
1341 1665 1444 1718 nisi
1492 1664 1704 1719 Judaici

122 1748 302 1818 populi
337 1751 636 1821 temporale
677 1767 901 1822 regnum
933 1754 1250 1809 denuntiat?
1280 1756 1458 1811 nitens
1485 1755 1704 1825 quidem

1806 535 2066 603 Iordane,
2089 546 2144 594 et
2173 536 2404 608 Spiritus
2436 547 2657 595 sanctus
2685 539 2740 594 in
2780 541 2959 609 specie
2995 542 3258 603 columba
3299 544 3392 602 de-

1808 629 2020 684 scendit
2068 645 2230 698 super
2258 644 2404 694 eum,
2449 637 2505 684 et
2557 629 2757 686 mansit
2809 629 2865 684 in
2913 630 3048 692 illo.
3079 632 3390 694 Secundum

1807 720 1971 775 verba
2001 720 2362 789 praecedentia
2392 729 2676 791 propterea
2723 723 2869 783 venit
2912 733 2972 778 ut
3002 715 3280 788 consortes
3305 727 3391 786 fa-

1809 819 1959 865 ceret
1986 812 2137 880 regni
2171 812 2276 868 sui.
2303 811 2431 868 Hac
2463 814 2648 868 unctio
2689 814 2973 874 conﬁcitur
2999 819 3190 886 quinta
3233 819 3390 888 feria.

1808 899 1933 968 quia
1962 899 2077 968 ipse
2105 901 2254 956 venit
2277 901 2346 957 ad
2372 918 2472 960 nos
2507 905 2697 973 quinta
2733 915 2893 966 atate
2927 909 3132 968 mundi.
3166 909 3274 969 Sed
3308 913 3392 967 dl-

1808 989 1952 1048 latus
1980 1000 2065 1046 est
2113 994 2337 1061 quidam
2385 997 2580 1056 modus
2609 999 2882 1054 unctionis
2931 1015 2962 1054 a
2990 1002 3271 1060 uativitate
3311 1018 3396 1062 se-

1809 1083 2044 1138 cundum
2095 1083 2312 1152 Isaiam,
2341 1095 2397 1142 et
2439 1088 2793 1161 Evangelium
2823 1091 2878 1145 in
2926 1095 3102 1162 specie
3131 1093 3393 1152 columba

1808 1188 1983 1242 usque
2029 1175 2096 1228 ad
2143 1175 2502 1246 baptismum,
2549 1183 2819 1249 (quamvis
2867 1183 2937 1242 ab
2978 1183 3132 1238 initio
3173 1199 3242 1240 ex
3286 1201 3393 1254 quo

1809 1265 1976 1333 coepit
2001 1266 2162 1320 homo
2207 1266 2325 1322 fieri
2363 1271 2650 1327 credamus
2694 1274 3005 1328 unctionem
3035 1274 3088 1327 in
3129 1273 3257 1332 Jesu
3283 1277 3393 1346 Spi-

1810 1358 2058 1412 ritualem
2109 1360 2350 1432 manere)
2407 1378 2514 1418 non
2571 1366 2841 1436 diaerepat
2884 1368 2952 1424 ab
3003 1367 3106 1423 hac
3157 1369 3388 1434 ratione,

1811 1452 1956 1520 quod
1981 1453 2171 1522 quinta
2201 1453 2338 1510 feria
2367 1465 2720 1512 consecratur
2749 1458 2947 1522 oleum,
2979 1467 3036 1513 et
3072 1460 3256 1516 unctio
3287 1475 3398 1516 ser-

1810 1553 1971 1598 vatur
2011 1561 2180 1614 usque
2209 1548 2277 1602 ad
2309 1548 2637 1617 baptismum
2676 1557 2946 1606 nostrum.
2975 1549 3146 1617 Quem
3174 1551 3391 1607 modum

1808 1633 2129 1691 Ambrosius
2158 1638 2470 1696 manifestat
2501 1640 2556 1696 in
2600 1640 2742 1698 libro
2787 1655 2950 1711 super
2994 1641 3238 1698 Lucam:
3274 1640 3383 1698 Ro-

1811 1727 1964 1795 gabo,
1991 1727 2188 1798 inquit,
2207 1728 2440 1794 Patrem,
2466 1739 2513 1786 et
2535 1729 2698 1784 alium
2719 1731 3032 1801 paraclitum
3056 1731 3200 1786 dabit
3229 1731 3389 1797 vobis,

120 1842 386 1908 exterius,
428 1844 522 1898 sed
567 1845 794 1900 interius
839 1861 1087 1900 vacuum.
1133 1847 1197 1902 Et
1238 1850 1362 1918 quia
1413 1849 1466 1902 in
1513 1849 1702 1902 eodem

1811 1825 1868 1869 ut
1899 1817 2160 1872 vobiscum
2187 1822 2255 1874 sit
2282 1821 2336 1875 in
2362 1832 2637 1888 retentum,
2669 1824 2911 1896 spiritum
2943 1824 3198 1888 veritatis,
3239 1839 3394 1894 quem

116 1933 314 2001 populo
347 1949 517 2004 genus
540 1934 655 2003 jam
698 1937 875 2007 regale
915 1938 1204 2004 defecerat,
1236 1948 1291 1995 et
1337 1955 1558 2011 regnum
1588 1939 1704 2008 ejus

117 2022 427 2093 alienigena
475 2025 828 2111 possidebat,
887 2038 1072 2097 aperte
1121 2030 1224 2084 hoc
1273 2029 1417 2084 idem
1478 2043 1703 2098 regnum

118 2123 441 2180 quassatum
467 2116 738 2170 calamum
766 2126 943 2173 vocat.

185 2225 324 2292 Quid
358 2215 491 2283 vero
536 2244 635 2298 per
661 2230 852 2296 linum,
901 2231 1003 2286 nisi
1035 2231 1152 2301 ejus
1191 2231 1555 2287 sacerdotium
1602 2245 1699 2286 ex-

121 2317 408 2386 primitur?
450 2319 593 2390 quod
641 2320 799 2376 lineis
845 2319 1098 2377 nimirum
1151 2323 1388 2378 vestibus
1423 2324 1698 2387 utebatur,

120 2409 255 2477 quod
296 2409 428 2480 quia
477 2412 529 2465 in
576 2412 810 2466 adventu
856 2414 1069 2467 Domini
1111 2414 1392 2469 charitatis
1449 2413 1699 2468 ardorem

119 2501 363 2570 perdidit,
396 2503 555 2574 quasi
585 2495 787 2559 amisso
810 2499 922 2573 jam
949 2505 1073 2576 igne
1123 2505 1244 2560 fidei
1266 2547 1280 2572 ,
1311 2522 1420 2560 non
1452 2505 1652 2559 ardens
1685 2523 1697 2558 :

120 2597 205 2648 sed
233 2593 504 2667 fumigans
554 2596 673 2652 fuit.
717 2598 1033 2655 lncarnatus
1078 2609 1258 2656 autem
1297 2601 1576 2666 Dominus,
1606 2617 1700 2656 ca-

120 2683 311 2740 lamum
335 2695 656 2758 quassatum
685 2705 791 2744 non
829 2693 1115 2763 confregit,
1140 2702 1195 2747 et
1227 2691 1395 2746 linum
1425 2691 1693 2763 fumigans

121 2791 219 2830 non
266 2779 533 2834 exstinxit
573 2799 587 2834 :
629 2781 754 2850 quia
803 2777 1000 2837 Judaa
1051 2799 1276 2855 regnum
1305 2825 1320 2850 ,
1371 2785 1512 2854 quod
1563 2799 1702 2854 pene

120 2869 453 2927 destructum
478 2871 591 2940 jam
623 2871 832 2940 fuerat,
865 2874 1086 2945 ejusque
1125 2876 1492 2932 sacerdotium
1512 2918 1526 2942 ,
1556 2876 1702 2946 quod

121 2957 291 3029 ignem
350 2961 479 3018 fidei
533 2979 642 3018 non
696 2966 959 3031 tenebat,
1017 2982 1123 3021 non
1187 2975 1458 3036 potestate
1509 2965 1700 3037 iudicii

119 3051 370 3120 perculit,
424 3055 518 3110 sed
567 3070 693 3110 cum
751 3057 1025 3126 patientia
1083 3057 1498 3129 longanimitate
1559 3058 1698 3114 tole-

121 3141 270 3197 ravit.
337 3143 655 3200 Audivimus
731 3147 1134 3216 quassationem
1207 3149 1409 3218 quinta
1471 3150 1694 3216 atatis,
1726 3183 1771 3247 ρ

120 3247 273 3301 quam
311 3231 575 3291 Dominus
618 3236 848 3305 invenit,
879 3239 1161 3294 audiamus
1203 3242 1689 3305 restaurationem,

118 3338 216 3391 qua
254 3323 515 3383 Dominus
573 3338 782 3383 sextam
831 3337 1049 3386 atatem
1097 3345 1196 3386 suo
1242 3332 1478 3388 adventu
1531 3348 1695 3405 repa—

120 3413 272 3469 ravit.

180 3526 297 3593 Qua
331 3529 397 3582 de
425 3543 483 3582 re
513 3529 754 3582 venisset
788 3528 854 3582 ad
886 3543 984 3583 nos
1024 3528 1080 3582 in
1111 3527 1216 3583 ﬁne
1250 3529 1451 3598 quinta
1495 3529 1696 3595 atatis,

106 3612 158 3666 in
193 3613 303 3668 fine
333 3615 543 3686 quinta
590 3614 741 3672 feria
784 3616 1060 3671 hodierna
1108 3616 1420 3673 festivitatis
1470 3619 1696 3675 demon-

97 3715 270 3772 strat,
313 3706 380 3761 in
411 3725 517 3777 qua
556 3719 611 3764 et
654 3709 827 3781 legem
864 3710 1073 3775 finivit,
1107 3711 1250 3780 quod
1298 3711 1351 3764 in
1387 3712 1700 3782 posteriori-

97 3796 199 3852 bus
229 3796 542 3855 scribemus
568 3801 678 3856 Deo
709 3801 925 3857 volente
956 3819 969 3855 :
1000 3801 1152 3857 Nunc
1182 3803 1468 3858 dicendum
1509 3813 1594 3859 est
1633 3804 1700 3861 de

103 3889 190 3944 his
233 3904 364 3960 quae
413 3907 598 3947 secum
642 3878 888 3948 adduxit.
944 3891 1148 3948 Scribit
1198 3891 1433 3949 Daniel:
1477 3891 1700 3965 Septua-

111 3981 249 4052 ginta
303 3981 652 4037 hebdomada:
708 3983 1024 4039 abbreviata:
1075 3993 1195 4039 sunt
1248 4000 1404 4052 super
1449 3982 1698 4054 populum

117 4081 280 4139 tuum,
307 4083 357 4127 et
389 4090 545 4143 super
567 4073 744 4128 urbem
770 4085 1008 4129 sanctam
1041 4085 1188 4129 tuam
1230 4084 1286 4129 ut
1313 4084 1700 4129 consummetur

119 4165 498 4234 praevaricatio,
531 4175 578 4218 et
607 4166 764 4235 ﬁnem
795 4169 1019 4238 accipiat
1050 4177 1343 4238 peccatum,
1376 4177 1424 4220 et
1461 4165 1701 4221 deleatur

121 4254 386 4326 iniquitas,
420 4265 468 4310 et
514 4256 812 4312 adducatur
850 4259 1064 4330 justitia
1107 4259 1452 4329 sempiterna,
1497 4267 1546 4312 et
1597 4259 1700 4311 im-

123 4347 318 4415 pleatur
353 4350 483 4404 visio
519 4359 568 4404 et
606 4352 910 4422 prophetia,
943 4361 989 4406 et
1032 4361 1262 4422 ungatur
1310 4348 1536 4405 Sanctus
1572 4367 1699 4405 san-

128 4446 344 4494 ctorum.

1805 1911 1889 1964 hic
1913 1913 2139 1966 mundus
2168 1931 2273 1972 non
2311 1925 2475 1984 potest
2508 1917 2761 1986 acripere,
2788 1918 2914 1986 quia
2943 1933 3048 1970 non
3082 1916 3217 1970 videt
3242 1929 3388 1981 eum,

1806 2017 1899 2055 nec
1927 2003 2021 2055 scit
2049 2019 2186 2055 eum.
2203 2003 2400 2064 Merito
2418 2020 2548 2074 ergo
2568 2020 2626 2063 se
2645 2006 2698 2060 in
2724 2021 2951 2074 corpore
2977 2004 3387 2069 demonstravit,

1804 2091 2062 2159 quoniam
2089 2093 2144 2148 in
2172 2093 2471 2150 divinitatis
2499 2110 2612 2149 sua
2651 2096 2955 2150 substantia
2986 2110 3094 2150 non
3136 2094 3388 2153 videtur:

1804 2183 2053 2239 Vidimus
2096 2184 2376 2253 Spiritum,
2410 2185 2505 2241 sed
2551 2187 2605 2240 in
2647 2186 2827 2255 specie
2879 2183 3167 2255 corporali.
3220 2183 3393 2239 Homo

1803 2272 2053 2329 Christus
2093 2273 2250 2330 Jesus
2291 2286 2579 2348 postquam
2613 2280 2778 2348 capit
2810 2292 2933 2335 esse
2964 2280 3148 2343 homo,
3177 2291 3393 2346 semper

1804 2364 1910 2421 fuit
1940 2367 2101 2432 Deus,
2133 2368 2218 2422 cui
2248 2383 2346 2438 per
2370 2371 2706 2426 incrementa
2736 2372 3106 2426 membrorum
3139 2383 3250 2426 non
3273 2381 3390 2424 cre-

1803 2458 1983 2514 dimus
2013 2467 2168 2513 aucta
2210 2474 2332 2516 esse
2359 2461 2750 2517 charismatum
2793 2462 2952 2516 dona.
2997 2459 3066 2514 In
3102 2460 3216 2528 ipso
3252 2458 3391 2513 enim

1801 2547 2059 2601 inhabitat
2119 2550 2286 2603 omnis
2334 2548 2613 2619 plenitudo
2675 2550 2966 2604 divinitatis
3025 2548 3388 2620 corporaliter.

1804 2636 1962 2694 Unde
2009 2637 2370 2708 Hieronymus
2420 2639 2476 2694 in
2522 2638 2664 2694 Isaia
2703 2655 2718 2694 :
2756 2638 3060 2695 Noscamus
3101 2638 3388 2694 infantiam

1803 2727 2026 2784 humani
2045 2731 2292 2799 corporis
2315 2729 2508 2787 divina
2529 2748 2638 2788 non
2661 2732 3044 2803 prajudicasse
3072 2731 3385 2801 sapientia;

1801 2829 1858 2875 et
1893 2822 2088 2877 iterum
2119 2841 2132 2877 :
2166 2821 2342 2893 Super
2369 2825 2515 2882 hunc
2553 2838 2684 2895 ergo
2714 2822 2922 2889 florem,
2966 2823 3058 2892 qui
3092 2821 3160 2878 de
3191 2830 3382 2878 trunca

1802 2913 1986 2968 radice
2017 2913 2168 2970 Jesse
2196 2930 2294 2984 per
2340 2914 2563 2970 Mariam
2592 2916 2858 2987 virginem
2895 2923 3118 2984 repente
3158 2929 3386 2970 consur-

1801 3017 1912 3078 get,
1945 3007 2248 3076 requiescet
2278 3006 2515 3072 Spiritus
2559 3008 2791 3072 Domini,
2822 3009 2952 3079 quia
2987 3008 3041 3064 in
3091 3008 3210 3078 ipso
3237 3022 3385 3064 com-

1799 3098 2004 3168 placuit
2057 3114 2274 3154 omnem
2336 3099 2728 3170 plenitudinem
2784 3099 3085 3156 divinitatis
3137 3099 3388 3155 habitare

1802 3187 2179 3257 corporaliter,
2226 3203 2570 3259 nequaquam
2612 3204 2712 3258 per.
2739 3199 2944 3260 partes,
2973 3197 3034 3244 ut
3079 3188 3138 3243 in
3177 3188 3389 3244 cateris

1803 3281 2028 3334 sanctis.
2057 3279 2126 3333 Et
2172 3279 2319 3335 Beda
2361 3281 2415 3336 in
2446 3279 2632 3335 Luca:
2661 3279 2910 3336 Notanda
2950 3280 3226 3335 distinctio
3267 3293 3389 3334 ver-

1796 3369 2024 3432 borum,
2073 3369 2201 3438 quia
2249 3369 2508 3428 Dominus
2554 3368 2712 3425 Jesus
2740 3369 2993 3426 Christus
3040 3370 3099 3424 in
3131 3384 3197 3424 eo
3244 3368 3391 3438 quod

1797 3473 1934 3529 puer
1961 3465 2098 3522 crat,
2144 3457 2199 3512 id
2229 3467 2346 3523 est,
2389 3458 2633 3514 habitum
2660 3459 2913 3516 humana.
2958 3456 3264 3529 fragilitatis
3302 3459 3390 3514 in-

1800 3548 2011 3611 duerat,
2043 3562 2296 3602 crescere
2331 3557 2386 3608 et
2415 3549 2710 3604 confortari
2754 3549 3027 3604 habebat:
3053 3548 3116 3604 1n
3148 3565 3214 3605 eo
3258 3564 3390 3605 vero

1799 3639 1943 3708 quod
1987 3639 2152 3692 etiam
2203 3639 2428 3696 verbum
2476 3639 2602 3705 Dei,
2646 3641 2792 3698 Deus
2818 3649 3056 3698 atcrnus
3098 3649 3252 3706 erat,
3288 3656 3392 3698 nec

1800 3728 2095 3784 confortari
2128 3729 2424 3800 indigebat,
2453 3746 2553 3786 nec
2584 3731 2818 3788 habebat
2863 3732 3095 3803 augeri:
3134 3731 3276 3790 unde
3304 3745 3392 3788 re-

1798 3818 2038 3874 ctissime
2069 3818 2261 3888 plenus
2297 3820 2560 3889 sapientia
2597 3819 2915 3891 perhibetur
2947 3828 3004 3876 et
3045 3821 3248 3890 gratia.
3290 3820 3390 3878 Sa-

1799 3911 2005 3982 pientia
2033 3911 2271 3980 quidem,
2299 3913 2425 3982 quia
2451 3913 2508 3968 in
2537 3913 2653 3983 ipso
2679 3911 2890 3968 habitat
2913 3912 3090 3968 omnis
3114 3911 3390 3982 plenitudo

1801 4001 2100 4056 divinitatis
2130 4001 2528 4071 corporaliter:
2573 4003 2748 4074 gratia
2797 4011 3001 4068 autem,
3045 4003 3172 4072 quia
3215 4002 3390 4059 eidem

1800 4097 2086 4152 mediatori
2136 4098 2235 4152 Dei
2282 4105 2337 4154 et
2385 4097 2666 4153 hominum
2733 4096 2942 4160 homini
2993 4095 3122 4152 Jesu
3171 4096 3390 4152 Christo

1801 4203 1995 4258 magna
2040 4187 2214 4258 gratia
2264 4188 2522 4242 donatum
2553 4195 2669 4253 est,
2710 4195 2770 4242 ut
2814 4201 2883 4242 ex
2927 4200 3034 4255 quo
3073 4185 3192 4240 fieri
3229 4185 3390 4243 homo

1801 4281 2074 4349 coepisset,
2113 4278 2387 4349 perfectus
2430 4285 2576 4333 esset
2605 4285 2660 4331 et
2703 4277 2865 4332 Deus.
2913 4273 3103 4330 Simile
3129 4281 3214 4329 est
3246 4271 3392 4342 quod

1799 4372 2038 4430 Joannes
2065 4370 2260 4430 scribit
2289 4386 2412 4425 eum
2443 4369 2660 4440 plenum
2689 4369 2864 4441 gratia
2889 4377 2946 4424 et
2974 4368 3225 4431 veritate,
3240 4381 3390 4422 eam-

1803 4464 1926 4519 dem
1976 4464 2151 4533 ipsam
2195 4461 2497 4518 divinitatis
2528 4460 2904 4524 excellentiam
2930 4458 3200 4523 veritatis,
3227 4471 3390 4527 quam

187 4548 336 4606 Unde
364 4549 507 4608 Beda
534 4551 590 4606 in
615 4551 753 4607 libro
780 4552 846 4608 de
873 4553 1230 4622 Temporibus
1249 4526 1693 4619 :Nulli‘dubium,
1721 4529 1776 4591 D
1799 4556 1976 4611 Lucas
1995 4526 2300 4627 -sapientia
2347 4553 2568 4610 nomine
2613 4553 3020 4610 commendans.
3063 4549 3130 4606 Et
3190 4526 3390 4604 iterum

123 4640 241 4708 quin
274 4642 395 4700 hac
433 4643 597 4698 verba
643 4644 1071 4698 incarnationem
1120 4643 1322 4700 Christi
1369 4644 1693 4714 designent;
1743 4669 1748 4672 -

123 4733 206 4799 qui
232 4733 356 4789 tulit
384 4744 608 4804 peccata
639 4735 844 4800 mundi,
877 4735 1052 4806 legem
1076 4745 1132 4791 et
1163 4737 1462 4806 prophetas
1509 4736 1698 4806 imple-

121 4823 226 4890 vit;
257 4834 457 4882 unctus
481 4833 566 4881 est
594 4826 714 4880 oleo
741 4841 851 4896 pra
877 4827 1230 4895 participibus
1259 4828 1374 4883 suis
1397 4828 1456 4896 1-.
1486 4829 1562 4882 De
1589 4843 1696 4896 qua

123 4916 372 4972 unctione
398 4915 531 4971 dicit
579 4916 748 4972 Isaias
775 4932 844 4971 ex
873 4932 1104 4986 persona
1135 4917 1303 4986 ipsius
1349 4916 1652 4973 Salvatoris
1679 4935 1692 4970 :

124 5000 344 5073 Spiritus
385 5007 597 5062 Domini
644 5025 799 5078 super
842 5024 947 5074 me,
983 5017 1190 5079 propter
1233 5008 1371 5079 quod
1412 5008 1563 5062 unxit
1596 5023 1699 5072 me,

125 5098 470 5168 evangelium
497 5098 812 5170 pauperibus
843 5100 984 5154 misit
1022 5115 1121 5164 me,
1153 5099 1442 5169 praedicare
1481 5097 1700 5170 captivis

127 5189 505 5258 remissionem,
534 5199 582 5245 et
625 5192 777 5246 εωείε
819 5190 1004 5246 visum.
1045 5190 1200 5252 Unde
1243 5189 1602 5263 Hieronymus
1643 5192 1699 5248 in

129 5281 303 5338 eodem
336 5283 475 5339 isaia
512 5301 525 5337 :
565 5281 793 5351 Quando
834 5283 980 5340 enim
1010 5290 1290 5338 consortes
1325 5283 1696 5350 nominantur,

129 5380 370 5432 naturam
406 5375 587 5430 carnis
615 5373 874 5446 intellige,
903 5373 1031 5446 quia
1073 5375 1216 5432 Deus
1243 5382 1523 5430 consortes
1570 5377 1696 5432 sub-

130 5464 326 5518 stantia
346 5480 458 5520 sua
479 5480 586 5519 non
609 5466 788 5520 habet.
807 5464 875 5520 Et
895 5465 1018 5535 quia
1039 5472 1157 5518 erat
1176 5464 1358 5520 unctio
1378 5465 1692 5535 spiritualis,

132 5560 180 5606 ct
206 5571 541 5629 nequaquam
566 5557 787 5613 humani
816 5557 1080 5628 corporis,
1108 5564 1168 5611 ut
1195 5557 1295 5612 fuit
1322 5557 1377 5611 in
1402 5559 1698 5615 sacerdoti-

133 5644 224 5703 bus
258 5649 580 5719 Judaorum,
615 5651 817 5706 idcirco
853 5664 963 5724 pra
992 5649 1350 5716 consortibus,
1381 5650 1435 5705 id
1468 5659 1551 5706 est
1586 5666 1696 5722 pra

354 5749 556 5812 sanctis
576 5757 774 5840 unctus
791 5761 915 5848 esse
941 5752 1294 5844 ueneratur.
1323 5746 1489 5828 Cujus
1511 5747 1696 5810 unctio

1800 4646 2044 4716 ejusdem
2078 4645 2132 4698 in
2173 4643 2398 4699 Actibus
2438 4641 2846 4713 apostolorum:
2882 4639 3092 4708 Unetus
3129 4648 3212 4696 est
3259 4654 3390 4709 ergo
3441 4716 3450 4723 ι

1799 4737 1958 4793 Jesus
1985 4752 2094 4792 non
2124 4736 2246 4792 oleo
2282 4733 2504 4799 visibili,
2556 4733 2651 4790 sed
2696 4732 2838 4789 dono
2881 4732 3070 4804 gratia
3103 4731 3220 4796 Dei,
3247 4730 3390 4800 quod

1798 4829 1999 4884 visibili
2035 4830 2280 4900 signatur
2304 4833 2607 4898 unguento,
2637 4841 2744 4894 quo
2777 4825 3083 4894 baptizatos
3117 4821 3389 4886 ungitEc-

1801 4920 1984 4976 clesia.
2027 4919 2138 4974 Nec
2185 4928 2365 4972 tamen
2407 4925 2535 4970 tunc
2578 4922 2774 4970 unctus
2817 4920 2903 4968 est
2935 4911 3144 4982 Spiritu
3171 4917 3389 4974 sancto,

1806 5010 2021 5078 quando
2061 5023 2224 5078 super
2273 5020 2399 5061 eum
2442 5004 2776 5076 baptizatum
2822 5001 2969 5056 velut
3015 4999 3263 5056 columba
3299 4998 3390 5054 de-

1804 5097 2032 5154 scendit.
2077 5098 2228 5153 Tunc
2269 5095 2414 5150 enim
2446 5109 2644 5168 corpus
2687 5109 2876 5159 suum,
2909 5093 2962 5148 id
2992 5100 3077 5148 est
3105 5089 3390 5146 ecclesiam

1803 5206 1978 5253 suam,
1998 5189 2350 5262 praﬁgurare
2375 5189 2627 5258 dignatus
2653 5198 2758 5254 est,
2781 5189 2837 5242 in
2862 5202 2969 5259 qua
3003 5185 3272 5256 pracipuc
3301 5184 3391 5238 ba-

1803 5282 1995 5352 ptizati
2020 5282 2294 5353 accipiunt
2319 5279 2582 5352 Spiritum
2608 5288 2890 5352 sanctum:
2919 5276 3014 5332 sed
3034 5277 3138 5332 ista
3163 5275 3390 5347 mystica

1803 5387 1856 5432 ct
1900 5377 2156 5433 invisibili
2187 5377 2441 5434 unctione
2470 5384 2602 5430 tunc
2646 5373 3028 5444 intelligendus
3068 5381 3155 5428 est
3193 5378 3388 5426 unctus

1802 5474 2018 5543 quando
2048 5475 2270 5529 verbum
2310 5472 2406 5527 Dei
2435 5487 2563 5527 caro
2596 5468 2797 5526 factum
2822 5478 2932 5536 est,
2961 5468 3014 5525 id
3044 5476 3146 5534 est,
3176 5467 3388 5536 quando

1803 5565 2036 5620 humana
2082 5573 2275 5620 natura
2320 5563 2437 5618 sine
2483 5561 2610 5616 ullis
2654 5560 3084 5632 pracedentibus
3123 5560 3385 5614 bonorum

1801 5674 2022 5729 operum
2075 5657 2300 5722 meritis,
2347 5655 2459 5711 Deo
2504 5655 2672 5710 verbo
2715 5662 2803 5711 est
2845 5654 2902 5710 in
2943 5653 3182 5722 Virginis
3230 5659 3387 5708 utero

1802 5751 2068 5843 copulata,
2104 5749 2180 5809 ita
2210 5755 2273 5837 ut
2301 5761 2428 5837 cum
2455 5745 2549 5809 illo
2570 5745 2727 5808 ﬁeret
2748 5761 2858 5806 una
2891 5759 3143 5824 persona.
3171 5742 3251 5806 0b
3275 5743 3385 5828 hoc
