3978 6458
607 342 631 395 1
642 338 748 393 025

1647 331 1976 388 ΑΜΑιΑΒιι
2015 329 2453 388 PRESBYTER]
2495 329 2838 386 METENSIS

3753 341 3856 396 i031

605 469 726 511 cum
753 451 1075 508 conﬁtemur
1108 457 1295 505 natum
1341 449 1406 505 de
1443 449 1645 519 Spiritu
1693 458 1879 505 sancto
1918 462 1972 505 et
2018 449 2185 504 Maria
2214 449 2263 508 A
2291 447 2358 502 de
2395 448 2589 516 quibus
2632 449 2894 518 scriptum
2934 455 3018 502 est
3056 463 3071 504 :
3113 447 3180 502 Et
3227 448 3414 505 relicto
3463 463 3537 506 eo
3585 466 3766 510 omnes
3797 457 3854 513 lu-

603 549 833 620 virgine.
871 546 991 618 Ipse
1033 546 1182 600 venit
1218 545 1407 601 tollere
1455 554 1678 616 peccata
1724 547 1942 610 mundi,
1981 555 2040 599 ιιι
2075 562 2186 600 me-

602 647 846 699 moratus
872 640 1138 709 propheta
1172 638 1447 692 dimittere
1482 638 1791 693 contractos
1830 639 1884 692 in
1918 640 2187 694 remissio-

604 746 727 788 nem
751 732 811 802 1-.
835 731 954 802 Ipsa
986 732 1072 787 die
1099 730 1285 785 linitur
1312 731 1396 785 lex
1419 729 1631 786 Veteris
1658 731 2010 796 Testamenti,
2041 735 2186 804 quod

606 822 920 878 manifestat
964 839 1028 878 ex
1093 822 1416 877 auctoritate
1468 822 1872 892 Scripturarum
1926 825 2066 878 idem
2135 825 2186 880 in

600 911 769 971 Luca.
818 914 1000 986 Moyse
1041 915 1240 985 quippe
1271 923 1504 980 mortuo,
1537 913 1701 971 Josue
1743 916 1847 971 dux
1881 918 2183 984 ordinatur,

605 1009 733 1078 quia
765 1008 879 1078 lege
913 1007 1293 1062 traditionibus
1314 1006 1712 1060 Pharisaeorum
1745 1017 1998 1078 corrupta
2028 1008 2188 1064 Chri-

604 1105 720 1154 stus
745 1099 1081 1153 incarnatur.
1106 1097 1270 1152 .losne
1297 1108 1450 1152 trans
1474 1095 1763 1153 Jordanem
1789 1115 1984 1153 manna
2013 1101 2187 1170 pascit

601 1199 658 1244 et
687 1189 944 1258 pascitur,
975 1189 1098 1258 quia
1132 1189 1391 1243 Dominus
1421 1205 1591 1258 usque
1622 1191 1690 1245 ad
1734 1199 1946 1260 tempus
1978 1192 2057 1247 sui
2092 1194 2185 1247 ba-

601 1279 870 1351 ptismatis
896 1279 1252 1334 caeremonias
1279 1278 1416 1347 legis
1448 1287 1502 1332 et
1535 1279 1649 1347 ipse
1684 1287 1882 1345 servat,
1911 1290 1967 1335 et
2002 1298 2031 1334 a
2061 1297 2187 1336 cun-

602 1371 704 1426 ctis
735 1371 941 1424 servari
983 1371 1272 1426 desiderat.
1310 1371 1706 1426 Transductam
1743 1373 1953 1441 plebem
1995 1372 2186 1428 Jorda-

601 1477 724 1517 nem
772 1460 933 1517 Josue
963 1472 1114 1533 petra
1146 1464 1508 1528 circumcidit,
1541 1466 1666 1534 quia
1710 1466 1961 1534 baptismi
2010 1467 2185 1537 gratia

594 1553 910 1619 celebrata,
967 1553 1220 1609 Salvator
1261 1556 1426 1609 etiam
1476 1557 1866 1626 cogitationum
1911 1560 2051 1628 quod
2101 1560 2186 1613 lex

607 1646 963 1714 nequiverat,
1013 1645 1297 1699 illecebras
1347 1646 1467 1700 ﬁdei
1501 1648 1790 1702 severitate
1819 1649 2099 1718 praecidit:
2133 1657 2186 1704 et

591 1743 718 1789 .tres
746 1736 910 1791 semis
953 1751 1126 1791 annos
1176 1737 1327 1805 quasi
1370 1737 1529 1790 solito
1566 1754 1762 1792 manna
1803 1741 2054 1805 nutriret,
2095 1755 2184 1794 sa-

2292 555 2506 614 gerunt.

2880 637 3109 696 CAPUT
3147 640 3286 697 Xlll.

2603 734 2676 787 De
2707 735 2926 806 septima
2955 737 3225 801 varietate,
3255 733 3589 794 Paraseeve.

2362 827 2600 898 Septima
2642 827 2878 881 varietas
2923 835 3006 881 est
3049 827 3102 881 in
3135 839 3286 883 sexta
3317 829 3492 895 feria,
3525 848 3685 902 quam
3722 833 3843 893 Para-

2291 935 2481 974 sceven
2529 933 2803 974 vocamus.
2851 917 3174 986 Parasceve,
3215 929 3275 974 ut
3330 921 3487 976 Beda
3537 925 3643 989 ait,
3683 941 3841 998 pupa.

2290 1011 2428 1064 ratio
2475 1009 2880 1078 interpretatur.
2914 1010 3031 1076 Quo
3083 1012 3300 1067 nomine
3348 1011 3573 1077 Judaei,
3622 1017 3704 1085 qui
3741 1019 3839 1073 inter

2287 1101 2505 1157 Crtecos
2535 1103 3015 1164 conversabantur,
3066 1112 3275 1157 sextam
3303 1106 3555 1170 sabbati,
3604 1124 3713 1178 qua:
3738 1128 3836 1166 num

2289 1209 2317 1247 a
2370 1193 2526 1247 nobis
2563 1201 2715 1248 sexta
2745 1193 2876 1247 feria
2917 1204 3143 1248 vocatur
3199 1196 3566 1266 appellabant
3603 1217 3615 1251 :
3653 1202 3768 1270 quod
3791 1219 3834 1258 eo

2281 1284 2536 1357 videlicet
2569 1283 2675 1347 die,
2715 1301 2835 1354 quae
2876 1285 2929 1339 in
2971 1287 3197 1340 sabbato
3235 1286 3503 1354 fuerant,
3550 1296 3828 1359 necessaria,

2285 1375 2828 1445 puepararentjuxta
2865 1376 3006 1444 quod
3052 1377 3141 1430 die
3183 1387 3334 1433 sexta
3367 1394 3586 1434 manna
3612 1385 3827 1453 quondam

2287 1473 2398 1518 erat
2436 1479 2759 1535 prmceptum
2787 1485 2799 1520 :
2831 1477 2978 1522 sexta
3009 1478 3189 1522 autem
3221 1470 3308 1524 die
3335 1471 3616 1540 colligetis
3645 1474 3821 1543 duplum,

2287 1569 2390 1611 etc.
2424 1556 2524 1623 Qui
2553 1574 2683 1613 vero
2731 1559 2870 1612 inter
2916 1559 3192 1615 Romanos
3231 1561 3399 1615 vitam
3453 1563 3653 1618 ducunt
3675 1564 3824 1633 Judei,

2287 1647 2538 1702 usitatius
2588 1664 2705 1704 eam
2769 1649 2960 1704 Latine
3020 1664 3230 1705 orenam
3292 1656 3695 1724 cognominant.
3735 1657 3824 1714 lla:

2289 1748 2439 1792 sexta
2479 1739 2633 1804 feria,
2671 1751 2838 1795 sexta:
2867 1740 3019 1796 feria:
3053 1744 3243 1811 primae
3273 1747 3600 1812 creationis,
3630 1759 3677 1802 et
3702 1760 3821 1803 sexta

605 1839 879 1884 cramenta
909 1830 1062 1900 legis.
1091 1832 1340 1900 quamvis
1371 1834 1437 1888 ad
1475 1833 1713 1888 caelestia
1750 1838 2012 1902 promissa
2057 1851 2187 1905 pau-
2217 1837 2262 1896 Β
2289 1831 2466 1884 tctatis
2498 1831 2655 1900 hujus
2686 1832 2867 1885 mundi
2898 1842 3204 1901 coaptatur.
3238 1835 3313 1889 De
3340 1848 3503 1891 sexta
3537 1837 3659 1892 feria
3685 1842 3825 1910 prima

601 1915 752 1972 latim
783 1934 1101 1988 provocans,
1141 1922 1435 1977 observare
1467 1940 1573 1977 non
1600 1933 1816 1979 cessat:
1847 1926 2019 1980 donec
2059 1937 2190 1981 tem-

605 2023 740 2078 pore
787 2007 1010 2077 praeﬁxo
1063 2009 1427 2066 desideratum
1475 2012 1684 2067 Pascha
1731 2030 1854 2068 cum
1911 2015 2187 2086 discipulis

604 2098 717 2151 suis
747 2101 1095 2163 manducans,
1121 2100 1194 2153 ita
1219 2101 1434 2156 demum
1463 2119 1619 2158 mane
1651 2104 2014 2172 illucescente,
2041 2124 2188 2163 mun-

603 2187 826 2243 dissima
857 2189 938 2243 sui
969 2192 1213 2260 corporis
1240 2201 1294 2247 et
1325 2197 1605 2266 sanguinis
1635 2200 1890 2268 mysteria
1932 2200 1985 2254 in
2011 2203 2188 2258 crucis

592 2276 760 2342 altari
787 2291 1100 2336 consecrata
1125 2285 1280 2352 quasi
1327 2301 1516 2356 azyma
1549 2299 1707 2342 terra:
1750 2292 2188 2360 repromissionis

598 2368 906 2436 imbuendis
935 2371 1181 2428 ﬁdelibus
1218 2374 1429 2432 afferat.
1478 2379 1542 2433 Et
1589 2381 1786 2436 iterum
1824 2401 1836 2436 :
1869 2383 1939 2437 Et
1978 2396 2184 2456 accepto

601 2459 764 2515 calice
793 2464 992 2532 gratias
1026 2467 1150 2534 egit,
1177 2478 1224 2520 et
1253 2468 1386 2522 dixit
1412 2483 1430 2520 :
1463 2472 1693 2542 Accipite
1723 2484 1770 2527 et
1807 2476 2022 2530 dividite
2051 2479 2188 2532 inter

602 2568 710 2606 uos.
737 2551 800 2606 Et
829 2553 918 2608 hic
945 2555 1086 2609 calix
1118 2558 1185 2610 ad
1236 2567 1393 2613 vetus
1438 2559 1564 2614 illud
1612 2561 1841 2628 Pascha,
1889 2568 1974 2622 cui
2023 2568 2185 2622 ﬁnent

603 2642 949 2701 desiderabat
995 2647 1293 2718 imponere,
1333 2653 1586 2722 pertinet.
1633 2654 1750 2722 Quo
1785 2668 2030 2728 accepto,
2061 2676 2185 2730 gra-

603 2733 708 2788 tias
742 2734 878 2804 egit,
923 2738 992 2792 ob
1020 2737 1122 2793 hoc
1156 2740 1436 2807 nimirum,
1467 2743 1593 2812 quia
1633 2755 1817 2800 vetera
1864 2750 2181 2817 transitura,

601 2834 658 2879 et
682 2825 860 2881 futura
885 2827 1101 2885 fuerant
1127 2832 1307 2886 omnia
1339 2848 1496 2887 nova.
1522 2833 1634 2891 Lex
1661 2852 1768 2892 non
1793 2839 2035 2895 solvebat
2059 2857 2184 2910 pec-

601 2925 743 2980 cata,
776 2919 871 2973 sed
900 2921 1173 2988 puniebat.
1219 2921 1468 2978 Christus
1509 2924 1561 2978 in
1608 2927 1797 2996 quinta
1845 2928 1978 2984 feria
2008 2933 2182 2988 veteri

603 3004 707 3076 legi
753 3005 914 3062 linem
940 3009 1052 3075 dat,
1082 3021 1305 3080 peccata
1338 3014 1584 3070 absolvit.
1628 3017 1862 3088 ldipsum
1905 3021 1959 3074 in
2006 3025 2182 3092 prima

597 3097 849 3152 oratione
886 3098 1060 3156 Missae
1104 3110 1260 3157 sonat
1305 3107 1578 3172 sacerdos,
1609 3111 1872 3166 dicendo:
1904 3115 1980 3168 lta
2027 3119 2183 3172 nobis

2289 1921 2580 1976 creationis
2610 1924 2761 1988 dicit,
2789 1923 2880 1994 qui
2909 1940 3070 1994 supra
3108 1927 3162 1978 in
3200 1926 3338 1981 libro
3367 1929 3440 1983 de
3480 1929 3818 2000 Temparibus:

2291 2012 2457 2068 Sexta
2502 2015 2590 2068 die
2622 2023 2766 2068 terra
2796 2017 2909 2071 suis
2936 2017 3307 2072 animantibus
3334 2019 3606 2088 impletur,
3631 2031 3681 2076 et
3705 2025 3824 2079 homo

2288 2109 2498 2177 primus
2529 2108 2594 2162 ad
2641 2109 2930 2179 imaginem
2984 2109 3076 2163 Dei
3121 2118 3343 2164 creatur
3379 2111 3606 2182 moxque
3645 2131 3704 2169 ex
3740 2113 3828 2181 ejus

2288 2198 2458 2254 latere
2487 2199 2806 2254 dormientis
2845 2210 3058 2271 sumpta
3089 2211 3265 2265 costa,
3310 2203 3503 2259 femina
3547 2204 3829 2261 fabricatur.

2286 2288 2356 2342 Et
2401 2289 2595 2344 iterum
2626 2291 2692 2345 de
2722 2300 2874 2345 sexta
2923 2300 3081 2346 aetate
3119 2311 3132 2345 :
3166 2292 3320 2347 Sexta
3357 2304 3507 2350 :etate
3539 2311 3834 2364 praeman-

2287 2381 2432 2437 tibus
2457 2383 2760 2453 prophetis,
2788 2383 2957 2440 Filius
2985 2384 3078 2440 Dei
3106 2386 3159 2440 in
3184 2402 3364 2451 carne,
3387 2387 3476 2456 qui
3499 2389 3760 2443 hominem
3778 2387 3832 2442 ad

2287 2473 2581 2545 imaginem
2613 2475 2709 2530 Dei
2756 2485 2988 2541 crearet,
3021 2480 3274 2548 apparuit
3315 2497 3329 2531 :
3363 2479 3451 2549 qui
3499 2481 3750 2536 dormiens
3786 2482 3827 2536 in

2287 2580 2471 2629 cruce,
2504 2568 2823 2638 sanguinem
2850 2576 2906 2623 et
2944 2583 3139 2639 aquam
3182 2571 3249 2624 de
3284 2570 3477 2636 latere,
3505 2574 3638 2628 unde
3678 2573 3828 2628 Eccle-

2286 2656 2421 2710 siam
2459 2657 2561 2712 sibi
2601 2667 2970 2723 consecraret,
3002 2662 3294 2714 emanavit.
3341 2661 3541 2718 Eadem
3567 2665 3643 2718 die
3668 2664 3827 2734 legitur

2284 2745 2442 2802 lectio
2472 2748 2595 2804 libri
2645 2750 2837 2816 Exodi,
2866 2752 2918 2805 in
2951 2767 3054 2820 qua
3099 2767 3294 2822 agnus,
3345 2755 3441 2824 qui
3483 2755 3565 2808 die
3601 2755 3824 2809 Dominico

2283 2836 2585 2894 Jerusalem
2617 2843 2683 2895 ad
2717 2842 3099 2897 immolandum
3149 2843 3394 2907 intravit,
3431 2846 3730 2900 immolatur.
3757 2845 3822 2900 Di-

2283 2933 2359 2987 cit
2384 2931 2544 2988 lectio
2569 2951 2582 2986 :
2611 2933 2828 2988 Decima
2863 2935 2949 2988 die
2982 2938 3168 2990 mensis
3205 2938 3373 3007 hujus
3413 2939 3566 2992 tollat
3599 2937 3819 3008 unusquis-

2281 3042 2381 3096 que
2412 3043 2608 3096 agnum
2637 3043 2730 3096 per
2779 3026 3014 3097 familias
3056 3038 3102 3081 et
3144 3029 3329 3084 domos
3381 3048 3513 3085 suas
3558 3033 3743 3103 (dequo
3777 3030 3820 3084 in

2281 3118 2696 3188 posterioribus)
2739 3128 2786 3172 et
2833 3120 3105 3174 servabitis
3154 3137 3271 3175 eum
3313 3139 3488 3193 usque
3531 3124 3596 3176 ad
3632 3133 3818 3193 quam

600 3185 782 3243 ablato
809 3192 1092 3246 vetustatis
1122 3207 1307 3250 errore
1353 3200 1770 3256 resurrectionis
1797 3220 1907 3259 sua:
1951 3208 2181 3276 gratiam
2211 3199 2255 3262 C
2287 3204 2542 3260 deritnam
2588 3208 2727 3261 diem
2756 3210 2947 3262 mensis
2979 3210 3160 3280 hujus,
3199 3215 3594 3286 immolabitque
3615 3211 3824 3269 tumui-

601 3276 885 3350 largiatur.
918 3283 1089 3340 Alfert
1111 3296 1168 3341 et
1188 3287 1365 3343 oleum
1396 3305 1504 3359 quo
1537 3305 1808 3365 uagantur
1839 3298 1920 3352 sui
1957 3313 2182 3356 consor-

601 3377 706 3435 tes,
731 3371 800 3428 de
819 3373 1014 3443 quibus
1040 3377 1170 3433 dicit
1195 3379 1386 3436 Petrus
1410 3397 1424 3435 :
1453 3383 1559 3438 Vos
1581 3386 1711 3440 estis
1733 3402 1903 3456 genus
1925 3389 2178 3458 electum,

600 3462 782 3536 regale
809 3468 1191 3536 sacerdotium.
1226 3470 1414 3528 Restat
1441 3475 1619 3530 adhuc
1649 3492 1813 3530 unum
1842 3481 1893 3531 in
1936 3479 2182 3537 Romam

599 3552 819 3620 Ordine,
840 3557 927 3611 ubi
955 3561 1218 3631 praecipit,
1247 3571 1304 3616 nt
1330 3581 1360 3618 a
1385 3566 1571 3634 quinta
1605 3566 1736 3620 feria
1765 3584 1934 3638 usque
1964 3573 2016 3623 in
2048 3570 2183 3626 Sab-

597 3644 724 3701 bato
757 3657 944 3704 sancto
972 3652 1115 3706 nuda
1142 3653 1253 3708 sint
1273 3654 1462 3710 altaria
1487 3674 1499 3708 :
1529 3658 1672 3726 quod
1703 3659 1848 3714 aliud
1878 3677 1984 3716 non
2017 3663 2184 3732 signi-

596 3735 744 3803 ﬁcat,
778 3740 832 3794 ni
867 3740 1044 3808 fallor,
1092 3745 1197 3800 nisi
1239 3745 1417 3818 fugam
1446 3751 1833 3818 apostolorum,
1866 3768 2029 3823 quam
2064 3757 2180 3825 ipse

598 3827 855 3885 Dominus
901 3841 1128 3890 testatur
1166 3837 1217 3891 in
1252 3839 1540 3910 Evangelio
1568 3840 1832 3899 Joannis:
1868 3845 2027 3900 Modo
2069 3865 2183 3903 cre-

597 3917 898 3975 ditis:erce
939 3927 1074 3979 venit
1127 3927 1276 3992 hora,
1325 3940 1379 3984 ut
1413 3914 1788 4003 dispergamini
1831 3939 2183 4008 unusquisque

596 4010 650 4065 in
687 4013 920 4083 propria,
959 4025 1006 4069 et
1044 4034 1123 4072 me
1163 4019 1330 4074 solum
1372 4022 1695 4094 relinquatis.
1737 4025 1887 4094 Quod
1928 4029 2182 4099 Angusti-

595 4117 698 4157 nus
730 4102 783 4156 in
815 4105 1002 4160 eodem
1032 4107 1104 4162 ita
1143 4119 1339 4165 tractat
1367 4131 1378 4166 :
1413 4113 1565 4168 Tunc
1604 4117 1674 4170 ita
1705 4118 2178 4187 perturbabimini,

594 4201 657 4248 ut
697 4193 860 4249 etiam
890 4197 1034 4266 quod
1082 4201 1241 4256 modo
1277 4205 1498 4260 creditis
1541 4207 1861 4279 relinquatis
1893 4211 1951 4280 τ.
1995 4210 2182 4268 Altare

594 4283 869 4358 Christum
895 4289 1189 4359 signiﬁcat,
1219 4302 1278 4347 ut
1311 4294 1456 4350 Beda
1499 4310 1687 4352 narrat
1721 4299 1772 4353 in
1817 4299 1955 4356 libro
1981 4303 2047 4357 de
2078 4303 2182 4358 Ta-

593 4376 889 4433 bernaculo
921 4387 976 4434 et
1000 4380 1156 4438 Vasis
1183 4382 1318 4451 ejus.
1343 4385 1582 4443 Aureum
1623 4406 1753 4445 vero
1796 4391 1966 4448 altare
2003 4395 2178 4464 ipsum

594 4465 881 4522 Dominum
931 4471 1219 4542 signiﬁcat,
1249 4477 1374 4545 quia
1410 4480 1550 4534 miro
1582 4491 1743 4552 atque
1791 4485 2046 4539 inell‘abili
2091 4503 2179 4542 or-

2286 3312 2432 3349 versa
2461 3297 2744 3352 multitudo
2765 3299 3000 3367 ﬁliorum
3025 3301 3194 3356 Israel
3217 3305 3289 3357 ad
3312 3322 3594 3375 vesperam.

2355 3387 2616 3444 Dominus
2645 3400 2830 3444 noster
2859 3400 2944 3445 est
2988 3407 3182 3462 agnus,
3212 3396 3302 3463 qui
3335 3397 3621 3468 incipiente
3649 3397 3821 3464 quinta-

2284 3478 2493 3534 decima
2537 3481 2664 3536 luna
2723 3485 2950 3541 traditus
3001 3498 3103 3552 est,
3145 3500 3200 3544 et
3248 3507 3472 3548 crucem
3502 3494 3710 3548 ascendit
3744 3509 3816 3562 pa-

2285 3585 2522 3625 rasc-ve.
2555 3572 2812 3642 Sequitur
2862 3577 3274 3647 Responsorius,
3306 3598 3431 3635 cum
3486 3593 3694 3654 quatuor
3727 3599 3818 3636 rer-

2285 3662 2434 3718 sibtts
2477 3677 2490 3717 :
2534 3665 2771 3736 nullique
2808 3668 3067 3736 dubium,
3115 3674 3245 3742 quin
3299 3673 3554 3731 Christus
3599 3677 3733 3731 homo
3770 3691 3818 3730 ex

2287 3765 2526 3826 quatuor
2551 3757 2832 3814 elementis
2860 3763 3203 3818 consisteret.
3239 3765 3506 3822 Naturale
3558 3777 3632 3823 est
3664 3765 3818 3823 homini

2283 3855 2345 3900 ut
2387 3863 2455 3902 ex
2494 3857 2660 3914 terra,
2703 3859 2759 3904 et
2807 3869 2968 3922 aqua,
3015 3863 3071 3909 et
3123 3871 3271 3917 aere,
3317 3866 3374 3912 et
3421 3859 3548 3930 igne
3591 3861 3815 3914 consistat.

2285 3933 2510 4001 Quando
2557 3947 2805 3994 naturam
2856 3943 3094 4000 hominis
3137 3947 3456 4015 assumpsit,
3499 3949 3606 4002 hac
3637 3957 3822 4018 quatuor

2284 4029 2549 4086 elementa
2598 4035 2907 4106 assumpsit.
2947 4036 3036 4091 Illa
3079 4039 3394 4108 pendebant
3428 4042 3479 4095 in
3526 4055 3669 4096 cruce
3711 4042 3823 4093 inter

2284 4121 2495 4176 melius
2525 4125 2659 4178 duos
2693 4125 2951 4182 latrones.
2987 4128 3135 4184 Unde
3166 4146 3306 4185 unus
3351 4148 3564 4194 versus.
3601 4131 3654 4185 ln
3681 4131 3820 4186 medio

2284 4213 2510 4268 duorum
2542 4217 2852 4273 animalium
2900 4223 3282 4290 cognosceris:
3323 4226 3468 4292 quod
3509 4226 3580 4279 ita
3617 4223 3820 4291 Hierony-

2284 4318 2403 4359 mus
2448 4303 2500 4357 in
2533 4306 2751 4362 Abacuc
2778 4327 2790 4362 :
2821 4307 2991 4365 Porro
3021 4311 3248 4382 simplex
3279 4314 3654 4383 interpretatio
3675 4325 3720 4367 et
3740 4313 3819 4381 opi-

2282 4395 2373 4448 nio
2418 4396 2559 4467 vulgi
2593 4397 2660 4453 de
2707 4398 2988 4457 Salvatore
3034 4404 3316 4476 intelligit,
3362 4410 3511 4475 quod
3566 4410 3690 4463 inter
3721 4407 3819 4460 duos

2281 4483 2520 4541 latrones
2571 4490 2864 4545 cruciﬁxus
2914 4494 3127 4564 agnitus
3165 4497 3236 4550 sit
3275 4497 3333 4565 ἦ.
3378 4498 3640 4563 Quamvis
3674 4498 3726 4552 de
3755 4511 3817 4549 ca-

594 4556 718 4613 dine
767 4558 842 4613 ita
871 4576 1089 4617 carnem
1122 4579 1304 4620 veram
1341 4571 1506 4624 traxit
1552 4587 1618 4626 ex
1650 4574 1853 4637 Adam,
1886 4584 1944 4628 ut
1979 4591 2008 4629 a
2046 4592 2176 4645 pec-
2203 4579 2253 4639 D
2280 4576 2492 4632 dem‘re
2536 4579 2607 4632 sit
2648 4589 2700 4632 ct
2731 4580 2869 4635 alter
2915 4597 3129 4649 sensus,
3163 4595 3342 4641 tamen
3377 4591 3470 4657 qui
3518 4591 3617 4646 hoc
3642 4589 3819 4643 alliciam

594 4659 720 4707 cato
749 4654 930 4708 carnis
954 4655 1082 4712 Adae
1119 4660 1384 4716 veraciter
1410 4675 1555 4718 esset
1587 4665 1860 4722 immunis.
1892 4669 2172 4734 Quomodo

594 4746 809 4818 quidem
852 4747 1022 4804 altare
1054 4761 1344 4822 utrumque
1371 4769 1439 4809 ex
1487 4756 1647 4811 unius
1677 4757 1917 4828 ejuslem
1943 4776 2029 4829 ;ue
2075 4777 2168 4829 ge-

592 4841 738 4897 neris
775 4839 934 4912 liguis
975 4841 1208 4912 factum,
1251 4848 1345 4903 sed
1389 4864 1495 4904 non
1544 4858 1832 4921 utrumque
1877 4862 1995 4907 erat
2039 4869 2172 4908 auro

589 4943 924 5001 coopertum.
957 4933 1063 4992 Sed
1086 4946 1140 4992 et
1175 4938 1229 4991 in
1261 4939 1361 4994 hoc
1386 4939 1543 4994 altari
1574 4941 1703 4995 nihil
1735 4943 1952 4997 carnale
1977 4944 2170 4999 oll'ere-

589 5021 779 5090 batur,
824 5042 1013 5083 verum
1064 5040 1306 5086 aromata
1362 5043 1572 5088 tantum
1620 5035 1993 5102 adolebantnr,
2042 5039 2169 5109 quia

590 5113 848 5172 Dominus
894 5135 1081 5189 preces
1126 5122 1241 5177 sive
1274 5123 1542 5196 lacrymas
1579 5125 1882 5194 eﬂ'uudens,
1928 5145 2032 5184 non
2077 5146 2173 5199 pro

589 5208 704 5262 suis
729 5210 1021 5277 erratibus,
1055 5212 1146 5283 qui
1193 5213 1324 5268 nulli
1355 5226 1530 5282 erant,
1565 5218 1660 5273 sed
1710 5235 1808 5288 pro
1846 5229 2034 5274 nostra
2068 5221 2171 5276 hoc

587 5301 762 5356 salute
806 5301 1057 5360 faciebat.
1092 5305 1246 5360 Sicut
1286 5308 1430 5361 enim
1487 5323 1613 5363 arca
1667 5309 1810 5364 intra
1853 5311 2028 5365 velum
2079 5326 2172 5379 pa-

585 5392 708 5456 sita,
738 5392 1015 5449 hominem
1060 5397 1231 5451 Deum
1272 5399 1550 5453 sedentem
1586 5401 1654 5456 ad
1688 5404 1967 5456 dexteram
2006 5402 2174 5470 maje-

585 5485 740 5540 statis
781 5486 837 5540 in
881 5488 1132 5554 excelsis,
1179 5491 1446 5562 signiﬁcat
1479 5493 1549 5547 ita
1589 5493 1756 5548 altare
1795 5505 1947 5551 extra
1989 5495 2167 5551 velum

585 5575 818 5641 quidem,
856 5581 951 5634 sed
971 5595 1144 5651 prope
1175 5583 1454 5639 introitum
1485 5585 1600 5654 ejus
1631 5589 1886 5656 positum,
1919 5590 2165 5643 eumdem

585 5667 933 5724 mediatorem
963 5673 1062 5728 Dei
1099 5684 1154 5729 et
1199 5678 1474 5734 hominum
1515 5691 1694 5750 potest
1735 5683 2029 5754 ﬁguraliter
2070 5699 2168 5738 ex-

581 5757 838 5837 primere.
888 5760 1220 5828 Vestimenta
1267 5769 1479 5845 altaris,
1525 5773 1728 5834 Christi
1784 5777 1960 5834 sancti
1999 5788 2162 5851 sunt,

2282 4669 2579 4733 constituit,
2627 4669 2752 4726 illud
2783 4673 3072 4740 intellexit,
3103 4678 3244 4746 quod
3281 4679 3472 4734 beatus
3519 4681 3819 4750 Hieronymus

2281 4758 2463 4812 retulit
2502 4775 2569 4813 ex
2602 4761 2742 4833 vulgi
2785 4765 3040 4833 opinione
3087 4767 3315 4823 duorum
3357 4770 3650 4826 latronum.
3678 4769 3823 4826 Oratio

2279 4862 2512 4917 sequens
2560 4863 2860 4909 memorat:
2894 4857 3036 4912 Deus
3070 4873 3100 4910 a
3128 4873 3236 4927 quo
3273 4869 3329 4915 et
3351 4860 3523 4917 ludas
3564 4874 3724 4918 reatus
3765 4859 3825 4912 sui

2277 4957 2514 5012 poenam,
2547 4953 2599 4999 et
2627 4945 2984 5003 confessionis
3013 4963 3123 5004 sum
3149 4951 3288 5007 latio
3314 4957 3592 5022 praemium
3614 4952 3822 5021 sumpsit

2277 5033 2393 5086 Duo
2443 5050 2639 5104 genera
2693 5046 2819 5091 sunt
2875 5038 3218 5094 alllictorum.
3274 5041 3444 5097 Unum
3497 5061 3601 5100 nou
3644 5043 3823 5114 prodest

2276 5123 2635 5192 patientibus,
2677 5127 2803 5197 quia
2854 5145 2960 5183 non
3013 5132 3360 5200 corriguntur
3396 5149 3493 5203 per
3529 5149 3712 5205 pugnas
3741 5150 3753 5184 :
3786 5130 3823 5182 in

2276 5231 2386 5284 quo
2423 5231 2622 5286 genere
2651 5230 2776 5275 sunt
2814 5219 2980 5277 Judas
3018 5233 3072 5277 et
3113 5222 3251 5279 latro
3286 5241 3391 5278 non
3423 5240 3732 5280 conversus.
3757 5220 3825 5276 Al-

2277 5317 2450 5365 terum
2491 5315 2710 5384 prodest
2749 5315 2832 5370 his
2879 5317 2970 5386 qui
3013 5316 3288 5373 fructuose
3326 5322 3592 5389 ptenitent
3633 5331 3827 5390 quorum

2276 5413 2461 5477 typum
2499 5410 2635 5464 alter
2660 5410 2797 5464 latro
2836 5421 3036 5481 portat,
3062 5413 3384 5468 venerabilis
3406 5415 3624 5483 quidem
3647 5429 3707 5468 ex
3727 5426 3827 5466 cou-

2278 5499 2529 5558 fessione.
2572 5502 2635 5556 lli
2686 5505 2776 5574 qui
2819 5520 2923 5558 non
2966 5496 3314 5576 corriguntur
3347 5523 3410 5561 ex
3461 5508 3744 5564 alllictione
3778 5500 3832 5558 ad

2274 5606 2471 5662 cetpus
2502 5595 2776 5663 pertinent
2803 5594 2952 5650 Judz-e
2983 5596 3295 5666 proditoris,
3325 5609 3378 5653 et
3407 5599 3633 5654 latronis
3661 5596 3828 5666 impii'

2273 5684 2364 5754 qui
2405 5686 2782 5756 corriguntur,
2826 5686 2892 5739 ad
2935 5686 3199 5742 latronem
3248 5689 3338 5756 qni
3385 5690 3580 5742 meruit
3631 5686 3822 5741 audire.

2270 5775 2443 5835 Hodie
2465 5793 2665 5836 mecum
2689 5794 2792 5834 eris
2820 5778 2874 5834 in
2902 5779 3179 5853 paradiso.
3208 5779 3650 5858 Sequitur-lectio
3667 5778 3827 5840 Osca
