3978 6456
130 403 282 485 4025

927 422 1018 480 DE
1054 397 1606 481 ECCLESIASTICIS
1645 423 1934 484 OFFICIIS
1973 425 2155 485 LIBRI
2188 429 2277 486 IV.
2316 461 2388 472 --
2414 431 2553 494 LIB.
2589 433 2635 491 Ι.

3263 436 3404 495 1026

130 540 445 608 Antequam
472 536 718 593 dicamus
732 537 797 592 de
817 537 920 592 hac
944 537 1190 601 lectione,
1209 538 1492 592 dicendum
1519 547 1602 593 est
1629 555 1726 593 cur
1754 543 1802 602 Λ
1830 542 1906 597 sis
1935 544 2194 609 tolerans,
2232 545 2502 601 habitabis
2528 548 2581 602 in
2611 546 2881 618 adiutorio
2909 549 3193 616 Altissimi,
3259 555 3405 611 sicut

133 627 389 682 addatur.
411 627 466 681 In
492 637 684 698 quarta
715 627 845 681 feria
876 628 1088 698 quando
1113 628 1394 682 consilium
1416 628 1725 682 Judzeorum

132 717 208 774 de
257 729 428 773 morte
481 719 688 774 Domini
727 721 794 774 ad
837 721 1150 774 memoriam
1202 720 1535 783 reduximus,
1583 733 1728 772 mor-

133 821 248 868 tem
280 822 520 869 nostram
551 815 765 883 duplam
791 813 1273 875 manifestavimus,
1303 828 1402 883 pro
1432 828 1535 882 qua
1566 827 1699 867 vene

133 913 228 960 rat
267 903 517 961 Christus
547 907 690 976 pati,
731 918 908 962 tamen
948 921 1099 960 suam
1133 906 1438 976 passionem
1469 919 1643 974 usque
1670 905 1724 959 in

133 1005 350 1052 sextam
378 996 566 1053 feriam
590 1001 846 1064 servavit,
864 1016 968 1070 qua
992 999 1077 1054 die
1097 1000 1302 1069 primus
1325 1014 1518 1070 p-irens
1541 1008 1727 1055 noster

134 1088 390 1144 conditus
415 1099 518 1145 est.
547 1091 814 1146 Hodierna
857 1093 960 1158 die,
980 1094 1084 1147 hoc
1111 1102 1195 1147 est
1223 1093 1274 1146 iu
1311 1107 1625 1161 paraseeve.
1657 1093 1726 1147 ad

135 1183 464 1237 memoriam
494 1185 804 1240 reducimus
849 1202 1002 1240 suam
1036 1187 1341 1255 passionem
1374 1185 1440 1238 ad
1483 1194 1726 1239 nostram

135 1271 526 1339 imitationem,
576 1277 641 1330 de
674 1292 777 1346 qua
812 1276 944 1331 dicit
977 1275 1169 1330 Petrus
1203 1295 1214 1330 :
1246 1275 1489 1330 Christus
1537 1290 1724 1345 passus

136 1373 216 1416 est
261 1382 356 1435 pro
385 1368 552 1433 nobis,
590 1369 730 1423 vobis
777 1369 1069 1440 relinquens
1095 1368 1409 1438 exemplum,
1453 1377 1724 1438 utsequa-

135 1462 272 1515 mini
303 1460 514 1530 vestigia
562 1460 699 1529 ejus.
743 1460 979 1532 ldipsnm
1015 1461 1255 1529 apertius
1293 1474 1579 1528 possumus
1614 1471 1727 1513 me-

136 1567 358 1608 morare
400 1568 464 1608 ex
509 1551 739 1607 lectione
782 1568 904 1621 qua:
945 1551 1143 1623 legitur
1190 1553 1378 1606 eadem
1423 1551 1539 1614 die;
1571 1551 1728 1605 Dicit

135 1648 284 1703 enim
316 1667 330 1702 :
362 1649 478 1702 Erit
511 1649 703 1719 absque
725 1649 931 1703 macula
954 1647 1221 1702 masculus
1245 1648 1545 1711 anniculus,
1563 1649 1725 1718 juxta

134 1759 292 1813 quem
322 1743 478 1796 ritum
525 1742 714 1797 tolletis
758 1743 986 1808 hwdum,
1018 1753 1065 1796 et
1108 1743 1379 1796 servabitis
1405 1759 1522 1796 eum
1564 1759 1725 1812 usque

133 1835 209 1885 ad
229 1842 474 1904 quartam
497 1833 751 1886 decimum
789 1833 926 1886 diem
971 1833 1161 1885 mensis
1193 1833 1374 1902 hujus.
1405 1833 1590 1904 Agnus
1622 1833 1724 1887 iste

1829 635 1963 689 dicit
1988 636 2088 689 iste
2120 637 2357 708 pSnImus
2391 639 2450 708 εἷο.
2491 637 2708 710 Longus
2740 651 2825 696 est
2863 643 2964 696 iste
2991 652 3216 705 tractus.
3251 647 3402 717 quia,

1827 729 1968 796 quod
2003 730 2327 798 promissum
2361 741 2444 786 est
2475 732 2628 788 nobis
2658 734 2710 788 in
2751 735 2982 792 lectione
3007 735 3177 804 Osezr,
3207 740 3299 796 ubi
3320 739 3405 798 di-

1827 819 1923 883 cit,
1950 816 2077 874 Post
2101 820 2233 876 duos
2255 821 2364 876 dies
2387 824 2658 878 suscitabit
2683 843 2796 888 nos,
2843 827 2897 882 in
2924 833 3080 883 tertia
3105 831 3191 884 die
3219 847 3400 887 resur-

1826 925 1953 980 gere
1998 911 2052 965 in
2088 927 2181 982 spe
2206 915 2462 970 debemus
2506 925 2710 982 tenere,
2740 933 2844 972 non
2888 919 2942 974 in
2973 936 3050 976 re.
3082 919 3234 976 Unde
3257 923 3393 978 Gre-

1825 1003 2011 1074 gorius
2033 1004 2085 1058 in
2111 1005 2248 1060 libro
2274 1007 2340 1062 de
2357 1006 2735 1066 A'Sdificatione
2760 1012 2974 1082 templi:
2993 1012 3128 1068 Hinc
3145 1022 3226 1069 est
3252 1015 3397 1084 quod

1825 1097 2088 1166 propheta
2125 1098 2263 1153 alius
2304 1115 2402 1170 per
2455 1103 2908 1158 resurrectionem
2950 1104 3160 1160 Domini
3201 1107 3396 1162 huma-

1827 1203 1955 1243 num
1984 1205 2154 1258 genus
2178 1191 2312 1245 vidit
2344 1191 2397 1245 in
2425 1192 2531 1248 fine
2555 1195 2828 1258 suscitari,
2861 1205 3026 1265 atque
3053 1197 3132 1252 ait
3169 1216 3182 1250 :
3219 1196 3404 1267 Virili-

1823 1286 1962 1340 cabit
2002 1303 2093 1341 nos
2123 1300 2238 1356 post
2266 1288 2397 1342 duos
2423 1289 2560 1352 dies,
2589 1291 2645 1344 in
2674 1290 2759 1344 die
2797 1291 2951 1345 tertia
2990 1291 3263 1346 suscitabit
3289 1309 3404 1358 nos,

1825 1385 1874 1430 et
1901 1377 2128 1432 vivemus
2155 1379 2210 1431 in
2246 1389 2521 1449 conspectu
2544 1379 2678 1450 ejus.
2719 1381 2837 1450 ipsa
2871 1381 3197 1437 resurrectio
3220 1382 3273 1436 in
3301 1381 3408 1438 ﬁne

1828 1475 2033 1522 tractus
2075 1479 2407 1523 memoratur
2459 1488 2470 1524 :
2519 1469 2867 1539 Longitudine
2933 1472 3135 1526 dierum
3203 1472 3407 1542 replebo

1827 1574 1967 1622 eum,
2010 1569 2057 1612 et
2103 1560 2373 1613 ostendam
2420 1559 2497 1613 illi
2541 1561 2774 1615 salutare
2817 1579 3009 1616 meum.
3038 1562 3191 1620 Unde
3230 1563 3410 1635 Augu-

1826 1651 2003 1705 stinus
2025 1651 2076 1705 in
2104 1652 2293 1706 eodem
2317 1653 2524 1722 psalmo
2556 1668 2570 1706 :
2597 1652 2728 1719 Quae
2747 1663 2831 1708 est
2861 1653 3140 1725 longitudo
3167 1654 3411 1710 dierum?

1826 1744 1936 1798 vita
1966 1753 2188 1807 aeterna,
2220 1744 2433 1808 fratres,
2459 1733 2624 1798 nolite
2652 1753 2844 1813 putare
2878 1744 3266 1816 longitudinem
3297 1745 3414 1803 die-

1827 1850 1946 1889 rum
1976 1836 2082 1890 dici
2107 1836 2225 1900 hos,
2259 1844 2315 1889 ut
2346 1845 2472 1891 sunt
2501 1835 2617 1891 dies
2642 1836 2846 1892 aestatis
2876 1835 2989 1891 dies
3019 1837 3271 1906 majores.
3298 1836 3408 1890 Ta-

134 1923 351 1992 absque
382 1922 612 1986 macula,
656 1921 884 1977 Christi.
907 1937 1105 1992 eorpus
1154 1922 1426 1992 signiﬁcat
1459 1924 1724 1977 immacu-
1754 1914 1800 1972 B
1829 1928 1909 1984 les
1947 1929 2061 1983 dies
2102 1929 2259 1983 nobis
2289 1930 2451 1984 habet
2501 1929 2651 1984 dare.
2703 1929 3006 1999 Longitudo
3043 1929 3131 1982 illa
3168 1937 3252 1984 est
3285 1943 3407 1998 qua:

132 2013 310 2068 latum
346 2031 359 2066 :
390 2013 576 2068 haedus
620 2030 817 2084 corpus
857 2031 1036 2080 suum,
1077 2015 1218 2084 quod
1254 2030 1353 2068 nos
1382 2029 1592 2078 sumus,
1631 2015 1724 2084 qui

132 2113 456 2173 peccatores
483 2122 687 2161 sumus.
729 2105 1026 2175 Utrumque
1075 2106 1272 2159 animal
1302 2118 1635 2160 memoratur
1670 2107 1724 2161 in

134 2196 402 2268 religione
432 2199 664 2267 paschm.
699 2195 850 2251 Sicut
877 2213 940 2251 ex
980 2196 1260 2267 Seripzura
1289 2197 1546 2252 discimus
1577 2216 1589 2251 :
1618 2195 1724 2251 Pa-

1827 2035 1932 2074 non
1965 2021 2126 2074 habet
2149 2020 2330 2084 finem,
2359 2029 2559 2073 aeterna
2591 2020 2699 2072 vita
2726 2034 2846 2086 qua:
2874 2019 3031 2073 nobis
3049 2019 3410 2088 promittitur.

1825 2111 1891 2164 Et
1917 2109 2075 2180 paulo
2115 2118 2258 2178 p0st,
2297 2109 2366 2162 Et
2408 2109 2678 2164 ostendam
2701 2109 2780 2162 illi
2813 2109 3049 2164 salutare
3073 2126 3264 2164 meum.
3303 2109 3415 2166 Nec

1824 2202 1947 2265 hoc,
1992 2201 2210 2266 fratres,
2241 2202 2481 2256 breviter
2514 2201 2948 2271 prmtereundum
2973 2210 3080 2255 est.
3125 2199 3413 2255 Ostendam

135 2291 266 2344 scha
291 2302 523 2344 nostrum
548 2291 600 2342 in
622 2290 981 2344 immolatione
1017 2308 1127 2345 esse
1151 2289 1362 2348 Christi.
1383 2291 1455 2345 ita
1480 2300 1725 2344 nostram
1822 2291 1903 2345 illi
1944 2290 2177 2345 salutare
2239 2308 2432 2357 meum,
2470 2293 2572 2346 hoc
2609 2291 2770 2356 dixit,
2811 2293 3092 2346 ostendam
3134 2291 3209 2345 illi
3240 2293 3416 2360 ipsum

137 2380 566 2435 immolationem
596 2381 646 2434 in
681 2380 1100 2434 mortiﬁcationc
1129 2380 1383 2434 vitiorum
1409 2397 1424 2445 ;
1476 2388 1532 2434 et
1560 2381 1605 2433 si
1637 2394 1727 2432 ne-

137 2486 296 2526 cesse
324 2471 482 2525 fuerit
514 2471 566 2524 in
596 2468 855 2524 effusione
875 2471 1118 2524 omnium
1141 2469 1490 2538 prmsentium
1519 2483 1723 2534 rerum,

138 2563 306 2617 etiam
331 2571 385 2615 et
421 2563 589 2631 ipsius
623 2562 836 2622 animav,
888 2569 944 2615 et
978 2561 1057 2615 sie
1092 2559 1479 2613 transeundum
1518 2557 1586 2611 ad
1626 2556 1729 2611 Pa-

137 2663 300 2708 trem.
334 2655 515 2708 Lectio
545 2670 778 2724 sequens
798 2652 954 2708 Osca:
984 2653 1118 2707 dicit
1150 2671 1161 2705 :
1204 2650 1403 2715 Venite,
1430 2660 1478 2704 et
1503 2662 1728 2704 reverta-

141 2765 262 2802 mur
286 2748 354 2801 ad
374 2749 678 2813 Dominum,
721 2749 843 2819 quia
865 2749 974 2817 ipse
996 2747 1125 2817 cepit
1151 2755 1198 2799 et
1225 2745 1428 2799 sanabit
1458 2762 1570 2809 nos,
1613 2761 1730 2813 per-

140 2840 300 2894 cutiet
340 2849 387 2893 et
429 2839 630 2892 mrabit
673 2856 787 2903 nos,
843 2835 1138 2905 Viviﬁcabit
1165 2854 1277 2900 nos,
1303 2845 1414 2906 post
1442 2835 1572 2888 duos
1593 2835 1727 2902 dies,

140 2929 198 2984 in
227 2930 309 2984 die
331 2931 480 2983 tertia
506 2930 773 2984 suscitabit
799 2947 910 2994 nos,
925 2940 970 2981 et
988 2928 1276 2982 vivemusin
1296 2936 1569 2988 conspectu
1587 2927 1723 2994 ejus.

142 3018 299 3086 Quod
325 3021 402 3076 sic
430 3020 785 3092 Hieronymus
815 3023 867 3074 in
890 3021 1079 3076 eodem
1109 3019 1260 3075 Osca:
1295 3039 1306 3072 :
1332 3019 1571 3074 Perculit
1599 3033 1729 3089 ergo

143 3111 406 3168 Dominus
436 3123 489 3167 et
510 3123 666 3169 curat
702 3129 820 3178 nos,
865 3113 991 3182 quia
1016 3127 1176 3182 quem
1203 3112 1376 3183 diligit
1401 3112 1651 3182 corripit,
1674 3120 1730 3165 et

142 3202 374 3271 castigat
396 3220 608 3258 omnem
639 3205 829 3268 filium,
863 3221 1021 3276 quem
1058 3204 1285 3274 recipit:
1311 3215 1366 3259 et
1411 3219 1516 3258 non
1549 3203 1723 3259 solum

1825 2382 2126 2438 Christum.
2160 2382 2228 2436 Et
2249 2382 2410 2452 paulo
2431 2391 2554 2451 post
2589 2400 2603 2436 :
2632 2381 2737 2435 Per
2765 2383 2923 2436 fidem
2952 2382 3128 2436 adhuc
3157 2382 3414 2447 vivimus,

1825 2485 1882 2530 et
1903 2491 2007 2530 non
2049 2489 2144 2544 per
2169 2476 2445 2544 speciem?
2499 2474 2726 2542 Quando
2750 2475 2857 2528 erit
2892 2474 3136 2544 species?
3179 2472 3410 2540 Quando

1827 2566 2073 2621 videmus
2093 2565 2231 2620 facie
2260 2566 2327 2620 ad
2357 2564 2586 2620 faciem?
2614 2566 2757 2635 quod
2780 2564 2912 2620 dicit
2931 2565 3242 2634 Apostolus,
3270 2562 3415 2633 quod

1829 2657 1985 2712 nobis
2035 2657 2305 2726 promittit
2333 2656 2475 2711 Deus
2507 2657 2559 2709 in
2599 2671 2795 2727 magno
2822 2655 3042 2724 pnemio
3067 2656 3308 2710 omnium
3335 2654 3414 2708 la-

1829 2751 2020 2806 borum
2053 2759 2394 2814 nostrorum;
2433 2750 2692 2819 quidquid
2715 2748 2954 2812 laboras,
2988 2750 3040 2802 in
3066 2749 3171 2804 hoc
3199 2749 3419 2805 laboras

1829 2848 1889 2894 ut
1919 2841 2120 2895 videas.
2155 2840 2222 2895 Et
2244 2850 2367 2911 post
2392 2855 2563 2910 pauca
2592 2859 2604 2892 :
2633 2839 2752 2908 Ipse
2776 2841 2867 2909 qui
2906 2839 3125 2894 humilis
3155 2840 3303 2892 visus
3331 2845 3415 2892 est

1830 2929 1945 3000 ipse
1984 2930 2257 2984 videbitur
2299 2947 2550 3000 niagnus,
2590 2939 2645 2984 et
2679 2931 3003 2986 eertificabit
3048 2945 3168 2985 nos.
3208 2929 3417 2986 Dehinc

1832 3020 2078 3090 sequi:ur
2098 3021 2298 3089 passio.
2331 3021 2387 3074 In
2420 3036 2484 3075 ea
2505 3020 2650 3074 velut
2674 3022 2848 3089 ipsum
2871 3019 3150 3075 Christum
3174 3020 3226 3074 in
3252 3033 3417 3076 cruce

1833 3113 2097 3167 videmus.
2131 3111 2318 3166 Re‘ert
2342 3111 2618 3166 Romanus
2650 3111 2864 3167 libellus
2886 3112 3015 3180 quid
3044 3121 3230 3181 postea
3252 3127 3418 3183 agen-

1833 3205 1960 3258 dum
1989 3205 2078 3270 sit,
2109 3204 2295 3259 dicens
2327 3219 2341 3257 :
2374 3203 2568 3259 Statim
2611 3203 2716 3257 duo
2762 3204 2975 3258 diaconi
3017 3203 3221 3258 nudant
3247 3204 3417 3262 altare

142 3269 317 3359 curat,
358 3298 451 3352 sed
483 3298 719 3353 vivificat
748 3269 1027 3369 post-duos
1056 3269 1195 3363 dies,
1243 3307 1296 3353 et
1335 3298 1494 3352 tertio
1525 3297 1612 3351 die
1641 3313 1728 3351 re-
1756 3269 1800 3331 (ἶ
1833 3269 2075 3359 sindone,
2101 3311 2217 3364 qua:
2239 3294 2384 3363 prius
2409 3294 2583 3362 fuerat
2604 3293 2698 3346 sub
2717 3293 3004 3362 Evangelio
3027 3295 3300 3362 posita,-in
3314 3311 3418 3348 mo-

143 3400 374 3457 surgens
407 3389 474 3442 ab
500 3387 710 3449 inferis,
755 3404 913 3442 omne
951 3391 1246 3443 humanum
1276 3403 1459 3443 secum
1500 3389 1729 3444 suscitat

142 3493 333 3548 genus.
361 3478 604 3549 Cumque
633 3495 921 3548 percussos
947 3479 1239 3543 curaverit,
1273 3490 1328 3534 et
1347 3489 1568 3534 curatos
1589 3481 1726 3536 vivi-

139 3567 411 3633 ﬁcaverit,
437 3578 490 3624 et
515 3570 814 3624 vivificatos
852 3570 1217 3635 suscitaverit,
1243 3578 1373 3624 tunc
1400 3572 1645 3626 vivemus
1671 3572 1725 3626 in

137 3666 436 3727 conspectu
459 3657 593 3725 ejus,
625 3661 716 3729 qui
743 3661 832 3714 illo
859 3663 1082 3715 absente
1107 3662 1302 3716 mortui
1325 3662 1638 3731 jacebamns
1661 3663 1722 3731 -ῑ-.

128 3747 202 3802 In
229 3749 332 3800 ista
364 3750 755 3805 resurrectione
791 3753 1192 3806 demonstratur
1225 3752 1430 3806 utilitas
1476 3753 1729 3828 imitatio-

133 3838 233 3894 nis
265 3847 480 3902 nostrze,
511 3843 636 3911 quia
674 3842 718 3896 si
742 3843 1120 3913 compatimur,
1164 3853 1218 3896 et
1248 3843 1722 3914 conregnabimus.

141 3931 410 4002 Sequitur
447 3943 652 3991 tractus
685 3953 699 3989 :
734 3936 838 4002 Qui
859 3936 1057 3990 habitat
1086 3937 1138 3990 in
1164 3936 1431 4006 atljutorio
1463 3937 1726 3992 altissimi.

137 4025 434 4094 Expositor
462 4026 797 4097 Augustinus
819 4027 1008 4096 psalmi
1034 4027 1335 4097 pnesentis,
1367 4027 1420 4081 in
1451 4027 1726 4097 praefatio-

139 4133 216 4172 ne
244 4117 358 4187 ejus
393 4126 659 4174 monstrat
692 4134 855 4188 quam
880 4129 1242 4188 congruenter
1269 4134 1366 4188 per
1401 4128 1725 4188 przrsentem

139 4206 411 4278 psalmum
462 4208 663 4260 imitari
705 4210 997 4264 debeamus
1052 4210 1359 4278 passionem
1407 4209 1628 4263 Christi.
1665 4208 1726 4263 In

143 4313 275 4368 quo,
309 4299 338 4351 i-
366 4299 504 4368 quit,
545 4299 806 4353 imitaturi
834 4316 1020 4355 sumus
1045 4301 1158 4355 vias
1193 4301 1432 4356 Christi?
1473 4300 1728 4369 Nunquid

143 4391 200 4445 in
225 4405 286 4446 ea
313 4393 713 4462 magnificentia
741 4409 844 4462 qua
890 4393 1032 4448 Deus
1060 4404 1176 4448 erat
1206 4394 1257 4446 in
1283 4394 1484 4448 carne?
1529 4393 1635 4447 Aut
1659 4393 1728 4448 ad

140 4471 253 4539 hoc
286 4501 382 4540 nos
408 4487 741 4554 exhortatur.
782 4495 874 4540 aut
906 4487 1006 4541 hoc
1033 4504 1061 4540 a
1100 4488 1256 4542 nobis
1283 4488 1472 4557 exigit,
1514 4495 1572 4540 ut
1600 4486 1726 4541 talia

141 4575 407 4629 miracula
436 4577 612 4645 qualia
642 4576 788 4640 fecit,
819 4578 916 4646 ipsi
955 4577 1253 4632 faciamus?
1283 4576 1348 4630 Et
1374 4577 1534 4646 paulo
1560 4585 1678 4647 post
1707 4597 1720 4631 :

141 4666 269 4722 Non
318 4667 417 4721 hoc
464 4669 557 4723 tibi
593 4667 744 4733 dicit,
787 4669 901 4724 Non
939 4671 1042 4724 erit
1077 4671 1374 4739 discipulus
1417 4684 1568 4724 meus
1617 4668 1722 4724 nisi

143 4758 513 4814 ambulaveris
545 4776 708 4830 super
744 4776 914 4824 mare,
957 4769 1052 4814 aut
1078 4761 1178 4815 nisi
1210 4761 1561 4816 suscitaveris
1586 4775 1731 4814 mor-

141 4859 300 4905 tuum
317 4850 753 4919 quatriduanum,
775 4860 870 4904 aut
884 4851 983 4904 nisi
1004 4854 1280 4920 aperueris
1293 4853 1479 4906 oculos
1493 4853 1618 4906 (περὶ
1636 4867 1731 4905 na-

142 4941 208 4994 ti.
239 4938 303 4992 Et.
325 4941 484 5009 paulo
504 4950 647 5010 post,
666 4941 858 4994 Discite
879 4959 909 4994 α
929 4958 1028 5006 me,
1052 4943 1175 5012 quia
1199 4943 1337 4993 mitis
1351 4958 1466 4993 sum
1489 4952 1534 4993 et
1558 4941 1729 4994 humi-

141 5027 210 5082 lis
238 5024 585 5097 corde.Quo:l
609 5030 810 5085 factum
824 5039 907 5084 est
931 5040 1152 5100 prepter
1177 5039 1248 5094 te,
1273 5033 1370 5085 hoc
1402 5032 1454 5084 in
1479 5045 1544 5084 eo
1565 5031 1730 5085 debes

141 5121 452 5187 attendere,
484 5133 544 5176 ut
571 5122 818 5176 imiteris.
863 5122 931 5176 Et
979 5121 1137 5191 paulo
1169 5131 1288 5191 post
1324 5139 1336 5175 :
1372 5120 1482 5176 Nec
1514 5123 1580 5175 ad
1612 5122 1731 5190 ipsa

142 5224 281 5282 ergo
309 5211 566 5266 miracula
607 5213 856 5267 hortatur
888 5227 1007 5281 quae
1032 5212 1144 5282 ipse
1176 5212 1321 5273 fecit,
1355 5219 1411 5266 et
1439 5221 1734 5281 antequam

142 5311 296 5355 esset
343 5303 538 5368 homo;
574 5303 667 5358 sed
697 5320 804 5372 quo
833 5314 884 5358 te
912 5303 1198 5358 hortatur?
1226 5316 1284 5357 ut
1316 5304 1542 5357 imiteris
1587 5304 1731 5372 quod

141 5407 259 5448 non
284 5403 463 5462 posset
494 5393 599 5448 nisi
629 5392 806 5449 factus
845 5395 1026 5450 homo.
1075 5393 1327 5448 Tolerare
1353 5395 1498 5448 enim
1526 5394 1730 5464 passio-

141 5499 249 5540 nes
297 5485 542 5556 nunquid
571 5496 756 5555 posset
794 5487 898 5541 nisi
931 5487 1127 5541 homo?
1167 5486 1298 5540 Mori
1330 5497 1385 5540 et
1407 5485 1648 5556 crueitigi
1673 5492 1729 5539 et

146 5574 427 5632 humiliari
468 5594 575 5633 non
613 5587 796 5649 posset
819 5580 922 5634 nisi
956 5581 1136 5634 homo.
1183 5579 1240 5634 Si
1271 5595 1400 5651 ergo
1427 5591 1484 5634 et
1521 5588 1577 5634 tu
1614 5594 1728 5633 mo-

140 5667 341 5724 Iestias
364 5668 523 5738 hujus
547 5671 731 5727 saeculi
766 5671 988 5743 pateris,
1037 5687 1172 5742 quas
1199 5671 1326 5726 fecit
1347 5671 1590 5726 diabolus
1618 5671 1732 5728 sive

143 5768 344 5832 aperte
370 5775 470 5830 per
491 5762 756 5827 homines,
779 5763 893 5818 sive
913 5762 1124 5818 occulte
1139 5763 1279 5818 sicut
1300 5760 1420 5829 Job,
1449 5763 1526 5818 sis
1549 5761 1730 5830 fortis,

228 5885 261 5916 ι
299 5868 467 5936 Uncis
497 5879 706 5937 inclusa
735 5880 791 5938 in
815 5895 925 5937 uno
951 5887 1112 5936 erant
1131 5878 1446 5950 exemplari,
1478 5878 1536 5935 in
1572 5877 1783 5935 caeteris
1809 5878 1986 5936 tribus
2020 5895 2130 5936 non
2161 5888 2339 5936 erant.

1830 3386 1954 3438 dum
1967 3385 2214 3453 fut-antis.
2241 3383 2449 3447 Altare,
2473 3391 2686 3450 utszepe
2714 3383 2968 3445 diximus,
2997 3383 3282 3438 Dominum
3311 3401 3412 3439 no-

1830 3488 2001 3532 strum
2014 3475 2301 3546 significat,
2332 3476 2384 3528 in
2405 3491 2514 3546 quo
2529 3482 2744 3529 nostras
2769 3474 3070 3530 oblationes
3103 3475 3250 3529 Patri
3291 3476 3418 3532 offe-

1829 3570 2000 3625 rimus
2029 3569 2374 3633 vestimenta,
2402 3567 2672 3638 apostolos
2711 3577 2763 3622 et
2790 3583 2978 3623 omnes
3002 3578 3237 3624 sanctos.
3279 3569 3419 3624 Con-

1829 3677 2020 3732 gruum
2038 3670 2121 3715 est
2137 3661 2395 3716 utsubtus
2416 3660 2762 3732 Evangelium
2779 3661 2982 3730 aliquid
3000 3660 3180 3728 jaceat
3200 3671 3421 3732 propter

1830 3754 2206 3816 honeSIatem;
2265 3767 2373 3821 quo
2423 3751 2656 3816 sublato,
2701 3752 2914 3823 rapitur
2938 3752 3081 3822 quod
3115 3751 3421 3820 subjectum

1830 3843 1950 3906 fuit,
2013 3842 2136 3912 quia
2177 3841 2360 3897 dedito
2401 3841 2616 3898 Christo
2656 3843 2796 3896 inter
2837 3858 3030 3898 manus
3078 3843 3416 3913 iniquorum,

1836 3934 2064 4006 apostoli
2110 3950 2259 3988 more
2301 3934 2480 3990 furum
2517 3934 2769 4005 fugerunt
2820 3943 2876 3991 et
2932 3937 3225 3990 latuerunt.
3265 3935 3420 4002 Quod

1834 4028 1976 4083 enim
2007 4027 2275 4098 significat
2303 4027 2498 4090 altare,
2531 4029 2636 4084 hoc
2658 4037 2715 4082 et
2743 4028 3117 4100 Evangelium.
3147 4029 3332 4084 Potest
3362 4031 3417 4086 in

1829 4121 1934 4175 hac
1947 4119 2172 4173 sindone
2207 4119 2429 4188 intelligi
2448 4119 2758 4194 specialiter
2770 4118 3025 4184 Joannes,
3055 4120 3146 4188 qui
3171 4135 3422 4190 perseve-

1833 4209 1974 4262 ravit
2000 4225 2124 4264 eum
2154 4209 2383 4264 Domino
2418 4226 2588 4279 usque
2614 4212 2682 4264 ad
2711 4226 2951 4273 crucem,
2981 4213 3073 4280 qui
3107 4221 3162 4266 et
3189 4212 3417 4278 audivit,

1831 4301 1968 4355 Ecce
1995 4310 2162 4355 mater
2183 4311 2307 4364 tua;
2339 4312 2395 4355 et
2421 4309 2605 4370 postea
2634 4311 2858 4371 propter
2885 4310 3086 4357 metum
3110 4301 3421 4365 Iudaeorum

1832 4407 1890 4447 se
1917 4392 2154 4446 occuluit
2188 4399 2340 4446 more
2370 4391 2571 4446 furum.
2605 4391 2734 4448 Post
2773 4392 2876 4449 hoc
2916 4391 3269 4449 celebrantur
3294 4407 3414 4448 ora-

1833 4483 2025 4538 tiones.
2057 4483 2155 4538 Hic
2179 4484 2324 4538 enim
2365 4483 2652 4538 dicendum
2700 4493 2786 4540 est
2814 4500 2881 4541 ex
2909 4485 3278 4541 Decretalibus
3327 4486 3414 4542 ln-

1832 4571 2067 4628 nocentii
2115 4587 2290 4642 papae,
2330 4587 2498 4641 quare
2531 4573 2698 4628 missa
2731 4589 2839 4629 non
2869 4583 3122 4630 cantetur
3178 4576 3234 4631 in
3265 4583 3419 4632 sexta

1839 4662 1975 4718 feria
2015 4671 2070 4717 et
2109 4663 2163 4716 in
2209 4663 2460 4733 septima.
2494 4661 2630 4718 Nam
2687 4665 2890 4735 utique,
2944 4665 3142 4735 inquit,
3203 4673 3419 4722 constat

1837 4755 2109 4823 apostolos
2135 4753 2297 4809 biduo
2323 4754 2426 4808 isto
2456 4755 2509 4808 in
2549 4755 2769 4810 tristitia
2803 4764 2859 4810 et
2886 4756 2939 4810 in
2971 4771 3206 4812 maerore
3227 4756 3418 4822 fuisse,

1835 4855 1890 4899 et
1937 4853 2160 4914 propter
2204 4853 2404 4898 metum
2447 4842 2756 4899 Judaeorum
2802 4859 2860 4898 se
2902 4845 3422 4913 oceuluissc,,quod

1835 4936 2044 5003 utique,
2096 4949 2201 4988 non
2244 4934 2465 4988 dubium
2507 4942 2608 4994 est,
2654 4934 2706 4986 in
2761 4941 2968 4987 tantum
3019 4949 3112 4989 eos
3146 4935 3422 5005 jejunasse

1835 5025 2000 5080 biduo
2030 5033 2352 5084 memorato.
2408 5029 2465 5075 ut
2512 5023 2729 5078 traditio
2755 5023 3011 5079 Eeclesiaa
3060 5024 3275 5086 habeat,
3317 5024 3422 5078 isto

1842 5114 2004 5169 biduo
2041 5121 2382 5168 sacramenta
2413 5113 2630 5182 penitus
2669 5129 2776 5168 non
2815 5114 3098 5170 celebrari.
3134 5113 3174 5184 ἰ-
3206 5111 3422 5169 Oratio-

1841 5221 1939 5260 nes
1982 5213 2189 5260 tantum
2223 5204 2492 5273 leguntur.
2543 5203 2595 5275 [ει
2625 5204 2704 5261 0b
2731 5206 2833 5260 hoc
2862 5215 3076 5274 qlioque
3117 5219 3222 5260 non
3269 5203 3422 5260 caui-

1841 5310 1927 5354 tur
1989 5299 2148 5352 hodie
2207 5298 2408 5364 missa,
2457 5297 2584 5367 quia
2622 5299 2676 5353 in
2733 5298 2836 5352 hac
2881 5297 2968 5352 die
3027 5296 3290 5352 Dominus
3342 5311 3422 5352 se-

1837 5391 2012 5461 ipsum
2060 5389 2276 5456 obtulit,
2313 5401 2368 5446 et
2425 5391 2543 5460 ipsa
2588 5388 2792 5445 oblatio
2839 5387 3036 5445 subicit
3082 5389 3150 5444 ad
3187 5390 3420 5446 salutem

1831 5482 2213 5557 credentium]
2958 5533 2966 5539 .

1907 5575 2006 5630 Hic
2040 5576 2326 5632 reddemus
2369 5576 2513 5646 quod
2555 5584 2749 5648 quarta
2794 5575 2932 5631 feria
2958 5573 3319 5646 promisimus.
3350 5571 3420 5632 de

1839 5681 2028 5726 sancto
2055 5669 2356 5739 Augustino
2383 5687 2394 5722 :
2425 5669 2582 5725 Prius
2609 5670 2802 5726 iterum
2827 5670 2897 5727 ad
2922 5668 3237 5725 memoriam
3258 5667 3420 5724 redu-

1839 5777 1924 5828 co,
1952 5762 2170 5832 quando
2192 5762 2572 5833 persequimur
2598 5762 2668 5821 ab
2699 5763 2973 5832 inimicis,
2989 5772 3049 5822 ut
3090 5776 3306 5836 semper
3332 5777 3415 5820 ωε

3401 5941 3433 5949 ..ις
