3978 6500
548 389 692 452 1οΞ7

1595 369 1930 439 ΑΜΑιΑιιῐι
1961 366 2398 431 PRESBYTER!
2432 363 2781 427 METENSIS

547 512 829 562 vertamur
869 496 938 555 ad
973 493 1299 560 orationem,
1338 489 1483 548 unde
1517 488 1593 546 ita
1621 495 1983 545 memoratum
2006 499 2130 540 scu-
2154 489 2208 561 Α
2229 495 2289 542 ut
2317 494 2371 541 et
2395 493 2579 542 nostra
2606 480 2874 542 festivitas
2892 493 2926 536 a
2949 477 3263 537 Iudaeorum
3283 476 3621 539 festivitate
3645 479 3825 540 dish.

547 607 688 663 tum,
738 594 848 650 Pro
897 598 957 647 eo
999 598 1056 643 ut
1097 604 1179 643 me
1237 585 1533 657 diligerent,
1592 580 1934 637 detrahebant
1981 577 2127 632 mihi.

547 687 691 759 Quid
716 684 813 741 ait.
853 681 966 757 Ego
989 688 1163 736 autem
1188 675 1404 733 orabam
1452 675 1570 729 Non
1604 672 1820 743 quidem
1845 668 1982 724 dixit
2006 666 2137 737 quid

546 778 781 845 orabat,
810 774 909 832 sed
936 772 1067 845 quid
1098 769 1294 825 melius
1316 766 1676 836 intelligimus
1712 776 1876 833 quam
1920 774 2021 832 pro
2055 759 2136 814 eis

547 872 727 945 ipsis?
764 864 1039 927 Cruciilxo
1068 864 1215 922 enim
1242 860 1483 917 maxime
1511 854 1892 920 "detrahebant,
1919 852 2138 925 quando

552 965 700 1020 velut
722 960 932 1019 homini
957 972 1117 1028 quem
1144 953 1302 1025 quasi
1321 952 1567 1006 vicerant
1595 946 1913 1010 illudebant,
1939 945 2005 1000 de
2028 952 2138 1013 qua

555 1058 719 1115 cruce
748 1053 842 1111 ille
884 1051 1021 1107 dixit
1062 1063 1078 1103 ε
1120 1046 1284 1102 Pater
1322 1044 1528 1115 ignosce
1570 1034 1702 1103 illis,
1743 1038 1867 1111 quia
1906 1037 2141 1091 nesciunt

472 1200 475 1207 .
556 1151 688 1224 quid
726 1144 945 1221 faciunt.
996 1140 1069 1196 Et
1109 1138 1273 1211 paulo
1326 1143 1494 1208 post:
1527 1128 1735 1207 Nobilis
1783 1128 1975 1224 utilius
2024 1132 2143 1182 erat

557 1218 703 1315 quod
724 1218 1002 1311 patientiae
1024 1230 1300 1306 praebebat
1326 1229 1669 1301 exemplum,
1732 1236 1897 1315 quam
1934 1218 1979 1315 si
2014 1230 2143 1315 suos

558 1311 809 1391 inimicos
856 1328 974 1383 sine
1026 1324 1144 1380 ulla
1204 1318 1466 1377 dilatione
1516 1313 1829 1389 perdendo,
1903 1311 1972 1367 ad
2038 1311 2146 1365 hoc

556 1434 661 1480 nos
710 1416 1007 1477 tediiiCaret
1027 1458 1042 1483 ,
1104 1422 1167 1470 ut
1226 1411 1579 1482 impatienter
1634 1404 2024 1462 festinaremus
2081 1401 2147 1456 de

2232 584 2503 651 gueretur.

2825 665 3057 724 CAPUT
3101 664 3241 723 XIV.

2590 759 2667 816 De
2688 760 3000 815 adoratione
3018 768 3216 815 sanctis
3244 759 3448 815 crucis.

2304 853 2436 910 Post
2471 854 2588 912 haec
2615 860 2802 909 monet
2843 851 3056 909 libellus
3089 860 3432 911 memoratus
3457 856 3535 909 ut
3558 864 3820 925 ιιι-ηειδ-

2237 953 2328 1002 tur
2373 961 2507 1002 crux
2546 950 2672 1000 ante
2700 943 2893 1011 altare,
2936 959 3104 1016 quam
3146 943 3385 1001 salutant
3417 950 3483 997 et
3518 941 3819 1000 omnium

2239 1054 2448 1095 omnes.
2483 1036 2629 1093 Crux
2678 1034 2746 1092 ab
2772 1035 2947 1100 initio,
3002 1051 3072 1091 ex
3101 1049 3209 1105 quo
3234 1049 3357 1091 eam
3390 1034 3679 1091 Dominus
3712 1035 3817 1091 lita-

2239 1130 2318 1186 vit
2356 1126 2617 1203 sanguine
2667 1141 2788 1192 suo,
2835 1124 2907 1181 ab
2945 1126 3198 1182 omnibus
3248 1123 3517 1180 ﬁdelibus
3572 1125 3747 1180 verbis
3775 1134 3819 1180 et

2241 1220 2495 1293 operibus
2518 1217 2820 1291 gloriﬁcata
2848 1226 2953 1275 est.
2984 1217 3065 1273 Ex
3096 1216 3283 1273 multis
3308 1214 3812 1289 gloriﬁcatioaihu,

2243 1313 2437 1383 quibus
2482 1309 2781 1383 glorificata
2839 1317 2945 1376 est,
2983 1323 3158 1382 pauca
3201 1308 3432 1379 pingam
3464 1307 3547 1363 "in
3592 1310 3814 1379 praesa

2244 1402 2427 1477 opere.
2463 1402 2608 1459 Dicit
2633 1402 2872 1458 Joannes
2921 1400 3347 1472 Chrysostomus
3404 1399 3471 1454 in
3510 1399 3726 1455 humilia
3758 1400 3810 1456 ὰ

558 1510 650 1571 bis
673 1527 811 1584 quos
826 1509 1000 1566 malos
1012 1506 1269 1577 patimur,
1292 1500 1592 1568 vindicari;
1620 1512 1746 1556 cum
1766 1496 2033 1567 scriptum
2054 1493 2143 1558 sit,
2248 1512 2412 1553 cruce
2443 1505 2498 1552 et
2530 1496 2745 1551 latrone
2778 1514 2793 1549 :
2828 1492 2976 1550 Crux
3028 1498 3153 1564 spes
3187 1491 3666 1559 Christianorum,
3704 1507 3811 1549 cm

558 1605 751 1662 Melior
779 1608 865 1660 est
889 1599 1106 1672 patiens
1130 1606 1295 1668 quam
1312 1593 1491 1651 ibrtis.
2249 1584 2580 1644 resurrectio
2624 1593 2988 1663 mortuorum,
3035 1599 3170 1639 crux
3196 1598 3479 1642 caecorum
3530 1585 3659 1650 du,
3698 1599 3809 1642 cru

632 1695 840 1751 Doceat
859 1698 990 1761 ergo
1016 1696 1116 1744 nes
1137 1681 1319 1741 divina
1344 1681 1565 1753 elbquia
1588 1679 1872 1736 Dominico
1898 1674 2151 1747 exemplo
2252 1672 2664 1748 desperatorum
2694 1676 2804 1743 via,
2856 1692 2993 1732 crux
3027 1672 3351 1731 claudorum
3402 1675 3658 1761 baculus,
3702 1691 3811 1732 cm

560 1798 698 1845 cum
721 1784 1028 1841 audivimus
1057 1796 1071 1834 :
1100 1778 1208 1834 Pro
1237 1793 1296 1832 eo
1318 1777 1373 1831 u't
1399 1792 1483 1829 me
1503 1772 1797 1845 diligerent,
1812 1767 2153 1826 detrahebant
2176 1843 2210 1845 _
2254 1770 2551 1829 consolatio
2592 1764 2919 1840 pauperum,
2936 1785 3072 1825 crux
3096 1766 3400 1825 refrenatio
3431 1769 3679 1836 divitum,
3700 1783 3810 1827 cm

565 1843 723 1945 mihi,
761 1886 856 1949 ego
886 1885 1061 1930 autem
1108 1871 1351 1935 orabam,
1397 1875 1460 1922 ut
1488 1843 1708 1936 quando
1744 1863 1955 1933 aliquos
1980 1858 2149 1916 senti-
2174 1843 2223 1904 Β
2252 1861 2547 1921 destructio
2572 1862 2951 1935 superborum,
2981 1877 3114 1917 crux
3146 1859 3290 1916 male
3322 1862 3625 1918 viventium
3649 1875 3809 1935 ptem,

564 1980 690 2032 mus
716 1971 997 2041 ingratos;
1028 1974 1139 2020 non
1168 1962 1349 2018 Stilum
1401 1975 1513 2015 non
1549 1957 1845 2013 raddentes
1874 1956 2014 2010 bona
2056 1949 2154 2008 Sed
2252 1972 2386 2013 crux
2420 1955 2683 2011 adversus
2738 1955 3012 2011 daemones
3062 1954 3396 2029 triumphus,
3437 1970 3575 2011 crux
3606 1954 3811 2010 devictis

567 2067 798 2133 insuper
826 2060 1114 2117 reddentes
1148 2053 1293 2111 mala
1313 2069 1417 2125 pro
1444 2051 1624 2117 bonis,
1666 2066 1769 2105 nos
1798 2062 2041 2113 oremus,
2099 2051 2156 2100 et
2253 2048 2476 2112 diaboli,
2528 2063 2661 2102 crux
2698 2044 3124 2102 adolescentium
3168 2048 3513 2127 paedagogus,
3546 2062 3679 2102 crux
3702 2062 3807 2102 sus-

572 2154 683 2229 ipsi
706 2155 922 2226 quidem
948 2160 1053 2222 pro
1096 2146 1242 2215 aliis,
1284 2144 1372 2201 vel
1406 2142 1774 2205 saevientibus,
1810 2136 2156 2229 veldolenti—
2254 2139 2488 2196 tentatio
2519 2137 2761 2210 inopum,
2809 2154 2945 2193 crux
2976 2153 3098 2208 spes
3120 2137 3543 2209 desperatomm,
3570 2156 3709 2196 crux
3734 2154 3818 2197 na-

570 2226 698 2312 bus,
728 2251 785 2300 et
815 2242 871 2297 in
896 2238 1002 2296 ﬁde
1024 2232 1480 2310 periclitantibus.
1518 2230 1630 2288 Nos
1667 2244 1801 2287 vero
1852 2226 2018 2285 etiam
2055 2241 2157 2297 pro
2257 2232 2559 2304 vigantium
2605 2232 2958 2303 gubernator,
2985 2247 3119 2289 crux
3159 2233 3567 2307 periclitantium
3592 2244 3818 2306 partes,

569 2335 731 2393 nobis
752 2328 1027 2405 primitus,
1062 2338 1124 2385 ut
1154 2326 1396 2383 animum
1440 2332 1692 2379 nostrum
1722 2316 1835 2377 Deo
1862 2320 2160 2376 miserante
2260 2337 2394 2380 Crux
2431 2323 2777 2378 obsessorum
2805 2339 3019 2390 murus,
3060 2340 3198 2381 crux
3231 2333 3371 2396 pater
3412 2324 3809 2397 orpbanorum,

571 2433 746 2498 atque
789 2420 1091 2496 cpitulante
1132 2420 1432 2481 vincamus,
1491 2429 1600 2485 quo
1644 2411 1872 2468 terimur
1899 2410 1955 2467 in
1993 2408 2162 2467 ulcis-
2262 2430 2397 2471 crux
2433 2413 2688 2471 defensor
2735 2414 3042 2485 viduarum,
3097 2432 3232 2473 crux
3271 2415 3531 2485 iustorum
3574 2416 3820 2472 consilia-

578 2516 738 2578 eendi
764 2514 1119 2590 cupiditatem
1155 2516 1282 2570 cum
1320 2508 1628 2567 detrahitur
1650 2509 1769 2565 sive
1795 2506 2164 2579 praesentibus
2262 2506 2399 2573 rius,
2452 2522 2587 2563 crux
2622 2504 3006 2564 tribulatorum
3040 2510 3279 2579 requies,
3318 2523 3451 2564 crux
3485 2506 3816 2580 parvulorum

576 2610 698 2667 sive
726 2605 1045 2665 absentibus
1083 2604 1276 2670 nobis;
1323 2594 1521 2658 deinde
1546 2596 1673 2657 dum
1724 2597 1927 2655 Christi
1958 2596 2167 2668 patien-
2265 2606 2469 2665 custos,
2500 2614 2636 2655 crux
2668 2599 2913 2656 virorum
2936 2610 3122 2672 caput,
3152 2617 3290 2659 crux
3313 2615 3504 2658 senum
3533 2600 3668 2666 ﬁnis,
3698 2616 3816 2657 crux

578 2699 715 2756 tiam
746 2698 1118 2762 recordamur,
1169 2692 1430 2764 tanquam
1462 2692 1581 2764 ipso
1607 2688 1865 2753 excitato,
1909 2688 2050 2744 sicut
2083 2680 2164 2740 ia-
2266 2680 2449 2743 lumen
2480 2689 2535 2742 in
2562 2687 2802 2745 tenebris
2831 2684 3160 2758 Sedentium,
3213 2708 3351 2748 crux
3378 2707 3563 2763 regum
3593 2690 3814 2762 magniﬁ-

574 2795 730 2848 etum
748 2794 836 2845 est
860 2791 995 2845 dum
1020 2785 1286 2844 dormiret
1309 2785 1365 2840 in
1393 2780 1540 2848 navi,
1580 2784 1671 2854 qui
1701 2778 2167 2851 perturbationem
2269 2781 2466 2845 centia,
2497 2795 2631 2836 crux
2660 2788 2876 2837 scutum
2911 2792 3258 2854 perpetuum,
3286 2798 3425 2841 crux
3446 2785 3813 2853 insenutorum

579 2880 764 2940 cordis
785 2880 959 2936 nostri
986 2878 1479 2949 tempestatemque
1506 2868 1854 2944 tranquillat,
1890 2873 2072 2928 animo
2086 2883 2169 2925 se-
2270 2872 2563 2945 ’sapientia,
2600 2888 2736 2930 crux
2786 2873 3012 2933 libertas
3035 2892 3341 2944 servorum,
3399 2893 3536 2933 crux
3568 2876 3813 2949 imperato-

581 2971 711 3029 dato
740 2978 901 3041 atque
928 2974 1144 3041 pacato,
1177 2973 1395 3023 oremus
1411 2966 1577 3021 etiam
1604 2979 1706 3036 pro
1738 2964 1871 3036 ipsis
1895 2963 2167 3019 detracto-
2272 2980 2395 3019 rum
2422 2963 2785 3039 philosophia,
2823 2981 2955 3022 crux
2980 2967 3068 3023 lex
3108 2968 3345 3038 piorum,
3399 2983 3539 3024 crux
3566 2966 3807 3038 propheta-

582 3061 738 3118 ride
761 3059 984 3125 noetris,
1015 3065 1077 3113 ut
1105 3056 1284 3114 securi
1327 3055 1588 3121 dicamus,
1624 3052 1841 3109 Dimitte
1872 3053 2039 3117 nobis,
2068 3052 2171 3106 sic-

581 3158 647 3207 ut
684 3157 737 3207 et
770 3147 1259 3213 nos‘ttimittimus;
1305 3146 1445 3203 sicut
1493 3152 1550 3202 et
1585 3142 1678 3201 ille
1723 3143 2032 3199 dimittebat
2079 3141 2170 3212 qui

584 3248 874 3315 peccatum
900 3238 1109 3310 ψιοὰθί
1126 3237 1492 3294 dimitteretur
1512 3232 1700 3307 utique
1723 3251 1833 3291 non
1860 3234 2091 3291 habebat
2107 3234 2168 3306 1-.

588 3330 974 3387 Admoaitione
1016 3328 1332 3385 ﬁrmissima
1371 3328 1530 3384 sicuti
1569 3324 1829 3384 admoniti
1877 3338 2087 3393 sumus,
2121 3334 2176 3384 et

589 3430 694 3495 pro
736 3421 896 3478 nobis
934 3430 1177 3486 oremus,
1229 3430 1393 3492 atque
1418 3435 1517 3492 pro
1544 3420 1804 3492 periculis
1838 3420 1997 3492 hujus
2025 3421 2173 3488 vitae,

588 3519 651 3569 et
674 3524 775 3582 pro
786 3512 1082 3577 haereticis,
1108 3508 1441 3582 perildisque
1467 3510 1687 3576 Iudaeis,
1722 3526 1787 3568 ac
1809 3527 1910 3584 pro
1930 3513 2174 3584 paganis.

588 3605 697 3662 Per
714 3618 905 3663 omnes
931 3606 1208 3662 orationes
1237 3602 1667 3677 genunexionem
1704 3602 1959 3671 facimus,
1989 3614 2051 3660 ut
2077 3620 2178 3676 per

592 3699 738 3757 hunc
762 3699 1007 3755 habitum
1045 3698 1312 3768 corporis,
1359 3697 1557 3752 mentis
1586 3697 1950 3753 humilitatem
1993 3706 2178 3753 osten-

596 3793 795 3847 damus
814 3798 1043 3860 excepto
1071 3790 1287 3860 quando
1328 3798 1550 3844 oramus
1582 3802 1682 3860 pro
1708 3789 1932 3861 perﬁdis
1955 3786 2174 3845 .ludzeis.

597 3880 679 3937 illi
716 3881 862 3935 enim
889 3884 1024 3950 gem:
1053 3878 1362 3944 Metebant,
1405 3894 1542 3951 opus
1576 3881 1777 3935 bonum
1807 3879 1950 3935 male
1987 3892 2180 3951 opera-

596 3968 815 4033 bantur,
853 3970 979 4038 quia
1016 3964 1290 4025 illudendo
1334 3970 1440 4027 hoc
1474 3969 1766 4027 faciebant.
1808 3966 1917 4028 Nos
1970 3972 2039 4027 ad
2082 3971 2180 4028 de-

602 4059 1019 4116 monstrandum
1044 4061 1189 4131 quod
1224 4058 1410 4133 fugere
1440 4063 1732 4117 debeamus
1758 4077 1926 4133 opera
1953 4076 2074 4134 quae
2109 4064 2183 4120 si-

602 4148 861 4209 mulando
905 4148 1064 4217 ﬁunt,
1115 4151 1351 4207 vitamus
1380 4151 1811 4223 genuﬂexionem
1845 4153 1899 4208 in
1934 4154 2185 4211 oratione

601 4257 700 4315 pro
727 4240 947 4299 Iudaeis.
993 4244 1257 4300 Similiter
1286 4251 1341 4300 et
1366 4258 1396 4299 a
1423 4246 1573 4315 pacis
1597 4245 1785 4301 osculo
1818 4245 1874 4300 in
1903 4246 2025 4301 istis
2067 4246 2183 4302 die-

600 4335 702 4392 bus
730 4348 829 4392 nos
857 4337 1197 4393 abstinemus
1235 4354 1248 4391 :
1280 4342 1389 4393 non
1434 4339 1577 4408 quod
1608 4340 1759 4410 pacis
1788 4337 2033 4394 osculum
2069 4354 2188 4394 ma-

603 4424 713 4481 lum
742 4427 833 4492 sit,
879 4427 972 4483 ubi
992 4443 1060 4483 ex
1087 4429 1360 4486 charitate
1396 4444 1528 4486 vero
1553 4429 1850 4501 profertur,
1886 4433 1980 4487 sed
2006 4438 2063 4485 ut
2088 4431 2185 4486 de-

2275 3071 2396 3110 rum
2448 3056 2834 3129 praecognatio,
2872 3073 3007 3114 crux
3048 3060 3395 3115 annuutiatio
3451 3057 3800 3129 apostolorum.

2277 3165 2413 3206 crux
2459 3159 2763 3223 martyrum
2789 3149 3061 3224 gloriatio,
3103 3167 3236 3209 crux
3267 3152 3657 3209 monachorum
3678 3145 3814 3202 absti-

2279 3240 2488 3307 nentia,
2536 3256 2671 3297 crux
2697 3241 2974 3313 virginum
3005 3244 3248 3311 castitas,
3298 3258 3438 3299 crux
3485 3242 3717 3314 gaudium
3746 3254 3815 3296 sa-

2280 3334 2577 3398 cerdotum,
2630 3349 2767 3390 crux
2799 3330 3062 3393 Ecclesiae
3094 3335 3535 3401 fundamentum,
3557 3349 3680 3391 crux
3699 3332 3815 3389 orbis

2280 3431 2442 3481 terrae
2472 3425 2704 3495 cautela,
2736 3444 2869 3484 crux
2893 3427 3216 3500 templorum
3239 3428 3561 3493 destructio,
3587 3442 3703 3483 crux
3726 3425 3819 3480 ido-

2278 3512 2458 3572 lOrum
2498 3516 2757 3590 repulsio,
2813 3534 2950 3576 crux
2990 3519 3306 3600 scandalum
3351 3514 3673 3583 ludentum,
3707 3529 3815 3571 crux

2280 3604 2516 3676 perditio
2554 3605 2871 3680 impiorum,
2906 3624 3039 3666 crux
3079 3608 3445 3665 invalidorum
3496 3608 3682 3670 virtus,
3716 3618 3815 3670 cm

2284 3698 2662 3767 tegrotantium
2690 3696 2951 3766 medicus,
2983 3714 3116 3756 crux
3143 3697 3459 3753 emundatio
3497 3696 3811 3768 leprosum“.

2288 3802 2421 3842 crux
2462 3787 2884 3860 paralyticorum
2930 3789 3168 3863 requies,
3218 3804 3353 3845 crux
3388 3788 3729 3845 esurientium
3746 3798 3817 3855 vi-

2288 3878 2400 3943 nis,
2440 3893 2571 3934 crux
2606 3877 2905 3949 sitientium
2942 3878 3081 3951 fons,
3122 3890 3254 3938 crux
3285 3864 3557 3936 nudorum
3584 3874 3821 3950 protectio.

2288 3967 2440 4025 Pcne
2491 3972 2671 4027 omnis
2714 3972 3035 4045 glorilicatio
3087 3989 3194 4047 qua
3241 3974 3497 4031 decorata
3546 3980 3626 4029 est
3668 3976 3824 4025 sancta

2290 4074 2448 4126 crux,
2490 4070 2709 4132 precata
2749 4072 2834 4118 est
2861 4061 3197 4120 orationibus
3221 4062 3533 4137 presbyteri
3551 4069 3669 4135 post
3682 4059 3827 4115 Evan-

2289 4151 2509 4222 gelium.
2561 4148 2618 4208 Si
2656 4153 2779 4224 quis
2817 4170 2882 4209 ea
2939 4153 3169 4210 voluerit
3192 4155 3457 4221 scrutari,
3497 4169 3619 4225 quae
3647 4150 3714 4207 ibi
3746 4147 3819 4202 de!

2288 4250 2509 4314 precata
2532 4251 2676 4310 sunt,
2715 4252 2770 4299 et
2801 4253 3037 4301 mentem
3067 4243 3272 4301 referre
3303 4245 3370 4300 ad
3399 4252 3714 4315 praesentem
3737 4237 3819 4311 glo-

2299 4332 2681 4400 riﬁcationem,
2707 4334 2944 4390 inveniet
2972 4335 3110 4391 eain
3136 4334 3335 4390 virtute
3357 4342 3569 4391 sanctae
3593 4324 3824 4390 cruciabo

2293 4439 2399 4494 qua
2422 4430 2475 4479 et
2507 4425 2862 4498 Hieronymus
2877 4427 2931 4481 in
2965 4433 3195 4483 tractatu
3217 4426 3477 4497 Epistolae
3499 4428 3569 4483 ad
3593 4422 3823 4499 prt’SitISf

604 4524 941 4574 monstretur
960 4528 1123 4590 quam
1140 4520 1420 4593 v‘injh’r‘iam
1448 4534 1642 4594 passus
1669 4518 1740 4579 sit
1765 4520 2015 4579 Christus
2036 4539 2066 4577 a
2090 4537 2188 4579 suo
2214 4560 2270 4623 Β
2294 4514 2438 4571 Crux
2467 4516 2650 4586 itaque
2677 4517 2880 4574 Christi
2913 4534 3019 4574 non
3062 4516 3235 4575 solum
3262 4520 3440 4583 nobis,
3474 4516 3573 4575 sed
3602 4529 3655 4575 et
3677 4511 3827 4585 angelis

605 4607 1171 4676 proditore,'utetnos
1194 4610 1431 4667 vitemus
1451 4612 1699 4667 eamdem
1720 4608 1973 4684 injuriam
2007 4614 2060 4667 iu
2084 4612 2194 4669 rra-

607 4696 802 4752 trlbus.
837 4698 1149 4766 Quod'dico
1182 4700 1289 4755 tale
1324 4708 1410 4755 est
1454 4718 1467 4755 :
1516 4701 1791 4757 locutione
1828 4712 1884 4763 et
1918 4717 2083 4773 opere
2107 4704 2195 4760 de-

607 4789 801 4845 bemus
836 4790 1069 4846 subditls
1120 4800 1444 4857 monstrare,
1499 4792 1781 4848 vitandum
1830 4804 1951 4851 esse
1990 4795 2193 4851 malum

606 4877 777 4937 Iudae.
814 4880 982 4953 Signo
1008 4881 1198 4938 doloso
1235 4882 1466 4939 traditus
1492 4882 1574 4939 est
1622 4881 1872 4940 Christus
1913 4904 1925 4940 :
1963 4900 2065 4941 nec
2097 4887 2196 4941 mi-

610 4984 734 5026 rum
771 4972 909 5027 siea
952 4972 1401 5055 intermittamus,
1444 4984 1506 5030 ut
1542 4982 1732 5031 nostra
1784 4968 2195 5051 distinguantur

616 5076 647 5117 a
669 5061 971 5129 Jud‘aismo,
994 5079 1116 5119 cum
1135 5062 1194 5120 S.
1220 5066 1554 5138 Augustinus
1571 5067 1746 5124 dicat:
1770 5066 2027 5125 Nostrum
2049 5068 2194 5125 diem

614 5152 811 5209 festum
839 5153 1253 5226 pasehalemque
1290 5152 1412 5212 ideo
1449 5157 1688 5214 transire
1727 5157 1795 5215 ad
1828 5159 2193 5227 Dominicum,

611 5252 678 5299 ut
703 5253 887 5302 nostra
915 5244 1180 5301 festivitas
1209 5244 1574 5320 distinguatur
1602 5263 1633 5303 a
1660 5244 1960 5306 festivitate
1983 5249 2199 5306 Iudaeo-

613 5351 780 5393 rum.-
804 5337 945 5393 Dicit
966 5338 1035 5394 a‘d
1059 5334 1385 5395 Ianuarium
1415 5359 1429 5395 :
1457 5334 1595 5397 Nam
1622 5340 1794 5398 Judaei
1822 5341 2200 5398 tantummodo

616 5436 861 5484 mum
883 5434 1144 5486 novorum
1169 5436 1225 5485 et
1247 5426 1436 5487 lunam
1458 5430 1752 5489 obaervant
1775 5448 1807 5490 a
1830 5442 2027 5504 quarta
2057 5434 2198 5490 decl-

621 5531 709 5571 ma
734 5532 907 5587 usque
954 5519 1025 5574 ad
1051 5519 1368 5577 vicesimam
1390 5524 1657 5593 primam;
1686 5525 1783 5580 sed
1809 5526 1938 5594 quia
1968 5520 2096 5582 illud
2116 5540 2203 5581 eo-

619 5622 745 5665 rum
780 5611 1011 5680 Pascha,
1052 5629 1161 5685 quo
1188 5630 1381 5687 passus
1428 5626 1512 5674 est
1534 5616 1818 5684 Dominus,
1852 5616 1930 5673 ita
1960 5620 2204 5675 occurrit

622 5707 687 5753 ut
708 5698 1092 5760 intortum-tem
1117 5702 1234 5776 eius
1251 5714 1309 5762 et
1327 5710 1786 5766 resurrectionem
1818 5711 2031 5766 medius
2053 5717 2203 5768 esset

624 5790 838 5852 abbati
872 5796 1011 5863 dies,
1059 5798 1364 5855 addendum
1400 5807 1584 5874 patres
1640 5803 2200 5873 nostri'censuerunt,

2294 4611 2611 4681 eunetisque
2635 4610 2691 4665 in
2719 4610 2858 4667 cmlo
2887 4611 3181 4667 virtutibus
3215 4611 3437 4682 profuit.
3475 4620 3531 4668 et
3561 4611 3748 4682 aperuit
3769 4619 3827 4661 sr-

2295 4712 2638 4757 cramentum
2693 4705 2835 4773 quod
2868 4714 3024 4759 antea
3060 4703 3395 4761 nesciebant.
3435 4703 3508 4761 Et
3555 4696 3829 4761 Seduliusin

2295 4791 2552 4849 Carmine
2571 4794 2822 4849 Paschaii
2848 4813 2860 4849 :

2424 4893 2565 4945 Neve
2588 4896 2700 4957 quis
2726 4897 2920 4958 ignoret
2938 4897 3153 4959 speciem
3176 4907 3335 4946 crucis
3358 4907 3476 4946 esse
3492 4894 3743 4946 colendam.

2364 4978 2460 5035 Dei
2490 4981 2632 5036 enim
2660 4981 2830 5037 Filius
2859 4983 3161 5040 exinanivit
3180 4999 3261 5048 se,
3290 4992 3349 5039 ut
3381 4983 3624 5039 visibilis
3659 4988 3835 5053 appara

2297 5078 2383 5126 ret
2406 5070 2734 5134 hominibus.
2767 5071 2846 5128 Ea
2893 5055 2980 5129 die
3012 5091 3120 5145 qua
3158 5090 3293 5129 crux
3318 5063 3839 5135 deosculatumbuti-

2297 5161 2458 5218 liatus
2482 5171 2694 5235 estpm
2722 5164 2878 5221 nobis
2899 5160 3049 5221 Patri
3073 5182 3243 5236 usque
3273 5166 3340 5220 ad
3374 5174 3639 5229 mortem,
3664 5169 3837 5220 moria

2300 5263 2480 5312 autem
2511 5255 2712 5311 crucis.
2743 5253 2801 5312 Si
2846 5253 3009 5328 huius
3033 5257 3226 5313 mortis
3254 5256 3563 5312 imitatores
3594 5270 3713 5312 esse
3732 5248 3842 5307 debe-

2301 5361 2445 5409 mus,
2481 5360 2689 5402 necnon
2719 5354 2773 5400 et
2801 5344 3125 5404 humilitatis
3154 5356 3367 5419 oportet
3392 5361 3543 5405 esse.
3589 5344 3843 5412 Undepw-

2307 5436 2601 5494 sternimur
2641 5444 2765 5491 ante
2809 5452 3048 5504 crucem,
3092 5447 3151 5495 ut
3186 5436 3294 5494 ﬁxa
3337 5436 3630 5494 humilitas
3678 5430 3845 5491 mentis.

2307 5546 2407 5603 per
2451 5529 2693 5585 habitum
2742 5531 2986 5602 corporis
3026 5531 3187 5589 deuo
3212 5538 3459 5585 utretur.
3517 5527 3846 5585 Humilitatcl

2309 5620 2509 5678 mentis
2536 5636 2644 5677 non
2673 5634 2964 5691 possumus
3015 5619 3249 5694 amplius
3284 5626 3622 5691 monstrare.
3647 5628 3790 5690 quam
3808 5616 3849 5663 ιιι

2309 5720 2486 5768 totum
2524 5728 2722 5783 corpus
2749 5712 2820 5768 ad
2844 5719 3049 5768 terram
3074 5719 3473 5785 prosternatur.
3524 5707 3683 5767 Unde
3707 5707 3849 5776 ΔΨ

2310 5805 2485 5865 stinus
2530 5805 2586 5861 in
2638 5804 2847 5877 psalmo
2892 5804 3319 5878 quadragesimo
3380 5802 3589 5858 tertio:
