3978 6464
186 382 328 442 ιω

953 380 1041 440 DE
1079 381 1628 441 ECCLESIAS‘I'ICIS
1667 381 1951 441 OFFI'CIIS
1989 383 2169 442 LIBRI
2204 384 2294 444 IV.
2333 414 2406 429 --
2441 387 2569 446 LIB.
2609 389 2652 444 I.

3293 400 3434 460 £050

171 506 324 563 enim
356 501 431 558 ita
460 498 876 566 humiliatur,ut
893 515 1066 572 genua
1092 499 1242 570 ﬁgat,
1267 498 1441 554 adhuc
1462 499 1626 554 habet
1649 515 1756 568 quo
1785 505 1834 565 Α
1861 502 2017 556 riam.
2063 500 2154 556 Sic
2195 503 2338 558 cutim
2405 506 2665 576 scriptum
2720 516 2808 564 est
2847 509 2908 566 in
2945 523 3250 572 memorato
3292 517 3434 576 libro

174 595 520 658 humilietur;
547 592 789 662 quisquis
810 599 990 646 autem
1010 593 1088 646 sic
1110 591 1445 656 humiliatur,
1466 598 1525 644 ut
1545 591 1750 644 h=.creat

175 687 231 742 in
263 695 411 742 terra
451 693 640 739 venter
675 683 812 752 ejus,
845 683 986 740 ultra
1006 698 1115 754 quo
1142 683 1481 747 humilietur,
1523 698 1628 736 non
1651 682 1751 736 ha-

174 777 288 832 bet.
333 775 424 830 Sic
454 782 766 846 prosternor
795 781 924 830 ante
948 789 1166 831 crucem
1195 780 1254 828 ut
1279 772 1442 828 Paula
1465 779 1744 841 prostrata

175 875 264 922 est
296 881 312 920 :
341 866 410 920 de
435 881 542 935 qua
588 865 836 921 laudator
861 865 1222 936 panegyricus
1247 863 1365 932 eius
1389 863 1748 934 Hieronymus

173 956 308 1011 dicit
333 956 386 1010 in
425 954 606 1011 libello
643 956 778 1011 Vita:
828 957 1070 1027 ejusdem
1097 956 1279 1012 Paula:
1309 974 1322 1010 :
1360 956 1747 1023 Prostrataque

171 1056 260 1104 est
286 1055 408 1102 ante
435 1061 670 1114 crucem,
698 1049 855 1117 quasi
889 1049 1208 1118 pendentem
1238 1048 1526 1104 Dominum
1557 1063 1751 1104 cerne-

173 1145 280 1192 ret.
336 1137 404 1191 Et
454 1152 553 1206 ego
585 1136 775 1206 jaceus
813 1148 941 1194 ante
985 1151 1226 1203 crucem,
1268 1154 1461 1208 passus
1501 1138 1750 1193 Christus

170 1242 275 1296 pro
319 1242 427 1294 me,
466 1227 800 1297 proscriptus
838 1237 924 1284 est
976 1229 1032 1284 in
1080 1229 1243 1284 corde
1296 1243 1437 1292 meo,
1494 1229 1751 1283 virtutem

170 1329 375 1374 sanctae
409 1320 607 1384 crucis,
647 1334 812 1389 quam
855 1320 1068 1390 accepit
1115 1336 1180 1374 ex
1218 1319 1313 1374 Dei
1362 1318 1519 1384 Filio,
1560 1319 1746 1372 adoro.

169 1412 487 1469 Creaturam
526 1413 724 1467 nullam
764 1413 989 1468 colendo
1038 1422 1097 1467 ut
1126 1413 1295 1466 Deum
1327 1413 1514 1476 adoro,
1545 1413 1640 1466 sed
1662 1429 1754 1468 ve-

167 1503 450 1559 nerando:
486 1503 630 1558 unde
680 1502 968 1573 Apostolus
1005 1504 1201 1572 inquit,
1258 1501 1474 1556 Honore
1524 1501 1748 1556 invicem

175 1601 566 1669 prcevenientes.
596 1598 784 1655 Omnis
811 1599 1108 1670 substantia
1149 1612 1268 1668 quae
1312 1597 1454 1651 Deus
1497 1611 1603 1650 non
1647 1601 1748 1660 est,

162 1698 414 1746 creatura
438 1699 547 1758 est;
578 1698 632 1746 et
650 1705 768 1760 qua:
790 1697 1038 1745 creatura
1069 1697 1167 1752 est,
1185 1689 1327 1742 Deus
1351 1693 1569 1740 nonest.
1605 1683 1750 1739 Crux

161 1780 372 1836 Christi
412 1791 538 1836 ante
564 1796 650 1835 me
676 1779 871 1850 posita,
913 1777 1190 1833 Christum
1229 1777 1385 1846 quasi
1426 1774 1750 1845 pendentem

1857 594 2035 657 tertio,
2079 595 2233 649 titulo
2276 598 2545 652 secundo:
2571 596 2886 659 Ostenditur
2931 614 3112 662 autem
3140 623 3312 679 usque
3338 611 3434 669 ho-

1854 687 1941 741 die
1987 695 2041 740 et
2091 688 2145 742 in
2198 703 2391 760 magna
2437 693 2787 750 veneratione
2833 696 3067 754 habetur
3118 699 3270 758 locus
3315 703 3430 772 ille,

1853 778 1945 832 ubi
1997 787 2258 834 venturus
2314 783 2380 837 ad
2424 783 2564 839 hanc
2611 802 2844 856 pugnam
2877 787 3183 860 Oswaldus,
3215 797 3432 868 signum

1854 879 2054 928 sancta
2093 874 2272 927 crucis
2312 874 2505 935 erexit.
2548 889 2614 931 ac
2655 875 2815 933 flexis
2865 881 3093 948 genibus
3141 882 3312 942 Deum
3339 889 3436 947 ὼ-

1852 972 2102 1033 precatus
2128 973 2235 1029 est,
2264 965 2399 1020 utin
2433 974 2585 1022 tanta
2617 985 2798 1024 rerum
2825 975 3150 1030 necessitate
3183 979 3298 1034 suis
3322 983 3432 1037 cul-

1855 1057 2062 1113 toribus
2107 1059 2315 1113 cuaiesti
2353 1071 2700 1117 succurreret
2738 1065 2958 1121 auxilio.
2993 1067 3235 1140 Denique
3255 1070 3429 1129 fertur

1855 1151 1980 1221 quia
2036 1149 2178 1206 facta
2218 1154 2386 1208 citato
2437 1170 2602 1226 opere
2645 1171 2828 1224 cruce,
2867 1161 2939 1215 'ac
2997 1160 3157 1218 fovea
3211 1179 3423 1237 prtepa-
3489 1175 3512 1195 ί

1854 1251 1991 1309 rata,
2037 1244 2094 1298 in
2120 1260 2227 1314 qua
2270 1248 2433 1300 statui
2463 1247 2710 1314 deberet,
2739 1251 2852 1320 ipse
2887 1251 2997 1307 iide
3044 1253 3262 1311 fewens
3285 1257 3428 1314 hanc

1855 1335 2175 1404 arripuerit,
2215 1353 2281 1392 ac
2338 1337 2506 1395 fovea;
2561 1340 2916 1410 imposuerit,
2964 1353 3132 1415 atque
3193 1356 3426 1419 utraque

1854 1442 2018 1481 manu
2061 1438 2300 1485 erectam
2329 1433 2585 1499 tenuerit,
2621 1435 3056 1506 donec'aggesto
3100 1454 3132 1492 a
3162 1439 3426 1496 militibus

1853 1518 2074 1586 pulvere
2099 1529 2260 1575 terra:
2281 1521 2563 1592 ﬁgeretur,
2592 1535 2647 1581 et
2669 1527 2773 1582 hoc
2805 1527 2969 1594 facto,
2999 1531 3144 1586 elata
3173 1532 3226 1586 in
3259 1533 3429 1588 altum

1854 1621 1987 1664 voce
2006 1619 2336 1667 cnnaoexer
2349 1613 2482 1670 eitui
2506 1615 2923 1685 proclamaverit
2947 1637 2958 1671 :
2984 1619 3293 1676 Flectamus
3315 1636 3435 1676 om-

1854 1712 1951 1753 nes
1978 1713 2172 1770 genua,
2205 1709 2261 1756 et
2288 1703 2458 1758 Deum
2487 1707 2912 1775 omnipotentem
2939 1709 3121 1764 vivum
3150 1725 3214 1765 ac
3239 1725 3432 1766 verum

1854 1791 1908 1845 in
1956 1805 2244 1848 commune
2268 1795 2642 1865 deprecemur,
2681 1808 2739 1852 ut
2770 1808 2869 1854 nos
2911 1801 2981 1853 ab
3007 1801 3166 1858 hoste
3189 1801 3428 1872 superbo

155 1874 221 1930 in
248 1890 317 1930 ea
349 1883 532 1930 mente
554 1883 732 1928 teneo.
760 1871 879 1944 Ipsa
907 1872 1073 1926 verba
1096 1878 1301 1924 nostrm
1347 1865 1748 1962 deprecationis
1776 1869 1824 1929 Β
1852 1899 1916 1938 π
1938 1884 2117 1941 feroce
2147 1903 2242 1942 sua
2287 1889 2636 1944 miseram,”
2665 1889 2940 1945 defend-at.
2993 1891 3086 1947 δίο
3113 1865 3426 1962 δείξω-ᾕρεε,

154 1965 542 2022 demonstrant
586 1980 746 2035 quem
806 1963 1111 2018 adoremus.
1166 1961 1408 2015 Dicimus
1467 1957 1746 2013 :Crucem

150 2065 314 2110 tuam
354 2052 658 2121 adoramus,
711 2052 956 2118 Domine,
1008 2062 1062 2108 et
1103 2061 1352 2108 sanctam
1390 2051 1749 2106 resurrectio—

153 2161 286 2202 nem
313 2156 459 2200 tuam
490 2145 772 2200 laudamus
810 2154 864 2200 et
911 2143 1294 2216 gloriﬁcamus.
1345 2140 1446 2196 Hic
1491 2139 1597 2194 non
1622 2148 1750 2195 sunt

155 2235 330 2293 verba
359 2236 708 2308 precationis,
759 2235 852 2291 sed
883 2231 1263 2290 ostentationis
1302 2232 1588 2287 adorandae
1618 2248 1746 2286 cru-

156 2326 265 2392 cis,
315 2335 371 2381 et
397 2323 764 2397 gloriﬁcandae
819 2323 1234 2380 resurrectionis
1284 2323 1516 2378 Domini.
1558 2321 1663 2376 Sed
1693 2330 1749 2376 et

158 2420 222 2475 in
245 2419 348 2474 alio
382 2419 499 2474 loco
535 2418 771 2474 solemus
799 2416 979 2472 dicere
1014 2435 1026 2470 :
1061 2415 1208 2471 Deus
1229 2414 1320 2485 qui
1361 2414 1624 2483 unigeniti
1660 2411 1748 2467 Fi-

157 2509 220 2564 lii
267 2509 342 2564 tui
383 2508 598 2564 Domini
627 2509 797 2563 nostri
823 2507 951 2561 Jesu
980 2505 1181 2562 Christi
1216 2506 1455 2578 pretioso
1486 2503 1748 2577 sanguine

78 2622 97 2630 ·
157 2604 459 2658 humanum
481 2595 651 2674 genus
675 2600 944 2656 redimere
969 2601 1219 2671 dignatus
1245 2614 1328 2664 es,
1360 2601 1595 2655 concede
1625 2614 1747 2670 pro-

156 2697 328 2767 pitius
350 2704 409 2750 ut
437 2695 529 2766 qui
562 2695 630 2749 ad
669 2692 1004 2749 adorandum
1031 2691 1300 2747 viviﬁcam
1328 2707 1544 2745 crucem
1593 2691 1748 2745 adveo

157 2786 341 2856 niunt,
385 2802 417 2840 a
454 2795 804 2860 peccatorum
856 2799 1079 2838 suorum
1123 2783 1354 2839 nexibus
1416 2781 1736 2837 liberentur.

158 2875 335 2946 Quem
368 2878 648 2948 deprecor,
687 2876 863 2946 ipsum
894 2875 1100 2937 "adoro,
1151 2873 1471 2945 prosternor
1519 2887 1746 2941 corpore

157 2973 290 3022 ante
334 2980 574 3032 crucem,
634 2973 816 3020 mente
865 2973 991 3019 ante
1019 2961 1330 3030 Dominum,
1362 2979 1591 3019 veneror
1618 2961 1744 3018 eru-

159 3072 307 3124 cem,
336 3073 434 3130 per
476 3071 637 3126 quam
668 3056 978 3127 redemptus
1007 3070 1167 3122 sum;
1225 3055 1318 3110 sed
1358 3053 1511 3109 illum
1556 3055 1745 3126 depre-

159 3165 282 3218 cor,
329 3149 420 3224 qui
459 3147 706 3204 redemit.
739 3147 814 3202 De
850 3162 954 3217 qua
995 3145 1313 3202 adoratione
1353 3145 1616 3216 scriptum
1661 3154 1746 3200 est

157 3241 219 3297 in
265 3217 531 3311 tripartito
562 3237 822 3303 Historia,
856 3237 994 3292 libro
1052 3237 1228 3306 primo
1261 3255 1273 3290 :
1301 3235 1416 3291 Hoc
1468 3236 1612 3290 enim
1672 3235 1746 3292 sl—
1772 3217 1818 3282 α

157 3332 326 3405 gnum
367 3331 618 3387 bellicum
662 3331 802 3384 inter
843 3329 948 3383 alia
984 3330 1276 3400 pretiosius
1317 3337 1436 3383 erat
1477 3344 1543 3383 eo
1595 3329 1747 3398 quod

157 3425 548 3492 imperatorem
575 3420 880 3490 praecedere
908 3427 962 3471 et
1001 3415 1217 3471 adorari
1247 3415 1378 3472 illud
1414 3432 1446 3470 a
1483 3416 1746 3470 militibus

159 3513 332 3568 moris
376 3519 540 3566 esset.
579 3510 710 3564 Item
757 3507 810 3562 in
840 3507 1029 3563 eodem
1054 3521 1236 3577 opere,
1275 3506 1413 3560 libro
1462 3506 1741 3559 secundo:

155 3604 360 3662 Audivi
375 3603 519 3658 enim
541 3599 934 3655 etProbianum
957 3597 1132 3651 virum
1157 3597 1209 3649 in
1233 3595 1433 3665 palatio
1455 3595 1746 3650 habentem

157 3693 414 3748 militiam
459 3690 813 3753 medicorum,
845 3688 1051 3743 crudeli
1091 3689 1344 3758 podagra:
1372 3686 1627 3756 passione
1654 3686 1746 3740 de-

159 3792 402 3847 tentum,
453 3781 526 3835 ibi
571 3781 845 3835 doloribus
877 3779 1190 3843 liberatum,
1227 3778 1385 3847 eique
1431 3776 1746 3848 apparuisse

159 3884 410 3930 sanctam
449 3873 769 3928 mirabiliter
815 3873 1101 3927 visionem.
1157 3871 1291 3926 Cum
1343 3871 1487 3924 enim
1545 3870 1745 3925 dudum

159 3980 410 4037 paganus
443 3973 607 4028 esset,
653 3964 828 4020 factus
846 3973 1032 4034 postea
1069 3962 1436 4027 Christianus,
1479 3961 1744 4031 aliquate-

161 4070 270 4110 nus
307 4055 500 4126 dogma
540 4056 866 4124 sequebatur
899 4071 911 4107 :
940 4054 1104 4108 totius
1128 4069 1258 4108 vero
1287 4052 1477 4107 salutis
1501 4068 1740 4118 causam,

161 4145 219 4200 id
284 4152 384 4208 est,
435 4141 859 4198 sacra‘tissimam
911 4160 1162 4209 crucem,
1209 4143 1428 4198 nolebat
1485 4144 1734 4200 adorare.

160 4236 319 4292 Hanc
363 4236 584 4291 habenti
627 4237 969 4300 sententiam,
1014 4237 1197 4290 divina
1257 4237 1434 4291 virtus
1476 4251 1745 4306 apparens

160 4329 375 4397 signum
430 4329 751 4381 monstravit
797 4328 1003 4392 crucis,
1039 4329 1187 4397 quod
1234 4335 1356 4382 erat
1402 4329 1642 4396 positum
1685 4329 1744 4385 in

158 4417 359 4472 altario
387 4416 504 4486 ejus
530 4416 792 4482 ecclesiae,
839 4426 897 4472 et
920 4425 1107 4488 aperte
1135 4417 1316 4487 palam
1353 4417 1484 4473 fecit
1505 4421 1636 4488 quia
1675 4433 1745 4476 ex

159 4525 272 4580 quo
324 4510 614 4564 crucifixus
651 4517 734 4562 est
775 4508 1044 4573 Christus,
1079 4510 1262 4564 omnia
1315 4526 1436 4580 qua:
1478 4511 1546 4565 ad
1589 4512 1739 4566 utili-

156 4609 328 4656 tatem
375 4599 593 4654 humani
641 4600 854 4669 generis
909 4598 1048 4654 facta
1097 4609 1246 4665 sunt,
1291 4599 1534 4670 quolibet
1578 4603 1740 4656 modo

156 4699 362 4763 prater
404 4691 659 4745 virtutem
709 4701 912 4747 sanctis
956 4692 1135 4748 crucis
1191 4701 1342 4761 gesta
1391 4707 1501 4748 non
1532 4702 1738 4761 essent,

157 4795 340 4850 neque
391 4780 461 4840 ab
521 4781 725 4852 angelis
790 4782 1009 4845 sanctis,
1068 4796 1246 4850 neque
1305 4783 1373 4838 ab
1427 4783 1740 4840 hominibus

160 4875 276 4947 piis
303 4877 364 4946 1-.
401 4874 646 4930 Fuerunt
670 4874 888 4944 quidam
917 4874 1009 4943 qui
1035 4874 1284 4928 volebant
1311 4874 1492 4929 dicere
1519 4890 1578 4930 se
1601 4876 1740 4930 velle

156 4968 406 5022 eamdem
432 4981 648 5022 crucem
670 4966 902 5021 adorare
933 4966 990 5019 in
1019 4980 1124 5034 qua
1157 4965 1420 5020 Dominus
1446 4965 1740 5021 cruciﬁxus

156 5066 266 5114 est.
319 5058 532 5114 Utinam
567 5059 619 5112 in
655 5059 908 5114 omnibus
953 5058 1201 5115 ecclesiis
1254 5058 1567 5121 haberetur,
1624 5072 1739 5127 prae

157 5150 374 5205 aratoris
403 5149 596 5205 merito
637 5157 1007 5206 veneraretur.
1037 5147 1294 5216 Quamvis
1349 5148 1524 5203 omnis
1566 5149 1742 5204 eccle-

158 5240 247 5295 sia
293 5255 414 5295 eam
450 5255 558 5296 non
599 5241 772 5310 possit
821 5240 1046 5303 habere,
1098 5247 1278 5294 tamen
1321 5255 1426 5293 non
1474 5239 1626 5294 deest
1657 5239 1740 5294 eis

156 5331 338 5386 virtus
383 5340 587 5387 sancte
639 5331 819 5387 crucis
859 5331 912 5386 in
963 5331 1041 5386 eis
1101 5330 1352 5385 crucibus
1394 5340 1514 5400 qua:
1555 5328 1622 5384 ad
1670 5330 1741 5386 si-

156 5420 525 5477 militudinem
563 5420 857 5476 Dominicae
889 5403 1067 5476 crucis
1103 5419 1260 5475 factae
1299 5428 1443 5484 sunt,
1491 5421 1632 5476 sicut
1663 5420 1738 5475 leo

155 5510 308 5584 gitur
351 5512 404 5566 in
433 5512 571 5567 libro
597 5511 846 5566 Historias
889 5509 1184 5581 Anglorum
1211 5511 1280 5566 de
1308 5510 1567 5567 Oswaldo
1589 5509 1736 5568 ﬁdeli

156 5628 292 5683 rege
317 5621 372 5668 et
390 5613 868 5677 Chﬁstianissimo,
913 5612 1006 5682 qui
1035 5611 1089 5668 in
1118 5611 1360 5681 periculo
1389 5613 1621 5682 positus,
1650 5626 1738 5666 su-

156 5717 278 5772 bito
324 5715 452 5772 fecit
484 5729 723 5781 crucem,
779 5721 834 5769 et
882 5715 1001 5769 ilxit
1029 5715 1083 5768 in
1136 5721 1364 5780 terram,
1396 5729 1569 5786 eaque
1602 5715 1736 5769 ado-

160 5811 308 5884 rata,
347 5822 405 5874 et
453 5817 739 5886 deprecato
771 5812 882 5871 Deo
920 5829 1103 5870 coram
1139 5813 1248 5882 illa,
1285 5815 1430 5871 dedit
1458 5817 1536 5871 eis
1567 5817 1735 5871 victo-

1851 1977 1976 2046 quia
1997 1977 2143 2044 iuste
2181 1995 2281 2048 pro
2330 1982 2504 2036 salute
2557 1983 2734 2053 gentis
2773 1993 2972 2039 nostra:
3016 1985 3158 2040 bella
3198 1986 3431 2056 suscipi-

1849 2082 1990 2121 mus.
2023 2067 2297 2122 Fecerunt
2323 2085 2514 2125 omnes
2541 2079 2601 2124 ut
2625 2069 2885 2137 jusserat.
2919 2073 2987 2127 Et
3005 2073 3107 2138 sic,
3138 2073 3436 2143 incipiente

1849 2158 2102 2226 diluculo,
2134 2161 2190 2214 in
2233 2162 2445 2216 hostem
2475 2164 2774 2235 progressi,
2816 2163 2973 2234 juxta
3011 2167 3270 2222 meritum
3315 2178 3431 2224 sua!

1848 2248 1974 2304 ﬁdei
2012 2251 2236 2306 victoria
2280 2253 2437 2322 potiti
2489 2263 2636 2307 sunt.
2688 2254 2748 2308 ln
2792 2255 2947 2323 cuius
2997 2255 3119 2311 loco
3169 2258 3432 2313 orationis

1850 2342 2146 2397 innumerae
2186 2344 2415 2399 virtutes
2445 2346 2737 2400 sanitatum
2763 2355 3063 2401 noscuntur
3088 2359 3211 2402 esse
3237 2355 3425 2418 patra-

1850 2442 1940 2498 tae,
1974 2435 2040 2488 ad
2085 2434 2346 2489 indicium
2388 2435 2642 2490 videlicet
2685 2443 2741 2490 et
2777 2438 3096 2491 memoriam
3137 2436 3263 2492 fidei
3293 2437 3431 2507 ejus.

1849 2523 1982 2607 lflam
2033 2532 2086 2578 et
2114 2539 2284 2594 usque
2317 2525 2478 2580 hodie
2519 2526 2671 2580 multi
2707 2525 2774 2580 de
2805 2527 2922 2596 ipso
2949 2527 3095 2598 ligno
3118 2543 3276 2582 sacro
3297 2543 3426 2584 san-

1851 2625 1952 2667 ctm
1993 2615 2175 2669 crucis
2199 2615 2448 2669 hastulas
2488 2615 2739 2671 excidere
2783 2616 2978 2680 solent,
3029 2631 3168 2686 quas
3214 2629 3339 2672 eum
3376 2617 3430 2672 in

1851 2719 2018 2775 aquas
2044 2705 2313 2771 miserint,
2345 2705 2571 2776 ejusque
2593 2706 2914 2778 languentes
2950 2716 3041 2762 aut
3071 2708 3308 2779 pecudes
3334 2723 3434 2779 po-

1848 2797 2084 2850 taverint
2109 2796 2226 2851 sive
2251 2797 2606 2866 asperserint,
2636 2812 2762 2850 mox
2785 2798 3006 2852 sanitati
3035 2798 3419 2854 restituuntur.

1849 2885 2115 2953 Quoniam
2171 2899 2371 2942 caetera
2417 2887 2561 2942 dicta
2634 2887 2838 2942 domini
2895 2887 3056 2944 Beda:
3114 2890 3432 2960 accipimus,

1848 2992 2020 3048 quare
2058 2993 2169 3034 non
2221 2987 2276 3034 et
2325 2977 2428 3033 ista
2475 2978 2804 3048 accipiamus
2845 2980 2902 3034 id
2949 2980 3148 3050 quibus
3177 2986 3436 3035 narratur

1847 3069 2023 3125 virtus
2071 3069 2307 3134 Domini,
2349 3078 2656 3124 monstrata
2709 3081 2810 3140 per
2853 3072 3263 3127 venerationem
3309 3081 3437 3128 san-

1849 3173 1950 3217 ctae
2003 3161 2223 3216 crucis?
2269 3160 2328 3216 Si
2373 3163 2497 3230 quis
2532 3161 2762 3218 voluerit
2805 3162 3008 3229 dicere;
3055 3173 3164 3220 non
3205 3164 3284 3219 ita
3309 3175 3434 3220 esse

1849 3261 2042 3311 actum'
2068 3255 2134 3309 de
2167 3254 2315 3325 ligno
2352 3262 2556 3309 sanctae
2597 3253 2780 3310 crucis
2821 3263 2881 3309 ut
2925 3253 3074 3310 Beda
3113 3263 3326 3320 narrat,
3371 3261 3433 3310 et

1847 3348 1892 3401 si
1923 3347 1973 3402 ei
2001 3347 2264 3402 creditum
2301 3345 2482 3410 fuerit,
2515 3347 2717 3415 poterit
2743 3346 2913 3401 multa
2955 3348 3270 3402 testimonia
3299 3362 3430 3402 san-

1848 3443 2057 3490 ctarum
2121 3431 2531 3502 Scripturarum
2585 3431 2856 3499 evellere,
2911 3433 3054 3504 quod
3113 3436 3277 3490 absit.
3355 3433 3427 3492 Et

1847 3525 1893 3580 si
1912 3525 2034 3594 quis
2055 3524 2294 3579 voluerit
2330 3537 2650 3580 succensere
2692 3539 2930 3596 praesens
2953 3527 3178 3592 factum,
3213 3527 3327 3584 Deo
3348 3545 3434 3585 re-

1844 3616 2002 3672 bellis
2029 3616 2245 3672 videtur
2278 3632 2398 3673 esse
2425 3617 2517 3687 qui
2537 3619 2678 3675 hanc
2695 3620 2957 3676 virtutem
2977 3621 3230 3692 praestitit
3273 3621 3421 3694 ligno

1846 3719 2046 3766 sancta:
2077 3709 2284 3776 crucis,
2315 3719 2374 3764 ut
2402 3727 2508 3767 non
2537 3706 2592 3766 in
2631 3713 2885 3782 prresenti
2923 3711 3206 3768 victoriam
3242 3714 3414 3768 solum

1845 3801 1999 3855 daret
2027 3813 2184 3855 servo
2214 3817 2332 3866 suo,
2366 3803 2460 3857 sed
2490 3802 2654 3857 etiam
2683 3802 2740 3856 in
2769 3803 3021 3873 sequenti
3046 3813 3290 3875 tempore
3312 3804 3423 3858 vir-

1849 3899 1995 3947 tutes
2020 3903 2302 3947 exerceret
2327 3907 2428 3962 per
2453 3892 2646 3948 merita
2675 3902 2876 3950 sanctae
2902 3896 3080 3950 crucis
3100 3937 3114 3959 ,
3141 3903 3206 3950 ut
3231 3910 3434 3950 memo—

1844 3993 2020 4040 ratum
2046 3991 2131 4039 est
2153 3983 2209 4038 in
2235 3985 2488 4054 praesenti
2513 4000 2694 4054 opere.
2711 3985 2865 4052 Quod
2893 3985 2938 4040 si
2967 3983 3163 4055 aliquis
3187 3985 3385 4040 dixerit
3413 4005 3426 4041 :

1845 4074 2023 4143 Quare
2051 4091 2159 4131 non
2189 4073 2384 4130 adoras
2412 4075 2654 4142 asinum,
2690 4074 2815 4146 quia
2844 4075 2910 4129 lin
2951 4089 3016 4130 eo
3060 4073 3318 4130 Dominus
3344 4090 3431 4130 se-

1847 4163 1927 4220 dit
1946 4207 1959 4228 ,
1995 4167 2109 4219 sive
2139 4173 2336 4220 caetera
2367 4164 2526 4230 talia,
2561 4164 2971 4234 quae-Dominus
3002 4164 3176 4233 tetigit
3204 4180 3432 4235 corpore

1846 4274 1946 4312 Suo
1967 4258 1992 4310 ?
2021 4260 2318 4313 secundum
2347 4259 2670 4326 parvitatem
2699 4275 2879 4314 meam
2923 4259 3260 4328 respondeo,
3305 4262 3429 4330 quia

1844 4366 1954 4407 non
1979 4352 2098 4422 lego
2119 4353 2174 4408 in
2201 4353 2524 4407 auctoritate
2549 4361 2860 4407 sanctorum
2886 4349 3106 4407 Patrum
3126 4393 3141 4416 ,
3168 4353 3427 4408 miracula

1845 4451 1899 4498 et
1938 4443 2202 4499 sanitates
2239 4459 2304 4498 ex
2335 4444 2420 4499 his
2448 4443 2776 4509 monstrari,
2816 4443 2958 4498 sicut
2988 4443 3190 4498 virtute
3229 4451 3430 4500 sancire

1845 4535 2022 4591 crucis
2040 4576 2055 4601 ,
2086 4543 2142 4589 et
2169 4550 2344 4604 neque
2373 4549 2461 4589 me
2489 4535 2605 4589 scio
2631 4550 2729 4603 per
2753 4533 2846 4588 illa
2873 4534 3211 4602 redemptum
3241 4542 3300 4588 ut
3329 4549 3430 4604 per

1844 4634 2086 4682 sanctam
2112 4640 2328 4680 crucem
2353 4644 2365 4679 :
2392 4639 2570 4696 neque
2591 4623 2791 4680 diaboli
2817 4633 2964 4681 artes
2987 4625 3059 4679 ita
3081 4639 3183 4695 per
3207 4624 3295 4679 illa
3325 4625 3430 4682 dis-

1843 4716 2069 4785 sipatas,
2099 4727 2160 4769 ut
2185 4729 2285 4785 per
2317 4715 2519 4781 istam‘;
2552 4729 2730 4784 neque
2758 4724 2944 4784 portas
2967 4729 3066 4784 per
3101 4713 3188 4768 illa
3228 4713 3426 4769 inferni

1840 4806 2063 4874 fractas,
2087 4816 2146 4861 ut
2170 4822 2267 4878 per
2288 4808 2450 4861 istam
2476 4825 2491 4874 ;
2516 4823 2690 4877 neque
2712 4808 2921 4862 animas
2937 4808 3206 4876 iustorum
3233 4809 3424 4864 ductas

1841 4899 1894 4953 in
1921 4897 2232 4970 paradisum
2251 4941 2266 4964 ,
2297 4907 2356 4952 ut
2385 4914 2480 4968 per
2505 4899 2687 4952 istam.
2717 4897 2997 4961 Diabolus,
3025 4901 3079 4951 et
3106 4895 3302 4951 femina
3322 4939 3335 4962 ,
3365 4906 3421 4953 et

1843 4990 1946 5054 vir,
1978 4997 2032 5044 et
2057 4991 2264 5059 lignum
2295 4989 2532 5042 scientias
2557 4987 2682 5042 boni
2712 4994 2766 5042 et
2793 4986 2952 5052 mali,
2982 4986 3203 5043 fuerunt.
3235 5002 3423 5044 mucro

1841 5083 2158 5154 perditionis
2187 5089 2386 5136 nostrae
2412 5095 2426 5135 :
2457 5081 2630 5151 gratia
2675 5080 2806 5148 Dei,
2837 5087 2892 5136 et
2921 5082 3074 5153 virgo
3104 5095 3223 5150 quae
3260 5094 3422 5150 pepe-

1841 5174 1940 5239 rit,
1978 5183 2034 5229 et
2062 5173 2168 5238 vir,
2208 5181 2262 5228 et
2295 5173 2522 5246 lignum,
2563 5163 2779 5230 suntin
2817 5189 2977 5229 causa
3003 5171 3421 5228 restaurationis

1841 5277 2058 5330 nostrae,
2083 5281 2190 5323 non
2214 5268 2414 5333 asinus,
2435 5284 2538 5323 non
2557 5269 2751 5322 mulier
2765 5265 3204 5331 haemorrhoissa,
3221 5279 3328 5320 non
3345 5264 3421 5318 la-

1840 5359 1944 5429 pis,
1965 5375 2071 5414 non
2094 5368 2288 5430 puteus
2311 5359 2363 5416 in
2387 5375 2494 5430 quo
2516 5357 2855 5414 Samaritana
2881 5356 3166 5412 hauriebat
3189 5371 3383 5428 aquam
3400 5397 3415 5423 ,

1844 5460 1898 5506 et
1926 5460 2115 5506 czetera
2158 5450 2306 5505 talia.
2347 5449 2456 5506 Sed
2492 5464 2598 5504 non
2632 5447 2889 5520 proderat
2911 5445 3060 5502 nasci
3082 5487 3099 5513 ,
3138 5445 3245 5503 nisi
3280 5446 3416 5504 mori

1841 5541 2162 5612 profuisset;
2187 5558 2295 5598 non
2317 5541 2459 5596 enim
2485 5539 2686 5594 frustra
2709 5537 2841 5592 dixit
2861 5535 3150 5608 Apostolus
3175 5555 3188 5590 :
3215 5533 3416 5607 Regna-

1843 5636 1908 5689 vit
1939 5651 2079 5689 mors
2109 5634 2173 5688 ab
2197 5634 2368 5687 Adam
2391 5643 2557 5702 usque
2579 5630 2648 5684 ed
2673 5628 2922 5699 Moysen,
2940 5628 3108 5683 etiam
3134 5629 3190 5683 in
3212 5641 3301 5683 eos
3323 5628 3413 5698 qui

1843 5742 1945 5780 non
1991 5733 2371 5796 peccaverunt,
2425 5721 2479 5776 in
2525 5719 2919 5780 similitudinem
2967 5720 3413 5792 prwvaricationis

1843 5816 2002 5882 Adw,
2031 5815 2121 5887 qui
2155 5823 2229 5868 est
2257 5814 2426 5884 forma
2452 5812 2640 5884 futuri.
2670 5811 2922 5866 Formam
2965 5811 3126 5867 futuri
3169 5811 3298 5866 Adae
3337 5810 3409 5866 ita
