3978 6446
507 393 641 451 1051

503 507 663 578 lego:
695 501 845 558 Sicut
873 497 1080 571 primus
1105 487 1275 551 Adam
1304 507 1466 549 causa
1503 492 1601 546 fuit
1636 489 1826 544 mortis
1853 498 2081 551 nostrae,
2113 487 2168 547 Α

509 599 671 653 etiam
699 594 878 658 nobis,
905 591 995 661 qui
1023 605 1130 644 non
1156 585 1600 640 manilucavimus
1627 583 1690 637 de
1716 581 1859 653 ligno
1885 580 2079 645 vetito;

509 693 584 749 ita
607 681 855 747 Christus
876 694 960 741 est
986 699 1148 738 causa
1174 681 1297 734 vitae
1317 692 1549 733 aeternae.
1570 676 1812 731 Accessit
1841 673 2088 727 diabolus

513 783 581 837 ad
611 779 782 835 Adam
815 791 910 845 per
938 773 1190 828 feminam
1212 811 1224 830 ,
1256 778 1312 823 et
1342 768 1541 822 occidit
1568 781 1690 820 eum
1718 781 1732 828 ;
1762 762 1993 834 pulsavit
2020 758 2088 814 ad

514 870 713 927 ostium
740 865 869 920 Adae
887 906 901 928 ,
929 863 1143 933 quando
1171 860 1437 932 suggessit
1468 859 1610 912 Eva:.
1644 855 1870 925 Aperuit
1891 853 2089 908 ostium

519 962 632 1018 Eva
649 1001 663 1025 ,
690 967 745 1014 et
768 972 867 1027 per
893 955 1037 1010 illam
1065 953 1286 1007 intravit
1311 952 1378 1005 ad
1404 950 1574 1004 Adam
1593 989 1607 1011 ,
1636 946 1789 1016 quasi
1818 943 2090 1012 suggestio

521 1067 621 1124 per
660 1047 995 1105 dilectionem
1037 1045 1103 1098 ad
1146 1056 1486 1098 consensum.
1520 1038 1762 1093 Accessit
1791 1036 1960 1107 gratia
1992 1033 2094 1087 Do-

461 1156 480 1172 κ
520 1141 653 1197 mini
683 1139 749 1193 ad
777 1137 1036 1208 virginem
1069 1134 1294 1189 Mariam
1317 1174 1332 1196 ,
1361 1141 1416 1186 et
1441 1129 1652 1201 paravit
1683 1128 1782 1182 sibi
1818 1125 2094 1181 habitacu-

521 1237 633 1292 lum
657 1250 713 1289 tn
742 1233 959 1288 homine
987 1228 1225 1292 Christo,
1255 1236 1310 1282 et
1354 1225 1553 1281 revixit
1601 1237 1770 1294 genus
1800 1221 2094 1274 humanum

523 1329 664 1400 quod
688 1326 926 1383 occisum
952 1333 1072 1378 erat
1096 1324 1149 1376 in
1178 1322 1368 1376 Adam.
1392 1319 1616 1388 Insuper
1639 1315 1801 1370 etiam
1829 1311 2094 1376 diabolus,

522 1419 609 1488 qui
638 1417 803 1488 etrapit
825 1428 1054 1487 regnare
1076 1428 1174 1483 per
1201 1420 1426 1466 mortem
1453 1409 1507 1462 in
1535 1408 1739 1471 Adam,
1772 1405 2000 1459 accessit
2030 1400 2098 1455 ad

521 1510 800 1566 Christum
823 1548 837 1571 ,
864 1516 918 1561 et
945 1505 1171 1560 tentavit
1199 1517 1319 1557 eum
1354 1515 1451 1570 per
1479 1500 1698 1554 eosdem
1725 1496 1902 1550 aditus
1931 1495 2099 1546 intro-

524 1598 714 1659 eundi,
746 1611 842 1667 per
863 1608 1001 1665 quos
1029 1591 1260 1646 tentavit
1291 1589 1526 1658 primum
1553 1585 1756 1647 Adam,
1785 1591 1838 1638 et
1869 1598 1974 1637 non
2012 1580 2098 1634 in—

523 1688 674 1742 venit
719 1685 916 1739 ostium
963 1680 1232 1742 intrandi,
1279 1676 1528 1732 exclusus
1569 1682 1652 1728 est
1688 1671 1839 1726 foris.
1884 1669 2100 1724 Primus

525 1777 698 1831 Adam
739 1774 947 1843 accepit
988 1771 1188 1842 legem,
1229 1776 1290 1822 ut
1329 1782 1433 1821 non
1467 1763 1820 1818 manducaret
1848 1761 1914 1815 de
1954 1760 2098 1829 ligno

526 1867 766 1924 scientia:
792 1865 917 1920 boni
944 1872 1000 1918 et
1027 1862 1151 1917 mali
1177 1879 1191 1926 ;
1222 1861 1267 1914 si
1293 1858 1542 1913 olzedirct
1567 1855 1824 1918 Domino,
1853 1852 1906 1905 in
1936 1866 1998 1906 ea
2025 1850 2102 1905 le-

529 1973 624 2029 ge,
651 1954 933 2026 praemium
975 1951 1296 2007 obedientia:
1322 1947 1627 2018 possideret
1658 1945 1711 1997 in
1741 1947 1905 1997 vitam
1948 1949 2105 1995 teter-

529 2062 686 2109 nam,
717 2060 876 2114 quam
901 2045 1016 2114 ipse
1043 2041 1309 2112 perdidit,
1336 2048 1391 2093 et
1417 2052 1514 2092 nos
1537 2051 1636 2105 per
1662 2035 1832 2088 illum.
1872 2032 2102 2102 Lignum

531 2136 772 2192 scientiae
799 2134 924 2189 boni
959 2141 1015 2187 et
1053 2131 1177 2185 mali
1207 2129 1502 2185 secundum
1539 2140 1692 2180 suam
1720 2131 1968 2178 naturam
1997 2135 2104 2175 non

529 2225 720 2281 habuit
748 2232 976 2278 mortem
1005 2223 1060 2276 in
1085 2236 1176 2286 se,
1204 2220 1298 2274 sed
1328 2219 1427 2272 fuit
1453 2218 1503 2270 in
1532 2231 1692 2271 causa
1723 2223 1782 2268 ut
1813 2215 1866 2266 in
1894 2227 1958 2267 eo
1982 2227 2106 2281 pro—

526 2317 750 2372 baretur
773 2311 1077 2368 obedientia
1101 2310 1344 2382 parentis
1367 2308 1571 2373 nostri,
1600 2308 1716 2361 sive
1740 2306 2108 2360 vindicaretur

533 2402 915 2459 inobedientia.
944 2400 1096 2456 Sicut
1121 2401 1262 2454 istud
1291 2398 1492 2467 lignum
1519 2397 1619 2451 fuit
1646 2396 1698 2450 in
1728 2411 1886 2450 causa
1915 2396 2109 2465 proba-

525 2493 710 2558 tiOnis,
735 2493 807 2546 ita
827 2492 1029 2563 lignum
1050 2491 1176 2545 vite
1198 2491 1250 2545 in
1271 2503 1435 2544 causa
1462 2489 1809 2558 sempiternae
1832 2488 1972 2540 vitae.
1992 2486 2106 2540 Hoc

489 2633 496 2640 .
526 2579 732 2652 lignum
777 2581 959 2635 attulit
999 2581 1156 2634 nobis
1182 2579 1442 2633 Dominus
1465 2585 1652 2632 noster
1679 2577 1836 2632 Jesus
1863 2575 2109 2631 Christus

528 2687 626 2744 per
665 2672 868 2742 lignum
909 2672 1086 2726 crucis
1126 2672 1179 2724 in
1221 2671 1462 2724 Ecclesia
1491 2677 1678 2724 nostra
1706 2687 1718 2720 :
1748 2676 1807 2720 ut
1831 2667 1920 2736 qui
1948 2669 2109 2720 morti

531 2765 805 2821 debitores
829 2777 1046 2817 eramus
1071 2778 1168 2831 per
1193 2761 1398 2833 lignum
1427 2759 1670 2815 scientiae
1696 2757 1824 2814 boni
1851 2766 1905 2811 et
1946 2756 2106 2821 mali,

530 2853 732 2910 faceret
755 2869 853 2909 nos
879 2854 1003 2908 vitae
1031 2867 1256 2923 capaces
1283 2867 1380 2921 per
1422 2851 1623 2921 lignum
1667 2856 1870 2905 sanctae
1909 2848 2105 2903 crucis.

531 2946 686 3004 Sicut
707 2947 850 3001 enim
879 2946 1084 3016 lignum
1107 2943 1345 3000 scientiae
1369 2943 1494 2997 boni
1520 2950 1576 2997 et
1600 2941 1728 2996 mali
1768 2955 1835 2994 ex
1877 2955 1974 2995 sua
2015 2953 2112 2994 na-

533 3047 659 3095 tura
686 3055 794 3094 non
821 3039 1010 3094 habuit
1034 3047 1264 3093 mortem
1285 3079 1301 3102 ,
1329 3038 1400 3091 ita
1430 3037 1630 3107 lignum
1655 3037 1796 3091 unde
1821 3035 1975 3090 nobis
1998 3034 2109 3089 vita

530 3127 858 3197 sempiterna
884 3128 1216 3191 conceditur,
1250 3142 1352 3182 non
1380 3142 1448 3182 ex
1483 3142 1540 3181 se
1583 3126 1746 3180 habet
1771 3127 1911 3180 hanc
1939 3126 2108 3179 virtu-

532 3225 672 3281 tem',
703 3216 798 3271 sed
820 3230 888 3270 ex
914 3215 1054 3270 illius
1080 3216 1296 3280 virtute,
1321 3216 1411 3285 qui
1428 3256 1443 3279 ,
1469 3216 1512 3270 si
1538 3214 1784 3270 inﬁrmus
1803 3214 1905 3269 fuit
1924 3227 2108 3269 exno—
2133 3199 2179 3263 C

530 3305 644 3371 bis,
670 3307 806 3361 vivit
829 3321 894 3361 ex
921 3307 1119 3361 virtute
1142 3305 1258 3369 Dei,
1283 3306 1371 3361 cui
1391 3306 1578 3360 virtuti
1603 3320 1883 3374 nunquam
1909 3315 1966 3360 et
1988 3320 2112 3360 nus-

531 3412 692 3468 quam
720 3406 899 3468 potest
925 3397 1125 3453 resisti.
1167 3397 1342 3468 Cmpit
1370 3412 1596 3468 regnare
1620 3411 1765 3450 mors
1787 3405 1841 3451 et
1865 3396 2112 3452 diabolus

531 3488 600 3544 ab
624 3489 987 3544 inobedientia
1011 3488 1141 3559 ligni
1168 3487 1410 3543 scientiae
1433 3487 1558 3542 boni
1585 3494 1640 3540 et
1661 3485 1790 3540 mali
1817 3505 1829 3538 :
1856 3495 2110 3555 superata

537 3587 622 3636 est
658 3580 844 3652 eadem
886 3594 1034 3634 mors
1068 3588 1123 3632 et
1161 3577 1406 3633 diabolus
1445 3591 1542 3645 per
1579 3575 1943 3629 obedientiam
1980 3574 2111 3645 ligni

530 3681 731 3729 Sanctis
761 3672 957 3726 crucis.
999 3670 1152 3724 Sicut
1174 3670 1320 3724 enim
1350 3667 1684 3746 Deopplacuit
1713 3681 1886 3737 genus
1915 3666 2110 3720 huma-

531 3776 661 3816 num
687 3769 994 3817 restaurare
1017 3775 1110 3830 per
1135 3760 1378 3815 eamdem
1406 3767 1656 3812 naturam
1682 3771 1779 3827 per
1803 3773 1965 3827 quam
1993 3771 2111 3826 per-

539 3850 651 3904 dita
686 3859 833 3913 erat,
874 3849 925 3903 id
951 3859 1062 3912 est,
1091 3865 1186 3918 per
1213 3852 1501 3904 humanam
1527 3866 1542 3912 ;
1575 3849 1650 3902 ita
1690 3848 1946 3902 virtutem
1975 3849 2110 3903 obe-

535 3939 780 4004 dientiae,
808 3954 926 4007 quae
959 3949 1212 4008 corrupta
1251 3949 1370 3992 erat
1405 3940 1459 3993 in
1491 3939 1661 3993 Adam
1698 3950 1919 4009 propter
1954 3954 2106 3994 esum

531 4028 697 4098 ligni,
724 4045 820 4100 per
844 4029 1222 4084 abstinentiam
1248 4030 1412 4092 illius,
1438 4032 1529 4100 qui
1556 4029 1814 4085 obediens
1840 4030 1871 4084 ι’.
1898 4032 1940 4085 it
1964 4030 2109 4085 Patri

531 4118 586 4173 in
607 4118 750 4190 ligno
767 4122 963 4175 crucis.
986 4119 1136 4175 Sicut
1153 4137 1298 4176 enim
1323 4121 1413 4176 illa
1430 4121 1736 4176 obedientia
1757 4123 1915 4192 primi
1933 4123 2107 4177 Adam

529 4211 779 4267 omnibus
819 4211 1138 4282 profuisset,
1181 4213 1226 4267 si
1266 4221 1611 4282 permaneret
1655 4229 1826 4282 usque
1866 4216 1932 4268 ad
1973 4230 2110 4284 pra:-

532 4302 701 4357 mium
727 4343 740 4365 ,
771 4318 880 4372 quo
906 4317 1010 4358 non
1037 4304 1202 4373 possit
1226 4319 1452 4374 peccare
1480 4320 1648 4375 genus
1673 4305 1966 4358 humanum
1989 4344 2004 4369 ,
2033 4304 2106 4358 ita

533 4397 637 4451 ista
662 4397 910 4451 omnibus
937 4397 1350 4466 respicientibus
1367 4398 1431 4451 ad
1458 4397 1604 4450 illam
1633 4398 1880 4466 prodest:
1901 4397 2108 4466 primus

529 4487 700 4541 Adam
731 4487 1105 4542 inobedientia:
1133 4503 1391 4543 mucrone
1419 4489 1737 4544 interfectus
1765 4497 1849 4544 est
1887 4508 1916 4542 a
1963 4490 2105 4558 ligno

529 4576 768 4630 scientiae
806 4575 934 4631 boni
961 4587 1016 4631 et
1043 4579 1169 4631 mali
1197 4594 1212 4641 ;
1241 4579 1511 4632 secundus
1550 4577 1720 4632 Adam
1748 4595 1845 4648 per
1871 4546 2106 4646 palmam
2133 4546 2186 4607 θ

529 4662 850 4718 obedientia:
893 4679 924 4716 a
964 4678 1129 4720 cruce
1169 4667 1420 4719 transivit
1460 4667 1512 4719 in
1539 4667 1704 4720 vitam
1731 4677 1988 4722 aeternam
2010 4709 2025 4732 ,
2054 4679 2110 4724 et

529 4767 633 4808 nos
668 4767 851 4807 secum
888 4753 1063 4808 duxit.
1093 4753 1246 4822 Quod
1274 4757 1417 4810 enim
1444 4766 1562 4810 erat
1586 4758 1716 4811 Adae
1743 4759 1919 4827 primo
1947 4759 2112 4814 desti-

530 4849 714 4898 natum
736 4857 836 4913 per
855 4843 1059 4914 lignum
1083 4845 1205 4900 vitae
1225 4887 1239 4911 ,
1265 4854 1323 4899 ut
1345 4844 1575 4901 feliciter
1599 4848 1803 4903 viveret
1830 4849 1875 4903 si
1902 4849 1955 4902 in
1983 4854 2111 4905 obe-

527 4931 729 4988 dientia
749 4933 956 4989 Domini
973 4947 1372 5004 perseveraret,
1389 4939 1489 4994 hoc
1510 4941 1664 4994 nobis
1687 4957 1829 4996 nunc
1848 4942 2106 4997 tributum

527 5038 610 5082 est
623 5027 932 5098 perlignum
955 5029 1096 5096 quod
1121 5028 1369 5086 Christus
1382 5033 1636 5087 obediens
1653 5034 1704 5086 in
1724 5043 1907 5087 nostra
1925 5034 2109 5097 Eccleg-

527 5118 608 5172 sia
633 5118 912 5188 plantavit.
947 5117 1101 5175 Unde
1126 5135 1231 5175 non
1260 5122 1530 5177 immerito
1557 5142 1687 5179 crux
1716 5126 1927 5182 viviﬁca
1955 5143 2108 5182 voca-

528 5211 851 5266 tur.“Adam
883 5215 1124 5283 perditio
1164 5232 1261 5287 per
1299 5226 1530 5286 quatuor
1573 5230 1757 5288 partes
1799 5221 1980 5275 mundi
2022 5221 2106 5276 di-

529 5318 713 5371 spersa
757 5311 906 5368 erat,
949 5303 1120 5358 Adam
1161 5306 1390 5360 salvatio
1432 5315 1661 5375 quatuor
1701 5320 1882 5377 partes
1922 5309 2106 5364 mundi

529 5393 941 5463 comprehcndit
965 5402 1171 5448 statura
1197 5396 1440 5463 corporis
1463 5396 1547 5451 sui
1567 5396 1621 5450 in
1635 5396 1800 5468 ligno.
1833 5398 1983 5455 Unde
2009 5397 2106 5454 Se-

532 5482 708 5539 dulius
733 5484 788 5538 in
817 5483 1060 5540 Paschali
1092 5479 1368 5542 carmine:

655 5613 891 5687 Quattuor
917 5619 1029 5668 inde
1053 5621 1453 5687 plagasquadt‘ati
1472 5623 1661 5686 colligit
1675 5625 1854 5687 orbis:

654 5674 948 5747 §plend3dus
967 5674 1179 5747 auctoris
1199 5674 1265 5732 de'
1285 5691 1466 5734 vertice
1490 5674 1646 5747 fulgit
1673 5674 1802 5736 Eous

658 5734 874 5786 Occiduo
895 5751 1044 5792 sacrm
1062 5742 1336 5798 lambuntttr
1354 5748 1522 5798 sidere
1545 5734 1739 5812 plantae.

1489 338 1836 432 "AMAIJARII
1867 318 2320 426 paesnv'rsnt
2343 317 2716 423 METENSIS‘

2318 485 2498 533 Arcton
2515 483 2692 530 dextra
2715 481 2875 538 tenet,
2897 477 3108 528 medium
3127 475 3240 525 leva
3262 475 3413 536 erigit
3428 484 3634 538 axem,

2313 547 2592 606 Cunctaque
2607 545 2669 592 de
2687 543 2918 591 membris
2940 545 3050 590 HVII
3075 547 3244 590 natura
3270 541 3467 589 creatis.

2193 672 2344 726 Hanc
2385 678 2629 726 sanctam
2656 684 2872 724 crucem
2900 676 3045 722 totus
3073 668 3305 722 mundus
3329 669 3526 722 adoret
3555 667 3665 737 qui
3698 681 3804 736 per

2194 779 2312 817 eam
2363 764 2672 831 redemptus
2715 769 2826 823 est,
2863 759 3202 829 deprecando
3235 757 3384 812 illum
3413 758 3505 810 cui
3535 765 3801 827 potestas

2193 864 2277 909 est
2302 855 2555 908 virtutem
2581 868 2732 907 suam
2762 851 3001 905 tribuere
3027 850 3320 906 secundum
3346 864 3504 903 suam
3533 850 3801 904 volunta-

2196 955 2338 1007 tem,
2377 944 2529 1015 juxta
2574 943 2716 1013 quod
2761 942 3032 1012 disposuit
3075 949 3201 995 ante
3233 939 3434 994 saecula
3478 939 3800 1010 unicuique

2197 1043 2480 1090 creaturae.

2787 1123 3015 1181 CAPUT
3053 1123 3168 1178 XV.

2197 1239 2276 1294 De
2302 1238 2703 1311 praesentalione
2727 1240 2962 1311 corporis
2996 1236 3204 1290 Domini
3235 1236 3288 1288 in
3319 1235 3507 1301 altari,
3526 1243 3577 1288 et
3607 1235 3792 1290 attici:

2611 1324 2728 1361 cum
2755 1309 2872 1362 vino
2901 1325 3001 1362 non
3029 1315 3352 1361 consecrato.

2269 1438 2327 1492 In
2351 1438 2600 1508 superius
2621 1445 2922 1493 memorato
2946 1438 3085 1493 libro
3107 1438 3287 1492 inveni
3308 1438 3582 1506 scriptum
3605 1449 3667 1493 nt
3688 1439 3788 1495 duo

2199 1529 2504 1600 presbyteri
2543 1529 2774 1583 aﬂ'erant
2807 1538 2927 1599 post
2961 1529 3342 1582 salutationem
3380 1529 3571 1583 cmcis
3595 1545 3788 1599 corpus

2204 1619 2448 1683 Domini,
2471 1620 2610 1688 quod
2635 1620 2806 1688 pridie
2831 1629 3160 1694 reservatum
3184 1618 3286 1672 fuit
3304 1659 3318 1681 ,
3337 1626 3398 1672 et
3419 1619 3649 1673 calicem
3669 1636 3784 1674 cum

2202 1711 2329 1765 vino
2357 1725 2461 1764 non
2491 1721 2830 1774 consecrato,
2860 1711 3001 1781 quod
3031 1718 3155 1763 tunc
3181 1718 3566 1770 consecretur,
3591 1721 3645 1763 et
3672 1711 3788 1765 inde

2128 1841 2178 1901 Β
2205 1801 2571 1855 communicet
2610 1801 2856 1870 populus.
2892 1801 2966 1854 De
2993 1815 3097 1869 qua
3125 1800 3516 1855 observatione
3563 1802 3790 1855 interro-

2207 1894 2326 1964 gavi
2356 1892 2659 1945 Romanum
2685 1891 3151 1956 archidiaconum,
3179 1901 3233 1945 et
3261 1891 3350 1945 ille
3380 1894 3667 1960 respondit
3692 1912 3705 1945 :
3731 1893 3790 1946 In

2207 2001 2269 2040 ea
2312 1984 2547 2040 statione
2586 1983 2676 2037 ubi
2716 1983 3044 2053 apostolicus
3089 1983 3292 2036 salutat
3333 1998 3591 2046 crucem,
3636 1999 3790 2039 nemo

2208 2075 2281 2129 ibi
2310 2074 2693 2130 communicat.
2720 2073 2821 2141 Qui
2853 2073 3011 2142 juxta
3047 2074 3292 2129 ordinem
3319 2074 3374 2128 li.
3393 2076 3487 2130 elli
3512 2091 3618 2144 per
3644 2091 3792 2131 com-

2207 2167 2518 2221 mistionem
2551 2168 2708 2236 panis
2727 2177 2780 2221 et
2801 2167 2908 2222 vini
2934 2178 3220 2223 consecrat
3238 2169 3437 2230 vinum,
3463 2185 3574 2223 non
3598 2172 3791 2226 obser-

2206 2269 2300 2314 vat
2326 2260 2670 2315 traditionem
2699 2259 2955 2316 Ecclesite
2972 2301 2986 2327 ,
3016 2261 3083 2315 de
3109 2276 3215 2330 qua
3240 2260 3359 2314 dicit
3381 2259 3750 2316 Innocentius
3769 2303 3789 2328 ,

2209 2352 2313 2407 isto
2336 2351 2499 2407 biduo
2520 2361 2858 2407 sacramenta
2884 2353 3098 2424 penitus
3125 2367 3230 2406 non
3250 2352 3524 2406 celebrari.
3547 2351 3796 2409 Percus-

2209 2458 2302 2498 sus
2329 2452 2413 2498 est
2439 2451 2644 2514 pastor,
2683 2458 2812 2499 oves
2838 2445 3017 2515 gregis
3041 2443 3312 2512 dissipatae
3344 2450 3490 2496 sunt.
3529 2443 3798 2499 Pastores

2211 2535 2300 2603 qui
2327 2534 2576 2589 videntur
2600 2549 2722 2590 esse
2746 2535 2800 2589 in
2829 2534 3099 2598 Ecclesia,
3131 2533 3500 2588 declinatione
3524 2535 3612 2588 sui
3641 2534 3797 2590 cilicii

2210 2627 2586 2682 demonstrant
2611 2637 2810 2682 statum
2839 2626 2983 2682 illius
3007 2627 3296 2697 temporis,
3325 2627 3420 2696 qui
3449 2637 3583 2682 tunc
3609 2629 3799 2698 ageba-

2210 2726 2300 2772 tur
2325 2719 2463 2788 apud
2489 2719 2778 2788 discipulos
2804 2718 3024 2774 Christi.
3056 2719 3319 2774 Dominus
3344 2720 3498 2775 enim
3525 2722 3664 2775 dixit
3697 2721 3802 2788 pri-

2211 2810 2298 2864 die
2333 2825 2346 2864 :
2377 2808 2501 2865 Non
2543 2811 2715 2864 bibam
2741 2813 2806 2867 de
2831 2813 2929 2866 hoc
2953 2814 3209 2883 genimine
3234 2814 3355 2867 ritis
3377 2854 3393 2879 ,
3422 2813 3599 2866 donec
3639 2815 3798 2868 bibat:

2209 2900 2344 2955 illud
2373 2901 2634 2956 vobiscum
2668 2919 2855 2957 novum
2880 2919 2898 2957 :
2927 2906 3069 2973 quod
3095 2903 3415 2959 manifestat
3459 2915 3647 2960 actum
3688 2919 3798 2960 esse

2211 2992 2372 3048 lectio
2393 3008 2515 3064 quae
2538 2994 2732 3064 legitur
2752 2996 2986 3050 secunda
3011 2995 3141 3050 l'eria
3165 3006 3291 3064 post
3313 2995 3539 3051 Pascha
3565 2997 3792 3059 Domini,

2212 3083 2424 3138 dicente
2464 3083 2624 3136 Pctro
2654 3101 2667 3135 :
2720 3080 2887 3137 Nobis
2911 3085 3002 3153 qui
3033 3083 3482 3138 manducavimus
3509 3096 3558 3137 et
3587 3086 3794 3138 bibi-tta

2211 3191 2331 3229 cum
2357 3173 2470 3238 illo,
2498 3184 2772 3246 postquam
2805 3177 3086 3229 resurrexit
3115 3193 3146 3230 a
3174 3178 3424 3231 mortuis.
3479 3177 3655 3232 Batus
3677 3178 3802 3233 ordo

2214 3277 2299 3324 est
2324 3275 2386 3321 ut
2409 3279 2789 3338 exspectemus
2816 3283 2986 3336 usque
3016 3269 3140 3323 dum
3169 3267 3442 3322 Dominus
3470 3278 3662 3324 noster
3681 3284 3803 3324 con—

2215 3368 2394 3416 secret
2429 3369 2775 3414 sacramenta
2800 3360 3046 3430 corporis
3073 3371 3129 3415 et
3153 3363 3444 3432 sanguinis
3468 3363 3552 3416 sui
3589 3363 3644 3417 in
3681 3376 3804 3418 cm-

2215 3469 2308 3519 ce,
2347 3462 2402 3507 et
2439 3469 2577 3509 nova
2603 3470 2666 3508 ea
2705 3452 2871 3508 faciat
2911 3470 3011 3524 per
3038 3457 3500 3510 resurrectionem
3526 3471 3680 3510 suam
3705 3473 3722 3508 :
3749 3465 3804 3512 α

2216 3545 2293 3598 sic
2333 3544 2546 3598 tandem
2583 3543 2974 3598 manducemus
3008 3552 3062 3598 et
3099 3544 3353 3600 bibamus
3379 3545 3800 3601 saluberrimum

2214 3635 2347 3689 illud
2387 3644 2820 3700 sacramentum,
2859 3650 2963 3689 non
2995 3634 3106 3702 jam
3131 3636 3360 3705 pransi,
3383 3635 3535 3705 quod
3573 3637 3800 3707 apostoﬁ

2215 3723 2459 3778 fecerunt
2485 3724 2536 3777 in
2563 3739 2716 3778 ctrna
2744 3725 2989 3788 Domini,
3016 3728 3108 3780 sed
3128 3725 3322 3796 jejuni.
3363 3726 3430 3780 Et
3473 3729 3581 3782 isto
3619 3728 3800 3783 ordine

2212 3823 2337 3884 post
2373 3814 2755 3870 salutationem
2796 3816 2976 3872 crucis
3011 3825 3223 3886 oportet
3269 3816 3516 3884 singulos
3558 3831 3801 3873 remeare

2215 3904 2282 3958 ad
2323 3919 2440 3958 sua.

2802 3994 3031 4052 CAPUT
3069 3995 3206 4050 XVI.

2426 4087 2502 4143 De
2531 4098 2713 4142 octava
2743 4089 2991 4142 varietate
3016 4105 3132 4158 quae
3158 4087 3218 4157 ﬁt
3247 4088 3336 4142 die
3361 4087 3580 4142 sabbati.

2281 4219 2481 4276 Octava
2520 4221 2756 4275 Vni-ictas
2789 4228 2874 4274 est
2907 4220 2959 4273 in
2989 4220 3215 4275 sabbato
3239 4228 3452 4273 sancto.
3493 4215 3626 4272 Heri
3656 4226 3798 4270 reta-

2211 4315 2374 4370 limus
2413 4331 2480 4370 ex
2523 4313 2884 4368 decretalibus
2928 4314 3222 4369 Innocentii
3283 4328 3436 4384 papa:
3487 4314 3654 4368 hodie
3695 4328 3794 4367 non

2211 4407 2472 4463 celebrari
2502 4406 2722 4461 missam
2743 4448 2756 4470 ,
2784 4407 2926 4476 quod
2953 4408 3025 4461 ita
3055 4421 3174 4461 esse
3199 4407 3567 4474 comperimus
3593 4420 3661 4459 ex
3685 4403 3796 4458 om-

2211 4501 2296 4556 cio
2340 4500 2632 4564 hodierno,
2657 4499 2799 4569 quod
2829 4508 2995 4556 totam
3036 4510 3247 4555 noctem
3273 4498 3505 4552 illustrat
3530 4496 3788 4551 futuram.

2212 4591 2436 4661 Oportet
2462 4601 2520 4644 ut
2545 4592 2647 4645 hoc
2671 4591 2945 4646 discamus
2969 4606 3034 4645 ex
3062 4591 3234 4660 prima
3259 4590 3682 4647 consecratione
3705 4603 3794 4641 ee-

2214 4683 2325 4745 rei,
2353 4696 2475 4750 qua:
2502 4681 2632 4736 dicit
2657 4701 2670 4735 :
2701 4681 2831 4736 Herc
2871 4698 3007 4746 nox,
3036 4681 3092 4735 in
3116 4698 3220 4753 qua
3245 4681 3530 4735 destructis
3573 4679 3795 4732 riui-:5;

2212 4774 2414 4828 mortis.
2437 4774 2502 4828 Et
2526 4775 2720 4829 iterum
2746 4794 2759 4827 :
2787 4773 2916 4829 Rrec
2941 4791 3045 4829 nox
3063 4785 3138 4829 est
3157 4817 3171 4836 ,
3196 4775 3260 4828 de
3283 4791 3387 4845 qua
3409 4775 3668 4842 scriptum
3689 4782 3797 4834 at,

2211 4875 2259 4919 et
2287 4882 2391 4920 nox
2415 4875 2471 4919 ut
2508 4865 2618 4919 dies
2643 4863 3050 4920 illuminabitur.
3084 4866 3290 4935 Vigiliaa
3317 4865 3535 4936 agendae
3563 4871 3702 4917 sunt
3741 4863 3802 4917 in

2214 4965 2372 5012 nocte
2403 4966 2461 5012 ut
2485 4973 2552 5011 ex
2581 4958 2904 5013 auctoritate
2931 4957 3152 5011 Patrum
3181 4957 3492 5012 recolimus.
3517 4955 3665 5010 Dicit
3687 4955 3804 5010 Att-

2211 5050 2461 5121 gustinus
2485 5065 2551 5106 ex
2580 5065 2830 5106 sermone
2853 5051 2920 5106 ad
2947 5051 3198 5120 populum
3227 5049 3282 5104 in
3307 5049 3508 5120 vigiliis
3527 5048 3798 5104 Pasch:

2212 5139 2508 5194 Dicendum
2536 5149 2623 5195 est
2645 5157 2744 5197 cur
2771 5150 2917 5195 tanta
2941 5141 3286 5202 celebritate,
3314 5141 3574 5194 hodierna
3623 5141 3802 5210 potis-

2213 5230 2408 5286 simum
2447 5240 2638 5296 nocte,
2678 5232 2889 5302 vigilias
2925 5231 3277 5287 celebremus.
3315 5231 3468 5298 Quod
3505 5231 3596 5286 die
3637 5233 3808 5288 tertio

2213 5326 2512 5379 resurrexit
2535 5341 2565 5378 a
2595 5327 2822 5380 mortuis
2868 5325 3124 5404 Dominus
3152 5325 3432 5389 Christus,
3461 5325 3658 5382 nullus
3682 5342 3806 5381 ain-

2211 5417 2350 5486 bigit
2372 5414 2731 5470 Christianus.
2764 5415 2875 5470 IIac
2899 5425 3078 5469 autem
3105 5427 3262 5472 nocte
3286 5417 3388 5472 hoc
3416 5415 3627 5470 factum
3657 5433 3806 5484 esse,

2215 5515 2461 5563 sanctum
2507 5504 2854 5576 Evangelium
2895 5515 3250 5561 contestatur.
3304 5505 3372 5561 Et
3416 5506 3578 5575 paulo
3631 5519 3806 5578 post:

2214 5599 2367 5656 Illam
2393 5607 2603 5652 noctem
2631 5598 2844 5668 agimus
2866 5598 3159 5667 vigilando,
3187 5614 3290 5669 qua
3322 5597 3583 5654 Dominus
3613 5616 3814 5657 resur-

2215 5691 2392 5756 rexit,
2427 5699 2483 5744 et
2517 5689 2660 5744 illam
2704 5689 2901 5756 vitam,
2946 5689 3014 5744 de
3055 5704 3160 5759 qua
3202 5689 3364 5760 paulo
3397 5699 3528 5745 ante
3567 5691 3816 5747 diceba-

2220 5797 2370 5850 mus,
2414 5782 2755 5850 mediiamur,
2796 5781 2890 5838 ubi
2923 5795 3028 5837 nec
3059 5793 3210 5837 mors
3249 5780 3389 5847 ulla,
3427 5795 3817 5844 noema:
