3978 6516
205 371 331 444 1033

959 371 1049 435 DE
1081 371 1634 437 ECCLESIAS'I‘ICIS
1671 369 1966 437 OFFICIIS
2002 372 2185 440 LIBRI
2221 379 2310 440 IV.
2347 409 2420 424 —
2453 377 2583 437 LIB.
2623 375 2667 439 I.

3309 372 3454 442 1054

208 502 310 562 αι,
345 502 505 563 quam
547 487 603 546 in
646 500 748 547 sua
787 500 953 546 carne
989 490 1149 547 nobis
1173 490 1478 558 inchoavit,
1505 505 1669 564 quam
1692 491 1773 548 sic
1797 496 1851 561 Α
1874 497 2078 566 egressi
2107 506 2232 554 sunt
2263 496 2359 554 ﬁlii
2383 496 2547 554 Israel
2578 497 2635 552 in
2673 511 2840 554 manu
2880 497 3142 557 excelsa:
3186 498 3257 556 Et
3295 500 3458 572 paulo

207 584 445 646 excitavit
470 599 500 640 a
529 584 759 640 mortuis
777 625 793 651 ,
821 593 882 640 ut
900 581 1151 654 iamnon
1177 586 1463 654 moriatur,
1488 601 1589 643 nec
1622 602 1771 645 mors

206 680 250 738 ci
273 679 406 735 ultra
434 675 763 734 dominetur.
799 676 866 732 Et
890 677 1086 734 iterum
1116 697 1129 733 :
1155 679 1254 736 Cui
1282 679 1582 751 resurgenti
1610 679 1770 750 paulo

205 770 388 828 diutius
412 768 686 840 vigilando
723 770 1065 827 concinimus
1083 811 1100 837 ,
1127 771 1407 842 praestabit
1433 779 1493 826 ut
1519 788 1644 828 cum
1676 771 1769 828 illo

202 865 309 919 sine
329 861 432 916 ﬁne
454 861 684 917 vivendo
709 877 1018 935 regnemus.
1048 863 1156 920 Sed
1177 873 1231 919 et
1251 865 1297 920 si
1326 863 1464 920 forte
1487 865 1572 920 his
1596 865 1767 930 horis,

201 952 378 1024 quibus
407 951 776 1008 nosducimus
801 953 967 1009 istam
990 953 1227 1026 vigiliam
1244 993 1259 1019 ,
1286 954 1432 1009 illius
1453 954 1633 1009 adhuc
1655 969 1772 1010 cor-

198 1059 291 1116 pus
322 1043 372 1097 in
402 1041 651 1112 sepulcro
676 1052 826 1112 erat,
855 1045 1205 1115 nondumque
1229 1055 1642 1112 resurrexerat,
1668 1061 1771 1102 nec

199 1132 271 1190 sic
292 1133 564 1206 vigilando
589 1150 779 1191 sumus
806 1135 1090 1208 incongrui
1111 1178 1125 1204 ,
1155 1137 1282 1208 quia
1310 1137 1400 1193 ille
1428 1138 1688 1193 dormivit
1712 1145 1772 1192 ut

196 1224 496 1298 vigilemus,
527 1227 620 1298 qui
660 1238 742 1285 est
779 1238 1028 1284 mortuus
1063 1237 1123 1284 ut
1145 1229 1473 1286 viveremus.
1505 1229 1772 1302 Hierony-

195 1343 306 1385 mus
344 1329 534 1383 horam
576 1336 782 1384 certam
809 1327 1115 1400 vigiliarum
1152 1327 1492 1384 demonstrat
1531 1327 1586 1382 in
1611 1326 1772 1383 Com-

195 1421 465 1476 mentariis
510 1420 788 1486 Matthtei,
838 1420 1113 1477 dicendo:
1165 1419 1412 1476 Traditio
1457 1417 1771 1475 Judteorum

192 1523 269 1569 est
287 1554 304 1579 ,
329 1512 607 1570 Christum
645 1514 702 1568 in
728 1513 908 1569 media
938 1521 1097 1569 nocte
1121 1521 1406 1570 venturum
1435 1513 1488 1567 in
1518 1511 1772 1568 similitu-

191 1604 308 1662 dine
334 1604 574 1678 A'ngptii
605 1606 867 1678 temporis
898 1624 910 1660 :
945 1606 1163 1676 quando
1201 1605 1411 1662 Pascha
1437 1604 1771 1662 celebratum

187 1707 298 1764 est,
325 1699 725 1756 exterminator
749 1700 900 1755 venit
923 1708 978 1756 et
1017 1699 1277 1756 Dominus
1313 1714 1476 1772 super
1518 1699 1774 1756 taberna-

187 1790 301 1847 cula
351 1791 601 1858 transiit,
648 1798 705 1847 et
751 1791 1012 1861 sanguine
1045 1789 1185 1862 Agni
1229 1798 1412 1862 postes
1457 1800 1770 1846 nostrarum

1869 595 2024 660 post:
2048 589 2105 646 In
2129 605 2314 647 mense
2334 591 2511 662 primo
2531 590 2747 661 quando
2772 591 2947 649 hiems
2968 593 3229 666 praeteriit
3246 602 3302 648 et
3323 594 3458 648 abiit

1871 681 2010 749 sibi,
2039 683 2255 754 quando
2279 682 2427 738 veris
2445 682 2733 739 exordium
2758 691 2844 740 est
2861 724 2876 751 ,
2901 685 3118 755 quando
3144 696 3340 741 cuncta
3372 701 3459 740 re-

1869 783 2162 843 novantur,
2186 777 2400 834 eximus
2419 777 2610 847 quinta
2637 778 2844 834 decima
2871 779 2957 834 die
2984 782 3186 835 mensis
3212 779 3373 851 primi
3402 781 3455 833 it.

1871 869 2172 923 crastinum
2197 867 2450 934 Paschae,
2481 872 2641 939 p‘eno
2669 870 2870 926 mensis
2897 869 3100 925 lumine
3138 879 3264 941 post
3301 888 3452 926 usus;

1871 961 1994 1030 agni
2038 961 2403 1029 immaculali,
2451 971 2507 1018 et
2549 963 2790 1018 iterum:
2836 962 2902 1017 Et
2929 963 3315 1034 proﬁciscentes
3353 964 3454 1031 lilii

1872 1049 2044 1106 Israel
2068 1052 2133 1106 de
2157 1061 2299 1108 terra
2327 1053 2598 1118 Ramesse,
2629 1057 2987 1109 castrametati
3011 1065 3133 1110 sunt
3158 1056 3213 1108 in
3239 1054 3454 1110 δοεοιΙι.

1871 1140 1940 1196 Et
1963 1151 2086 1211 post
2105 1158 2276 1212 pauca
2305 1161 2318 1196 :
2353 1141 2588 1214 Profecti
2614 1144 2679 1198 de
2703 1143 2894 1200 Socoth
2914 1186 2928 1210 ,
2955 1148 3315 1201 castrametuti
3339 1159 3460 1200 sunt

1870 1237 1927 1290 in
1955 1235 2152 1304 Ethan,
2176 1255 2294 1303 qua:
2317 1248 2392 1292 est
2419 1239 2476 1292 in
2504 1247 2736 1293 extremo
2761 1237 3080 1305 solitudinis.
3106 1238 3289 1294 Tertia
3317 1254 3469 1293 mau-

1873 1327 1955 1383 sio
1980 1327 2204 1384 oﬁ'ertur
2227 1339 2351 1399 post
2378 1329 2749 1397 tabernacula,
2779 1329 2834 1384 in
2860 1345 2966 1399 qua
2989 1330 3225 1401 primum
3251 1331 3466 1386 videtur

1874 1417 2136 1474 Dominus
2164 1418 2220 1473 in
2251 1427 2410 1475 nocte
2442 1419 2497 1476 in
2546 1419 2801 1476 columna
2830 1421 2968 1492 ignis
2989 1462 3003 1486 ,
3033 1432 3087 1476 et
3114 1436 3210 1492 per
3237 1421 3376 1476 diem
3408 1422 3462 1475 in

1874 1512 2126 1568 columna
2167 1513 2360 1579 nubis,
2404 1521 2465 1568 ut
2506 1513 2782 1585 praecedat
2821 1513 3112 1585 populum,
3140 1521 3198 1568 et
3236 1514 3344 1569 dux
3384 1513 3469 1567 iti-

1874 1607 2024 1663 neris
2052 1605 2165 1661 ﬁat.
2196 1607 2374 1662 Ethan
2393 1647 2409 1674 ,
2437 1608 2596 1664 nobis
2622 1615 2844 1664 resonat
2870 1606 3134 1663 fortitudo
3159 1615 3322 1677 atque
3347 1620 3469 1676 per-

1873 1695 2058 1751 fectio.
2103 1696 2172 1751 Et
2209 1696 2443 1752 iterum:
2471 1695 2846 1768 Przeparemus
2874 1697 3034 1754 nobis
3058 1695 3467 1764 fortitudinem,

1874 1802 2219 1844 assumamus
2238 1789 2540 1859 perfectum
2568 1791 2736 1846 robur
2763 1799 2824 1846 ut
2862 1790 3005 1846 inter
3037 1805 3289 1846 errorum
3315 1797 3472 1846 tene-

183 1889 443 1946 frontium
485 1889 789 1946 consecrati
828 1896 973 1945 sunt.
1005 1887 1160 1944 Unde
1185 1902 1313 1943 reor
1336 1896 1393 1943 et
1419 1887 1766 1943 traditionem
1795 1887 1844 1947 B
1875 1879 2004 1936 bras
2023 1924 2037 1948 ,
2065 1889 2121 1936 et
2147 1880 2524 1938 confusionem
2551 1883 2728 1940 noctis
2753 1882 3105 1939 conscientiae
3145 1882 3348 1939 Christi
3389 1882 3474 1938 Iu-

180 1981 534 2052 apostolicam
568 1980 964 2052 permansisse,
992 1988 1052 2034 ut
1088 1979 1176 2035 die
1203 1979 1509 2050 vigiliarum
1549 1977 1769 2034 Pascha:

177 2080 306 2126 ante
348 2071 526 2127 noctis
565 2071 850 2127 dimidium
884 2069 1110 2143 populos
1146 2069 1422 2126 dimittere
1457 2086 1566 2125 non
1607 2069 1769 2124 liceat

177 2170 560 2232 exspectantes
601 2161 894 2216 adventum
931 2159 1179 2227 Christi;
1219 2168 1274 2214 et
1310 2167 1600 2231 postquam
1638 2157 1770 2213 illud

177 2261 392 2324 tempus
445 2253 759 2319 transierit,
808 2252 1101 2308 securitate
1141 2260 1518 2324 praesumpta,
1565 2249 1769 2306 festum

177 2344 390 2400 cunctis
427 2333 714 2416 agentibus
740 2342 904 2399 diem.

751 2433 982 2491 CAPUT
1023 2433 1186 2490 XVII.

412 2526 497 2582 De
525 2529 677 2598 agnis
708 2526 773 2582 de
801 2543 922 2581 cera
951 2525 1109 2596 factis
1143 2524 1528 2583 benedicendis.

243 2615 532 2676 Romanus
574 2619 788 2675 libellus
830 2628 1020 2675 narrat
1055 2619 1248 2675 eodem
1290 2619 1378 2674 die
1408 2617 1654 2674 benedici
1689 2631 1770 2694 ce:

173 2725 290 2768 ram
315 2711 445 2768 oleo
469 2711 723 2776 mixtam,
750 2711 982 2782 indeque
1007 2710 1124 2766 ﬁeri
1153 2725 1342 2782 agnos,
1368 2723 1572 2779 eosque
1597 2722 1775 2764 reser-

174 2805 292 2861 vari
330 2819 512 2874 usque
549 2803 606 2859 in
641 2812 865 2860 octavas
903 2803 1148 2860 Paschte.
1176 2802 1236 2858 In
1263 2803 1474 2858 octavis
1497 2816 1628 2857 vero
1651 2809 1778 2872 post

169 2898 624 2957 communionem
651 2898 766 2954 dari
793 2897 992 2970 populo
1018 2913 1086 2953 ex
1115 2897 1202 2953 his
1228 2897 1512 2952 incensum
1541 2895 1611 2951 ad
1639 2895 1773 2950 ado-

171 2989 420 3059 lendum,
447 2999 506 3048 et
529 2992 597 3048 ad
620 2989 1078 3062 suffumigandum
1105 2989 1356 3045 domibus
1381 2988 1496 3045 suis
1528 3007 1541 3044 ε
1567 2996 1622 3044 et
1649 2985 1780 3043 nar;

169 3091 260 3139 rat
285 3081 552 3140 similiter
583 3097 684 3138 nos
713 3080 895 3138 facere
931 3080 1129 3137 debere
1156 3081 1223 3136 de
1246 3096 1406 3137 cereo
1432 3088 1769 3136 consecrato.

171 3174 314 3234 Cera
341 3192 584 3248 namque
607 3175 809 3232 Christi
835 3175 1232 3232 humanitatem
1255 3176 1542 3247 designat,
1567 3182 1627 3230 ut
1645 3172 1775 3229 Gre-

1870 1988 1995 2028 men
2040 1986 2342 2045 appareat:
2387 1975 2504 2030 dies
2546 1991 2763 2047 quoque
2804 1984 2992 2032 noster
3031 1977 3230 2032 nubem
3271 1976 3472 2032 habeat

1869 2073 2246 2136 protegentem
2267 2106 2281 2132 ,
2304 2073 2366 2120 ut
2388 2066 2475 2122 his
2500 2066 2729 2122 ducibus
2753 2068 2822 2122 ad
2850 2075 3093 2123 sanctam
3118 2073 3324 2123 terram
3347 2083 3478 2138 per-

1870 2155 2060 2211 venire
2085 2155 2383 2212 valeamus.
2410 2155 2547 2211 Nam
2571 2164 2627 2211 et
2651 2158 2905 2213 columna
2931 2159 3092 2214 nubis
3133 2159 3186 2214 in
3231 2173 3467 2230 persona

1872 2247 2112 2320 Spiritus
2141 2249 2318 2305 sancti
2359 2250 2647 2320 accipitur,
2691 2251 2906 2308 dicente
2948 2251 3212 2322 Gregorio
3237 2251 3473 2306 Nazian-

1873 2353 2012 2394 zeno
2034 2339 2089 2394 in
2111 2354 2368 2395 sermone
2393 2340 2461 2396 de
2484 2340 2737 2396 secundis
2758 2341 3076 2412 Epiphaniis
3101 2357 3117 2396 :
3142 2343 3470 2412 Baptizavit,

1873 2431 2084 2502 inquit,
2128 2431 2341 2504 Moyses
2379 2432 2434 2487 in
2475 2431 2616 2488 mari
2658 2439 2714 2487 et
2751 2432 2806 2487 in
2833 2432 2994 2499 nube,
3021 2433 3117 2489 sed
3147 2433 3200 2487 in
3231 2442 3387 2504 typo,
3414 2441 3473 2490 et

1874 2523 1931 2579 in
1974 2523 2180 2594 ﬁgura,
2225 2524 2301 2579 ita
2328 2524 2475 2580 enim
2513 2522 2712 2578 Paulus
2736 2524 3076 2594 pronuntiat.
3106 2523 3309 2580 Habuit
3336 2539 3468 2596 ergo

1872 2631 2025 2672 mare
2049 2616 2283 2672 formam
2309 2631 2486 2687 aqua},
2509 2616 2683 2671 nubes
2703 2630 2834 2672 vero
2859 2615 3094 2687 Spiritus
3113 2616 3310 2672 sancti.
3333 2614 3472 2672 Pars

1874 2710 2160 2778 columnae,
2185 2711 2240 2765 in
2254 2725 2360 2781 qua
2387 2709 2584 2781 legitur
2610 2707 2811 2765 nubem
2830 2708 3129 2776 habitasse,
3145 2708 3469 2780 protegebat

1873 2805 2135 2876 populum
2174 2805 2302 2872 Dei,
2344 2819 2476 2876 pars
2518 2804 2687 2860 altera
2731 2803 3094 2860 illuminabat.
3124 2803 3372 2875 Namque
3399 2804 3468 2860 de

1876 2901 2084 2972 Spiritu
2126 2907 2318 2956 sancto
2342 2899 2560 2970 legitur,
2589 2907 2638 2954 et
2666 2897 2832 2954 virtus
2858 2895 3117 2952 Altissimi
3142 2895 3472 2951 obumbrabit

1875 2995 1970 3049 tibi
1991 3011 2012 3060 ;
2039 2994 2184 3064 quod
2209 2992 2354 3048 enim
2379 2991 2702 3057 obumbrat,
2731 2989 2985 3062 protegit.
3013 2987 3072 3045 Si
3096 2988 3241 3045 enim
3269 3002 3467 3044 cereus

1877 3089 2106 3145 rutilans
2132 3087 2279 3143 illam
2306 3086 2700 3143 humanitatem
2727 3085 2976 3156 designat
3000 3099 3123 3155 quae
3145 3082 3476 3138 illuminavit

1876 3198 2092 3240 omnem
2121 3181 2400 3238 hominem
2426 3181 2736 3236 venientem
2764 3179 2819 3235 in
2847 3179 2994 3234 hunc
3018 3177 3281 3233 mundum
3305 3217 3320 3244 ,
3347 3191 3473 3248 pro-

169 3271 364 3341 xorius
395 3287 468 3326 .m
496 3245 766 3326 vhomiliis.
811 3268 988 3326 Favus
1023 3271 1220 3342 quippe
1256 3270 1365 3326 mel
1385 3245 1459 3326 in
1499 3285 1626 3326 cera
1651 3275 1769 3335 est.
1800 3245 1846 3309 Ο
1879 3274 2023 3331 lecto
2061 3281 2117 3330 et
2153 3288 2442 3345 personam
2483 3271 2722 3342 Spiritus
2763 3269 2940 3325 sancti
2982 3268 3037 3323 in
3077 3268 3269 3324 eodem
3311 3245 3472 3323 careo

168 3363 282 3420 mel
305 3378 445 3420 vero
469 3363 524 3418 in
549 3379 696 3430 cera,
721 3371 805 3419 est
825 3363 1080 3419 divinitas
1107 3365 1162 3419 in
1189 3365 1550 3420 humanitate.
1572 3362 1614 3434 -ί-
1633 3362 1773 3434 Agni

167 3472 314 3528 quos
338 3455 577 3512 Romani
599 3455 843 3522 faciunt,
870 3454 1083 3526 Agnum
1123 3470 1222 3524 pro
1261 3455 1418 3510 nobis
1442 3452 1645 3508 factum
1673 3453 1775 3507 im-

127 3574 129 3577 -
164 3545 519 3602 maculatum
539 3544 848 3615 designant.
869 3541 1134 3599 Omnibus
1160 3543 1325 3598 rebus
1347 3542 1506 3597 nobis
1524 3540 1775 3597 Christus

159 3633 234 3692 ad
262 3635 602 3692 memoriam
630 3633 970 3704 frequentius
997 3632 1340 3689 reducendus
1364 3639 1448 3687 est
1465 3672 1481 3698 ,
1508 3639 1568 3686 ut
1594 3630 1778 3703 Augu-

154 3727 359 3785 stinus
400 3725 471 3780 ad
507 3723 828 3780 Ianuarium
857 3739 873 3778 :
905 3723 1022 3780 Non
1048 3723 1202 3790 ideo,
1232 3723 1440 3795 inquit,
1465 3729 1649 3778 tamen
1675 3736 1778 3792 pu-

159 3828 297 3878 tare
326 3816 538 3873 debent
563 3815 747 3883 stulti,
773 3815 865 3887 qui
893 3815 1084 3871 nolunt
1109 3815 1166 3870 in
1192 3815 1389 3884 melius
1415 3813 1776 3880 commutari,

155 3907 468 3967 adoranda
509 3923 630 3965 esse
671 3909 775 3964 ista
817 3907 1142 3976 luminaria,
1171 3907 1300 3978 quia
1344 3907 1560 3964 ducitur
1602 3921 1670 3963 ex
1697 3906 1779 3962 eis

155 4000 492 4074 aliquando
515 4000 817 4058 similitudo
839 3999 918 4065 ad
953 4001 1138 4058 divina
1172 4002 1432 4074 mysteria
1471 4000 1776 4074 ﬁguranda.

154 4095 248 4152 Ex
285 4093 455 4152 omni
493 4093 641 4150 enim
674 4102 928 4152 creatura
967 4093 1204 4150 ducitur.
1252 4093 1292 4164 -ι-
1317 4093 1543 4162 Quando
1581 4108 1777 4166 agnum

157 4186 232 4243 de
267 4195 426 4242 'cera
460 4184 728 4254 videmus,
764 4185 952 4258 Agnus
978 4185 1358 4257 praeﬁguratus
1383 4193 1440 4240 et
1474 4185 1530 4240 in
1570 4184 1778 4241 Pascha

155 4277 508 4336 immolatus
547 4277 618 4333 ad
645 4278 967 4334 memoriam
1005 4277 1305 4333 reducitur.
1333 4276 1436 4333 Cui
1475 4275 1534 4332 S.
1577 4275 1782 4348 Grego-

158 4372 288 4429 tius
327 4370 526 4428 oleum
566 4368 762 4427 infudit
779 4410 796 4439 ,
820 4369 1037 4442 quando
1063 4370 1322 4442 mysteria
1346 4368 1630 4425 Paschalis
1655 4370 1781 4442 agni

156 4462 481 4523 reseravit.

761 4552 990 4612 CAPUT
1027 4553 1210 4610 XVIII.

662 4643 739 4702 De
773 4663 919 4702 cerea
962 4644 1305 4702 benedicendo

237 4736 530 4796 Romanis
556 4735 631 4792 ita
658 4738 945 4809 agentibus
963 4778 978 4804 ,
1008 4738 1164 4794 nobis
1189 4751 1407 4808 quoque
1447 4745 1783 4808 praeceptum

155 4843 247 4890 est
275 4849 311 4888 a
341 4846 499 4905 papa
526 4829 743 4885 Zosimo
770 4829 1091 4886 benedicere
1116 4842 1355 4885 cereum.
1392 4828 1462 4884 Ut
1500 4829 1741 4884 diximus
1765 4869 1781 4896 ,

157 4944 299 4984 cera
349 4924 759 4983 humanitatem
800 4921 1004 4979 Christi
1045 4922 1312 4994 designat.
1361 4924 1785 4979 Unanimitatem

155 5017 610 5093 signiﬁcationis
635 5015 747 5071 vult
773 5016 975 5071 habere
997 5029 1186 5071 cereus
1226 5016 1329 5070 iste
1371 5032 1494 5072 cum
1537 5016 1785 5072 columna

157 5115 318 5185 ignis
349 5127 488 5184 quae
514 5109 858 5167 illuminabat
878 5108 1134 5181 populum
1156 5107 1321 5165 Israel
1349 5109 1404 5164 in
1432 5116 1608 5165 nocte.
1636 5107 1789 5165 Unde

153 5205 390 5262 dicitur
427 5204 484 5259 in
516 5201 927 5258 consecratione
960 5200 1105 5257 cerei
1135 5218 1149 5255 :
1186 5199 1319 5256 Htec
1349 5199 1515 5272 igitur
1545 5216 1649 5255 nos:
1673 5207 1786 5265 est,

155 5316 291 5372 qua:
322 5308 679 5372 peccatorum
705 5295 942 5351 tenebras
969 5293 1228 5351 columna:
1252 5294 1640 5350 illuminatione
1663 5311 1790 5367 pur-

155 5394 344 5464 gauit.
397 5390 475 5447 Et
503 5388 663 5460 paulo
695 5397 818 5460 post
846 5406 859 5442 :
894 5386 998 5443 Sed
1015 5388 1134 5459 jam
1177 5387 1434 5442 columna:
1461 5387 1625 5458 hujus
1653 5405 1790 5460 pra:-

156 5488 337 5544 com'a
396 5484 673 5548 nouimus,
713 5499 872 5555 quam
912 5483 968 5536 in
1007 5483 1202 5537 honore
1243 5479 1342 5536 Dei
1386 5479 1611 5536 rutilans
1652 5482 1791 5552 ignis

156 5581 464 5638 accendit.
494 5577 759 5635 Columna
803 5575 895 5632 illa
940 5575 1217 5632 Christum
1259 5576 1676 5649 praetigurabat,
1723 5573 1794 5632 de

1879 3364 2142 3422 debemus
2185 3364 2486 3434 intelligere
2507 3402 2520 3428 ,
2549 3377 2668 3430 qua:
2696 3360 2989 3416 obumbrat
3027 3367 3178 3414 casto
3220 3357 3473 3428 corpori,

1877 3471 1946 3512 ne
1989 3455 2264 3510 inﬁciatur
2303 3462 2438 3510 aestu
2475 3451 2950 3522 concupiscentiae.
2996 3449 3103 3506 Iste
3144 3464 3336 3506 cereus
3376 3449 3476 3521 qui

1877 3545 2192 3619 prmﬁgurat
2229 3544 2623 3600 humanitatem
2665 3542 2898 3609 Christi,
2928 3541 3267 3599 illuminatus
3305 3539 3473 3597 bene-

1880 3638 2104 3704 dicitur,
2131 3638 2260 3708 quia
2287 3635 2596 3693 humanitas
2618 3634 2842 3702 Christi,
2869 3641 3158 3707 postquam
3194 3640 3475 3704 assumpta

1879 3739 1967 3789 est
1989 3746 2021 3786 a
2046 3731 2353 3800 divinitate,
2378 3743 2595 3802 semper
2619 3729 2724 3785 fuit
2747 3728 3076 3785 illuminata.
3109 3728 3207 3786 Cui
3253 3742 3476 3799 semper

1879 3821 2241 3880 benedicitur.
2268 3822 2308 3892 -ι-
2333 3820 2428 3876 Illa
2455 3820 2705 3876 columna
2731 3819 3074 3892 praecedebat
3117 3818 3260 3876 ﬁlios
3303 3816 3472 3874 Israel

1881 3925 2174 3989 antequam
2198 3917 2495 3973 transirent
2515 3933 2668 3974 mare
2688 3917 2964 3984 Rubrum;
2989 3925 3178 3974 nostra
3197 3915 3471 3982 columna,

1882 4013 2093 4070 scilicet
2118 4027 2310 4069 cereus
2331 4053 2344 4080 ,
2370 4015 2644 4084 princedat
2671 4022 2727 4069 et
2755 4022 2973 4070 nostros
3017 4014 3471 4071 catechumenos.

1881 4105 2090 4162 Lumen
2116 4106 2288 4178 ipsius
2323 4105 2507 4163 lumen
2533 4107 2736 4164 Christi
2773 4106 3079 4178 signiﬁcat,
3120 4121 3228 4177 quo
3253 4115 3309 4162 et
3335 4121 3474 4176 prm-

1883 4211 2010 4254 sens
2037 4213 2144 4253 nox
2175 4197 2536 4265 illuminatur,
2564 4199 2738 4270 gratia
2769 4197 2976 4254 scilicet
3005 4195 3471 4263 resurrectionis,

1885 4301 1944 4350 et
1987 4293 2370 4349 catechumeni
2421 4293 2516 4364 qui
2563 4292 2781 4348 venturi
2831 4299 2958 4347 sunt
3008 4291 3074 4346 ad
3122 4290 3474 4362 oaplisumm.

1883 4381 2064 4453 Ipsam
2102 4381 2558 4438 illuminationem
2589 4382 2881 4454 designant
2908 4380 3170 4437 lectiones
3199 4396 3321 4452 quae
3350 4388 3481 4437 ante

1887 4472 2226 4547 baptismum
2261 4474 2542 4545 leguntur,
2571 4482 2633 4529 ut
2660 4474 2715 4528 in
2754 4472 3126 4543 sequentibus.
3147 4470 3480 4528 monstrabi-

1887 4575 2000 4622 tur.
2041 4567 2249 4623 Cereus
2277 4574 2566 4637 propterea
2592 4565 2959 4632 benedicitur,
2992 4564 3118 4636 quia
3149 4563 3255 4619 nisi
3285 4578 3354 4620 ex
3384 4563 3481 4618 be-

1889 4660 2202 4716 nedictione
2234 4657 2470 4714 ministri
2494 4698 2509 4723 ,
2536 4672 2644 4712 non
2673 4664 2854 4726 potest
2886 4672 2953 4712 ex
2982 4671 3080 4713 sua
3111 4653 3341 4725 simplici
3371 4669 3477 4709 na-

1889 4761 2012 4808 tura
2052 4751 2288 4807 transire
2327 4750 2394 4805 ad
2439 4748 2716 4822 mysteria.
2760 4748 2822 4805 In
2862 4748 3127 4822 mysterio
3168 4748 3312 4804 enim
3355 4756 3478 4802 erat

1889 4843 2141 4900 columna
2172 4843 2333 4914 ignis.
2368 4841 2524 4910 Quod
2551 4856 2582 4895 a
2613 4841 2844 4896 diacono
2888 4840 3232 4895 henedicitur
3262 4853 3472 4892 morem

1891 4935 2139 5006 sequitur
2172 4934 2477 4989 Romanum
2506 4950 2519 4985 :
2551 4932 2605 4985 in
2631 4946 2696 4986 eo
2721 4931 2864 4985 enim
2895 4928 3317 4986 archidiaconus
3341 4943 3476 4984 con-

1893 5025 2007 5081 iicit
2049 5041 2239 5096 agnos.
2269 5022 2373 5090 Qui
2401 5036 2594 5078 cereus
2632 5036 2731 5092 per
2767 5027 2892 5076 octo
2926 5019 3044 5077 dies
3077 5021 3476 5093 ne0phytorum

1893 5116 2152 5186 praecedit
2182 5112 2494 5185 pontiﬁcem
2512 5152 2527 5178 ,
2559 5111 2650 5182 qui
2680 5118 2766 5168 est
2793 5119 2958 5184 caput
2983 5109 3198 5183 populi,
3228 5107 3356 5179 quia
3385 5123 3479 5163 co-

1894 5209 2084 5266 lumna
2113 5208 2255 5279 ignis
2284 5207 2562 5279 praecessit
2587 5205 2844 5279 populum
2874 5220 3048 5277 usque
3072 5204 3139 5261 ad
3171 5210 3373 5260 terram
3395 5208 3483 5250 re-

1891 5299 2295 5378 promissionis.

2484 5388 2714 5448 CAPUT
2753 5388 2896 5446 XIX.

2467 5481 2546 5538 De
2582 5481 2910 5538 lectionibus.

1967 5577 2215 5635 Diximus
2260 5574 2404 5633 cerei
2453 5571 2658 5630 lumine
2690 5572 2894 5631 Christi
2929 5570 3108 5627 lumen
3146 5567 3479 5646 signiﬁcari,

159 5689 286 5746 qua
335 5672 489 5730 dicit
535 5670 896 5742 Hieronymus
935 5667 993 5722 in
1035 5667 1174 5724 libro
1199 5669 1544 5726 mansionum
1571 5685 1585 5721 :
1615 5666 1795 5722 Move-
1899 5684 2009 5744 quo
2033 5669 2412 5727 illuminantur
2432 5665 2846 5723 catechumeni:
2873 5679 3016 5720 nunc
3045 5663 3350 5720 narrandus
3372 5669 3480 5727 est,

160 5773 311 5822 ιύηῑ
340 5771 543 5819 autem
569 5771 749 5818 038m
776 5761 842 5816 de
871 5758 1134 5815 Ramesse
1161 5775 1348 5816 mense
1376 5760 1574 5831 Primo:
1605 5761 1796 5832 quinta
1901 5762 2133 5820 Domino
2167 5760 2495 5823 miserante,
2532 5758 2725 5814 modus
2765 5756 3207 5824 illuminationis,
3239 5765 3300 5811 ut
3337 5753 3483 5811 ordi-

160 5857 418 5927 decima
470 5854 559 5916 die
598 5853 803 5912 mensis
841 5851 1025 5927 primi.
1066 5851 1255 5912 Altera
1294 5852 1380 5915 die
1418 5859 1542 5926 post
1587 5853 1800 5918 Pascha
1901 5864 2030 5919 nate
2053 5852 2686 5936 etilluminatojtinere
2737 5860 2996 5930 pergatur
3030 5850 3098 5907 ad
3130 5851 3485 5927 baptismum.
3543 5935 3546 5938 t

565 5949 854 6046 .Puaoa.
873 6022 878 6026 _
898 5945 1028 6024 CV.

3015 5945 3092 6006 33
