3978 6464
434 341 568 424 ξοδδ

426 555 842 610 clmmenorum.
869 543 984 599 Hoc
1011 543 1124 616 egit
1146 540 1418 606 Christus,
1447 540 1666 611 quando
1690 540 2026 598 convivabad

431 654 518 700 tur
543 657 666 698 cum
691 635 996 711 publicanis
1021 643 1078 690 et
1104 634 1508 706 peccatoribus,
1536 641 1597 688 ut
1622 648 1716 688 eos
1744 630 2030 701 uajiceret.

433 739 486 794 in
515 751 594 792 se.
625 733 740 788 Hoc
761 730 926 786 Petro
949 727 1154 784 dictum
1179 734 1262 782 est
1287 727 1342 782 in
1368 724 1596 780 Actibus
1621 724 2028 794 apostolorum,-

430 826 648 898 quando
674 823 725 878 ei
755 837 856 878 vas
887 821 1113 875 linteum
1147 819 1213 874 de
1244 816 1383 872 ccelo
1407 815 1633 870 missum
1658 822 1743 869 est
1770 832 1781 867 :
1813 813 2014 883 Surge,

431 918 588 973 Petre
616 959 630 984 ,
663 915 842 971 occide
871 924 920 968 et
953 911 1220 967 manduca
1240 927 1258 964 :
1285 909 1429 980 quod
1458 909 1531 962 ita
1558 907 1702 962 Beda
1731 906 1785 961 in
1812 906 2018 960 eisdem

429 1009 658 1064 Actibus
683 1022 697 1061 :
729 1006 935 1078 Surge,
973 1003 1181 1074 inquit,
1209 999 1781 1072 aderangelizandum
1808 1011 2020 1066 praepa-

431 1115 555 1154 rare
581 1116 596 1166 ;
627 1098 816 1154 occide
853 1096 907 1150 in
938 1095 1190 1170 gentibus
1219 1092 1362 1164 quod
1393 1090 1636 1155 fuerant,
1663 1099 1718 1144 et
1753 1087 1841 1142 fac
1872 1088 2020 1157 quod

432 1209 514 1249 es.
565 1191 668 1260 Qui
712 1190 859 1246 enim
905 1189 1197 1244 manducat
1238 1187 1418 1242 cibum
1469 1184 1600 1240 foris
1643 1183 1916 1254 positum,
1963 1182 2018 1238 in

433 1301 592 1342 suum
630 1299 826 1356 corpus
863 1280 1088 1351 trajicit.
1124 1279 1390 1352 Pracepit
1427 1292 1557 1349 ergo
1595 1293 1699 1332 vox
1740 1276 1922 1331 divina
1961 1283 2023 1331 ut

433 1379 683 1435 nationes
711 1391 809 1450 per
827 1373 1264 1444 incredulitatem
1295 1381 1421 1427 ante
1450 1371 1596 1428 fores
1623 1372 1832 1442 positae,
1853 1373 2024 1426 inter-

435 1470 575 1538 fecta
605 1468 880 1538 praeterita
907 1467 1020 1522 vita
1038 1506 1054 1531 ,
1082 1463 1337 1520 societati
1368 1463 1624 1524 Ecclesiae
1651 1479 1815 1533 quam
1848 1464 2020 1534 signi-

434 1561 558 1617 ﬁcat
592 1558 786 1614 Petrus
823 1558 1157 1612 inserantur.
1203 1555 1355 1610 lianc
1398 1555 1703 1610 doctrinam
1749 1554 2024 1626 signiﬁcat

435 1666 623 1706 mensa
659 1651 712 1705 in
751 1646 1102 1704 tabernaculo
1137 1645 1406 1714 Mosaico,
1435 1661 1556 1716 quae
1595 1646 1760 1702 habet
1789 1655 2025 1715 quatuor

429 1745 598 1816 pedes
628 1763 642 1798 :
676 1743 804 1815 quia
835 1741 931 1815 (ut
952 1741 1097 1798 Beda
1122 1741 1179 1798 in
1203 1741 1344 1798 libro
1369 1742 1436 1798 de
1461 1741 1858 1813 Tabernaculo)
1885 1758 2022 1812 qua-

1235 350 1265 405 .I
1795 325 2230 390 PRESBYTER!
2267 314 2626 383 κενωθείς
2659 315 2702 368 ’.
2799 309 2929 362 “;’Ἴ

430 417 631 518 Doctor
663 447 1182 510 eatechumenorum
1214 445 1439 502 conviva
1487 445 1650 500 debet
1691 459 1813 502 esse
1857 454 2012 500 este-
2039 443 2094 511 Α
2115 457 2283 498 unum
2320 441 2590 498 csmlcum
2626 430 2906 510 sequitur,
2948 433 3078 534 quia
3117 431 3363 518 iiii-sique
3417 431 3482 500 in

3573 301 3742 380 {om

2114 537 2253 608 pede
2276 548 2480 595 mensae
2503 543 2670 599 stant,
2702 535 2758 589 id
2775 538 2881 600 est,
2901 535 2957 589 in
2989 528 3266 608 allegoria.
3284 535 3381 594 Vel
3405 540 3538 596 ideo
3568 544 3740 613 prio-

2114 645 2232 683 rem
2262 627 2552 684 lectionem
2578 625 2853 682 canticum
2883 637 2993 682 non
3025 625 3306 698 sequitur,
3339 631 3471 700 quia
3514 633 3575 687 in
3637 633 3736 692 illa

2116 721 2424 776 insinuatur
2450 734 2672 790 parens,
2711 719 2768 774 in
2796 733 2906 788 quo
2934 733 3131 774 omnes
3166 733 3553 789 peccaverunt.
3619 725 3742 780 Do-

2117 814 2354 868 ctrinam
2379 813 2619 868 doctoris
2648 811 2940 868 conﬁrmat
2966 812 3243 880 sacerdos,
3261 815 3334 870 ita
3367 815 3738 886 deprecando

2116 907 2260 977 quod
2295 905 2386 960 uni
2420 903 2620 977 populo
2646 921 2676 959 a
2701 905 3088 974 persecutione
3113 903 3371 978 Egyptia
3406 907 3736 977 liberanda,

2119 1000 2308 1055 dextra
2337 1008 2441 1054 tua:
2465 1000 2721 1068 potentiae
2743 998 3045 1064 contulisti,
3069 1000 3122 1054 id
3147 999 3199 1054 in
3222 999 3449 1056 salutem
3476 1007 3739 1073 gentium

2117 1111 2216 1166 per
2271 1109 2468 1164 aquam
2519 1093 2956 1164 regenerationis
3007 1095 3290 1164 operarls,
3329 1105 3533 1164 praesta
3563 1107 3632 1151 ut
3681 1099 3738 1154 in

2118 1187 2348 1242 Abrahae
2378 1187 2518 1242 lllios
2556 1195 2611 1242 et
2659 1187 2712 1240 in
2763 1186 3124 1242 lsraelittcam
3174 1187 3503 1258 dignitatem
3559 1193 3742 1248 totius

2120 1279 2305 1336 mundi
2332 1287 2575 1334 transeat
2603 1277 2901 1348 plenitudo.
2933 1278 3298 1334 Transeamus
3330 1279 3401 1334 ad
3424 1283 3740 1337 secundum

2120 1372 2314 1442 pedem
2343 1384 2564 1426 mensae.
2594 1370 2741 1424 idem
2773 1371 2866 1440 qui
2898 1385 3062 1442 supra
3093 1371 3149 1426 in
3174 1371 3368 1427 eodem
3401 1390 3416 1426 :
3450 1371 3738 1447 Allegoria

2084 1459 2088 1463 ’
2122 1471 2227 1529 est,
2244 1477 2368 1517 cum
2390 1462 2573 1518 verbis
2594 1462 2710 1516 sive
2742 1463 2910 1517 rebus
2931 1463 3177 1534 mysticis
3199 1465 3505 1534 praesentia
3531 1465 3741 1522 Chn'sti

2123 1568 2180 1615 et
2206 1557 2464 1613 Ecclesia:
2486 1565 2832 1612 sacramenta
2859 1559 3149 1630 signantur
3175 1559 3234 1630 1-.
3278 1559 3599 1631 Tangsmus
3629 1573 3740 1618 ter-

2125 1654 2259 1709 tiam
2283 1653 2592 1719 lectionem,
2613 1666 2734 1723 quae
2761 1653 3008 1722 quamvis
3033 1655 3193 1709 tertia
3221 1653 3292 1708 sit
3321 1655 3524 1711 ordine
3552 1656 3737 1712 lectio-

2127 1761 2278 1812 num,
2311 1753 2493 1800 tamen
2526 1751 2752 1816 propter
2784 1753 3128 1800 sacramenta
3179 1759 3300 1816 qua:
3348 1748 3601 1803 continet
3651 1767 3738 1806 se-

440 1835 688 1910 dril‘ormi
716 1836 929 1892 ratione
951 1834 1130 1891 omnis
1152 1834 1460 1890 divinorum
1485 1833 1824 1904 eloquiorum
1852 1834 2024 1890 series
2049 1827 2100 1887 Β
2127 1839 2306 1895 cundo
2342 1839 2464 1908 pedi
2505 1849 2710 1893 mensae
2756 1837 3124 1909 conjungitur.
3163 1835 3221 1892 ln
3251 1851 3317 1893 ea
3349 1839 3620 1897 habemus
3652 1858 3736 1897 sa-

435 1932 806 2004 distinguitur.
844 1931 946 1986 Hic
978 1947 1108 1998 oro,
1148 1930 1479 1994 intendatis,
1518 1945 1684 2000 quam
1721 1944 2024 2001 congruen-

437 2028 569 2094 tiam
595 2025 836 2082 habeant
863 2024 1129 2081 lectiones
1157 2033 1418 2095 quatuor,
1451 2033 1506 2080 et
1535 2025 1747 2080 cantica
1765 2065 1781 2091 ,
1811 2034 1867 2080 et
1903 2041 2028 2080 ora-
2053 2037 2058 2040 '

440 2121 616 2176 tiones
652 2135 775 2190 quae
802 2126 1040 2191 aguntur
1067 2125 1293 2189 propter
1319 2118 1737 2174 instructionem
1768 2119 2028 2174 catechu-

439 2225 758 2277 menorum,
785 2226 909 2266 cum
937 2218 1172 2280 quatuor
1196 2209 1424 2280 pedibus
1451 2225 1672 2266 mensae.

470 2373 478 2384 ι
510 2301 658 2357 Idem
690 2303 784 2374 qui
816 2317 982 2372 supra
1008 2302 1063 2357 in
1099 2310 1402 2359 memorato
1428 2320 1442 2357 :
1473 2302 1657 2357 Mensa
1689 2303 2027 2359 tabernaculi

433 2403 668 2466 quatuor
690 2396 855 2468 pedes
881 2396 1078 2461 habet,
1103 2395 1231 2465 quia
1255 2397 1419 2452 verba
1445 2396 1688 2452 caelestis
1711 2397 1916 2453 oraculi
1940 2397 2026 2452 vel
2056 2389 2058 2392 ’

433 2486 698 2542 historico
742 2485 1022 2542 intellectu
1045 2526 1060 2552 ,
1087 2485 1174 2540 vel
1202 2485 1518 2558 allegorico,
1548 2487 1630 2542 vel
1660 2488 2023 2560 tropologico,
2055 2481 2062 2486 ’

434 2579 492 2636 id
520 2589 605 2636 est
632 2579 857 2648 morali,
889 2579 975 2644 vel
1003 2587 1154 2636 certe
1183 2580 1478 2651 δοκεοεὶεο
1504 2581 1681 2636 solent
1709 2582 1902 2652 accipi.
1933 2582 2028 2638 Hi-

434 2672 606 2728 storia
647 2680 732 2727 est
771 2685 1006 2742 namque
1044 2686 1169 2734 cum
1208 2687 1297 2726 res
1325 2671 1505 2741 aliqua
1535 2674 1806 2742 quomodo
1837 2687 2027 2729 secun-

438 2765 568 2822 dum
610 2764 851 2822 litteram
893 2763 1054 2822 facta
1075 2764 1192 2821 sive
1236 2765 1383 2825 dicta
1422 2766 1529 2833 sit,
1576 2766 1739 2837 plano
1776 2782 2027 2824 sermone
2064 2778 2068 2782 ‘

439 2856 702 2914 refertur.

510 2949 805 3006 Videamus
845 2949 892 3006 si
930 2948 1110 3020 prima
1148 2948 1313 3007 lectio
1353 2964 1477 3006 cum
1521 2949 1627 3006 isto
1656 2950 1796 3020 pede
1840 2950 2023 3006 vadat.

438 3039 630 3097 Nonne
657 3041 799 3096 sicut
825 3040 900 3095 ibi
923 3041 1189 3110 scriptum
1212 3041 1388 3098 estde
1412 3043 1759 3113 generatione
1788 3043 2026 3098 hominis

437 3142 656 3200 tenetur
690 3133 987 3190 secundum
1017 3133 1341 3190 historiam?
1366 3133 1602 3192 Omnino
1626 3137 1701 3191 ita
1727 3135 2024 3201 credimus,

435 3235 498 3286 ut
522 3227 597 3283 ibi
623 3227 884 3298 scriptum
906 3233 987 3296 est
1012 3241 1028 3281 :
1057 3225 1344 3284 Faciamus
1366 3229 1629 3286 hominem
1653 3231 1722 3285 ad
1742 3231 2023 3301 imaginem

433 3329 482 3376 et
510 3317 914 3376 similitudinem
941 3327 1210 3386 nostram,
1241 3330 1291 3376 et
1314 3323 1492 3392 praesit
1516 3322 1750 3392 piscibus
1780 3324 1944 3377 maris
1973 3333 2023 3377 et

433 3407 733 3466 volatilibus
763 3406 900 3464 caeli.
946 3409 1016 3464 Et
1055 3410 1294 3466 iterum:
1343 3411 1642 3468 Mascutsm
1682 3423 1728 3468 et
1772 3413 2024 3483 feminam

433 3503 627 3558 creavit
651 3520 739 3558 eos
758 3543 775 3569 ,
803 3511 859 3559 et
881 3502 1026 3560 sicut
1048 3504 1127 3560 ibi
1151 3514 1429 3573 narratur,
1457 3507 1545 3564 die
1571 3515 1725 3563 sexto
1750 3507 2024 3564 credimus

438 3597 718 3654 hominem
743 3597 968 3654 factum.

507 3687 642 3746 Orat
688 3691 944 3746 sacerdos
991 3690 1194 3757 Deum,
1237 3692 1330 3762 qui
1377 3693 1700 3750 mirabiliter
1744 3695 2022 3751 hominem

433 3781 642 3838 creavit
677 3789 732 3835 et
772 3781 1038 3851 redemit,
1078 3792 1142 3839 ut
1179 3785 1344 3840 homo
1375 3785 1468 3854 qui
1505 3793 1590 3840 est
1625 3787 1692 3842 ad
1729 3787 2021 3859 imaginem

434 3874 531 3930 Dei
577 3872 795 3940 factus,
844 3875 896 3930 id
939 3885 1061 3944 est,
1113 3878 1314 3933 mentis
1364 3880 1614 3943 ratione,
1663 3882 1883 3936 resistat
1926 3896 2021 3937 ca-

437 3947 776 4022 techumenis
826 3975 1016 4024 contra
1065 3967 1464 4024 oblectamenta
1515 3970 1722 4026 mundi.
1773 3970 2022 4026 Doctoris

432 4043 670 4112 ollicium
703 4065 824 4124 est,
861 4066 921 4134 ut
950 4059 1126 4128 primo
1169 4059 1404 4114 instruat
1448 4062 1902 4118 catechumenum
1949 4065 2018 4121 de

433 4160 530 4200 sua
595 4145 960 4215 formatione,
1019 4150 1144 4205 dein
1199 4153 1472 4222 quomodo
1527 4154 1834 4220 cecidisset,
1868 4156 2024 4211 dum-

431 4233 596 4293 mddo
644 4255 750 4294 non
802 4243 1110 4297 consentiat
1151 4244 1498 4312 carnalibus,
1545 4254 1607 4300 ut
1645 4245 1817 4302 Adam
1860 4247 2019 4317 Even,

431 4345 592 4400 posse
640 4335 941 4389 restaurari
992 4337 1061 4394 ad
1109 4338 1344 4409 primam
1387 4338 1792 4397 formationem.
1838 4342 1884 4396 Α
1928 4343 2024 4398 do-

433 4430 586 4478 ctore
633 4425 798 4480 habet
846 4426 1149 4484 doctrinam
1175 4470 1190 4495 ,
1242 4447 1274 4486 a
1322 4433 1603 4488 sacerdote
1648 4448 1778 4490 vero
1820 4433 2021 4490 contir-

431 4517 602 4570 matio
651 4516 995 4586 impetratur.
1047 4519 1296 4593 Secunda
1346 4522 1506 4577 lectio
1555 4523 1716 4592 plano
1767 4537 2022 4579 sermone

432 4606 602 4662 refert
643 4610 914 4678 quomodo
957 4612 1186 4682 papulus
1224 4613 1390 4668 lsrael
1419 4629 1485 4669 ex
1516 4613 1750 4686 Egypto
1778 4617 2020 4672 salvatus

433 4701 526 4756 sit.
554 4699 691 4770 Quia
723 4702 778 4756 in
810 4704 1092 4772 superiore
1114 4705 1347 4760 lectione
1372 4707 1578 4762 audivit
1601 4709 2022 4765 catechumenus

431 4809 586 4851 suam
641 4795 1059 4862 lormationem,
1097 4795 1154 4851 in
1208 4797 1310 4854 ista
1356 4797 1540 4853 audiat
1592 4801 2021 4870 redemptionem

431 4903 584 4943 suam
620 4903 652 4944 a
679 4889 914 4944 dominis
939 4890 1137 4961 quibus
1164 4906 1222 4945 se
1256 4893 1499 4947 vendidit
1528 4893 1643 4948 suis
1676 4895 1936 4962 peccatis,
1967 4904 2024 4950 et

431 4979 615 5036 audiat
639 4981 783 5051 quod
824 4981 966 5036 sicut
996 4981 1252 5052 populum
1291 4982 1455 5038 Israel
1481 4983 1734 5039 liberavit
1761 4984 2021 5040 Dominus

429 5070 497 5125 de
536 5087 699 5128 manu
748 5071 1071 5140 Pharaonis,
1100 5089 1262 5145 quem
1307 5072 1506 5132 delevit
1544 5077 1597 5130 in
1627 5076 1767 5133 mari
1812 5072 2017 5142 Rubro,

427 5165 506 5219 sic
536 5167 708 5234 possit
736 5175 792 5243 et
810 5179 935 5222 eum
961 5166 1194 5224 liberare
1214 5169 1281 5224 de
1304 5186 1464 5225 manu
1487 5170 1686 5227 diaboli
1711 5186 1810 5240 per
1823 5187 2017 5242 aquam

426 5254 701 5324 baptismi.
730 5256 827 5311 Cui
846 5260 1101 5328 sequitur
1129 5245 1367 5317 victoria:
1390 5263 1661 5317 canticum
1697 5282 1710 5324 ς
1735 5262 2020 5319 Cantemus

427 5343 672 5411 Domino,
707 5345 933 5417 gloriose
978 5351 1535 5423 enirn-magniﬁcatus
1586 5365 1680 5408 est.
1733 5356 2018 5412 Canticum

426 5451 678 5505 magnam
729 5439 1068 5495 devotionem
1093 5504 1095 5506 η
1121 5443 1304 5498 animi"
1333 5445 1672 5502 demonstrat
1692 5486 1706 5510 ,
1731 5462 1892 5515 quam
1927 5465 2014 5502 so-

427 5526 540 5610 lent
559 5531 914 5603 singulariter
941 5536 1121 5590 devoti
1153 5537 1458 5606 percipere,
1480 5539 1678 5608 quibus
1708 5555 1813 5594 non
1837 5543 2028 5610 'gehe-I

428 5617 617 5696 raliter
649 5625 1026 5690 respondetur.
1055 5626 1305 5681 Exsultat
1345 5628 1573 5685 devotus
1613 5631 1858 5695 animus,
1882 5634 2012 5702 quia

428 5711 579 5776 videt
619 5715 1040 5773 catechumenos
1076 5720 1301 5774 devotos
1333 5735 1432 5789 per
1457 5721 1552 5778 Dei
1592 5723 1932 5779 vocationem
1957 5732 2014 5778 et

2054 3190 2098 3254 Ο

2129 1938 2412 1987 cramenta
2440 1929 2647 1985 Christi
2673 1937 2724 1986 et
2752 1929 3011 1986 EccleSiae
3048 1947 3063 1984 :
3102 1930 3514 2002 Apprehendent
3541 1944 3737 2005 septem

2127 2023 2376 2078 mulieres
2422 2023 2593 2077 uirum
2636 2037 2800 2076 unum
2843 2023 2899 2076 in
2941 2022 3027 2076 die
3073 2020 3193 2088 illa,
3225 2022 3500 2078 dicentes:
3528 2024 3738 2081 Panem

2129 2126 2367 2171 nostrum
2392 2114 3081 2172 comedemus.'Secundum
3117 2113 3421 2182 historiam,
3457 2132 3572 2172 non
3598 2117 3740 2188 legi-

2128 2223 2252 2264 mus
2275 2208 2406 2262 illud
2433 2208 2660 2273 factum,
2689 2208 2786 2263 scd
2815 2209 2868 2261 in
2894 2206 3116 2262 Christo
3146 2207 3342 2263 scimus
3363 2209 3735 2280 completum,

2130 2314 2290 2368 quem
2328 2301 2806 2370 apprehenderunt
2835 2310 3044 2370 septem
3073 2298 3215 2354 dona
3249 2300 3474 2370 Spiritus
3509 2304 3723 2358 sancti.

2133 2389 2284 2445 Unde
2309 2389 2671 2461 Hieronymus
2716 2389 2770 2443 in
2798 2388 2937 2444 lsaia
2967 2408 2980 2444 :
3015 2392 3073 2444 ln
3099 2391 3326 2446 adventu
3348 2390 3572 2446 Domini
3597 2392 3734 2446 Sal-

2131 2483 2338 2537 vatoris
2379 2483 2552 2537 nostri
2583 2491 2792 2552 septem
2821 2483 3108 2549 mulieres,
3137 2485 3194 2540 id
3222 2493 3326 2549 est,
3358 2493 3572 2555 septem
3601 2501 3738 2556 gra-

2131 2574 2220 2628 tiae
2276 2573 2514 2644 Spiritus
2566 2575 2758 2641 sancti,
2795 2576 2863 2630 de
2917 2577 3115 2646 quibus
3162 2577 3217 2631 in
3266 2577 3768 2655 consequentibus.

2130 2666 2272 2722 idem
2296 2667 2559 2737 propheta
2601 2668 2847 2724 dicturus
2888 2677 2994 2735 est,
3043 2669 3200 2724 Exiet
3241 2671 3392 2741 virga
3437 2671 3504 2724 de
3560 2673 3736 2726 radice

2127 2759 2298 2826 Iesse,
2328 2769 2376 2814 et
2401 2763 2500 2831 ﬂos
2537 2762 2601 2816 de
2632 2762 2810 2816 radice
2851 2761 2965 2832 ejus
3005 2762 3270 2828 ascendet,
3305 2770 3362 2817 et
3399 2761 3636 2834 reliqua.
3667 2763 3737 2819 Et

2129 2853 2290 2924 paulo
2311 2863 2435 2925 post
2459 2873 2472 2909 :
2507 2855 2933 2925 Apprehendent
2956 2852 3163 2920 Iesum,
3197 2869 3365 2926 quem
3393 2855 3574 2911 multo
3604 2864 3735 2910 temo

2128 2961 2262 3017 pore
2315 2947 2779 3013 desideraverant,
2829 2948 2957 3018 quia
3010 2945 3219 3002 nullum
3262 2947 3441 3002 alium
3487 2955 3734 3018 poterant

2131 3041 2396 3107 invenire,
2430 3041 2616 3112 inquo
2658 3050 2860 3097 aeterna
2910 3043 3145 3097 statione
3193 3042 3621 3112 requiescerent
3667 3043 3723 3110 ᾗ.

2129 3133 2270 3189 Ecce
2294 3133 2461 3189 habes
2492 3143 2897 3189 sacramentum
2925 3133 3149 3200 Christi,
3179 3135 3306 3190 audi
3333 3144 3391 3189 et
3426 3150 3732 3190 sacramen-

2131 3231 2247 3279 tum
2287 3224 2547 3281 Ecclesim
2588 3244 2601 3280 :
2644 3226 2779 3281 Cum
2813 3226 3048 3282 abluerit
3079 3225 3347 3282 Dominus
3379 3229 3579 3282 sordes
3606 3227 3732 3281 lilia-

2130 3335 2251 3374 rum
2285 3315 2440 3386 Sion,
2471 3329 2528 3375 et
2555 3321 2877 3393 sanguinem
2911 3321 3251 3377 Hierusalem
3286 3323 3492 3380 laverit
3527 3326 3594 3379 de
3623 3340 3733 3379 me-

2127 3411 2218 3465 dio
2247 3409 2366 3481 ejus
2387 3412 2583 3483 spiritu
2599 3412 2793 3484 judicii
2825 3424 2879 3469 et
2906 3414 3100 3486 spiritu
3125 3414 3545 3470 combustionis.
3575 3415 3722 3470 idem

2126 3501 2216 3570 qui
2244 3517 2406 3573 supra
2443 3502 2496 3556 in
2523 3503 2716 3558 eodem
2744 3523 2756 3558 :
2782 3503 2919 3559 Nota
2959 3507 3084 3575 quia
3114 3505 3306 3561 sordes
3335 3506 3572 3561 ﬁliarum
3594 3505 3727 3562 Sion

2125 3591 2320 3649 laverit
2349 3595 2541 3664 spiritu
2565 3596 2778 3666 judicii,
2811 3599 3131 3669 sanguinem
3162 3608 3350 3654 autem
3375 3598 3722 3656 Hierusalem
3771 3599 3774 3604 ’

2125 3686 2321 3757 spiritu
2347 3688 2766 3744 combustionis.
2809 3689 2962 3757 Quod
2989 3692 3136 3746 enim
3167 3691 3286 3746 leve
3338 3699 3427 3747 est
3485 3693 3724 3759 lavatur;
3765 3754 3770 3758 ν

2125 3779 2270 3848 quod
2323 3779 2564 3849 gravius,
2616 3779 2884 3835 exuritur.
2941 3781 3017 3836 De
3065 3797 3175 3852 quo
3214 3781 3412 3851 judicii
3457 3786 3650 3855 spiritu
3677 3793 3732 3840 et

2125 3871 2318 3941 spiritu
2349 3872 2746 3928 combustionis
2783 3871 3019 3928 Joannes
3049 3874 3293 3946 Baptista
3334 3878 3388 3932 in
3427 3877 3726 3950 Evangelio

2123 3960 2492 4032 loquebatur:
2526 3963 2640 4035 Ego
2683 3982 2772 4020 vos
2821 3967 3026 4038 baptiso
3076 3969 3130 4023 in
3180 3985 3324 4040 aqua
3357 3987 3374 4025 :
3403 3974 3496 4042 qui
3548 3983 3724 4026 autem

2121 4065 2236 4126 post
2257 4071 2339 4110 me
2367 4058 2521 4122 venit,
2549 4073 2636 4112 vos
2662 4059 2946 4130 baptizabit
2975 4061 3026 4115 in
3060 4059 3262 4132 Spiritu
3288 4075 3474 4118 sancto
3500 4074 3544 4118 et
3579 4067 3723 4136 igne.

2121 4148 2203 4203 Ex
2233 4159 2340 4220 quo
2375 4151 2636 4208 discimus
2661 4154 2786 4222 quia
2822 4154 2986 4209 homo
3011 4163 3219 4210 tantum
3250 4171 3456 4228 aquam
3505 4158 3726 4224 tribuat,
3777 4206 3780 4208 γ

2124 4239 2270 4296 Deus
2299 4253 2483 4297 autem
2514 4243 2776 4314 Spiritum
2807 4257 3076 4312 sanctum,
3117 4263 3226 4318 quo
3268 4250 3471 4304 sordes
3499 4250 3726 4305 abluun-

2125 4345 2242 4402 tur,
2268 4344 2322 4394 et
2359 4338 2637 4408 sanguinis
2668 4334 2892 4408 peccata
2933 4351 3238 4414 purgantur
3268 4343 3330 4411 -ξε,
3366 4343 3514 4398 Ecce
3563 4345 3727 4398 habes

2123 4426 2214 4480 hic
2253 4437 2595 4483 sacramenta
2646 4430 2922 4486 Ecclesiae.
2973 4433 3071 4488 Hic
3115 4433 3545 4489 demonstratur
3591 4447 3726 4489 cate-

2125 4520 2409 4575 chumenis
2435 4521 2565 4591 quid
2604 4538 2791 4578 amare
2825 4525 3076 4592 debeant,
3110 4536 3168 4581 ut
3201 4538 3412 4598 septem
3461 4531 3723 4586 mulieres

2126 4626 2244 4682 qua:
2271 4613 2744 4682 apprehenderunt
2772 4615 2946 4671 virum
2978 4633 3144 4672 unum
3170 4637 3182 4672 :
3217 4630 3270 4675 et
3295 4622 3432 4691 quid
3460 4626 3725 4693 proﬁciat

2124 4705 2205 4759 eis
2228 4706 2546 4773 haptismns,
2579 4707 2631 4762 id
2659 4715 2762 4774 est,
2791 4717 2849 4764 ut
2875 4725 2973 4780 per
3005 4713 3258 4782 spiritum
3295 4713 3496 4782 iudicii
3541 4727 3599 4770 et
3633 4735 3730 4788 per

2123 4794 2374 4864 spiritum
2417 4797 2811 4855 combustionis
2856 4802 3066 4857 minora
3113 4814 3167 4859 et
3219 4807 3465 4861 maxima
3500 4820 3727 4878 peccata

2089 4897 2442 4956 purgentur.
2474 4888 2647 4956 Quam
2694 4893 2944 4961 sequitur
2992 4896 3291 4964 canticum,
3352 4897 3522 4952 Vinea
3573 4899 3726 4968 facta

2124 4990 2219 5047 est,
2254 4981 2306 5035 in
2334 4995 2442 5052 quo
2485 4985 2796 5040 continetur
2826 5001 3229 5048 sacramentum
3279 4991 3610 5066 Synagogme.
3670 4997 3730 5050 Si

2091 5094 2096 5100 ·
2122 5074 2283 5130 modo
2311 5089 2420 5130 non
2450 5086 2534 5131 est
2566 5077 2848 5152 Synagoga
2879 5081 3166 5150 conjuncta
3197 5085 3314 5140 viro
3342 5086 3591 5155 Christo,
3623 5093 3735 5143 erit

2091 5218 2094 5222 .
2123 5184 2244 5223 cum
2269 5168 2548 5238 plenitudo
2572 5173 2812 5243 gentium
2840 5175 3149 5232 intraverit.
3181 5179 3413 5249 Propter
3459 5183 3579 5237 haec
3618 5185 3732 5240 dmi

2091 5269 2490 5332 sacramenta,
2519 5263 2570 5317 id
2599 5271 2704 5330 est,
2739 5265 2993 5323 Ecclesia:
3018 5276 3074 5324 et
3103 5269 3424 5343 Synagogze,
3454 5283 3588 5328 orat
3633 5292 3730 5328 sa-

2123 5353 2568 5420 cerdos,diccns,
2602 5356 2764 5425 Deus,
2796 5361 2886 5431 qui
2931 5377 3024 5415 nos
3071 5363 3142 5416 ad
3193 5362 3568 5420 celebrandum
3632 5388 3733 5438 pd.-

2118 5443 2296 5498 schule
2331 5441 2712 5500 sacramentum
2738 5451 3008 5522 utriusque
3047 5450 3366 5513 Testamenti
3390 5458 3610 5528 paginis
3647 5462 3734 5512 in-

2118 5538 2303 5605 struis,
2324 5539 2392 5592 da
2423 5540 2568 5593 nobis
2591 5541 2877 5611 intelligere
2911 5545 3324 5598 misericordiam
3355 5557 3527 5602 tuam.
3556 5551 3734 5616 Quod

2086 5629 2309 5685 ~doctor
2333 5631 2541 5695 docuit,
2575 5632 2627 5688 id
2666 5640 2767 5696 est,
2798 5635 3172 5690 remissionem
3217 5647 3574 5707 peccatorum
3625 5660 3731 5697 ac-

2091 5724 2299 5794 cipere
2326 5734 2514 5795 gentes
2545 5741 2642 5796 per
2669 5726 3158 5800 Christianitatem,
3183 5738 3238 5784 et
3264 5729 3551 5786 Judalcam
3601 5745 3738 5806 pte~

427 5799 535 5860 hoc
558 5801 704 5859 videt
724 5817 793 5859 ex
822 5805 1029 5879 atl‘ectu
1062 5809 1348 5882 doctrinm.
1378 5811 1516 5868 Istas
1569 5814 1704 5874 duas
1749 5816 2020 5878 lectiones
2093 5817 2264 5890 ‘bem,
2287 5835 2408 5893 quae
2448 5821 2605 5877 vinea
2633 5821 2832 5880 dicitur
2855 5821 3517 5910 Soreth,_quando’lucrit
3543 5799 3742 5908 vinea

2978 5932 3088 5962 ..χ
