3978 6530
200 472 330 540 1057.

932 471 1020 538 ne
1058 477 1612 565 accusamus
1647 478 1936 539 ornans
1971 480 2151 567 unm
2184 481 2273 567 1v.
2313 511 2384 567 -έ
2418 475 2548 537 LIB.
2587 469 2630 537 i.

3275 483 3432 550 i033.

194 571 658 668 Dciiiini’Sabaoth
708 593 899 654 domus
958 597 1146 685 Israel,
1178 598 1383 663 idest,
1412 596 1495 685 vir
1517 595 1731 654 videns
1754 595 1811 658 Α
1833 597 2038 666 apertis
2069 597 2412 654 sermonibus
2439 593 3020 682 disputat..Audiamus
3062 605 3192 674 quid
3226 608 3436 685 dicautj

188 685 458 749 Dominum,
487 684 589 739 hoc
612 694 732 739 orat
760 677 1031 753 sacerdos,
1056 697 1116 746 ut
1139 692 1387 747 eamdem
1416 679 1728 744 misericor—
1791 687 2203 757 'catechumeni
2251 696 2374 758 post
2429 679 2854 746 admenitionem
2912 689 3150 752 doctoris
3199 697 3412 756 :Sicut

187 769 324 842 diam,
349 791 440 846 per
482 791 642 845 quam
680 775 740 832 iit
775 779 1045 848 remissio,
1076 781 1341 852 intelligat
1370 781 1642 846 Ecclesia,
1672 789 1728 836 et
1827 797 2008 838 cervus
2055 782 2317 837 desiderat
2363 780 2433 835 ad
2481 781 2651 851 fontes
2697 798 2977 852 aquarum,
3020 786 3098 840 ita
3145 789 3410 850 desiderat

182 861 304 926 dicat
327 887 339 923 :
367 866 590 923 Ostende
618 870 792 937 nobis,
827 871 1077 941 Domine,
1101 875 1514 931 misericordiam
1554 885 1720 928 tuam.

180 960 388 1016 Tertium
416 961 609 1030 pedem
640 977 840 1019 mensa:
867 967 1227 1037 requiramus.
1275 968 1440 1024 Dicat.
1477 968 1619 1023 Beda
1668 967 1724 1022 in

175 1067 267 1123 quo
294 1059 342 1106 et
365 1067 525 1123 supra
560 1070 572 1106 :
605 1053 959 1129 Tropologica
995 1057 1071 1130 (id
1100 1068 1200 1123 est,
1234 1053 1479 1133 moralis)
1522 1053 1722 1116 locutio

172 1145 229 1200 ad
255 1147 632 1206 institutionem
661 1157 716 1203 et
737 1151 1134 1208 correctionem
1158 1168 1390 1218 morum,
1419 1154 1532 1210 sive
1565 1169 1723 1226 aper-

172 1238 231 1292 tis
255 1239 355 1292 sive
388 1237 633 1310 ﬁguratis
661 1242 874 1312 prolata
913 1248 1278 1314 sermonibus,
1313 1249 1554 1320 respicit.

226 1330 318 1385 Fas
346 1339 427 1386 est
455 1342 514 1388 ut
545 1344 830 1406 postquam
855 1338 1001 1394 docti
1032 1339 1233 1395 fuerint
1256 1341 1628 1396 catechumeni
1655 1342 1721 1398 de

163 1424 458 1494 purgatione
492 1425 771 1499 baptismi,
797 1429 1139 1487 instruantur
1172 1433 1238 1487 de
1281 1431 1543 1488 moribus.
1578 1432 1722 1488 Dicit

161 1515 306 1570 lectio
334 1529 523 1587 quarta
561 1533 574 1574 :
607 1519 801 1576 Audite
831 1523 1102 1579 audientes
1139 1541 1244 1590 me,
1264 1534 1312 1580 et
1357 1525 1608 1579 comedite
1631 1528 1721 1579 bo-

159 1623 287 1671 num,
310 1618 352 1661 et
381 1607 722 1665 delectabitur
742 1613 799 1666 in
824 1615 1172 1670 crassitudine
1193 1617 1372 1671 anima
1399 1627 1586 1671 vestra.
1621 1617 1716 1671 In-

154 1696 327 1777 clinate
376 1717 557 1756 aurem
612 1713 839 1758 vestram
857 1745 873 1771 ,
899 1715 947 1760 et
978 1707 1142 1762 venite
1171 1707 1240 1762 ad
1273 1725 1354 1762 me
1383 1722 1401 1760 :
1430 1707 1645 1775 Audite,
1670 1719 1718 1764 et

152 1790 264 1871 vivet
307 1793 484 1848 anima
523 1807 690 1851 vestra
709 1838 725 1865 ,
751 1807 797 1852 et
822 1799 1012 1869 [etiam
1038 1801 1302 1856 vobiscum
1329 1812 1542 1872 pactum
1583 1819 1720 1858 sem-

143 1883 418 1953 piternum,
448 1887 839 1945 misericordias
865 1891 1038 1947 David
1069 1894 1260 1964 ﬁdelis.
1293 1894 1448 1962 Quod
1480 1897 1554 1951 ita
1590 1896 1719 1953 Hie-

1825 875 2002 930 anima
2023 892 2138 930 mea
2168 874 2238 929 ad
2260 884 2328 938 te,
2352 874 2517 929 Deus.

1894 966 2048 1034 Quod
2075 966 2510 1038 Augustinusita
2547 984 2559 1021 :
2588 966 2657 1022 Et
2685 967 2900 1038 quidem
2927 987 3036 1028 non
3065 971 3210 1027 male
3247 973 3408 1030 intel-

1821 1058 2028 1130 ligitur,
2043 1075 2233 1115 vocem
2256 1074 2376 1114 esse
2401 1074 2588 1114 eorum
2610 1059 2702 1129 qui
2733 1074 2858 1115 cum
2877 1062 2985 1116 sint
3007 1063 3403 1132 catechumeni,

1821 1151 1890 1207 ad
1917 1151 2146 1222 gratiam
2178 1151 2355 1207 sancti
2385 1150 2588 1207 lavacri
2620 1152 2904 1207 festinant.
2931 1153 3085 1211 Unde
3116 1165 3171 1212 et
3204 1157 3403 1214 solem-
3433 1201 3436 1204 .

1820 1244 1964 1299 niter
1992 1253 2246 1300 cantatur
2273 1245 2362 1300 hic
2391 1245 2653 1316 psalmus,
2683 1254 2742 1300 ut
2765 1246 2837 1300 ita
2865 1247 3173 1303 desiderent
3198 1248 3404 1308 fontem
3435 1290 3438 1293 -

1819 1334 2158 1402 remissionis
2197 1342 2581 1407 peccatorum,
2629 1337 3084 1406 quemadmodum
3135 1339 3409 1398 desiderat

1820 1441 2013 1482 cervus
2047 1428 2113 1483 ad
2157 1427 2339 1485 fontes
2389 1443 2674 1499 aquarum.
2729 1427 2905 1486 Sitivit
2947 1431 3127 1486 anima
3173 1450 3289 1488 mea
3333 1436 3404 1491 ad

1817 1517 1990 1574 Deum
2017 1521 2208 1576 vivum.
2233 1519 2388 1578 Unde
2409 1521 2502 1594 qui
2531 1537 2694 1594 supra
2723 1540 2736 1575 :
2767 1520 2910 1590 Quid
2938 1523 3146 1579 sitivit?
3179 1524 3407 1594 Quando
3440 1581 3442 1584 ,

1819 1609 2054 1676 veniam,
2093 1619 2150 1665 et
2179 1613 2451 1683 apparebo
2476 1622 2602 1668 ante
2633 1612 2830 1670 faciem
2857 1613 2974 1670 Dei.
3005 1614 3120 1672 Hoc
3147 1625 3236 1672 est
3260 1621 3405 1689 quod

1821 1699 1968 1768 sitio,
1997 1702 2190 1758 venire
2222 1711 2277 1759 et
2323 1720 2609 1776 apparere.
2662 1703 2800 1760 Sitio
2852 1706 2908 1761 in
2945 1709 3406 1780 peregrinatione,

1820 1791 1947 1848 sitio
1976 1793 2030 1847 in
2052 1809 2240 1862 cursu,
2265 1797 2508 1853 satiabor
2540 1798 2594 1853 in
2634 1798 2890 1856 adventu.
2925 1797 3031 1854 Sed
3058 1801 3275 1869 quando
3310 1817 3405 1857 ve-

1819 1884 2006 1940 niam?
2035 1886 2190 1954 Quod
2220 1889 2366 1944 enim
2396 1890 2562 1944 citum
2583 1895 2668 1945 est
2693 1890 2823 1957 Deo,
2851 1892 3062 1947 tardum
3088 1901 3173 1948 est
3195 1893 3432 1949 deside-.

143 1989 394 2046 ronymus
420 1979 474 2033 in
495 1981 689 2037 eodem
717 1982 854 2039 Isaia
884 2003 897 2039 :
934 1984 1126 2042 Sermo
1154 1987 1371 2045 divinus
1417 2006 1524 2045 non
1592 2005 1711 2046 car-

1817 1976 1916 2032 rio.
1948 1975 2176 2043 Quando
2211 1979 2416 2034 veniam
2466 1990 2514 2036 et
2557 1982 2818 2054 apparebo
2859 1992 2980 2037 ante
3035 1982 3222 2052 faciem
3268 1983 3407 2040 Dei?
3441 1981 3446 1985 ’

137 2069 217 2122 nis
247 2068 353 2124 illis
387 2071 552 2139 bona,
576 2074 668 2129 sed
711 2076 906 2131 animae
929 2078 1236 2147 pollicetur.
1273 2078 1333 2135 Si
1362 2081 1507 2136 enim
1534 2083 1718 2138 audie-

138 2159 243 2213 ritis
274 2177 356 2214 me
382 2159 518 2220 bona
540 2173 694 2220 teme
722 2167 1020 2234 comedetis,
1050 2169 1165 2224 sive
1197 2169 1421 2238 bonum,
1439 2171 1531 2241 qui
1557 2171 1712 2238 dicit,

134 2253 241 2326 Ego
267 2272 388 2310 sum
411 2267 596 2328 pastor
618 2259 781 2315 bonus
797 2301 812 2326 ,
838 2270 887 2315 et
915 2260 1257 2317 delectabitur
1277 2264 1333 2318 in
1357 2264 1505 2321 bonis
1556 2275 1604 2320 et
1657 2266 1712 2320 in

133 2347 478 2404 crassitudine
524 2351 703 2406 anima
755 2362 947 2409 vestra.
999 2354 1142 2428 Ergo
1187 2357 1331 2413 bona
1363 2374 1484 2430 qua:
1517 2359 1714 2416 animm

130 2444 458 2514 repromissa
488 2454 635 2512 sunt,
665 2461 775 2502 non
807 2447 1010 2503 divitiae
1038 2456 1093 2514 et
1123 2451 1370 2520 corporis
1406 2452 1636 2518 sanitas,
1659 2461 1715 2509 et

129 2539 298 2594 saeculi
327 2539 651 2610 dignitates,
686 2557 808 2612 quas
853 2543 1022 2598 etiam
1074 2545 1380 2618 philosophi
1437 2548 1716 2620 appellant

125 2629 515 2701 inditi‘erentia,
545 2635 597 2690 id
623 2643 729 2702 est,
763 2652 866 2692 nec
888 2636 1033 2694 bona
1057 2654 1159 2703 nec
1183 2640 1414 2707 mala,et
1433 2657 1533 2714 pro
1555 2651 1712 2700 uten-

125 2725 252 2782 tium
279 2727 553 2798 qualitate
593 2730 900 2797 variantur,
932 2733 1028 2789 sed
1059 2733 1154 2789 illa
1187 2734 1455 2791 credenda
1487 2745 1616 2791 sunt
1644 2738 1712 2792 ad

122 2835 236 2890 qua:
263 2821 522 2876 hortatur
551 2823 724 2878 Deus:
749 2823 970 2880 Declina
998 2843 1032 2880 a
1055 2825 1218 2894 malo,
1243 2837 1290 2882 et
1318 2816 1404 2897 {ac
1424 2828 1637 2895 bonum,
1657 2837 1713 2885 et

121 2912 341 2987 reliqua.
377 2912 514 2970 Haec
539 2915 657 2970 vult
702 2917 899 2974 docere
929 2919 1021 2989 qui
1073 2919 1236 2988 dicit,
1267 2921 1460 2977 Audite
1488 2924 1712 2980 audien-
1763 2989 1769 2994 _

119 3014 188 3059 tes
210 3021 295 3060 me
313 3047 330 3072 ,
357 3016 423 3063 ut
484 3007 722 3064 declinet
745 3011 1171 3069 catechumenos
1199 3029 1232 3070 a
1258 3014 1416 3072 malis
1443 3017 1708 3086 moribus,

114 3104 163 3151 et
192 3096 367 3154 iaciat
407 3096 612 3168 bonos;
645 3110 702 3159 et
739 3099 937 3161 iterum
970 3120 985 3160 :
1015 3107 1358 3181 Derelinquat
1383 3111 1574 3182 impius
1599 3112 1711 3167 vias

116 3204 258 3257 suas,
287 3202 338 3256 et
368 3194 456 3249 vir
491 3196 706 3268 iniquus
752 3199 1098 3270 cogitationes
1147 3219 1302 3271 suas,
1333 3214 1384 3261 et
1421 3219 1714 3265 revertatur

111 3283 174 3337 ad
203 3283 526 3340 Dominum.
579 3286 736 3345 Sicut
782 3291 975 3363 primm
1008 3295 1130 3351 dum
1180 3295 1442 3355 lectiones
1484 3310 1710 3372 propter

1817 2082 1886 2124 ex
1934 2067 2026 2124 illo
2082 2069 2353 2128 desiderio
2397 2081 2482 2128 est
2535 2080 2591 2128 et
2642 2074 2748 2128 hoc
2776 2077 2920 2145 quod
2956 2074 3226 2130 clamatur
3252 2077 3401 2144 alibi,

1820 2155 1992 2232 Unam
2021 2160 2148 2230 petii
2182 2179 2213 2215 a
2248 2161 2498 2231 Domino,
2523 2164 2660 2219 hanc
2690 2167 2954 2238 requiram
2976 2207 2990 2232 ,
3025 2177 3081 2221 ut
3118 2168 3404 2223 inltabitem
3441 2209 3446 2221 .

1814 2251 1872 2307 in
1895 2245 2049 2309 domo
2071 2253 2288 2310 Domini
2307 2273 2400 2328 per
2420 2273 2597 2313 omnes
2618 2258 2728 2313 dies
2753 2260 2870 2323 vita:
2890 2277 3039 2315 meae.
3057 2260 3251 2318 Totum
3275 2279 3408 2319 ana-

1815 2345 2063 2417 gogicum
2091 2356 2270 2403 sonat.
2302 2347 2542 2420 ldipsum
2568 2351 2894 2421 deprecatur
2919 2353 3197 2420 sacerdos,
3222 2364 3282 2410 ut
3311 2357 3405 2426 qui

1813 2437 1953 2495 festa
1988 2439 2267 2511 paschalia
2313 2442 2546 2513 agimus,
2591 2442 2910 2501 caulestibus
2967 2445 3258 2501 desideriis
3311 2462 3407 2504 ac-

1814 2529 1984 2595 censi,
2017 2527 2222 2585 fontem
2254 2531 2380 2586 vitae
2404 2531 2673 2588 sitiemus.
2701 2531 2850 2589 inter
2875 2534 2992 2590 haec
3042 2536 3148 2592 duo
3191 2537 3404 2594 cantica

1813 2636 1924 2677 non
1957 2632 2043 2678 est
2067 2622 2232 2681 lectio
2257 2626 2588 2692 necessaria,
2617 2617 2765 2698 quia.
2789 2626 2871 2700 (ut
2895 2629 3266 2703 praediximus)
3309 2631 3406 2700 qui

1815 2713 1872 2768 in
1892 2714 2050 2770 bonis
2073 2716 2318 2772 moribus
2338 2732 2492 2772 mora
2501 2725 2607 2783 tur,
2627 2727 2796 2776 restat
2822 2727 2879 2775 ut
2898 2720 3146 2776 cmlestia
3174 2731 3406 2777 tantum-

1814 2807 1974 2864 modo
1998 2808 2158 2876 sciat,
2191 2809 2441 2882 quamvis
2477 2822 2703 2884 pr0pter
2731 2815 3114 2871 convenientia
3152 2816 3404 2873 lectionis

1814 2911 1870 2960 et
1891 2890 2120 2963 duorum
2149 2908 2494 2966 canticorum
2510 2947 2526 2977 ,
2551 2909 2670 2966 sine
2697 2909 2868 2967 altera
2906 2909 3139 2969 lectione
3163 2925 3406 2986 congrue

1813 2994 2234 3074 coniungantur.
2755 3025 2758 3027 λ

2420 3091 2650 3151 CAPUT
2678 3093 2799 3150 XX.

2344 3183 2426 3243 De
2445 3187 2649 3243 duobus
2673 3189 2851 3245 cereis.
3143 3205 3146 3208 ’
3445 3228 3451 3236 .

1884 3276 2131 3337 Diximus
2144 3293 2365 3337 cereum
2382 3289 2768 3338 consecratum
2779 3280 2983 3340 Christi
3006 3281 3404 3342 humanitatem
3499 3349 3501 3352 ,

111 3377 442 3435 nistoricam
474 3381 850 3439 narrationem
882 3385 1284 3444 concluduntur
1333 3406 1444 3446 uno
1467 3366 1704 3460 cantico,
1735 3366 1783 3432 α
1813 3368 2119 3443 δθθίὸηπθν
2149 3387 2260 3442 qu”
2290 3372 2497 3427 "um"
2521 3387 2622 3442 Ρτο
2657 3371 2912 3450 solum“
2955 3373 3098 3443 igni“
3139 3374 3230 3428 cui
3277 3385 3452 3432 mn“

105 3467 182 3524 sic
213 3469 327 3525 ista
363 3486 476 3526 una
525 3470 789 3527 dilatatur
835 3475 890 3529 in
934 3477 1179 3543 duobus,
1205 3489 1431 3550 propter
1459 3483 1600 3546 duas,
1622 3495 1712 3540 res

102 3558 203 3616 sibi
236 3562 666 3634 conjungentes,
696 3565 906 3636 scilicet
937 3583 1120 3625 mores
1145 3569 1318 3626 bonos
1343 3581 1400 3627 et
1431 3572 1710 3631 caelestem

93 3656 375 3724 patriam.
415 3655 568 3712 Unde
590 3656 864 3728 Propheta
891 3677 904 3714 :
938 3661 1132 3717 Anima
1150 3663 1267 3733 ejus
1279 3665 1344 3720 in
1363 3665 1512 3721 benis
1533 3667 1712 3722 demo-

91 3750 343 3813 rabitur,
380 3758 432 3804 et
456 3767 632 3804 semen
656 3750 770 3821 ejus
792 3751 1122 3811 kwreditabit
1153 3765 1370 3822 terram.
1401 3757 1470 3815 Et
1494 3773 1633 3830 pene
1653 3761 1709 3816 in

83 3839 400 3912 aliquibus
430 3841 780 3911 reperiuntur
805 3845 997 3900 eadem
1029 3846 1083 3901 in
1112 3849 1343 3904 canticis
1382 3865 1505 3919 quae
1537 3851 1594 3906 in
1628 3852 1709 3907 le-

83 3933 307 3988 ctione.
341 3931 491 3987 Dicit
512 3931 672 3990 lectio
701 3952 716 3988 :
746 3933 940 3992 Omnes
959 3937 1212 4004 sitientes,
1233 3942 1401 3995 venite
1423 3941 1492 3996 ad
1508 3959 1707 4015 aquas;

80 4025 400 4105 canticum
421 4025 572 4092 dicit,
601 4025 776 4082 Sitidit
806 4031 985 4085 anima
1011 4049 1129 4086 mea
1174 4033 1244 4087 ad
1291 4032 1461 4090 Deum
1509 4035 1709 4105 fontem

81 4102 294 4173 vivum.
325 4115 524 4174 Lectio
543 4118 709 4174 dicit:
736 4117 955 4176 Feriam
988 4123 1252 4180 vobiscum
1277 4136 1490 4195 pactum
1511 4102 1710 4200 sempi-

78 4222 314 4270 ternum
358 4215 758 4270 misericordias
802 4215 974 4272 David
1021 4218 1524 4287 fidelis;canticum
1552 4223 1707 4292 dicit,

79 4305 234 4362 Deus
265 4306 465 4377 ﬁdelis
491 4308 547 4361 in
581 4323 684 4380 quo
732 4323 840 4364 non
881 4320 956 4364 est
997 4311 1274 4382 iniquitas.
1320 4311 1507 4369 Lectio
1534 4315 1708 4371 'licit:

77 4397 153 4452 Et
187 4398 488 4470 quomodo
516 4400 782 4455 descendit
824 4401 1012 4466 imber,
1043 4413 1090 4456 et
1117 4403 1208 4457 nia:
1231 4403 1296 4459 de
1315 4404 1474 4472 creto,
1510 4416 1556 4461 et
1583 4406 1711 4462 illuc

75 4485 233 4540 ultra
281 4502 412 4540 non
440 4487 738 4554 revertitur,
762 4487 853 4541 sed
893 4487 1117 4542 inebriat
1146 4500 1374 4557 terram,
1401 4501 1448 4546 et
1475 4493 1711 4563 infundit

74 4594 224 4646 eam,
261 4589 330 4636 et
372 4579 590 4648 reliqua
617 4597 631 4646 ;
658 4582 930 4637 canticum
962 4583 1114 4650 dicit,
1146 4585 1344 4640 Audiat
1373 4573 1516 4642 terra
1560 4588 1709 4643 verba

68 4672 187 4726 oris
219 4675 371 4740 mei,
406 4684 733 4743 exspectetur
751 4675 887 4730 sicut
916 4676 1095 4748 pluvia
1136 4678 1402 4752 eloquium
1441 4699 1637 4750 meum,
1659 4692 1708 4738 et

67 4764 437 4820 descendant
463 4767 597 4822 sicut
621 4783 704 4822 ros
727 4769 878 4823 verba
901 4784 1037 4824 mea.

135 4857 398 4925 Quibus
425 4857 480 4914 in
511 4858 694 4913 verbis
720 4859 1029 4928 evangelica
1063 4861 1314 4918 doetrina
1351 4874 1707 4934 monstratur,
1756 4890 1759 4891 ν

63 4963 252 5018 quam
287 4958 570 5021 precatur
596 4950 785 5005 doctor
823 4949 1033 5006 infundi
1057 4962 1221 5023 super
1265 4955 1706 5023 catechumenos,

55 5050 282 5111 postea
337 5042 614 5098 admonet
639 5050 700 5096 ut
726 5056 836 5096 non
869 5041 1098 5109 sileant,
1130 5043 1425 5114 dicantque
1473 5047 1604 5115 quid
1654 5048 1709 5101 in

58 5135 252 5189 corde
288 5133 575 5198 habeant,
622 5141 676 5188 et
726 5132 900 5189 dicit:
929 5127 1064 5188 Date
1111 5134 1558 5206 magniﬁcentiam
1597 5136 1709 5192 Deo

52 5236 298 5291 nostra,
335 5232 408 5281 et
449 5224 677 5294 reliqua.
709 5222 828 5280 iam
859 5233 988 5281 sunt
1034 5225 1092 5282 in
1139 5227 1256 5296 ipso
1306 5226 1533 5284 introitu
1581 5229 1710 5285 ostii

52 5315 488 5387 baptismalis.
521 5315 654 5372 Orat
683 5317 970 5384 sacerdos,
999 5317 1092 5388 qui
1119 5318 1288 5373 sentit
1315 5334 1384 5374 ex
1420 5317 1710 5376 devotione

45 5412 254 5467 animi
301 5418 550 5466 vocatos
593 5426 689 5467 eos
735 5425 858 5467 esse
895 5427 926 5466 a
970 5412 1221 5478 Domino,
1249 5412 1562 5468 continuam
1591 5424 1712 5483 pro-

48 5507 446 5570 tectionem,
474 5503 704 5560 dicendo
730 5522 745 5559 :
777 5503 1015 5559 Concede
1035 5505 1311 5576 propitius,
1339 5514 1394 5560 ut
1421 5521 1551 5577 quos
1572 5521 1710 5576 aqua

41 5596 457 5668 baptismatis
497 5595 690 5662 abluis,
731 5597 980 5652 continua
1025 5598 1344 5665 protectione
1387 5597 1605 5652 tuearis.
1649 5596 1710 5652 in

40 5699 296 5760 quarto
340 5691 573 5746 cantico
620 5699 902 5746 teneamus
948 5700 1203 5762 quartum
1252 5691 1442 5762 pedem
1487 5706 1709 5747 mensas.

1807 3460 2089 3532 junximus
2117 3463 2402 3519 lectiones.
2430 3463 2647 3519 Etenim
2684 3447 2829 3520 illius
2854 3464 3035 3536 lumen
3076 3465 3280 3522 Christi
3306 3467 3405 3524 dot

1814 3556 2050 3612 ctrinam
2084 3555 2286 3627 signat,
2310 3557 2404 3627 qui
2451 3565 2537 3614 est
2561 3555 2686 3614 fons
2723 3557 2903 3615 omnis
2941 3557 3256 3627 sapientiai;
3309 3557 3407 3616 illo

1815 3647 2333 3704 catechumeuorum
2371 3648 2608 3705 tenebras
2633 3650 2874 3721 expulsae
2905 3659 3052 3707 sunt.
3077 3651 3180 3718 Qui
3209 3660 3404 3710 cereus
3447 3681 3451 3707 ;

1813 3738 1936 3793 ideo
1977 3755 2118 3795 novo
2163 3739 2287 3812 igne
2318 3741 2655 3809 accenditur,
2691 3751 2752 3800 ut
2797 3743 3045 3816 designet
3078 3743 3280 3801 Christi
3308 3744 3405 3802 ἀοι

1813 3830 2044 3886 ctrinam
2082 3846 2298 3898 novam,
2335 3848 2458 3903 quae
2489 3842 2575 3890 est
2610 3835 2667 3891 in
2696 3833 2848 3893 Novo
2874 3835 3254 3904 Testamento,
3283 3839 3401 3894 sive

1813 3939 2010 3980 novam
2035 3927 2269 3998 gratiam
2299 3939 2403 3998 qua
2447 3928 2717 3987 illustrata
2763 3938 2848 3987 est
2896 3947 3006 3988 nox
3051 3932 3405 4005 singulariter

1813 4016 2128 4085 Dominica,
2163 4019 2413 4078 videlicet
2457 4022 2660 4080 Christi
2707 4027 3126 4083 resurrectione.
3168 4027 3405 4084 Additur

1812 4111 1976 4167 etiam
2009 4114 2064 4168 in
2091 4112 2274 4171 libello
2300 4126 2605 4173 memorato
2625 4119 2766 4174 alter
2793 4131 3002 4185 cereus,
3031 4121 3126 4176 ubi
3158 4122 3397 4177 dicitur:

1811 4202 1882 4258 Et
1902 4213 2026 4259 tunc
2048 4205 2421 4263 illuminantur
2440 4211 2546 4264 duo
2578 4212 2734 4277 cerei,
2749 4213 3044 4268 tenentibus
3069 4213 3275 4270 duobus
3296 4230 3402 4270 na-
3442 4227 3444 4229 '

1812 4298 1984 4364 (ariis,
2006 4307 2064 4354 et
2095 4299 2320 4370 reliqua.
2351 4300 2462 4357 Nos
2495 4317 2628 4358 vero
2670 4304 2816 4358 hunc
2855 4304 3105 4359 ordinem
3151 4305 3405 4376 diligenti

1812 4403 1942 4443 cura
1978 4389 2226 4446 volumus
2252 4391 2566 4458 observare,
2595 4394 2852 4463 quoniam
2880 4395 3128 4452 Christus
3157 4397 3252 4453 tua
3280 4413 3404 4454 uera

1811 4499 1928 4553 quae
1964 4482 2230 4540 illuminat
2270 4503 2476 4541 omnem
2507 4486 2769 4542 hominem
2809 4490 3100 4544 venientem
3147 4491 3205 4546 in
3257 4491 3403 4547 hunc

1812 4574 2264 4641 mundum,dixit
2308 4577 2477 4632 choro
2521 4577 2931 4648 apostolorum:
2980 4577 3080 4635 Vos
3123 4581 3251 4636 estis
3304 4579 3402 4637 lus

1812 4669 2014 4722 mundi.
2045 4667 2129 4724 Sit
2161 4682 2353 4725 cereus
2399 4680 2751 4727 consecratus
2777 4672 2831 4726 in
2880 4670 3084 4728 Christi
3133 4686 3402 4744 persons;

1814 4760 1884 4814 sit
1919 4761 2058 4817 alter
2105 4777 2320 4829 cereus,
2352 4763 2690 4820 illuminatus
2715 4778 2748 4818 a
2776 4763 2956 4834 primo
2981 4777 3159 4828 cereo,
3191 4765 3400 4822 chorus

1815 4851 2186 4921 apostolorum
2223 4872 2235 4908 :
2268 4854 2487 4924 utrique
2515 4854 2626 4909 sint
2647 4854 2704 4908 in
2731 4853 2962 4909 ecclesia
2983 4894 2997 4919 ,
3031 4855 3249 4923 utrique
3271 4854 3407 4924 pm
3442 4869 3446 4874 ‘

1815 4947 2012 5002 cedant
2036 4948 2462 5002 catechumenos
2486 4953 2708 5000 nostros
2731 4945 2801 4999 ad
2824 4945 3174 5015 baptismum,
3199 4958 3407 5015 praeco

1813 5039 1946 5094 dant
1971 5055 2071 5095 nos
2099 5041 2165 5095 ad
2192 5051 2396 5094 terram
2436 5036 2839 5108 promissionis.
2881 5036 3090 5093 Christi
3131 5037 3407 5108 apostolo-

1813 5147 2042 5204 rumque
2070 5134 2460 5188 constitutione
2504 5129 2923 5205 diligentissima
2969 5147 3101 5187 cura
3141 5133 3406 5188 debemus

1809 5229 2121 5284 observare.
2151 5227 2257 5282 Per
2281 5241 2340 5282 se
2369 5226 2621 5284 Christus
2649 5227 2918 5283 illuminat
2945 5225 3267 5292 Ecclesium,
3285 5224 3406 5280 illu-

1811 5322 1984 5377 minat
2013 5329 2066 5377 et
2092 5337 2191 5392 per
2215 5321 2509 5392 apostolos.
2552 5319 2707 5379 Unde
2734 5321 3071 5394 Augustinus
3104 5321 3170 5375 ad
3201 5317 3404 5373 Janua-

1810 5419 1974 5485 rium,
1997 5417 2212 5488 quando
2241 5417 2290 5471 ei
2320 5417 2543 5487 exponit
2569 5431 2668 5471 cur
2697 5429 2797 5470 nos
2833 5412 3008 5484 jejuni
3032 5413 3406 5490 communice-

1810 5525 1954 5576 mus,
2000 5523 2124 5565 cum
2182 5508 2412 5580 apostoli
2472 5522 2579 5562 non
2635 5505 2807 5577 jejuni
2856 5503 3403 5562 communicaverint.

1813 5601 2057 5673 Namque
2083 5599 2354 5662 Salvator,
2379 5598 2702 5669 inquit,quo
2728 5595 3102 5652 vehementius
3128 5605 3407 5682 commen-
3437 5599 3440 5602 ’

1816 5693 1970 5749 daret
1996 5692 2240 5763 mysterii
2276 5689 2420 5745 illius
2449 5686 3082 5755 altitudinem,ultimum
3105 5687 3210 5744 hoc
3233 5683 3409 5742 Voluit

39 5779 222 5840 Beda
264 5785 342 5841 in
385 5785 580 5840 eodem
617 5800 879 5857 anagoge,
903 5786 958 5841 id
991 5796 1097 5852 est,
1123 5799 1314 5842 sensus
1337 5785 1404 5842 ad
1430 5787 1716 5856 superiora
1814 5785 2039 5858 inﬁgere
2065 5785 2321 5841 cordibus
2343 5790 2398 5836 et
2425 5780 2703 5836 memoria:
2724 5778 3132 5851 discipulorum,
3155 5795 3186 5835 a
3207 5777 3408 5861 quibus
3442 5815 3444 5817 ›

39 5875 344 5942 ducens,
387 5875 590 5933 locutio
617 5888 845 5948 estquae
885 5878 952 5934 de
997 5879 1236 5949 praemiis
1287 5879 1514 5945 futuris,
1542 5889 1597 5934 et
1624 5894 1712 5946 ea,

1817 5881 1882 5936 ad
1914 5881 2222 5951 passionem
2254 5877 2535 5948 digressus
2563 5883 2681 5931 erat
2713 5894 2724 5929 :
2753 5884 2812 5932 et
2842 5876 2965 5933 ideo
2993 5891 3101 5933 non
3145 5873 3410 5947 prem-cpit

39 5983 200 6051 quae
237 5971 328 6033 in
373 5970 546 6031 scortis
586 5980 673 6039 est
712 5971 1083 6045 vitulinum,
1135 5974 1251 6033 sive
1302 5974 1552 6048 mysticis
1601 5973 1718 6033 sive
1818 5991 1927 6053 quo
1951 5975 2210 6044 deinceps
2235 5973 2428 6033 ordine
2451 5981 2762 6032 sumeretur
2779 5979 2843 6033 ut
2855 5969 3126 6048 apostolis
3144 5984 3243 6043 per
3263 5967 3446 6040 quos'
