3978 6468
511 461 651 538 t'oso

1535 465 1868 525 AMALARII
1906 427 2339 520 russeum
2357 428 2360 429 ί
2380 423 2722 516 METENSIS

3638 447 3784 511 1040

509 591 788 651 Ecclesias
814 589 1179 659 dispositurus
1205 595 1340 652 erat,
1366 592 1611 641 servaret
1629 581 1777 637 hunc
1802 579 2001 635 locum.
2028 577 2087 634 In
2115 583 2167 642 Α
2190 593 2327 653 quos
2353 587 2446 633 aut
2471 589 2634 633 sexus
2680 574 2736 628 in
2787 583 3035 642 corpore,
3084 577 3178 626 aut
3217 578 3349 626 etas
3399 569 3687 627 discernit
3732 574 3786 630 in

511 685 720 741 duabus
757 681 1118 737 varietatibus
1145 679 1660 736 catechumenorum
1707 672 1957 728 doctores
2009 669 2092 723 in.

511 776 873 840 troduximus,
906 773 959 829 id
1002 781 1118 838 est,
1171 772 1226 825 in
1274 776 1466 840 quarta
1513 764 1648 820 feria
1693 773 1818 835 post
1861 760 2092 816 mediam

510 867 1021 941 Quadragesimam,
1050 867 1105 919 in
1145 878 1251 934 qua
1276 861 1423 916 docti
1454 868 1580 914 sunt
1609 855 1676 910 de
1708 853 1811 908 ﬁde
1835 861 1890 908 et
1930 851 2094 906 mori-

507 961 613 1017 bus
654 977 667 1012 :
705 968 760 1012 et
789 958 842 1011 in
872 956 1130 1012 hodierna
1179 953 1282 1018 die,
1319 967 1424 1022 qua
1473 947 1769 1020 perfectius
1817 946 2094 999 instruun-

512 1061 622 1108 tur.
657 1051 714 1105 In
741 1051 827 1105 his
850 1049 1059 1104 duabus
1088 1046 1444 1100 varietatibus
1489 1059 1595 1097 non
1645 1055 1768 1095 reor
1815 1040 2092 1093 doctorum

509 1144 724 1199 variare
762 1142 1084 1203 doctrinam,
1120 1155 1242 1193 cum
1279 1154 1346 1192 ex
1376 1136 1461 1191 his
1502 1133 1711 1189 duobus
1749 1132 1857 1184 vita
1907 1136 2093 1184 nostra

511 1234 765 1304 pendeat.
793 1232 946 1288 Unde
969 1231 1094 1286 dicit
1124 1229 1267 1284 Beda
1305 1230 1359 1282 in
1400 1227 1538 1280 libro
1576 1224 1641 1278 de
1675 1220 2088 1277 Tabernaculo:

513 1327 636 1382 Vita
672 1335 856 1380 nostra
879 1325 934 1378 in
959 1323 1210 1394 praesenti
1239 1322 1340 1376 ﬁde
1362 1331 1416 1375 et
1441 1318 1758 1390 operatione
1785 1323 1930 1370 recta
1964 1329 2096 1369 cou-

513 1415 675 1471 sistit.
740 1414 1036 1484 Propterea
1087 1412 1349 1467 hodierna
1400 1409 1487 1463 die
1541 1407 1808 1477 repetitur
1857 1404 2095 1459 doctoris

512 1523 668 1579 opus,
699 1517 760 1562 ut
784 1506 830 1561 si
861 1506 1001 1560 forte
1024 1519 1122 1576 per
1143 1503 1477 1559 oblivionem
1520 1499 1786 1569 dilapsum
1815 1507 1918 1564 est,
1952 1497 2095 1567 quod

511 1601 643 1656 olim
671 1601 975 1656 didicerunt
998 1599 1372 1655 catechumeni
1400 1604 1495 1651 aut
1545 1595 1591 1651 si
1641 1595 1807 1666 aliqui
1857 1592 2096 1649 nondum

513 1691 899 1758 interfuerunt,
933 1691 1093 1749 hodie
1121 1691 1332 1762 plenius
1366 1689 1726 1745 instruantur.

1099 1805 1327 1862 CAPUT
1366 1804 1507 1859 XXI.

513 1895 594 1952 De
620 1899 1057 1968 pronuntiatione,
1084 1897 1365 1968 lectionum
1393 1898 1448 1950 in
1475 1895 1663 1966 vigiliis
1693 1892 1917 1948 Pascha:
1945 1902 1992 1947 et
2040 1892 2098 1946 in

1012 1967 1200 2036 vigiliis
1256 1967 1604 2020 Pentecostes.

587 2059 783 2115 Tribus
806 2061 1092 2132 generibus
1123 2059 1456 2113 subditorum
1495 2059 1765 2113 debitores
1794 2071 1980 2112 sumus
2017 2055 2099 2110 lo-

517 2150 612 2220 qui
652 2150 705 2204 in
747 2150 996 2216 ecclesia,
1041 2149 1249 2204 scilicet
1304 2149 1666 2220 sapientibus,
1698 2157 1752 2204 et
1796 2147 2100 2218 insipienti-

514 2239 638 2305 bus,
670 2250 724 2296 et
753 2242 1063 2296 domesticis
1102 2240 1323 2296 nostris.
1371 2239 1447 2294 De
1496 2239 1829 2310 sapientibus
1874 2247 1929 2292 et
1975 2237 2101 2292 insi-

514 2331 788 2403 pientibus
816 2332 1053 2401 loquitur
1074 2330 1272 2386 Paulus
1297 2330 1365 2384 ad
1391 2331 1668 2386 Romanos
1697 2345 1711 2383 :
1741 2327 2095 2400 Sapientibus,

515 2422 711 2490 inquit,
742 2433 790 2476 et
819 2422 1180 2492 insipientibus
1219 2422 1422 2476 debitor
1471 2439 1607 2476 sum.
1657 2422 1734 2476 De
1789 2420 2100 2475 domesticis

517 2515 648 2570 dicit
673 2517 741 2570 ad
765 2515 1107 2570 Corinthios:
1133 2513 1338 2570 Prwter
1356 2514 1449 2569 illa
1471 2532 1588 2586 qua:
1608 2515 1930 2569 extrinsecus
1955 2521 2098 2578 sunt,

515 2607 770 2661 instantia
809 2624 923 2662 utea
979 2608 1288 2679 quotidiana
1323 2608 1622 2663 sollicitudo
1659 2609 1893 2662 omnium
1919 2605 2102 2661 Eccle—

517 2700 738 2754 siarum.
769 2699 873 2755 Per
893 2701 1147 2755 instantia
1176 2688 1486 2772 quotidiana
1509 2735 1524 2768 ~,
1548 2717 1668 2772 qua:
1704 2709 1863 2757 vocat
1901 2700 2102 2756 solliei-

517 2792 763 2847 tudinem
785 2794 1024 2848 omnium
1046 2793 1430 2861 Ecclesiarum,
1449 2795 1594 2850 illam
1619 2795 1922 2850 doctrinam
1951 2807 2103 2848 mon—

520 2893 661 2940 strat
687 2902 847 2956 quam
879 2888 1120 2957 quotidie
1141 2886 1377 2943 faciebat
1397 2887 1464 2941 ad
1485 2903 1579 2944 eos
1606 2888 1696 2959 qui
1721 2903 1902 2945 secum
1924 2901 2103 2942 mora-

519 2976 741 3032 bantur.
775 2977 962 3032 Status
990 2979 1185 3044 noctis,
1209 2978 1264 3034 in
1285 2994 1391 3048 quo
1418 2979 1647 3052 legimus
1675 2979 1830 3050 quasi
1850 2977 2104 3048 insipien-

519 3067 688 3134 tibus,
720 3077 990 3124 monstrat
1017 3070 1182 3125 corda
1205 3070 1597 3142 insipientium,
1641 3071 1839 3140 quibus
1882 3083 2104 3124 necesse

521 3169 609 3217 est
628 3161 1040 3217 utextrinsecus
1065 3160 1246 3217 lumen
1272 3162 1524 3217 habeant.
1551 3161 1820 3232 Utrosque
1842 3161 2104 3216 habemus

441 3271 450 3276 ί
521 3252 581 3310 in
613 3253 843 3312 ecclesia
869 3263 1149 3320 nostra,et
1177 3255 1448 3326 sapientes
1477 3262 1533 3309 et
1555 3253 1888 3324 insipientes.
1915 3251 2104 3307 Melius

521 3345 668 3401 enim
705 3345 958 3401 convenit
987 3346 1408 3401 catechumenos
1449 3343 1753 3413 comparari
1798 3341 2103 3413 insipienti-

518 3435 626 3495 bus
662 3450 826 3506 quam
874 3435 1227 3506 sapientibus.
1270 3434 1498 3504 Propter
1529 3435 1670 3490 hanc
1710 3427 2109 3505 pronuntiatio;

525 3543 677 3594 nem,
707 3543 868 3598 quam
897 3527 1127 3583 facimus
1152 3527 1209 3582 in
1255 3527 1454 3598 vigiliis
1498 3526 1726 3583 Pascha:
1762 3535 1818 3583 et
1848 3526 2106 3582 Penteco-

523 3629 656 3687 stes,
690 3621 792 3676 ista
835 3622 1123 3691 tangimus,
1154 3628 1214 3675 ut
1242 3621 1556 3676 noverimus
1584 3636 1753 3692 quare
1799 3620 1957 3676 aliter
1985 3635 2109 3691 pro-

523 3713 807 3769 nuntietur
832 3713 886 3767 in
915 3713 1092 3768 ofﬁcio
1122 3713 1301 3769 missa:
1331 3722 1387 3768 et
1417 3712 1575 3768 aliter
1606 3712 1710 3768 isto
1737 3711 1933 3768 cilicio.
1979 3712 2110 3779 Quae

525 3805 576 3860 si
598 3802 859 3859 Dominus
888 3803 1116 3868 dederit,
1142 3803 1354 3872 plenius
1386 3803 1581 3859 dicturi
1626 3818 1815 3858 sumus
1855 3803 1908 3856 in
1934 3800 2110 3857 ofﬁcio

527 3894 761 3949 diurnali
781 3903 837 3949 et
861 3892 1181 3947 nocturnali.
1219 3892 1454 3963 Propter
1477 3894 1778 3949 c:ecitatem
1811 3893 1992 3948 cordis
2019 3909 2112 3947 ca-

528 3985 998 4052 techumenorum,
1029 3985 1121 4054 qui
1154 3993 1279 4040 sunt
1309 3985 1650 4056 insipientes,
1681 3984 2112 4053 comparavimus

527 4078 792 4136 lectiones
813 4094 1002 4135 eorum
1023 4079 1185 4135 statui
1213 4079 1420 4145 noctis;
1457 4087 1518 4133 ut
1539 4079 1591 4133 in
1615 4086 1772 4134 nocte
1797 4079 2115 4149 pronuntia-

531 4184 624 4230 tur
658 4174 837 4242 lectio,
885 4176 959 4230 ita
1011 4176 1392 4247 pronuntietur
1436 4176 1491 4230 in
1526 4176 1814 4246 praesentia
1855 4175 2112 4231 catechu-

529 4280 837 4321 menorum.
869 4265 1012 4320 Dicit
1041 4265 1253 4321 libellus
1270 4267 1337 4321 de
1365 4281 1474 4336 quo
1501 4281 1642 4337 saepe
1668 4267 2111 4332 memoravimus,

531 4358 625 4428 qui
652 4357 892 4413 continet
927 4357 1230 4412 Romanum
1261 4357 1541 4414 Ordinem.
1585 4357 1702 4414 Non
1731 4358 2116 4430 pronuntiatur

531 4448 692 4504 lectio
717 4451 842 4504 libri
862 4448 1109 4515 Genesis,
1127 4466 1227 4505 nec
1256 4449 1418 4505 lectio
1440 4451 1562 4506 libri
1587 4451 1780 4514 Exodi,
1795 4450 2042 4505 similiter
2063 4456 2118 4504 et

535 4539 603 4592 de
631 4540 864 4594 caeteris.
897 4539 955 4593 Si
981 4541 1126 4593 enim
1149 4542 1254 4595 hoc
1293 4542 1633 4606 observatur,
1666 4543 1806 4597 hanc
1832 4540 1989 4596 nobis
2037 4540 2118 4594 vi-

535 4628 694 4682 detur
739 4644 897 4699 posse
926 4630 1128 4685 habere
1168 4634 1436 4687 rationem
1480 4649 1494 4687 :
1535 4636 1616 4689 eis
1654 4637 1747 4704 qui
1783 4643 2117 4706 cognoscunt

533 4719 681 4774 cives
709 4719 944 4776 caelestis
960 4720 1316 4786 Hierusalem,
1339 4731 1397 4776 ut
1411 4723 1699 4793 sapientes,
1720 4725 2113 4794 pronuntiandi

536 4820 664 4866 sunt
702 4812 864 4868 iidem
904 4821 963 4867 ut
1011 4828 1197 4868 amore
1246 4813 1570 4881 dulcedinis,
1603 4815 1835 4871 nominis
1865 4816 2000 4871 civis
2031 4816 2114 4871 sui

536 4904 747 4959 avidius
776 4904 936 4959 lectio
959 4904 1196 4959 bibatur:
1231 4904 1296 4959 Hi
1327 4920 1493 4970 νει-ομ
1516 4905 1571 4960 id
1596 4916 1678 4962 est
1720 4907 2113 4973 catechumeni,

536 4995 628 5063 qui
667 4994 901 5049 nondum
942 5002 1308 5064 cognoverunt
1336 4995 1482 5050 cives
1524 4995 1885 5062 Hierusalem,
1916 4995 2115 5053 frustra

536 5084 616 5140 eis
645 5084 915 5155 profertur
950 5094 1139 5138 auctor
1166 5085 1516 5156 incognitus,
1559 5088 1754 5156 quibus
1802 5087 2114 5144 ﬁrmissima

536 5178 834 5233 auctoritas
853 5177 1110 5233 vilescere
1141 5187 1319 5247 potest
1345 5195 1442 5249 per
1464 5180 1846 5248 ignorantiam.

1107 5269 1334 5325 CAPUT
1386 5270 1547 5326 XXII.

1146 5363 1224 5418 De
1259 5366 1500 5419 canticis.

609 5451 760 5518 Esto,
785 5455 1155 5510 catechumeni
1180 5455 1235 5508 in
1261 5457 1510 5525 proximo
1535 5455 1702 5511 futuri
1729 5466 1855 5511 sunt
1881 5459 1948 5513 de
1975 5465 2118 5514 cm‘u

540 5554 760 5600 centum
805 5547 1162 5618 quadraginta
1207 5558 1440 5617 quatuor
1484 5548 1731 5613 millium,
1773 5551 1864 5619 qui
1895 5557 2118 5604 cantant

539 5636 812 5691 canticum
844 5655 1060 5704 novum,
1092 5641 1233 5710 quod
1257 5657 1417 5696 nemo
1441 5651 1620 5713 potest
1649 5643 1850 5706 dicere,
1881 5642 1982 5696 nisi
2005 5641 2114 5696 ille.

541 5723 650 5780 Pro
675 5726 765 5782 illo
792 5739 1041 5796 precatur
1069 5747 1099 5786 a
1142 5733 1423 5788 sacerdote
1451 5734 1504 5788 in
1542 5733 1982 5790 Sacramentario
2015 5752 2026 5786 :
2063 5741 2119 5788 et

541 5821 605 5866 ut
641 5814 709 5869 ab
742 5815 1085 5875 immaculato
1116 5821 1282 5875 divini
1315 5822 1480 5878 fontis
1509 5833 1665 5880 utero
1711 5827 1766 5880 in
1805 5816 1999 5880 novam
2033 5833 2119 5880 re-

540 5913 704 5961 natus
742 5914 1090 5996 creaturam,
1122 5913 1404 5999 progenies
1449 5914 1686 5977 caelestis
1731 5926 2006 5991 emergat;
2065 5925 2163 6000 et.

1818 6067 1886 6086 «ιι-δ
1977 6062 2081 6086 Job

2192 683 2457 742 tempore,
2479 681 2666 724 omnes
2695 667 2751 720 in
2776 679 2940 720 unam
2971 664 3147 734 pariat
3172 664 3344 735 gratia
3375 672 3558 719 mater
3604 661 3787 720 infan-

2193 766 2345 820 tiam.
2378 762 2445 817 Et
2465 761 2518 816 in
2547 758 2902 830 sequentibus
2927 776 2939 811 :
2964 756 3034 812 Ut
3059 757 3234 812 omnis
3261 757 3424 812 homo
3452 757 3564 812 hoc
3593 772 3785 812 sacra-

2191 868 2430 916 mentum
2461 854 2888 928 regenerationis
2933 853 3240 925 ingressus,
3270 855 3323 907 in
3345 869 3494 908 verae
3525 854 3788 908 innocen-

2196 952 2283 1007 tia:
2306 965 2500 1004 novam
2539 945 2820 1002 infantiam
2876 955 3210 1001 renascatur.
3254 944 3490 1016 Propter
3539 945 3784 998 futuram

2196 1042 2598 1099 renovationem
2646 1040 2700 1094 in
2744 1054 2931 1094 veram
2978 1040 3343 1095 innocentiam
3369 1079 3385 1105 ,
3422 1039 3579 1109 jam,
3633 1037 3783 1108 quasi

2195 1133 2394 1189 factum
2417 1133 2488 1189 sit
2519 1131 2662 1202 quod
2688 1132 2797 1186 cito
2827 1139 2911 1186 est
2936 1138 3244 1195 venturum,
3269 1146 3334 1186 ex
3366 1145 3608 1200 persona
3641 1131 3782 1198 ipso-

2195 1242 2312 1281 rum
2338 1233 2518 1281 cantat
2543 1233 2734 1279 cantor
2759 1223 2970 1279 cantica
3009 1239 3129 1294 qttte
3174 1223 3356 1279 caueri
3400 1238 3518 1278 non
3565 1233 3783 1293 possunt

2195 1327 2434 1381 cantare,
2465 1317 2556 1386 qui
2598 1315 2851 1371 maculati
2888 1323 3014 1370 sunt
3063 1323 3186 1386 post
3230 1324 3449 1369 uterum
3494 1313 3777 1383 baptismi;

2195 1419 2253 1466 ut
2289 1410 2447 1464 lectio
2485 1409 2551 1463 sit
2588 1409 2709 1474 ista,
2737 1408 2878 1464 sicut
2907 1407 3064 1463 nobis
3092 1407 3338 1471 videtur,
3369 1406 3535 1476 quasi
3581 1406 3780 1476 species

2196 1500 2583 1571 magistrorum
2625 1517 2638 1553 :
2673 1507 2729 1553 et
2759 1497 3052 1563 canticum,
3077 1496 3232 1566 quasi
3270 1495 3660 1551 benevolentia
3697 1511 3780 1549 au-

2196 1592 2430 1648 ditoris:
2473 1599 2528 1646 et
2553 1591 2727 1646 oratio
2761 1589 3062 1644 sacerdotis
3097 1597 3258 1658 atque
3311 1586 3528 1657 p0puli,
3574 1586 3664 1657 qui
3709 1600 3780 1640 re-

2199 1688 2494 1758 spondent,
2527 1684 2719 1750 Amen,
2753 1665 3096 1740 conﬁrmatio
3144 1680 3514 1751 praecedentis
3563 1678 3778 1734 benevo-

2199 1779 2400 1834 lentiae.
2426 1777 2660 1832 Cantare
2685 1775 2852 1831 solius
2877 1783 2962 1830 est
2995 1774 3050 1828 in
3078 1779 3377 1842 conspectu
3414 1771 3635 1826 Domini
3661 1787 3782 1841 gau-

2202 1873 2329 1928 dere
2367 1885 2476 1942 prae
2508 1869 2721 1925 caeteris
2750 1868 2816 1923 de
2862 1867 3197 1932 innocentia,
3224 1881 3333 1936 qua
3385 1865 3582 1936 procul
3629 1863 3780 1918 dubio

2126 1951 2174 2010 B
2201 1962 2508 2018 vestiuntur
2530 1960 2770 2014 infantes
2811 1960 2866 2013 in
2913 1958 3202 2028 baptismo.
3253 1956 3521 2023 Quamvis
3567 1963 3780 2027 prepter

2200 2062 2418 2112 cantum
2454 2051 2668 2107 cantica
2695 2051 2800 2105 dici
2826 2056 3073 2120 possunt,
3113 2056 3296 2102 tamen
3332 2047 3388 2102 in
3439 2046 3604 2101 libris
3645 2044 3778 2100 unde

2201 2147 2303 2202 ista
2331 2155 2585 2215 excerpta
2626 2150 2784 2208 sunt,
2815 2141 3058 2197 carmina
3095 2146 3191 2194 aut
3233 2139 3442 2193 cantica
3491 2146 3776 2192 vocantur.

2200 2238 2279 2293 De
2306 2236 2484 2308 primo
2524 2235 2786 2305 scriptum
2816 2241 2935 2286 est:
2965 2230 3112 2285 Tunc
3138 2230 3319 2284 cecinit
3344 2227 3554 2299 Kayser
3597 2238 3652 2281 et
3677 2227 3782 2296 ﬁlii

2202 2329 2374 2387 Israel
2411 2346 2622 2384 carmen
2665 2327 2761 2381 hoc
2805 2325 3056 2389 Domino,
3101 2333 3150 2378 et
3199 2323 3441 2382 dixerunt,
3476 2319 3779 2374 Cantemus

2202 2424 2450 2479 Domino.
2489 2421 2564 2476 De
2591 2419 2829 2476 secundo
2856 2419 2932 2473 ita
2965 2417 3169 2472 Isaias:
3195 2413 3415 2469 Cantabo
3445 2411 3640 2465 dilecto
3663 2427 3782 2464 meo

2202 2518 2463 2572 canticum
2483 2511 2733 2585 patruelis
2758 2511 2860 2566 mei
2883 2511 3042 2565 vinea:
3061 2525 3190 2563 sua’.
3218 2505 3374 2561 Vinea
3402 2505 3544 2574 facta
3569 2513 3781 2568 est,etc.

2203 2607 2282 2663 De
2305 2609 2464 2664 tertio
2489 2607 2559 2661 ita
2583 2606 2637 2660 in
2664 2601 3082 2660 Deuteronomio
3101 2621 3113 2654 :
3133 2599 3354 2669 Scripsit
3382 2596 3598 2667 Moyses
3622 2597 3782 2649 canti-

2203 2722 2322 2761 cum
2349 2705 2445 2759 hoc
2484 2712 2530 2756 et
2570 2701 2748 2756 docuit
2795 2699 2934 2770 ﬁlios
2978 2695 3169 2753 Israel.
3219 2695 3490 2762 Quartum
3544 2691 3782 2763 quamvis

2202 2814 2311 2855 non
2348 2795 2707 2868 praetituletu'r
2732 2793 2786 2847 in
2827 2791 3091 2848 Psalterio
3135 2789 3203 2845 de
3245 2787 3486 2850 cantico,
3520 2795 3699 2839 tamen
3723 2783 3782 2837 ab

2202 2891 2505 2964 Augustino
2530 2888 2647 2944 viro
2677 2884 2993 2942 doctissimo
3022 2883 3285 2938 habemus
3334 2878 3474 2934 illud
3521 2877 3780 2933 canticum

2205 2984 2564 3041 nominatum.
2591 2980 2683 3037 Sic
2703 2979 2849 3035 enim
2874 2977 3091 3048 scripsit
3139 2976 3195 3031 in
3222 2972 3554 3046 praefatione
3580 2969 3780 3032 cantici,

2206 3075 2356 3132 Sicut
2401 3090 2579 3129 cervus
2607 3086 2625 3125 :
2658 3071 2887 3142 Corpus,
2919 3067 3112 3138 inquit,
3153 3063 3361 3121 Christi
3407 3061 3652 3118 Ecclesia
3688 3067 3776 3120 est,

2202 3181 2306 3223 nec
2346 3167 2402 3220 in
2437 3165 2688 3220 omnibus
2710 3162 2803 3232 qui
2831 3161 3037 3216 intrant
3075 3159 3130 3214 in
3159 3156 3493 3222 Ecelcsiam,
3530 3155 3782 3209 invenitur

2207 3257 2314 3314 tale
2341 3255 2701 3321 desiderium;
2757 3254 2852 3310 sed
2891 3262 3072 3308 tamen
3107 3250 3425 3320 quicunque
3476 3248 3783 3303 suavitatem

2207 3350 2421 3406 Domini
2445 3355 2818 3420 gustaverunt,
2844 3356 2900 3404 et
2943 3345 3086 3418 quod
3115 3345 3194 3401 eis
3223 3344 3391 3415 sapit,
3413 3348 3713 3414 agnoscunt
3738 3337 3786 3391 in

2210 3442 2444 3500 cantico.

2784 3530 3012 3588 CAPUT
3042 3527 3228 3586 XXIII.

2492 3624 2571 3681 De
2603 3625 2704 3681 olei
2733 3626 2977 3680 unctione
2998 3623 3052 3678 in
3073 3621 3290 3676 sabbato
3311 3629 3520 3674 sancto.

2283 3722 2617 3778 Scrutinium
2645 3720 2809 3776 habet
2855 3734 3010 3776 suum
3052 3716 3334 3788 proprimn
3376 3712 3791 3785 opusculum,et

2212 3825 2502 3888 propterea
2561 3828 2662 3868 nos
2708 3819 2920 3883 Oportet
2972 3809 3252 3880 praeterire
3317 3805 3484 3870 illud,
3539 3803 3792 3875 ιιι-πείρης

2214 3905 2337 3974 quia
2375 3905 2488 3974 jam
2518 3902 2643 3957 inde
2687 3909 2969 3972 operatum
3017 3907 3119 3954 est.
3167 3896 3276 3952 Sed
3320 3895 3450 3966 quia
3502 3895 3557 3948 in
3613 3895 3794 3947 itincne

2215 4003 2401 4050 nostra
2449 3991 2770 4048 charissima
2819 3989 3146 4052 invenimus,
3193 3979 3304 4041 non
3341 3997 3628 4054 possumus
3661 3995 3799 4050 pra:-

2217 4086 2382 4141 terire
2406 4099 2490 4150 ea,
2519 4083 2624 4138 nisi
2663 4082 2872 4137 visendi
2919 4081 3094 4153 gratia
3137 4078 3384 4135 osculum
3430 4078 3505 4132 eis
3551 4075 3798 4145 praebea-

2217 4195 2358 4236 mus.
2386 4177 2464 4233 Ac
2485 4192 2582 4249 per
2608 4177 2710 4232 hoc
2742 4175 2871 4230 libet
2894 4189 3044 4230 nunc
3072 4173 3256 4229 dicere
3279 4172 3348 4226 de
3382 4169 3490 4224 olei
3524 4169 3794 4222 unctione.

2217 4271 2428 4326 Dicitur
2459 4270 2513 4324 in
2543 4269 2899 4323 Sacramento
2932 4286 2946 4321 :
2977 4265 3034 4321 In
3060 4265 3288 4321 sabbato
3323 4261 3550 4317 Pascbze
3580 4259 3651 4314 ad
3697 4259 3798 4313 red-

2221 4365 2431 4428 dentes,
2451 4360 2583 4417 dicit
2603 4360 2854 4416 dominus
2873 4374 3012 4430 papa
3034 4366 3156 4429 post
3189 4358 3457 4429 πιστέφειν
3484 4373 3498 4407 :
3523 4352 3710 4408 Primo
3731 4350 3796 4402 di-

2221 4457 2452 4513 cendum
2488 4463 2592 4520 est,
2620 4453 2879 4518 reddant;
2935 4461 2989 4506 et
3015 4459 3220 4523 postea,
3250 4450 3382 4519 quid
3438 4448 3590 4502 dicat
3625 4458 3752 4515 papa
3782 4460 3794 4494 :

2221 4544 2446 4616 Nempe,
2475 4545 2792 4610 lectionem,
2822 4559 2985 4614 quam
3028 4550 3357 4612 acceperunt
3413 4547 3620 4609 quarta
3679 4535 3797 4590 feria

2221 4648 2343 4710 post
2364 4637 2600 4693 medium
2631 4637 3086 4709 Quadragesimaa,
3117 4635 3276 4690 hodie
3307 4633 3572 4688 reddunt.

2293 4730 2436 4799 Papa
2481 4728 2643 4783 inﬁt:
2682 4727 2793 4782 Nec
2843 4738 2891 4782 te
2933 4727 3090 4792 latet,
3125 4725 3365 4790 Satana,
3393 4725 3678 4777 imminere
3722 4721 3802 4773 tibi

2220 4837 2426 4894 plenas;
2450 4828 2504 4874 et
2523 4827 2646 4888 post
2667 4817 2942 4889 paululum
2969 4835 2982 4870 :
3008 4815 3090 4870 Da
3110 4817 3360 4870 honorem
3379 4813 3616 4886 Spiritui
3637 4823 3806 4867 sancte

2221 4911 2512 4986 paracleto,
2536 4921 2584 4966 et
2609 4911 2787 4966 recede
2809 4909 2873 4964 ab
2896 4910 2977 4965 his
3010 4908 3226 4980 famulis
3260 4918 3310 4962 et
3342 4906 3648 4976 famulatus
3681 4905 3809 4966 Dei;

2223 5002 2324 5057 iste
2346 5009 2430 5056 est
2446 5000 2782 5056 exorcismus
2803 5015 2976 5071 papae,
2994 4999 3108 5070 ipse
3130 4999 3411 5069 praecessit
3433 4999 3488 5052 in
3502 4996 3610 5052 olei
3629 5010 3810 5051 conse-

2224 5094 2489 5149 cratione.
2520 5091 2597 5147 De
2633 5107 2738 5162 quo
2761 5090 2940 5146 ofﬁcio
2971 5091 3104 5147 dicit
3126 5089 3425 5160 Gregorius
3450 5088 3502 5142 in
3527 5088 3810 5142 homiliis:

2229 5183 2430 5240 Sancta
2450 5185 2648 5254 quippe
2670 5181 2916 5238 Ecclesia
2938 5182 3177 5252 quotidie
3197 5180 3516 5252 Spiritaliter
3544 5180 3668 5250 agit
3686 5177 3816 5248 quoi

2227 5284 2360 5331 tunc
2385 5290 2483 5344 per
2504 5272 2774 5344 apostolos
2793 5272 3150 5343 corporaliter
3173 5270 3425 5327 faciebat.
3461 5268 3606 5323 Nam
3639 5285 3815 5323 sacer-

2229 5369 2387 5424 dotes
2405 5368 2521 5438 ejus
2533 5382 2654 5421 cum
2675 5381 2771 5436 per
2788 5365 3077 5420 exorcismi
3097 5364 3326 5435 gratiam
3350 5377 3581 5416 "ianum
3598 5362 3822 5417 creden-

2229 5463 2374 5517 tibus
2426 5461 2725 5530 imponunt,
2778 5466 2832 5511 et
2885 5457 3132 5512 habitare
3179 5455 3447 5527 malignos
3489 5456 3734 5524 Spiritus
3777 5455 3825 5506 in

2226 5568 2414 5610 eorum
2443 5561 2624 5607 mente
2679 5550 3083 5614 contradicunt,
3107 5548 3240 5619 quid
3265 5547 3411 5602 aliud
3453 5544 3704 5610 faciunt.

2228 5642 2491 5699 daemonia
2523 5642 2767 5712 ejiciunt.
2810 5639 3071 5710 Sequitur
3095 5640 3151 5694 in
3182 5637 3638 5694 Sacramentario
3665 5659 3679 5691 :
3709 5638 3831 5693 P051

2225 5737 2331 5791 hoc
2353 5734 2526 5804 tangit
2542 5733 2767 5804 singulis
2782 5747 2942 5788 nares
2962 5740 3017 5788 et
3035 5745 3215 5797 aures,
3229 5739 3284 5784 et
3305 5729 3436 5784 dicit
3453 5729 3566 5792 eis,
3581 5729 3836 5801 .Epltpk-

2227 5837 2301 5880 ta.
2330 5825 2479 5880 Istud
2504 5823 2743 5879 ofﬁcium
2764 5823 3100 5894 prmlibatum
3121 5822 3279 5878 estin
3294 5827 3612 5875 memorata
3635 5830 3838 5892 quarta

2224 5916 2392 5997 feria,
2409 5915 2505 5979 sed
2531 5915 2647 5977 fors
2675 5916 2798 5981 ideo
2823 5915 3093 5991 reperitur
3110 5915 3242 5990 quia
3264 5912 3430 5989 aliqui
3450 5912 3724 5974 nondum
3749 5928 3844 5969 re-
