3978 6456
176 446 304 516 to“

173 553 536 629 neraria-sive
567 565 668 626 per
697 551 1080 628 negligentiam
1108 554 1461 627 perdiderunt
1487 553 1749 646 quodac.
1773 555 1828 619 Α

169 659 442 728 ceperunt,
462 648 556 720 qui
584 656 864 704 venerant.

239 744 494 816 Sequitur
522 743 576 797 in
610 743 800 798 eodem
835 741 1312 797 Sacramentario:
1349 740 1547 798 Postea
1576 740 1752 812 tangit

174 842 236 896 de
269 836 386 892 oleo
418 842 612 890 sancto
638 832 889 902 scapulas
923 840 977 888 et
1011 843 1221 904 pectus.
1273 831 1344 888 Ut
1371 831 1746 903 praediximus,

169 935 310 992 istud
337 930 516 986 oleum
548 931 615 985 ad
644 930 844 986 donum
875 931 1063 1000 gratia:
1096 929 1192 984 Dei
1221 929 1484 1000 pertinet,
1533 928 1600 983 de
1640 943 1748 1000 quo

168 1027 376 1084 dicebat
404 1023 646 1079 Paulus:
696 1023 870 1079 Alteri
915 1023 1048 1079 ﬁdes
1092 1023 1146 1077 in
1178 1023 1366 1078 eodem
1403 1021 1616 1092 spiritu.
1663 1021 1747 1078 Ad

165 1128 402 1176 tutamen
437 1117 635 1172 mentis
661 1125 718 1172 et
744 1117 989 1188 corporis
1015 1116 1312 1186 imponitur
1334 1115 1513 1171 oleum
1544 1115 1599 1169 in
1627 1130 1747 1171 sca-

163 1211 298 1282 pulis
326 1218 380 1265 et
411 1217 652 1279 pectore.
704 1207 764 1264 In
807 1209 973 1265 armis
1008 1207 1497 1264 tutaminisolocum
1527 1217 1743 1264 scutum

162 1301 295 1357 solet
323 1310 530 1356 tenere.
579 1299 766 1355 Fidem
814 1301 959 1356 idem
997 1299 1287 1371 Apostolus
1331 1299 1474 1354 inter
1513 1307 1742 1355 casteras

162 1395 389 1450 virtutes
418 1407 519 1463 pro
545 1402 701 1450 scuto
729 1394 905 1464 ponit,
938 1392 1204 1449 dicendo:
1235 1390 1513 1447 Sumentes
1537 1401 1744 1446 scutum

163 1484 302 1553 ﬁdei.
337 1483 446 1540 Per
469 1486 832 1556 cogitationes
861 1500 1060 1556 pravas
1095 1495 1150 1539 et
1180 1499 1344 1554 opera
1371 1483 1616 1540 diabolus
1642 1499 1744 1540 nos

158 1578 487 1646 corrumpit;
532 1586 821 1648 propterea
857 1577 1136 1632 munimur
1160 1575 1282 1631 oleo
1315 1577 1641 1642 exorcismi,
1690 1577 1744 1632 id

155 1674 256 1731 est,
282 1677 442 1722 scuto
467 1666 592 1722 ﬁdei
623 1667 679 1722 in
710 1665 966 1738 scapulis,
991 1683 1112 1739 qua:
1141 1675 1269 1722 sunt
1292 1667 1502 1722 habiles
1529 1667 1597 1722 ad
1621 1682 1746 1738 por-

154 1760 314 1815 tanda
337 1775 530 1827 onera,
553 1775 650 1831 per
669 1775 805 1830 quas
829 1759 1130 1830 intelligere
1158 1774 1450 1829 possumus
1474 1774 1660 1830 opera,
1683 1767 1744 1815 ut

149 1850 375 1920 expulsa
405 1866 570 1922 opera
599 1851 797 1906 diaboli
838 1866 947 1906 non
985 1851 1223 1907 habeant
1253 1851 1430 1907 locum
1458 1851 1738 1907 redeundi.

946 435 1036 494 DE
1072 434 1624 496 ECCLESIASTICIS
1661 435 1947 496 OFFICIIS
1982 435 2160 494 LIBRI
2197 437 2286 497 IV.
2311 425 2402 483 ἶ
2433 440 2563 499 LIB.
2598 428 2639 498 ιζ

3291 445 3432 502 1οη

2415 556 2644 615 CAPUT
2679 556 2870 638 xxrv.

1853 644 2236 719 Comprobatur
2256 667 2320 722 ea;
2341 649 2623 722 Evangelia
2643 666 2794 722 posse
2816 650 3014 706 salvari
3037 655 3439 714 catechumenos

2072 737 2166 790 per
2190 721 2570 790 confessionem
2599 730 2906 776 ceterorum
2935 723 3196 791 ﬁdelium.

1921 827 2196 901 Scriptum
2237 839 2323 887 est
2363 832 2419 886 in
2460 831 2750 906 Evangelio
2791 834 2962 892 Marci
3009 839 3222 895 venisse
3269 842 3438 915 Syro-

1845 919 2182 990 phoenissam
2226 923 2510 980 mulierem
2542 926 2610 981 ad
2635 924 2911 983 Christum
2936 969 2951 995 ,
3003 939 3285 1002 rogantem
3330 951 3434 1006 pro

1848 1011 1990 1080 ﬁlia,
2029 1029 2149 1084 quae
2175 1015 2414 1071 habebat
2441 1017 2692 1087 spiritum
2724 1017 3083 1076 immundum.
3126 1021 3224 1078 Cui
3249 1023 3438 1081 Domi-

1845 1119 1951 1161 nus
1981 1105 2155 1160 dixit:
2193 1105 2322 1162 Sine
2359 1109 2507 1178 prius
2551 1111 2786 1165 saturari
2812 1109 2996 1181 ﬁlios:
3039 1129 3142 1168 non
3183 1115 3320 1168 enim
3358 1127 3436 1172 est

1847 1199 2040 1254 bonum
2080 1216 2285 1254 sumere
2317 1218 2505 1272 panem
2557 1202 2810 1272 ﬁliorum,
2856 1217 2904 1259 et
2946 1206 3149 1263 mittere
3191 1209 3432 1264 canibus.

1845 1290 1912 1345 At
1937 1291 2032 1346 illa
2061 1294 2331 1364 respondet
2350 1335 2366 1359 ,
2405 1304 2452 1348 et
2482 1296 2607 1350 dicit
2637 1298 2682 1351 ei
2709 1311 2727 1348 :
2759 1295 2966 1370 Utique,
2997 1297 3239 1354 Domine.
3289 1301 3438 1358 Nam

1845 1393 1894 1438 et
1923 1383 2097 1439 catelli
2125 1386 2220 1440 sub
2247 1403 2429 1441 mensa
2458 1388 2735 1443 comedunt
2761 1389 2826 1444 de
2853 1391 3001 1446 micis
3028 1408 3333 1462 puerorum.
3363 1393 3434 1449 Et

1845 1478 1920 1530 ait
1957 1477 2077 1531 illi:
2119 1476 2345 1550 Propter
2383 1480 2522 1534 hunc
2559 1497 2848 1538 sermonem
2879 1484 3036 1547 vade,
3080 1486 3206 1538 exiit
3234 1485 3433 1541 da’mo-

1847 1567 1992 1621 nium
2016 1567 2081 1622 de
2107 1568 2222 1637 ﬁlia
2251 1579 2363 1624 tua.
2415 1569 2542 1626 Haec
2578 1571 2772 1626 mulier
2801 1571 3217 1644 Syrophmnissa
3246 1582 3433 1646 typum

1846 1657 2014 1728 gessit
2043 1657 2341 1715 Ecclesia):
2376 1675 2496 1729 qua:
2525 1662 2768 1731 quotidie
2809 1672 2966 1734 rogat
3005 1664 3292 1720 Dominum
3333 1681 3435 1737 pro

1840 1749 1956 1805 "ﬁlia
1982 1767 2102 1816 sua,
2134 1769 2254 1824 qua:
2283 1755 2521 1810 nondum
2546 1765 2630 1811 est
2654 1755 2985 1823 Christiana,
3012 1768 3067 1814 et
3089 1759 3246 1815 oll‘ert
3272 1761 3434 1816 ﬁdem

1844 1859 2000 1900 suam
2023 1860 2120 1916 pm
2142 1845 2282 1916 ipsa,
2309 1847 2564 1916 quoniam
2591 1857 2814 1919 propter
2837 1847 3119 1904 infantiam
3142 1851 3231 1906 illa
3256 1852 3435 1908 adhuc

148 1940 418 1998 Similiter
441 1951 497 1998 et
530 1943 584 1998 in
613 1953 834 2014 pectore
864 1958 964 2012 pro
990 1943 1290 1999 munimine
1325 1943 1734 2014 cogitationum.
1767 1930 1814 1991 B
1842 1953 1948 1992 non
1995 1946 2175 2009 potest
2218 1939 2362 2009 loqui
2390 1982 2405 2006 ,
2457 1957 2621 2011 quam
2662 1951 2841 1996 tamen
2877 1944 3152 1999 credimus
3190 1945 3431 2012 salvari,

146 2030 347 2087 Unctio
374 2031 644 2089 forinseca
674 2033 917 2089 ostendit
959 2034 1090 2104 quid
1136 2035 1284 2088 intus
1329 2043 1586 2104 operetur
1616 2034 1738 2105 Spi-

146 2122 280 2179 ritus
309 2134 534 2181 sanctus
564 2128 632 2181 ad
665 2125 1066 2181 invocationem
1098 2126 1421 2182 sacerdotis.
1472 2126 1539 2181 Et
1567 2127 1730 2182 dicit:

146 2214 504 2272 Abrenuntias
535 2215 786 2282 Satanw,
827 2217 880 2272 id
907 2228 1021 2281 est,
1069 2217 1316 2283 diabolo,
1356 2234 1510 2289 quem
1551 2220 1608 2273 in
1647 2235 1738 2274 ore

145 2304 349 2360 tenebas
397 2323 496 2376 per
541 2307 959 2363 immolationem
1008 2308 1325 2364 idolorum?
1372 2311 1574 2366 lterum
1618 2311 1735 2366 :Et

146 2402 383 2456 omnibus
414 2404 659 2473 operibus
689 2405 805 2474 ejus
830 2405 854 2459 ?
900 2404 1031 2472 Quae
1073 2405 1254 2476 aliqua
1295 2413 1423 2461 sunt
1453 2407 1693 2462 carnalia
1717 2447 1733 2474 ,

144 2495 275 2550 sicut
306 2507 387 2553 est
420 2499 672 2569 voluptas
712 2499 927 2563 carnis,
976 2501 1043 2555 ad
1087 2516 1254 2571 quam
1296 2501 1536 2570 pertinet
1580 2502 1737 2559 cibus

143 2588 466 2658 superﬂuus,
491 2600 545 2645 et
567 2600 748 2661 potus,
771 2601 827 2646 et
851 2592 1030 2647 omnis
1055 2592 1309 2646 luxuria?
1338 2601 1392 2647 et
1419 2593 1599 2663 aliqua
1627 2595 1738 2665 spi-

142 2678 312 2736 ritalia
332 2723 347 2748 ,
381 2684 531 2740 sicut
558 2693 643 2739 est
673 2686 953 2755 superbia,
984 2684 1189 2740 invidia
1221 2694 1278 2741 et
1329 2695 1547 2741 caetera.
1598 2686 1734 2742 Pro-

141 2779 256 2840 pter
281 2774 404 2830 hrec
440 2774 714 2840 carnalia,
759 2783 819 2829 ut
860 2775 1076 2841 absint,
1123 2776 1346 2847 ungitur
1373 2776 1427 2830 in
1455 2778 1732 2848 scapulis:

141 2868 192 2916 et
223 2875 454 2935 propter
479 2865 746 2936 spiritalia
770 2908 784 2931 ,
832 2876 892 2921 ut
934 2866 1117 2920 adsint
1158 2867 1366 2932 menti,
1416 2869 1636 2939 ungitur
1676 2870 1730 2924 in

140 2965 373 3022 pectore.
417 2957 715 3028 Sequitur:
753 2959 820 3014 Et
846 2958 1086 3014 omnibus
1115 2962 1318 3031 pompis
1341 2961 1480 3031 ejus.
1518 2961 1590 3017 Ut
1611 2963 1730 3018 bre-

141 3046 275 3103 viter
310 3051 579 3120 stringam
619 3067 810 3108 omnes
852 3052 1089 3107 honores
1117 3068 1286 3108 vanos
1328 3061 1383 3108 et
1432 3054 1732 3124 superﬂuos

140 3133 224 3192 hic
253 3139 536 3213 intelligo:
589 3142 657 3199 de
697 3142 884 3197 multis
934 3158 1102 3198 unum
1147 3142 1446 3214 proferam.
1502 3143 1730 3212 Quando

141 3223 328 3296 aliquis
366 3232 666 3303 imperator
702 3233 781 3288 vel
822 3241 1015 3305 potens
1055 3232 1212 3290 festis
1249 3235 1442 3292 diebus
1477 3238 1730 3306 procedit

139 3315 201 3367 ad
231 3318 456 3376 missam
478 3363 493 3387 ,
542 3323 760 3378 ducitur
786 3341 911 3379 eum
950 3341 1018 3380 eo
1053 3326 1200 3381 inter
1232 3337 1458 3384 cmteras
1498 3346 1727 3401 pompas

136 3404 444 3473 phaleratus
471 3427 642 3482 equus
670 3429 804 3468 auro
841 3423 895 3468 et
932 3425 1182 3484 argento,
1217 3433 1381 3488 super
1409 3434 1574 3488 quem
1606 3421 1730 3475 nul-

135 3493 216 3552 lus
263 3503 418 3557 sedet
462 3505 640 3559 eundo
682 3513 738 3559 et
778 3506 1078 3561 redeundo.
1136 3506 1276 3562 Ecce
1319 3523 1516 3578 pompa
1543 3550 1558 3574 ,
1601 3525 1731 3566 ecce

133 3583 433 3649 frustratus
464 3593 660 3648 honor.
702 3593 1002 3650 Promissio
1037 3594 1178 3650 facta
1209 3605 1325 3661 est,
1354 3607 1415 3652 ut
1440 3597 1598 3654 ﬁrma
1625 3601 1728 3667 sit,

131 3680 321 3745 gratiae
352 3681 448 3754 Dei
475 3683 630 3753 quasi
661 3685 896 3754 quodam
933 3685 1074 3752 oleo,
1116 3687 1466 3742 tribuendum
1496 3697 1599 3745 est.
1651 3691 1729 3746 De

126 3783 235 3837 qua
265 3753 632 3842 proinissione
661 3776 816 3843 dicit,
850 3777 943 3848 qui
973 3794 1162 3849 supra,
1195 3779 1248 3834 in
1279 3782 1634 3836 memoratis:
1667 3782 1727 3837 In

127 3859 215 3916 die
244 3865 446 3936 quippe
474 3867 850 3938 baptismatis,
895 3871 1152 3927 omnibus
1186 3887 1286 3928 nos
1315 3874 1524 3944 antiqui
1555 3875 1728 3930 hostis

128 3956 386 4023 operibus
431 3968 594 4031 atque
632 3963 886 4019 omnibus
917 3965 1132 4034 pompis
1173 3962 1293 4034 ejus
1338 3965 1728 4025 abrenuntiare

127 4050 498 4115 promisimus.
542 4053 728 4124 Itaque
765 4058 1138 4128 unusquisque
1167 4070 1409 4114 vestrum
1443 4061 1510 4115 ad
1544 4062 1727 4117 consi-

129 4138 466 4202 derationem
497 4163 609 4204 sua:
637 4133 838 4206 mentis
865 4151 1051 4207 oculos
1081 4153 1326 4217 reducat,
1355 4162 1409 4208 et
1437 4155 1514 4209 sic
1541 4164 1725 4210 servat

129 4241 248 4300 post
291 4238 627 4311 baptismum
664 4245 807 4312 quod
853 4254 980 4298 ante
1024 4245 1350 4313 baptismum
1396 4247 1721 4316 spopondit,

131 4334 308 4382 certus
335 4331 462 4401 quia
486 4329 600 4398 jam
631 4331 802 4388 ﬁdelis
827 4344 931 4398 est,
963 4335 1214 4405 gaudeat.
1269 4335 1372 4390 Per
1398 4345 1723 4406 praesentem

132 4414 667 4479 abrenuntiationem
708 4425 968 4494 expulsus
1019 4436 1104 4481 est
1146 4427 1297 4497 prior
1340 4428 1580 4497 hospes?
1625 4444 1725 4499 per

133 4510 526 4570 confessionem
554 4517 900 4574 credulitatis
928 4520 1164 4576 introeat
1193 4523 1483 4576 secundus.
1519 4522 1724 4591 Quam-

131 4597 209 4652 vis
234 4615 360 4670 post
384 4619 761 4664 consecratam
786 4626 980 4682 aquam
1013 4614 1378 4683 interrogetur
1399 4616 1713 4683 credulitas,

134 4695 307 4751 tamen
350 4701 444 4756 hic
479 4716 509 4755 a
545 4703 702 4757 nobis
745 4704 1067 4759 recitabitur
1095 4714 1318 4776 propter
1348 4708 1716 4765 continuatio-

133 4795 248 4840 nem
285 4793 622 4864 expulsionis
669 4795 868 4863 prioris
915 4796 1144 4866 hospitis
1193 4806 1249 4853 et
1295 4799 1716 4858 introductionis

134 4884 369 4940 Secundi.
423 4887 572 4944 Dicit
613 4888 912 4943 sacerdos:
945 4887 1129 4942 Credis
1179 4891 1236 4943 in
1284 4891 1453 4946 Deum
1500 4893 1712 4948 Patrem

137 4973 582 5042 omnipotentem?
626 4977 928 5034 Conﬁtetur
967 4979 1330 5050 interrogatus
1371 4999 1428 5036 se
1468 4984 1712 5040 credere.

135 5050 264 5145 Ecce
293 5070 477 5126 aditus
499 5071 614 5142 jam
644 5080 865 5142 paratus
893 5073 1114 5128 secundi
1146 5074 1378 5144 hospitis
1404 5090 1502 5145 per
1528 5076 1709 5132 ﬁdem.

136 5143 319 5214 Postea
347 5163 743 5235 interrogatus,
779 5165 824 5219 si
857 5165 1044 5220 credat
1077 5166 1128 5220 in
1158 5143 1354 5222 Filium
1380 5143 1714 5240 {respondet

135 5243 352 5307 credere
390 5269 470 5308 se.
523 5253 664 5309 Ecce
707 5254 889 5310 aditus
929 5255 1237 5312 divinorum
1277 5273 1523 5328 operum.
1575 5259 1709 5315 Pro-

137 5339 312 5396 Pl-erea
342 5345 521 5402 factus
549 5356 634 5404 est
661 5347 804 5402 Deus
829 5349 1014 5412 homo,
1049 5359 1108 5404 ut
1135 5366 1234 5406 nos
1264 5351 1462 5422 alloqui
1491 5362 1706 5423 posset,

137 5431 187 5476 ει
207 5443 370 5500 opera
397 5457 512 5497 sua;
531 5443 825 5500 voluntatis
850 5454 1174 5501 monstrare.
1203 5446 1334 5502 Post
1356 5449 1458 5503 hoc
1480 5448 1705 5503 dicitur:

138 5515 312 5608 (indis
337 5535 392 5590 in
423 5535 680 5605 Spiritum
705 5547 946 5592 sanctum
970 5539 996 5593 .’
1028 5538 1338 5608 Respondet
1371 5556 1430 5597 se
1459 5541 1706 5597 credere.

139 5603 376 5708 ΕξΡυιδω
399 5603 625 5699 pompm,
655 5630 980 5702 ad0ptantur
1005 5603 1154 5690 dona
1166 5650 1294 5691 vera
1323 5634 1560 5708 Spiritus
1585 5650 1709 5692 san-

134 5702 228 5774 αίι
253 5727 375 5786 qua
397 5731 680 5781 enumerat
703 5724 890 5781 Isaias.
1218 5724 1228 5731 ’

1832 2027 1989 2096 juxta
2021 2029 2149 2084 illud
2178 2029 2456 2101 Evangelii
2495 2047 2593 2103 per
2621 2048 2930 2089 sermonem
2963 2036 3154 2090 matris
3180 2054 3192 2090 :
3230 2035 3300 2092 Ut
3328 2037 3434 2094 ista

1840 2121 2066 2186 audivit,
2103 2131 2315 2192 propter
2341 2123 2481 2176 hunc
2509 2140 2820 2190 sermonem,
2855 2125 2906 2180 id
2935 2134 3038 2192 est,
3071 2140 3232 2195 quem
3259 2135 3436 2183 mater

1838 2211 2064 2282 protulit
2089 2253 2103 2274 ,
2158 2211 2480 2268 humilitatis
2516 2222 2573 2269 et
2607 2212 2770 2281 ﬁdei,
2823 2217 2994 2272 exivit
3039 2216 3363 2273 daemonium
3401 2233 3434 2274 a

1839 2301 1992 2356 ﬁlia:
2041 2303 2116 2357 ita
2162 2305 2436 2359 credimus
2478 2321 2578 2375 per
2606 2307 2999 2364 confessionem
3038 2310 3433 2380 porrigentium

1839 2393 2102 2451 infantem
2127 2395 2194 2450 ad
2215 2395 2415 2460 fontes,
2439 2398 2636 2468 expelli
2656 2401 2928 2456 dtemones
2947 2416 2977 2455 a
2998 2401 3426 2458 catechumems.

1838 2483 1992 2552 Quod
2023 2485 2128 2540 ﬁde
2162 2487 2356 2542 matris
2395 2487 2598 2543 salvata
2633 2489 2705 2544 sit
2735 2489 2844 2544 ﬁlia
2865 2531 2879 2557 ,
2921 2499 3106 2562 aperte
3145 2491 3431 2549 Matthreus

1837 2583 2046 2641 narrat,
2079 2576 2293 2632 dicente
2322 2577 2552 2634 Domino
2581 2597 2596 2635 :
2647 2580 2692 2634 0
2723 2581 2934 2649 mulier,
2969 2601 3162 2653 magna
3190 2593 3266 2638 est
3297 2584 3431 2654 ﬁdes

1838 2675 1966 2732 tua;
2007 2667 2104 2735 ﬁat
2136 2667 2230 2722 tibi
2259 2669 2396 2723 sicut
2426 2670 2521 2725 vis.
2579 2670 2651 2725 Et
2691 2684 2881 2728 sanata
2925 2685 3002 2729 est
3040 2675 3156 2745 ﬁlia
3187 2675 3330 2731 illius
3365 2694 3432 2732 ea:

1835 2756 1933 2812 illa
1957 2759 2111 2813 hora.
2168 2759 2322 2816 Unde
2348 2761 2614 2820 habemus
2659 2765 2714 2820 in
2764 2766 2904 2823 libro
2939 2767 3097 2823 Beda:
3125 2769 3429 2841 scriptum,

1836 2863 1997 2918 quem
2028 2848 2158 2906 fecit
2181 2867 2346 2922 super
2368 2852 2632 2911 Marcum.
2673 2855 2900 2929 Propter
2923 2860 3206 2926 humilem,
3231 2861 3428 2933 inquit,

1837 2943 2030 2997 matris
2060 2943 2383 3016 ﬁdelemque
2407 2936 2741 3014 sermonem,
2765 2949 2931 3006 ﬁliam
2959 2951 3204 3008 deseruit
3229 2953 3431 3008 daemon

1836 3033 2008 3088 nium.
2064 3035 2167 3092 Ubi
2200 3038 2360 3093 datur
2389 3040 2696 3112 exemplum
2728 3044 3105 3100 catechizandi
3150 3053 3208 3101 et
3245 3044 3425 3116 bapti-

1836 3127 1994 3182 zandi
2028 3126 2297 3197 infantes,
2342 3132 2470 3202 quia
2501 3133 2756 3190 videlicet
2792 3150 2890 3205 per
2921 3136 3081 3192 ﬁdem
3119 3145 3173 3193 et
3209 3139 3426 3194 confes-

1834 3217 2044 3274 sionem
2076 3229 2366 3293 parentum
2414 3223 2468 3278 in
2513 3224 2783 3296 baptismo
2812 3227 3115 3284 liberantur
3149 3245 3179 3283 a
3211 3229 3428 3285 diabolo

1755 3295 1800 3356 C
1832 3310 2082 3378 parvuli,
2112 3313 2204 3382 qui
2232 3314 2464 3368 necdum
2494 3295 2598 3385 per
2619 3333 2680 3372 se
2711 3332 2902 3386 sapere
2927 3319 3012 3373 vel
3043 3320 3248 3390 aliquid
3275 3322 3425 3393 cogi-

1834 3411 1952 3454 tare
1981 3402 2107 3455 boni
2133 3413 2360 3471 possunt
2388 3413 2479 3458 aut
2508 3406 2657 3460 mali.
2693 3407 2770 3460 Ex
2800 3409 2904 3463 hoc
2927 3408 3088 3462 datur
3115 3410 3340 3482 intelligi
3366 3421 3427 3468 ut

1833 3490 2070 3557 adultus,
2105 3493 2195 3561 qui
2227 3502 2406 3562 potest
2435 3495 2612 3565 loqui,
2650 3513 2745 3553 ore
2773 3499 2994 3569 proprio
3023 3500 3425 3558 confessionem

1831 3598 1986 3638 suam
2015 3584 2292 3653 proferat,
2335 3603 2497 3658 quam
2528 3599 2812 3661 propterea
2845 3594 3026 3648 caeteri
3055 3593 3292 3650 offerunt
3323 3611 3426 3667 pro

1830 3674 2094 3745 parvulis,
2125 3678 2252 3746 quia
2285 3679 2386 3749 ipsi
2419 3679 2566 3750 loqui
2597 3697 2702 3736 non
2733 3693 2979 3754 possunt.
3017 3684 3092 3740 De
3119 3700 3224 3756 qua
3255 3701 3315 3741 re
3344 3687 3426 3742 di-

1830 3765 1908 3820 cit
1933 3764 2270 3834 Augustinus
2296 3769 2351 3823 in
2378 3769 2604 3840 epistola
2645 3772 2711 3826 ad
2743 3771 3079 3829 Bonifacium
3109 3775 3423 3848 episcopum

1831 3857 1898 3914 de
1926 3860 2166 3928 parvulis
2194 3863 2601 3932 requirentem:
2657 3864 2865 3933 Qumris
2912 3883 2943 3921 a
2990 3882 3076 3922 me
3115 3877 3296 3924 utrum
3326 3885 3424 3941 pa-

1829 3959 2013 4007 rentes
2051 3953 2345 4023 baptizatis
2384 3956 2625 4026 parvulis
2671 3959 2783 4013 suis
2831 3968 3104 4026 noceant,
3155 3977 3277 4015 cum
3327 3977 3422 4016 eos

1827 4041 2220 4100 daemoniorum
2254 4047 2538 4104 sacriﬁciis
2565 4065 2758 4106 sanare
2785 4053 3092 4106 conantur?
3139 4053 3204 4107 Et
3235 4053 3279 4108 si
3311 4068 3421 4109 non

1829 4145 2085 4200 noceant,
2117 4139 2389 4206 quomodo
2419 4141 2498 4194 eis
2526 4143 2729 4211 prosit,
2766 4158 2889 4197 cum
2921 4143 3287 4214 haptizantur,
3319 4160 3422 4215 pa-

1828 4235 2044 4281 rentum
2068 4228 2220 4294 ﬁdes,
2241 4246 2473 4298 quorum
2502 4233 2582 4287 eis
2610 4249 2715 4286 non
2737 4241 2919 4304 potest
2944 4235 3135 4290 obesse
3157 4234 3424 4305 perﬁdia?

1828 4315 1933 4373 Ubi
1982 4322 2286 4389 respondeo
2329 4330 2537 4376 tantam
2570 4323 2713 4378 illius
2762 4325 3134 4390 sacramenti,
3183 4327 3287 4382 hoc
3335 4336 3421 4383 est

1825 4407 2082 4480 baptismi
2111 4411 2387 4479 salutaris,
2415 4430 2534 4471 esse
2560 4416 2835 4483 virtutem,
2865 4417 2919 4472 in
2943 4429 3133 4474 sancta
3157 4434 3420 4492 compage

1825 4511 2071 4580 corporis
2098 4510 2344 4578 Christi,
2395 4522 2456 4568 ut
2504 4514 2670 4569 semel
2718 4525 3006 4586 generatus
3051 4532 3148 4587 per
3184 4517 3418 4574 aliorum

1823 4607 2096 4662 carnalem
2123 4608 2480 4674 voluntatem,
2513 4627 2636 4666 cum
2667 4613 2834 4666 semel
2870 4622 3218 4684 regeneratus
3249 4613 3420 4669 fuerit

1821 4715 1919 4771 per
1961 4702 2191 4758 aliorum
2236 4704 2537 4773 spiritalem
2577 4705 2950 4770 voluntatem,
3002 4707 3257 4774 deinceps
3304 4723 3414 4762 non

1820 4795 1992 4864 possit
2019 4795 2237 4852 vinculo
2263 4797 2454 4853 alienae
2486 4799 2793 4867 iniquitatis
2818 4798 3106 4869 obstringi,
3144 4800 3230 4852 cui
3266 4798 3413 4853 nulla

1820 4901 1918 4940 sua
1947 4887 2221 4944 voluntate
2245 4890 2540 4944 consensit.
2580 4887 2637 4942 Si
2664 4890 2808 4943 enim
2835 4891 3132 4944 secundum
3159 4902 3411 4948 sanctum

1820 4977 2184 5049 Augustinum
2216 4981 2440 5035 alterius
2465 4979 2744 5036 voluntate
2774 4991 3128 5053 regeneratur
3152 4983 3411 5054 parvulus

1821 5068 1875 5122 in
1904 5071 2193 5140 baptismo,
2245 5070 2376 5124 nulli
2422 5070 2739 5127 incredibile
2768 5073 2929 5129 debet
2960 5089 3102 5141 esse,
3151 5076 3256 5131 nisi
3297 5075 3407 5130 sal-

1815 5170 1973 5217 vetur
2003 5165 2110 5218 ﬁde
2141 5163 2386 5219 alterius.
2441 5163 2558 5220 Non
2603 5166 2748 5221 enim
2786 5176 3004 5236 potest,
3053 5177 3114 5223 ut
3153 5169 3407 5228 omnibus

1815 5252 2020 5323 liquet,
2052 5255 2376 5325 sapientiam
2409 5256 2614 5313 habere
2641 5257 2766 5312 ﬁdei
2803 5257 3006 5320 infans.
3039 5260 3132 5330 qui
3162 5263 3403 5317 nonduin

1815 5347 1956 5418 sapit
1988 5363 2164 5418 neque
2204 5347 2493 5420 intelligit:
2538 5357 2594 5405 et
2631 5349 2725 5419 qui
2771 5364 2915 5415 non,
2959 5348 3118 5420 juxta
3159 5353 3304 5424 quod
3344 5354 3401 5410 in

1812 5451 2061 5511 promptu
2084 5440 2262 5506 video,
2295 5443 2521 5497 multum
2549 5451 2836 5512 separatur
2861 5443 3105 5501 moribus
3133 5461 3166 5500 a
3188 5448 3403 5518 pecori-

1811 5531 1932 5587 bus.
1982 5530 2236 5587 Animam
2265 5532 2432 5587 habet
2457 5531 2738 5602 parvulns,
2767 5547 2888 5602 qua:
2911 5533 3151 5592 viviﬁcat
3177 5546 3398 5610 wrpus,

1813 5640 1978 5697 quam
2009 5625 2175 5680 etiam
2211 5624 2411 5679 habent
2440 5639 2676 5696 pecora:
2716 5627 3036 5682 memoriam
3071 5629 3267 5700 habet,
3301 5635 3398 5691 sed

1814 5719 1960 5775 illam
1996 5733 2159 5790 quam
2202 5732 2401 5789 pecora
2443 5718 2676 5787 habent,
2725 5719 2780 5776 id
2818 5729 2934 5789 est,
2977 5738 3098 5779 eam
3136 5741 3257 5796 quae
3297 5741 3397 5799 per

1813 5825 2034 5868 sensum
2060 5809 2306 5880 corporis
2335 5808 2504 5866 intrat
2532 5810 2599 5866 ad
2626 5809 2903 5868 animam:
2944 5814 3294 5870 nihilominus
3335 5816 3396 5872 in

1813 5901 2026 5960 emcris
2058 5904 2334 5974 openbus,
2375 5911 2635 5975 quantum
2667 5914 3003 5978 segregetur,
3041 5916 3133 5963 aut
3170 5922 3278 5962 non
3307 5920 3395 5961 sc-
