3978 6452
529 378 686 448 ΑΜΒ

1586 382 1910 441 AMALARII
1948 382 2386 444 pessumum
2423 388 2764 467 uersutus

3701 397 3833 473 .10“

546 501 803 570 gregetur
835 497 905 552 ab
943 493 1079 562 illis,
1109 494 1276 556 facile
1311 505 1491 569 potest
1523 500 1765 569 dinosci;
1809 518 1983 572 neque
2021 503 2205 590 hocA
2228 503 2631 583 similitudinem
2655 507 2994 566 credulitatis
3018 509 3366 580 parvulorum
3389 523 3708 581 exercent,
3731 521 3831 590 agi-

544 588 780 662 mirum,
836 589 885 650 si
930 588 1238 648 absolvatur
1281 590 1536 660 parvulus
1585 593 1809 650 alterius
1855 594 1982 660 ﬁde,
2032 587 2140 664 qui

519 675 726 737 ‘alieno
748 688 972 757 peccato
999 679 1271 751 obligatus
1295 690 1400 745 est.
1453 682 1583 751 Quae
1612 699 1775 742 causa
1805 686 1877 742 sit
1905 695 1964 740 ut
1993 686 2126 742 alte-

543 773 663 835 rius
685 774 960 832 voluntate
1001 785 1371 848 regeneretur,
1416 787 1750 840 memoratus
1791 780 2124 852 Augustinus

517 849 614 923 ἰιι
641 868 889 927 eumdem
917 881 1077 940 quem
1116 883 1311 944 supra,
1353 868 1407 924 in
1439 871 1791 941 sequentibus
1818 849 2121 935 monstrat:

542 954 619 1015 Ut
645 964 847 1024 autem,
881 958 1074 1031 inquit,
1101 959 1272 1031 possit
1300 963 1610 1034 regenerari
1641 977 1735 1034 per
1758 963 1996 1027 officium
2026 982 2122 1022 vo—

519 1035 769 1104 ]untatis
798 1049 1022 1118 alienae,
1067 1065 1192 1112 cum
1238 1050 1466 1110 offertur
1505 1057 1940 1125 consecrandus,
1995 1058 2125 1116 facit

538 1139 647 1198 hoc
674 1157 813 1198 unus
843 1139 1097 1214 Spiritus,
1141 1157 1173 1198 a
1211 1159 1321 1215 quo
1349 1154 1703 1216 regeneratur
1727 1147 1960 1207 oblatus.
2006 1149 2123 1214 Non

540 1234 690 1291 enim
720 1233 978 1306 scriptum
1005 1243 1126 1298 est:
1158 1233 1273 1297 Nisi
1309 1237 1431 1306 quis
1467 1246 1690 1296 renatus
1718 1239 1884 1296 fuerit
1919 1256 1987 1298 ex
2021 1257 2120 1317 pa-

540 1335 755 1382 rentum
776 1325 1074 1393 voluntate,
1097 1335 1191 1383 aut
1216 1343 1284 1387 ex
1305 1328 1673 1397 offerentium,
1694 1330 1780 1392 vel
1808 1331 2124 1393 ministran-

539 1415 674 1471 tium
706 1414 844 1484 ﬁde;
880 1416 976 1473 sed
1003 1436 1015 1472 :
1043 1415 1162 1474 Nisi
1191 1419 1315 1492 quis
1346 1429 1568 1481 renatus
1596 1421 1762 1478 fuerit
1785 1437 1853 1480 ex
1882 1439 2024 1496 aqua
2065 1435 2124 1483 et

434 1547 446 1561 .
535 1507 767 1582 Spiritu.
799 1508 955 1582 Aqua
984 1509 1151 1584 igitur
1175 1511 1439 1569 exhibens
1471 1512 1776 1574 forinsecus
1810 1529 2123 1576 sacramen-

535 1614 654 1664 tum
682 1609 872 1679 gratize
894 1649 909 1675 ,
954 1615 1008 1665 et
1032 1607 1269 1680 Spiritus
1295 1623 1533 1680 operans
1562 1609 1892 1671 intrinsecus
1918 1610 2122 1671 benefi—

533 1697 680 1755 cium
718 1700 926 1771 gratiae.
975 1697 1209 1770 Liquido
1249 1700 1340 1759 hic
1377 1708 1712 1758 monstratur
1749 1716 1957 1762 morem
1991 1716 2122 1762 con-.-

530 1787 787 1848 fessionis
807 1800 1006 1848 nostra;
1030 1791 1269 1852 tenuisse
1291 1791 1588 1848 Ecclesiam
1612 1794 1788 1854 sancti
1807 1793 2116 1866 Augustini,

2226 606 2313 653 tur
2347 599 2399 654 in
2430 599 2724 656 infantibus
2753 595 2906 656 ﬁdes.
2957 601 3206 674 Solemus
3234 606 3380 664 enim
3411 608 3731 666 nominare
3756 613 3826 669 in.

2208 687 2467 770 fantem,
2517 701 2572 756 et
2617 693 2799 766 dicere
2840 694 2935 750 ei:
2985 694 3176 752 Credis
3223 698 3279 755 in
3321 698 3512 756 Deum
3561 699 3825 764 Patrem?

2226 789 2388 852 atque
2413 785 2701 856 respondet
2725 785 2996 844 offerens?
3026 788 3218 846 Credo.
3263 790 3416 848 Satis
3442 793 3720 864 superius
3743 798 3820 854 de-

2214 863 2582 938 monstratum
2611 891 2696 938 est
2721 899 2788 940 ex
2815 885 3125 955 evangelica
3147 888 3497 956 testimonio,
3523 892 3680 960 quod
3703 892 3817 958 ﬁdes

2223 971 2500 1033 offerentis
2528 977 2700 1046 possit
2723 992 2847 1034 eum
2875 977 3106 1036 salvare.
3144 981 3219 1044 Et
3256 998 3324 1046 ex
3349 983 3685 1054 Augustino
3709 1001 3815 1056 pm

2211 1081 2411 1130 sumus
2434 1067 2732 1139 intelligere
2750 1071 2998 1128 eumdem
3021 1073 3302 1144 parvulum
3326 1077 3685 1145 respondere
3703 1095 3812 1138 vero

2219 1159 2518 1225 offerentis,
2542 1161 2634 1217 ubi
2661 1162 2791 1222 dicit
2818 1182 2830 1218 :
2858 1162 3011 1222 Facit
3032 1165 3136 1222 hoc
3161 1183 3302 1224 unus
3328 1167 3696 1239 Spiritus,“
3721 1186 3810 1242 quo

2216 1260 2515 1324 generatur
2542 1253 2793 1314 oblatus:
2829 1263 2886 1312 et
2912 1256 3004 1311 ubi
3034 1257 3175 1314 idem
3199 1258 3565 1330 Augustinus
3595 1263 3807 1333 disputat

2214 1350 2278 1416 et
2307 1343 2660 1402 similitudine
2689 1355 3179 1418 sacramentorum,
3201 1351 3271 1406 ad
3311 1365 3414 1410 eas
3459 1367 3564 1412 res
3602 1369 3803 1423 quam

2219 1442 2564 1497 sacramenta
2591 1446 2750 1504 sunt,
2787 1438 2878 1493 ubi
2905 1438 3072 1506 dicit,
3110 1456 3236 1496 eum
3265 1444 3670 1512 respondetur,
3697 1461 3803 1515 pars

2216 1527 2374 1605 pvulos
2397 1528 2621 1586 credere
2646 1527 2739 1600 qui
2767 1529 2893 1586 ﬁdei
2920 1545 3030 1590 non
3059 1530 3262 1590 habent
3287 1533 3588 1594 affecmm.
3619 1537 3692 1592 Ex
3713 1553 3802 1610 quo

2214 1621 2522 1695 intelligere
2547 1640 2859 1695 possumus,
2903 1641 2973 1682 ex
3018 1626 3378 1688 similitudine

2216 1714 2376 1789 quasi
2416 1715 2529 1790 ipse
2559 1715 2816 1786 parvulus
2857 1717 3212 1788 respondeat,
3251 1730 3668 1784 sacramentum
3697 1725 3800 1787 ﬁdei

2223 1791 2486 1862 celebrari
2514 1807 2567 1866 in
2595 1807 2842 1878 parvulo,
2875 1816 2931 1863 et
2959 1809 3014 1866 in
3039 1809 3149 1864 alio
3178 1809 3320 1878 loco,
3352 1813 3450 1870 ubi
3483 1813 3653 1870 dicit:
3682 1812 3800 1872 Nam

530 1880 587 1938 id
616 1891 731 1948 est,
772 1891 833 1940 ut
871 1884 1119 1944 minister
1145 1882 1307 1940 ﬁdem
1334 1898 1488 1940 suam
1516 1883 1712 1940 offerat
1746 1899 1844 1956 pro
1869 1885 2116 1956 parvulo.
2146 1868 2195 1937 Β
2224 1899 2367 1955 sicut
2393 1868 2614 1954 credere
2640 1868 2990 1968 respondent,
3017 1898 3092 1954 ita
3117 1901 3282 1956 etiam
3307 1868 3511 1958 ﬁdeles
3535 1912 3797 1966 vocantur.

530 1974 749 2044 quando
787 1973 955 2028 dicit:
999 1973 1115 2030 Non
1165 1974 1311 2032 enim
1358 1974 1622 2044 scriptum
1669 1984 1794 2041 est,
1845 1977 1948 2034 nisi
1999 1978 2122 2048 quis

529 2071 757 2126 renatus
777 2061 941 2119 fuerit
967 2079 1034 2118 ex
1061 2074 1350 2135 parentum
1371 2063 1670 2130 voluntate,
1693 2075 1788 2122 aut
1809 2081 1876 2122 ex
1897 2066 2122 2126 offeren-

528 2155 666 2214 tium
695 2155 782 2211 vel
811 2155 1239 2214 ministrantium
1267 2157 1392 2213 fide.
1440 2157 1596 2225 Quod
1628 2167 1917 2234 propterea
1945 2161 2117 2234 dicit,

527 2255 590 2302 ut
617 2245 983 2319 intelligamus
1027 2263 1135 2304 non
1178 2263 1301 2305 esse
1343 2264 1479 2320 epus
1523 2249 1789 2308 liberandi
1832 2238 2119 2328 parvulum

525 2335 810 2394 voluntate
844 2339 960 2395 sive
991 2339 1097 2397 ﬁde
1123 2339 1465 2400 offerentium
1485 2382 1501 2408 ,
1541 2343 1637 2398 sed
1668 2341 1876 2414 Spiritu
1907 2354 2116 2416 sancto,

526 2431 620 2504 qui
649 2431 954 2490 communis
983 2441 1066 2490 est
1092 2434 1390 2506 majoribus
1419 2434 1772 2493 offerentibus
1800 2444 1855 2491 et
1880 2438 2121 2509 parvulis

524 2525 755 2586 renatis.
797 2525 1002 2581 Tamen
1032 2534 1092 2582 ut
1116 2526 1222 2582 hoc
1251 2526 1374 2592 ﬁat,
1405 2527 1460 2588 id
1488 2535 1598 2593 est,
1632 2536 1693 2584 ut
1719 2527 1959 2583 salvetur
1988 2545 2117 2599 par.-

522 2614 683 2672 vulus
711 2632 810 2686 per
828 2631 994 2688 opera
1018 2615 1255 2688 Spiritus
1283 2618 1478 2683 sancti,
1502 2618 1650 2674 valet
1675 2618 1904 2674 multum
1928 2619 2118 2676 volun-

517 2715 611 2766 ‘tas
636 2717 692 2766 et
718 2707 853 2766 ﬁdes
881 2707 1246 2766 offerentium.
1297 2710 1364 2766 Et
1402 2710 1564 2780 paulo
1597 2720 1720 2780 post
1748 2710 1881 2789 dicit
1907 2725 2114 2768 memo—

522 2799 681 2860 ratus
705 2803 1040 2872 Augustinus
1072 2803 1126 2859 in
1154 2815 1458 2862 memorata
1485 2804 1744 2876 epistola:
1770 2803 2118 2878 Regenerans

523 2885 656 2967 ergo
687 2893 923 2964 Spiritus
965 2896 1020 2950 in
1061 2893 1359 2964 majoribus
1397 2895 1773 2964 offerentibus,
1806 2906 1860 2952 et
1886 2898 2116 2969 parvulo

521 2984 705 3042 oblato
725 2994 1045 3049 renatooue,
1076 2988 1383 3043 communis
1408 2996 1491 3044 est
1515 3009 1528 3044 :
1563 2989 1792 3062 ideoque
1820 3005 1917 3061 per
1944 2992 2115 3047 socie-

521 3083 692 3132 tatem
717 3078 878 3132 unius
905 3079 1254 3148 ejusdemque
1271 3077 1507 3150 Spiritus
1529 3082 1754 3150 prodest
1771 3081 2114 3142 offerentium

2220 1992 2260 2064 τί·
2284 1991 2362 2047 Ita
2391 1991 2556 2047 credo
2582 1999 2801 2066 propter
2825 2007 2961 2062 opus
2989 1992 3153 2050 unius
3177 1992 3421 2064 Spiritus
3449 1996 3653 2062 sancti,
3673 1997 3800 2066 quod

2219 2080 2456 2137 oﬁerens
2484 2081 2793 2153 respondet,
2826 2082 2932 2138 hoc
2959 2098 3082 2138 esse
3110 2083 3257 2142 illius
3284 2101 3450 2154 quem
3475 2086 3659 2144 oﬁ‘ert.
3691 2087 3800 2144 Non

2218 2173 2428 2232 diceret
2454 2173 2613 2230 toties
2639 2181 2860 2232 sanctus
2885 2172 3224 2246 Augustinus
3257 2176 3377 2240 fidei
3402 2190 3800 2236 caementum

2217 2267 2326 2322 nisi
2352 2274 2495 2326 esset
2530 2265 2728 2335 aliquis
2753 2264 2978 2322 effectus
3007 2267 3154 2324 inter
3180 2281 3287 2322 rem
3314 2269 3480 2339 ipsam
3510 2279 3566 2333 et
3596 2271 3804 2326 simili-

2218 2360 2462 2416 tudinem
2490 2358 2626 2428 ejus,
2654 2359 2710 2415 id
2738 2367 2844 2428 est,
2878 2360 3024 2416 inter
3051 2371 3441 2435 sacramentum
3470 2362 3617 2430 fidei,
3644 2363 3803 2434 quod

2215 2461 2395 2530 potest
2423 2453 2557 2510 ﬁdes
2587 2454 2887 2520 nominari,
2922 2463 2979 2510 et
3009 2455 3185 2528 ipsam
3213 2456 3375 2511 ﬁdem
3393 2496 3410 2523 ,
3444 2472 3608 2528 quam
3637 2457 3801 2512 homo

2216 2547 2428 2619 profert
2455 2562 2522 2602 ex
2553 2546 2880 2618 intelligibili
2911 2548 3112 2608 animo.
3160 2548 3318 2605 Sicut
3348 2551 3495 2606 enim
3522 2550 3688 2606 distat
3712 2550 3799 2606 ali-

2217 2641 2348 2712 quid
2378 2642 2522 2697 inter
2550 2651 2795 2697 nostram
2823 2641 3188 2714 sepulturam,
3219 2658 3389 2713 quam
3417 2643 3717 2712 accepimus
3741 2643 3796 2698 in

2217 2733 2506 2804 baptismo,
2546 2741 2601 2788 et
2628 2732 2865 2798 Christi,
2907 2749 3016 2805 qua
3055 2735 3361 2790 resurrexit
3391 2751 3423 2789 a
3451 2734 3706 2800 mortuis,
3740 2742 3798 2788 ut

2216 2826 2360 2881 ultra
2395 2841 2503 2881 non
2537 2826 2802 2880 moriatur
2829 2844 2842 2880 :
2883 2824 2959 2882 ita
2997 2826 3139 2882 inter
3166 2839 3579 2884 sacramentum
3605 2827 3720 2885 fidei
3744 2835 3796 2881 et

2218 2918 2418 2979 fidem:
2456 2916 2660 2974 Tamen
2691 2918 2807 2989 ipsa
2831 2928 3172 2975 sacramenta
3204 2920 3271 2974 ad
3295 2921 3408 2976 hoc
3426 2921 3611 2976 valent
3633 2929 3688 2974 ut
3705 2933 3790 2974 nos

2214 3009 2516 3082 perducant
2547 3012 2616 3067 ad
2653 3011 2800 3083 ipsas
2829 3026 2918 3068 res
2955 3027 3183 3082 quarum
3221 3023 3627 3068 sacramentum
3657 3019 3784 3066 sunt.

2218 3102 2575 3158 Sacramento
2601 3102 2728 3158 fidei
2753 3102 2996 3160 salvatur
3018 3103 3276 3174 parvulus
3304 3119 3486 3174 usque
3511 3106 3577 3160 ad
3601 3117 3787 3172 tempus

521 3167 780 3266 V0!umfs_
811 3170 1039 3266 Ρπγυξο
1068 3170 1272 3227 οῧίποι
1325 3173 1537 3266 υίεξῑμΐ
1560 3176 1957 3244 αυυάωηωοάο
1988 3192 2114 3247 βπ-
2141 3245 2182 3266 ﬂ
2216 3207 2322 3262 quo
2355 3193 2530 3264 possit
2555 3194 2764 3248 discere
2793 3191 2954 3248 ﬁdem
2981 3167 3154 3250 suam.
3205 3193 3366 3250 Unde
3392 3167 3488 3265 qui
3514 3212 3670 3266 supra
3684 3167 3714 3256 .-
3741 3195 3787 3249 ia

519 3257 681 3315 vulus
709 3257 870 3361 ratem
911 3260 1113 3361 habet}:
1149 3271 1373 3361 propter
1407 3262 1533 3320 ﬁdei
1571 3245 2012 3333 sacramentum}
2058 3275 2114 3323 ει
2139 3245 2184 3308 (³
2216 3245 2953 3358 ξεάυὲηέείλέιζξιῖέζιιῇἇέὲῆ
2979 3245 3371 3360 ξιὲιὲὲῆἐιῖιέᾶζ
3396 3245 3790 3361 ἷιῖἐίίῗὶὲςιιῖ

521 3350 934 3412 conversionem
963 3352 1032 3407 ad
1061 3352 1234 3408 Deum
1260 3353 1460 3410 habere
1488 3364 1716 3434 propter
1739 3359 2112 3417 conversionis

521 3452 956 3509 sacramentum,
1001 3445 1130 3514 quia
1163 3453 1246 3500 est
1291 3445 1347 3500 in
1393 3447 1487 3504 illo
1513 3448 1786 3504 celebrata
1818 3450 2114 3508 similitudo

516 3527 646 3587 fidei
665 3571 682 3598 ,
724 3533 1028 3590 similitudo
1057 3537 1454 3594 conversionis.
1507 3538 1661 3594 Unde
1691 3541 1882 3600 eadem
1914 3543 1967 3597 in
1996 3545 2113 3614 epi-

516 3625 656 3682 stola
685 3625 829 3684 idem
855 3628 950 3703 qui
981 3644 1182 3701 supra:
1232 3628 1290 3688 Si
1320 3631 1465 3689 enim
1493 3645 1835 3689 sacramenta
1867 3637 2108 3707 quaedam

518 3721 934 3779 similitudinem
991 3741 1175 3783 rerum
1232 3743 1424 3784 earum
1475 3744 1706 3802 quarum
1765 3742 2111 3790 sacramenta

519 3822 669 3880 sunt,
699 3830 811 3871 non
835 3817 1124 3885 haberent,
1149 3821 1371 3876 omnino
1398 3833 1742 3880 sacramenta
1769 3840 1874 3883 non
1901 3835 2106 3884 essent.

516 3904 601 3962 Ex
632 3906 737 3963 hac
767 3917 948 3965 autem
979 3910 1330 3970 similitudine
1369 3914 1689 3987 plerumque
1717 3917 1830 3988 jam
1868 3919 2110 3988 ipsarum

517 4013 705 4056 rerum
766 4002 986 4058 nomina
1046 4005 1340 4076 accipiunt.
1409 4007 1564 4064 Sicut
1619 4023 1752 4080 ergo
1812 4013 2108 4075 secundum

516 4079 806 4165 quemdam
847 4094 1106 4164 modum,
1157 4106 1561 4154 sacramentum
1589 4079 1838 4171 corporis
1869 4101 2104 4171 Christi,

517 4193 719 4254 corpus
741 4182 948 4246 Christi
976 4194 1095 4254 est;
1139 4197 1543 4244 sacramentum
1575 4191 1852 4263 sanguinis
1879 4192 2105 4263 Christi.

513 4277 740 4349 sanguis
769 4277 974 4336 Christi
1004 4288 1119 4349 est,
1163 4282 1235 4339 ita
1266 4294 1321 4338 et
1354 4295 1753 4344 sacramentum
1787 4287 1930 4356 ﬁdei.
1971 4289 2108 4352 ﬁdes

511 4377 617 4424 est.
663 4367 818 4430 Nihil
861 4382 946 4432 est
973 4381 1158 4434 autem
1180 4374 1324 4436 aliud
1347 4376 1594 4443 credere,
1623 4394 1788 4450 quam
1819 4380 1981 4443 ﬁdem
2009 4383 2108 4444 ha-

512 4458 683 4522 bere:
736 4477 800 4519 ac
845 4481 946 4536 per
974 4468 1099 4533 hoc,
1149 4485 1274 4526 eum
1319 4469 1679 4543 respondetur
1703 4475 1959 4543 parvulos
1987 4492 2108 4534 ere:-

513 4551 668 4620 dere,
703 4555 796 4622 qui
837 4555 960 4614 ﬁdei
998 4572 1106 4613 non
1145 4559 1350 4614 habent
1387 4559 1639 4620 effectum
1661 4604 1676 4631 ,
1717 4568 2102 4638 respondetur,

511 4637 678 4696 ﬁdem
709 4621 912 4704 habere
942 4654 1166 4718 propter
1192 4647 1315 4704 ﬁdei
1345 4621 1768 4721 sacramentum,
1797 4621 2102 4718 etconver:
2131 4621 2183 4681 Β

512 4739 631 4796 tere
656 4747 715 4789 se
737 4736 806 4794 ad
831 4733 1000 4792 Deum
1025 4749 1250 4812 propter
1269 4744 1639 4801 conversionis
1665 4761 2096 4812 sacramentum:

510 4826 640 4898 quia
680 4837 739 4883 et
778 4828 895 4899 ipsa
939 4834 1250 4903 responsio,
1299 4836 1366 4894 ad
1405 4837 1820 4900 celebrationem
1864 4847 2102 4920 pertinet

509 4922 878 5008 sacramenti,
943 4925 1085 4980 sicut
1137 4927 1203 4986 de
1266 4928 1385 5000 ipso
1445 4931 1717 5004 baptismo
1764 4935 2095 5008 Apostolus:

511 5004 840 5086 Consepulti,
875 5015 1085 5087 inquit,
1112 5035 1294 5076 sumus
1327 5022 1538 5079 Christo
1576 5043 1670 5097 per
1696 5004 2011 5100 baptismum
2043 5035 2100 5090 in

506 5115 797 5161 mortem...
838 5107 957 5164 Non
988 5111 1097 5178 ait,
1138 5115 1470 5184 sepulturam
1499 5119 1957 5192 signiﬁcavimus,
2003 5127 2129 5182 sed.

505 5211 736 5268 prorsus
765 5201 879 5268 ait,
930 5206 1222 5276 consepulti
1261 5225 1462 5265 sumus.
1517 5210 1933 5270 Saeramentum
1968 5232 2097 5287 ergo

506 5298 674 5347 tantae
701 5293 798 5360 rei,
825 5307 929 5351 nan
959 5298 1062 5353 nisi
1089 5298 1329 5368 ejusdem
1359 5302 1436 5356 rei
1458 5305 1722 5360 vocabulo
1745 5308 2093 5379 nuncupavit.

504 5383 649 5468 {Ex
683 5397 1026 5446 sacramento
1056 5391 1272 5462 quidem
1304 5393 1465 5454 habet
1491 5395 1916 5464 similitudinem,
1939 5403 2094 5474 quasi

506 5477 623 5549 ipse
649 5481 910 5550 parvulus
939 5486 1268 5556 respondeat
1293 5504 1308 5540 :
1345 5502 1412 5542 ex
1439 5504 1536 5544 ore
1561 5489 1902 5546 offerentium
1934 5493 2096 5550 ﬁdem

507 5586 686 5638 suam,
716 5576 879 5632 habet
906 5580 1307 5648 quodammodo
1335 5582 1517 5640 ﬁdem.
1567 5583 1722 5640 Sicut
1748 5601 1847 5642 nos
1874 5597 2097 5659 propter

505 5662 920 5728 similitudinem
962 5671 1254 5743 sepulturae
1297 5674 1535 5739 Domini,
1582 5693 1745 5750 quam
1786 5682 2095 5751 accepimus

506 5753 572 5810 in
595 5753 887 5827 baptismo,
918 5761 1090 5831 ipsam
1118 5777 1259 5830 rem,
1293 5765 1346 5820 id
1370 5775 1454 5822 est
1482 5770 1837 5840 sepulturam,
1861 5773 2095 5844 agimus,

509 5845 582 5923 ita
615 5862 683 5903 ex
720 5853 1070 5921 responsione
1102 5863 1394 5928 parentum
1429 5859 1542 5916 sive
1579 5862 1956 5933 offerentium,
2001 5868 2096 5937 qui

2210 3377 2496 3446 parvulum
2533 3379 2636 3434 etsi
2669 3380 2911 3434 nondum
2938 3379 3072 3436 ﬁdes
3097 3379 3186 3436 illa
3212 3396 3338 3450 qua:
3374 3382 3434 3436 in
3468 3384 3786 3438 credentium

2210 3471 2490 3528 voluntate
2512 3473 2783 3539 consistit,
2799 3474 2914 3543 jam
2941 3481 3124 3530 tamen
3151 3475 3322 3544 ipsius
3348 3475 3473 3531 ﬁdei
3499 3490 3788 3530 sacramen-

2211 3570 2326 3618 tum
2355 3563 2567 3621 ﬁdelem
2597 3562 2746 3622 facit.
2797 3563 2934 3621 Nam
2971 3567 3112 3622 sicut
3149 3567 3381 3624 credere
3417 3567 3784 3637 respondetur,

2211 3656 2286 3712 ita
2315 3657 2476 3718 etiam
2506 3656 2690 3714 ﬁdeles
2709 3667 2997 3727 vocantur,
3018 3675 3124 3715 non
3149 3674 3263 3715 rem
3287 3660 3462 3730 ipsam
3492 3661 3782 3725 mouendo,

2211 3749 2305 3804 sed
2331 3748 2502 3818 ipsius
2526 3749 2606 3804 rei
2633 3759 3034 3814 sacramentum
3061 3753 3428 3822 percipiendo.
3453 3752 3594 3809 Cum
3619 3763 3783 3808 autem

2209 3856 2400 3911 sapere
2431 3842 2594 3906 homo
2633 3845 2895 3913 cmperit,
2937 3860 3044 3907 non
3089 3845 3220 3901 illud
3260 3855 3668 3902 sacramentum
3709 3860 3787 3900 re-

2207 3934 2376 4004 petit,
2415 3933 2512 3990 sed
2545 3933 2828 4005 intelligit,
2865 3936 3091 4012 ejusque
3118 3938 3332 3992 veritati
3361 3952 3598 3994 consona
3626 3937 3784 3992 etiam

2207 4027 2486 4086 voluntate
2509 4028 2870 4098 coaptabitur.
2907 4028 3019 4090 Hoc
3044 4031 3281 4100 quandiu
3313 4046 3422 4089 non
3445 4039 3618 4102 potest
3640 4029 3787 4086 vale-

2207 4117 2288 4174 bit
2308 4127 2708 4176 sacramentum
2733 4122 2801 4176 ad
2823 4121 2940 4192 ejus
2962 4115 3472 4179 tutelam'adversus
3491 4123 3784 4179 contrarias

2206 4219 2536 4282 potestates,
2580 4221 2635 4267 et
2675 4220 2885 4268 tantum
2916 4214 3144 4280 valebit,
3193 4224 3253 4270 ut
3300 4216 3349 4272 si
3396 4225 3526 4271 ante
3569 4214 3784 4283 majoris

2210 4301 2482 4376 [rationis]
2510 4317 2670 4362 usum
2709 4319 2775 4368 ex
2813 4305 2914 4361 hac
2949 4305 3062 4366 vita
3100 4306 3446 4378 migraverit,
3489 4321 3588 4377 per
3621 4309 3780 4378 ipsi.

2208 4403 2607 4452 sacramentum
2625 4436 2639 4461 ,
2665 4397 3083 4459 commendante
3109 4399 3366 4456 Ecclesia;
3392 4400 3686 4464 chriam
3719 4399 3781 4453 Ib

2207 4486 2300 4545 illa
2347 4487 2692 4548 damnatione
2727 4505 2848 4560 quas
2894 4505 2992 4560 per
3032 4506 3202 4546 unum
3247 4491 3528 4550 hominem
3569 4489 3781 4551 ἱειιητὶι

2210 4580 2265 4636 in
2293 4582 2575 4647 mundum,
2605 4581 2915 4640 Christiano
2941 4582 3212 4652 adiutorio
3233 4583 3521 4645 libenti".
3560 4582 3780 4652 Hoeni

2209 4687 2316 4727 non
2355 4672 2558 4736 credit,
2605 4681 2660 4727 et
2699 4673 2814 4727 ﬁeri
2856 4689 2962 4728 non
3000 4689 3160 4744 posse
3193 4673 3519 4739 arbitratur,
3559 4672 3783 4732 inﬁdelis

2209 4771 2293 4825 est
2323 4763 2425 4818 etsi
2451 4763 2573 4818 ﬁdei
2601 4763 2799 4818 haheat
2821 4773 3223 4828 sacramentum
3250 4783 3263 4824 :
3306 4765 3576 4836 longeque
3598 4764 3789 4820 melior

2207 4862 2294 4908 est
2328 4853 2420 4907 illo
2449 4853 2707 4922 parvulus
2741 4853 2835 4927 qui
2865 4854 3084 4922 etiarnsi
3119 4856 3281 4914 ﬁdem
3317 4858 3560 4918 nondum
3583 4857 3788 4920 habent

2208 4943 2266 4997 in
2291 4944 2638 5016 cogitatione,
2669 4960 2776 5000 non
2807 4945 2858 5000 ei
2888 4952 3071 5001 tamen
3098 4946 3308 5004 obicem
3334 4949 3622 5014 contr-uia
3644 4946 3792 5020 nugis

2206 5033 2430 5089 tationis
2459 5035 2702 5106 apponit.

2770 5126 2999 5184 CAPUT
3047 5127 3216 5185 XXV.

2245 5277 2248 5280 g
2563 5215 2642 5273 De
2683 5221 3076 5276 consecratione
3115 5221 3428 5290 baptisterii,

2274 5309 2332 5366 ιη
2362 5311 2536 5382 prima
2568 5313 2815 5368 oratione
2846 5316 3139 5370 mundatur
3164 5325 3221 5378 et
3257 5325 3545 5382 serenatur
3575 5319 3788 5376 habita-

2202 5403 2385 5461 culum
2412 5402 2660 5475 hospitis,
2688 5405 2778 5475 qui
2805 5405 2975 5461 Deum
3003 5407 3163 5463 debet
3190 5411 3490 5480 suscipere,
3521 5419 3578 5466 et
3603 5413 3793 5482 de,»

2202 5506 2359 5554 catur
2384 5497 2500 5567 ejus
2529 5499 2811 5566 adventus,
2857 5506 2917 5554 ut
2957 5516 3026 5555 ex
3058 5501 3175 5574 ipsa
3208 5503 3456 5558 oratione
3497 5519 3792 5574 possumus

2202 5607 2550 5663 cognoscere.
2594 5588 2968 5662 Omnipotens,
3009 5593 3216 5668 inquit,
3256 5596 3576 5666 sempitern:
3611 5595 3790 5658 Dona.

2201 5682 2384 5736 adesto
2422 5698 2627 5752 magna:
2665 5682 2875 5752 pietatis
2914 5692 3019 5737 tua!
3059 5685 3344 5763 mysteriis,
3377 5686 3569 5748 adesto
3604 5705 3791 5742 mra-

2200 5774 2409 5838 mentis,
2445 5783 2548 5827 etc.
2603 5772 2656 5827 In
2698 5773 2943 5841 sequenti
2983 5773 3300 5830 mattifestat
3336 5791 3396 5830 se
3425 5775 3542 5844 jam
3583 5772 3794 5833 habere

2197 5867 2466 5939 hospitem
2509 5866 2596 5936 cui
2636 5867 2928 5938 loquatur:
2961 5876 3297 5940 quapropter
3342 5867 3474 5923 dicit
3504 5885 3520 5921 :
3553 5866 3784 5924 Sursum
