3978 6444
208 421 344 494 tots

975 419 1061 476 DE
1098 401 1971 478 ECCL'ESIASTICISDFFICIIS
2007 401 2183 458 LIBRI
2218 399 2311 460 IV.
2346 433 2420 452 -η
2455 401 2583 459 LIB.
2618 400 2660 459 I.

3304 395 3462 472 tote

209 538 386 610 ‘corda.
437 536 643 600 Deinde
679 539 882 613 gratias
907 537 1040 607 .‘agit
1062 563 1066 565 ν
1088 536 1213 604 quia
1251 532 1500 600 dignatus
1538 533 1624 580 est
1660 532 1772 578 tam
1798 517 1851 578 Α
1876 524 2051 582 Γθῑιιτ,
2103 518 2387 589 sequentia
2431 517 2594 576 verba
2639 517 2954 578 monsu'ant.
2984 512 3274 588 praesentis
3317 527 3447 571 οη·-
3535 545 3538 548 ’

203 653 429 713 magnus
449 637 646 704 hospes
668 635 733 688 ad
755 641 866 686 tam
885 625 1401 694 bumilednospitium
1423 619 1776 684 descendere,

204 745 269 792 ut
304 711 358 788 in
386 729 574 786 eadem
602 726 846 781 oratione
879 727 1233 779 monstratur.
1279 716 1348 770 Et
1387 715 1535 778 licet,
1570 711 1776 782 inquit,

212 845 303 884 nos
339 815 500 880 tantis
536 819 796 890 mysteriis
835 813 1172 885 exsequendis
1212 811 1374 866 simus
1411 806 1636 876 indigni,
1669 812 1766 862 etc.

208 920 412 976 Deinde
455 913 648 972 recolit
692 910 954 966 miracula
999 917 1120 978 ante
1164 904 1276 973 jam
1324 902 1464 958 facta
1511 906 1638 955 sunt
1681 911 1779 967 per

211 1026 426 1082 aquam,
451 1009 502 1061 id
525 1014 608 1062 est
632 1020 646 1059 :
676 1005 734 1059 ln
764 1000 1061 1073 primordio
1086 994 1378 1056 creationis
1397 991 1634 1062 Spiritus
1656 1004 1782 1045 san-

205 1079 330 1158 ctus
365 1098 640 1156 ferebatur
663 1107 826 1162 super
854 1105 1053 1160 aquas,
1089 1096 1152 1144 ut
1185 1087 1445 1140 virtutem
1474 1079 1782 1136 sanctiﬁca-~

201 1193 371 1249 ‘tion-is
399 1202 663 1260 aquarum
701 1193 895 1240 natura
931 1181 1259 1250 conciperet.
1303 1175 1494 1236 Refert
1529 1181 1586 1230 et
1616 1170 1780 1251 aliud,

215 1283 351 1353 qtiod
381 1283 433 1336 in
459 1277 786 1338 salutatione
811 1288 949 1329 arcae
975 1271 1177 1330 l‘actmn
1203 1275 1309 1333 est.
1597 1291 1600 1294 ~

201 1405 208 1420 '
281 1391 436 1449 Unde
483 1391 558 1445 ita
606 1387 867 1457 scriptum
913 1389 1000 1438 est
1044 1383 1100 1437 in
1150 1385 1454 1435 memorata
1493 1375 1782 1432 oratione:

196 1483 372 1550 'Deus,
403 1483 491 1553 qui
523 1480 754 1536 nocentis
784 1476 968 1532 mundi
994 1475 1215 1528 crimina
1244 1486 1336 1541 per
1359 1485 1524 1540 aquas
1551 1465 1786 1532 abluens,

198 1573 618 1646 ‘regenerationis
654 1571 871 1644 speciem
900 1569 956 1621 in
981 1567 1097 1637 ipsa
1127 1563 1312 1618 diluvii
1335 1561 1591 1630 effusione
1615 1561 1792 1629 signa.-

195 1655 302 1732 (sti,
330 1674 434 1723 etc.
480 1664 677 1720 Postea
705 1663 874 1718 intrat
899 1659 1155 1716 sacerdos
1183 1655 1250 1711 ad
1279 1655 1651 1726 eapulsioncm
1679 1652 1793 1708 diat-
1884 1660 1894 1705 Δ

194 1755 343 1824 "boli,
375 1758 640 1814 dicendo:
684 1751 881 1807 Procul
907 1767 1028 1822 ergo
1054 1751 1195 1814 hinc,
1225 1747 1444 1818 jubente
1469 1755 1519 1802 te
1543 1744 1788 1809 Domino,

192 1850 380 1905 'omnis
408 1850 620 1920 spiritus
645 1844 948 1900 immundus
975 1839 1243 1905 abscedat,
1269 1846 1378 1894 etc.
1685 1845 1688 1848 ‘

191 1941 204 1949 ‘
287 1959 441 2030 Quali
476 1958 770 2030 ignominia
805 1952 999 2030 dignus
1038 1954 1108 2008 sit
1141 1952 1341 2022 hospes
1369 1963 1522 2019 aquae
1556 1945 1785 2017 expelli,

189 2041 309 2124 'per
339 2066 488 2105 suam
524 2047 934 2104 insuiilationem
967 2044 1218 2099 sacerdos
1247 2046 1544 2102 monstrat,
1576 2045 1636 2091 ut
1664 2037 1791 2091 illud

208 2144 503 2216 impleatur
523 2143 666 2214 quod
688 2141 947 2198 Dominus
968 2138 1132 2193 dixit:
1157 2136 1308 2190 Nunc
1332 2135 1584 2204 princeps
1605 2129 1791 2184 mundi
1887 2155 1892 2160 -

195 2229 372 2310 hujus
411 2235 659 2311 ejicietur
699 2232 867 2288 foras.
924 2229 1111 2299 Ejecto
1161 2228 1254 2282 illo
1298 2225 1511 2295 hospite
1551 2223 1794 2278 munitur

187 2317 349 2406 :aqua
371 2330 554 2385 crucis
577 2328 876 2401 signaculo,
903 2335 962 2382 ut
986 2333 1091 2382 non
1114 2325 1315 2381 habeat
1333 2323 1512 2378 locum
1534 2318 1793 2375 redeundi

205 2417 479 2482 diabolus.
509 2418 618 2474 Per
645 2419 1040 2478 invocationem
1070 2423 1272 2471 sanctze
1298 2410 1584 2467 Trinitatis
1609 2423 1794 2464 exem-

185 2495 296 2590 Ῥὶο
323 2511 584 2586 baptismi
612 2510 844 2575 Christi,
876 2509 1114 2564 Trinitas
1146 2507 1299 2561 adest
1327 2503 1382 2559 in
1410 2509 1598 2558 nostro
1623 2500 1798 2571 bapti-

187 2603 373 2664 'sterio
402 2619 508 2676 per
532 2601 934 2659 invocationem
961 2597 1279 2656 sacerdotis.

181 2775 188 2784 .
278 2724 472 2788 Prima
519 2721 827 2778 benedictio
873 2719 1092 2774 Patrem
1142 2713 1399 2777 invocat,
1453 2723 1573 2782 quae
1623 2704 1796 2762 dicit:

181 2816 480 2874 .Benedico
517 2825 590 2882 te,
626 2823 868 2872 creatura
911 2826 1084 2882 aqua’,
1130 2824 1223 2878 per
1252 2805 1420 2859 Deum
1450 2803 1618 2860 vivum
1642 2843 1655 2864 ,
1708 2810 1801 2871 per

180 2951 185 2956 .
211 2906 378 2964 Deum
405 2915 676 2971 sanctum,
701 2904 791 2978 qui
819 2913 868 2958 te
894 2903 950 2957 in
978 2898 1235 2972 principio
1269 2896 1423 2951 verba
1448 2894 1706 2964 separavit
1735 2891 1798 2945 ab

185 3061 187 3063 1
212 2999 388 3062 arida,
413 3007 474 3052 et
490 2997 718 3068 reliqua.
750 2994 1009 3052 Secunda:
1029 2987 1394 3047 benedictioni
1420 2986 1586 3040 Filius
1612 2983 1795 3038 adest:

1874 611 2056 670 tionis.
2575 659 2579 662 .

2429 699 2654 758 CAPUT
2691 697 2883 760 xxvr.
3187 763 3192 768 ,

1885 854 1891 862 ,
2137 791 2221 847 'De
2247 793 2568 848 immissione
2597 805 2866 854 cereorurn
2890 788 2946 844 in
2975 803 3188 862 aquam.

1894 881 1900 888 ’
1951 881 2231 940 Clamantc
2275 900 2413 940 voce
2466 884 2791 948 sacerdotis,
2842 889 2903 937 ut
2947 879 3243 937 descendat
3277 873 3455 937 virtus

1883 975 2120 1049 Spiritus
2150 978 2323 1033 sancti
2359 979 2412 1032 in
2439 990 2656 1046 aquam,
2694 976 2837 1031 cerei
2855 976 3262 1048 ,neophytorum
3286 976 3454 1044 depo-

1882 1079 2088 1139 nuntur
2118 1071 2172 1127 in
2210 1076 2428 1153 aquam.
2463 1071 2642 1138 Quare
2665 1069 2806 1125 hoc?
2846 1069 2950 1124 nisr
2974 1078 3034 1123 ut
3056 1060 3468 1123 demonstretur

1884 1164 2044 1220 modo
2085 1180 2276 1219 cereus
2323 1165 2539 1235 signare
2587 1162 2850 1235 Spiritum
2900 1161 3190 1217 sanctum?
3229 1159 3461 1232 Legitur

1888 1269 2049 1332 unam
2095 1255 2404 1310 columnam
2450 1253 2617 1310 fuisse
2665 1254 2720 1308 in
2765 1253 2962 1308 itinere
3005 1251 3239 1306 ﬁliorum
3268 1248 3458 1316 Israel,
3540 1312 3542 1315 ι

1887 1330 2008 1418 Quae
2043 1355 2334 1417 utrumque
2366 1346 2594 1401 haberet
2643 1345 2698 1399 in
2746 1344 3073 1409 ministerio,
3125 1339 3229 1399 h'oc
3256 1351 3372 1409 est,
3402 1350 3465 1398 ut

1887 1435 1979 1491 lux
2020 1439 2098 1492 eis
2148 1445 2294 1492 esset
2331 1438 2387 1494 in
2431 1446 2592 1493 nocte
2634 1451 2701 1491 ex
2726 1450 2834 1490 una
2874 1442 3064 1505 parte,
3103 1442 3160 1488 et
3182 1448 3250 1487 ex
3291 1432 3464 1488 altera

1888 1529 2154 1602 protectio
2181 1529 2340 1584 nubis
2367 1529 2422 1582 in
2451 1527 2559 1582 die.
2608 1527 2686 1582 De
2724 1541 2829 1595 qua
2864 1525 2998 1580 dicit
3043 1531 3264 1579 sanctus
3283 1523 3466 1592 Augu-
3521 1589 3526 1592 _

1892 1620 2068 1674 stious
2092 1620 2144 1672 in
2176 1619 2314 1672 libro
2349 1633 2425 1676 xu
2456 1624 2646 1673 contra
2669 1615 2929 1671 Faustum
2960 1607 3105 1669 :Cur
3124 1629 3232 1668 non
3253 1627 3382 1683 ergo
3413 1616 3469 1666 et

1891 1711 2050 1766 nobis
2075 1709 2327 1766 Christus
2361 1709 2633 1773 columna,
2664 1708 2792 1777 quia
2820 1714 2876 1762 et
2907 1713 3095 1761 rectus
3114 1713 3171 1760 et
3198 1704 3391 1777 simus,
3414 1709 3472 1758 et

1894 1802 2124 1858 fulciens
2168 1801 2542 1857 inﬁrmitatem
2587 1809 2830 1858 nostram
2863 1813 2962 1870 per
3000 1805 3218 1853 noctem
3260 1796 3472 1861 lucens,

1816 1883 1867 1946 Β
1894 1910 1991 1966 per
2019 1895 2161 1949 diem
2187 1909 2294 1948 non
2322 1893 2527 1957 lucens,
2557 1899 2611 1946 et
2638 1899 2699 1945 ut
2718 1890 2812 1961 qui
2845 1905 2954 1946 non
2977 1888 3184 1953 vident,
3215 1888 3470 1954 videant,

1893 1995 1949 2042 et
1972 1986 2063 2058 qui
2091 1985 2297 2051 vident,
2348 1985 2480 2040 (ιωοὶ
2511 1983 2666 2038 ﬁant.
2710 1982 3097 2055 Legunturque
3133 1979 3292 2050 quasi
3330 1981 3471 2044 duae,

1892 2089 1951 2136 ut
1978 2089 2168 2136 nostra
2207 2077 2492 2134 translatio
2533 2084 2721 2132 tenet:
2754 2073 3018 2130 Dominus
3058 2080 3241 2128 autem
3266 2085 3476 2142 praece-

1894 2171 2056 2227 debat
2099 2185 2193 2225 eos
2242 2169 2310 2226 ad
2343 2167 2734 2224 ostendendam
2779 2166 2923 2220 viam
2956 2180 3058 2237 per
3106 2164 3251 2220 diem
3290 2164 3348 2218 in
3383 2175 3477 2219 co—

1893 2263 2077 2318 lumna
2107 2261 2288 2326 nubis,
2320 2268 2376 2315 et
2415 2273 2513 2330 per
2552 2266 2767 2313 noctem
2807 2256 2863 2311 in
2908 2254 3158 2312 columna
3187 2254 3348 2328 ignis.
3403 2253 3475 2309 Ut

1896 2356 2040 2410 enim
2081 2370 2178 2424 per
2211 2368 2430 2408 cereum
2471 2351 2838 2405 illuminatum
2869 2349 2937 2404 ad
2969 2349 3288 2404 memoriam
3315 2347 3478 2403 redu-

1898 2448 2071 2502 cimus
2096 2445 2399 2500 columnam
2431 2442 2574 2514 ignis
2594 2482 2608 2508 ,
2656 2457 2777 2512 quae
2817 2441 3084 2512 ﬁgurabat
3117 2440 3418 2506 Christum,
3444 2451 3477 2492 ι

1899 2555 2004 2610 quo
2036 2537 2322 2593 illuminati
2373 2544 2500 2591 sunt
2541 2533 2808 2606 apostoli,
2863 2533 3061 2604 quibus
3086 2533 3322 2588 dicitur:
3371 2528 3478 2586 Vos

1885 2613 2022 2684 estis
2049 2627 2143 2682 lux
2174 2625 2360 2680 mundi
2385 2641 2402 2679 :
2431 2626 2573 2680 sicut
2593 2639 2625 2678 a
2651 2623 2938 2678 benedicto
2958 2637 3118 2680 cereo
3143 2622 3480 2678 illuminatur

1902 2720 2039 2776 alter
2066 2732 2280 2784 cereus,
2332 2718 2405 2772 ita
2435 2731 2533 2786 per
2557 2731 2746 2772 cereos
2773 2715 3076 2772 exstinctos
3102 2715 3248 2782 sive,
3282 2721 3342 2769 ut
3365 2727 3480 2769 me-

1901 2813 2007 2868 lius
2033 2826 2321 2884 possumus
2348 2810 2552 2876 dicere,
2584 2824 2804 2864 cerenm
2833 2817 3055 2882 propter
3081 2809 3350 2866 unitatem
3376 2805 3481 2864 Ec-

1903 2906 2102 2972 clesiae,
2147 2921 2244 2976 per
2286 2919 2448 2974 quem
2477 2905 2545 2960 ad
2572 2903 2897 2958 memoriam
2935 2903 3247 2960 reducimus
3272 2901 3483 2960 colum.

1905 3015 2030 3054 nam
2056 2999 2220 3071 ignis,
2245 2997 2484 3068 Spiritus
2513 2997 2688 3054 sancti
2707 3013 2939 3072 persona
2960 2998 3292 3071 designatur.
3329 2995 3486 3056 Unde

179 3136 184 3140 .
216 3088 478 3144 Benedico
505 3098 553 3143 te
593 3096 641 3144 et
678 3103 771 3160 per
796 3083 980 3140 Iesum
1003 3080 1270 3136 Christum
1301 3075 1350 3129 F
1353 3077 1503 3130 ilium
1539 3073 1653 3142 eius
1685 3071 1803 3126 uni—
1904 3090 2200 3164 Gregorius
2251 3090 2630 3146 Nazianzenus
2683 3089 2739 3145 in
2800 3103 3052 3146 sermone
3107 3089 3174 3146 de
3229 3089 3485 3146 secundis

181 3199 367 3252 ;cum,
423 3181 703 3238 Dominum
743 3188 1013 3244 nostrum,
1060 3175 1149 3246 qui
1190 3183 1238 3226 te
1277 3171 1333 3224 in
1364 3169 1510 3224 Cana
1565 3165 1796 3250 Galilrete

1907 3185 2248 3256 epiphaniis:
2283 3183 2608 3255 Baptizavit,
2655 3182 2874 3254 inquit,
2925 3182 3138 3255 Moyses
3182 3183 3238 3238 in
3266 3182 3408 3238 mari
3430 3189 3487 3238 et

182 3333 186 3336 ,
217 3272 366 3342 signo
395 3270 698 3350 admirabili
727 3286 836 3324 sua:
865 3266 1107 3340 potentia:
1135 3261 1386 3318 convertit
1427 3261 1482 3313 in
1520 3259 1714 3319 vinum,
1746 3262 1802 3310 et
1828 3254 1873 3318 C
1908 3254 1962 3334 il,
1992 3254 2134 3335 habe
2158 3319 2173 3344 ,
2205 3278 2301 3333 sed
2338 3254 2392 3331 εὴ
2421 3286 2549 3348 ηνρο
2581 3283 2637 3330 ει
2667 3276 2720 3329 in
2749 3275 2961 3347 “sum:
2993 3254 3069 3331 ηε
3106 3276 3254 3331 enim
3284 3273 3485 3330 paulus

209 3362 454 3434 reliqua.
494 3361 730 3440 Spiritus
761 3368 982 3418 sanctus
1009 3355 1373 3414 introducitur
1403 3355 1458 3406 in
1486 3351 1802 3413 novissimo,

175 3504 184 3514 .
218 3461 279 3508 et
304 3461 390 3508 est
415 3438 592 3516 omnis
619 3449 928 3522 deprecatio
962 3457 1020 3502 ut
1051 3447 1193 3501 sicut
1215 3444 1477 3499 Dominus
1498 3440 1664 3508 jussis
1694 3438 1807 3493 suis

173 3597 186 3603 -
221 3559 423 3616 aquam
454 3529 582 3599 fecit
609 3543 984 3610 obtemperare
1015 3538 1070 3592 in
1105 3534 1477 3606 superioribus
1506 3530 1803 3597 miraculis,

219 3635 300 3690 ita
337 3641 392 3688 et
422 3650 564 3690 nunc
594 3649 658 3689 eo
685 3631 910 3702 jubente
939 3629 1207 3684 efﬁciatur
1243 3641 1348 3686 non
1393 3625 1566 3680 solum
1609 3617 1808 3678 habilis
1881 3623 1887 3651 ⁷

220 3723 291 3778 ad
326 3722 593 3778 abluenda
628 3736 889 3791 corpora,
936 3719 1029 3774 sed
1061 3719 1226 3773 etiam
1267 3717 1333 3771 ad
1373 3708 1806 3786 puriﬁcationem

177 3887 180 3890 ἢ
222 3815 448 3881 mentis,
480 3816 619 3871 sicut
656 3815 709 3869 in
749 3812 1098 3882 sequentibus
1138 3811 1359 3873 dicitur,
1396 3817 1456 3862 ut
1489 3815 1687 3878 prmter
1714 3823 1808 3862 ua-

169 3953 178 3958 .
221 3905 456 3964 turalem
488 3907 923 3968 emundationem
947 3946 960 3971 ,
990 3919 1152 3976 quam
1183 3903 1428 3958 lavandis
1453 3909 1680 3972 possunt
1715 3901 1807 3955 ad-
1868 3919 1880 3924 δ

171 4069 176 4077 δ
221 3997 414 4053 lubere
441 3998 778 4068 corporibus,
818 3997 925 4052 sint
957 3997 1120 4052 etiam
1151 3993 1504 4066 puriﬁcandis
1536 3995 1807 4050 mentibus

171 4143 176 4148 .
223 4088 499 4148 efﬁcaces.
549 4089 662 4144 lloc
693 4089 745 4143 in
777 4089 916 4154 loco,
949 4089 1001 4142 id
1031 4097 1138 4153 est,
1166 4096 1455 4156 postquam
1485 4085 1684 4140 dixerit
1716 4100 1802 4140 sa-

172 4261 174 4263 ,
224 4185 446 4242 cerdos:
473 4182 539 4238 In
570 4183 776 4238 nomine
808 4181 1004 4246 Patris,
1037 4190 1083 4235 et
1110 4178 1260 4250 Filii,
1289 4191 1336 4233 et
1363 4177 1590 4250 Spiritus
1617 4180 1801 4243 sancti,
1865 4190 1870 4194 '

176 4352 182 4359 Ι
227 4284 470 4336 mutatur
494 4291 598 4332 vox
625 4272 780 4347 quasi
807 4272 1187 4330 adiectionem
1218 4271 1519 4342 legendam.

296 4399 355 4453 in
389 4398 645 4468 praesenti
677 4397 928 4454 oratione
960 4396 1181 4454 humilis
1216 4393 1526 4465 deprecatio
1555 4401 1671 4459 est,
1715 4408 1810 4448 seu

169 4541 172 4544 .
225 4491 407 4561 aliqua
434 4490 756 4562 praeparatio
781 4490 980 4548 mentis
1004 4489 1072 4544 ad
1097 4488 1498 4560 impetrandum
1521 4487 1809 4540 adventum

168 4618 171 4620 -
226 4584 403 4640 sancti
433 4581 668 4652 Spiritus
696 4581 752 4636 in
781 4594 998 4653 aquam,
1028 4589 1088 4634 ut
1112 4579 1252 4634 sicut
1278 4579 1334 4634 in
1361 4578 1536 4648 prima
1561 4578 1808 4636 oratione

225 4672 551 4742 deprecatus
586 4678 670 4725 est
710 4669 852 4725 Deus
888 4669 1075 4724 venire
1115 4668 1170 4722 in
1207 4677 1442 4726 mentem
1484 4668 1801 4735 sacerdotis,

166 4799 170 4802 -
226 4766 306 4822 sic
329 4776 388 4822 et
414 4766 473 4822 in
499 4765 851 4834 sequentibus
875 4765 1195 4834 deprecetur
1217 4765 1393 4820 virtus
1419 4764 1653 4834 Spiritus
1681 4780 1806 4820 san-

226 4858 322 4924 cti,
350 4865 411 4913 ut
433 4856 613 4917 veniat
636 4855 690 4912 in
716 4863 964 4914 naturam
988 4869 1160 4924 aquae.
1192 4853 1270 4908 Ita
1298 4855 1444 4910 enim
1473 4855 1605 4909 dicit
1631 4870 1808 4910 sacer-

169 4991 174 4997 .
227 4949 363 5006 tios:
402 4948 533 5006 Huic
563 4948 708 5004 nobis
735 4956 995 5019 praecepta
1022 4947 1378 5011 servantibus,
1423 4963 1487 5001 ac
1527 4949 1573 5002 si
1617 4949 1802 5004 dicat:

164 5073 170 5078 -
228 5039 347 5096 Non
375 5048 560 5102 ucstra
585 5038 1003 5109 prmsumptione
1029 5045 1234 5092 tantam
1265 5039 1518 5094 virtutem
1548 5041 1808 5097 audemus

167 5165 172 5168 -
231 5135 489 5192 invocare
516 5134 574 5192 in
599 5143 848 5194 naturam
876 5149 1050 5202 aquas,
1081 5133 1174 5188 sed
1204 5147 1270 5186 ex
1302 5141 1570 5204 praecepto
1599 5133 1811 5188 Domini

231 5231 407 5285 nostri
451 5229 546 5299 qui
572 5227 736 5296 jussit
761 5228 1089 5298 baptismum
1121 5241 1397 5282 exercere.
1446 5225 1622 5298 Atque
1661 5228 1813 5284 dein-

162 5333 166 5336 ’
233 5336 363 5394 cepe
388 5321 546 5376 iniit:
581 5320 660 5376 Tu
696 5321 837 5375 Deus
878 5320 1202 5390 omnipotens
1242 5318 1464 5374 clemens
1507 5319 1710 5385 adesto,
1754 5329 1812 5372 tu

167 5450 170 5452 η
237 5411 490 5484 benignus
509 5412 708 5482 aspira,
728 5419 783 5465 et
807 5411 1010 5480 reliqua
1033 5426 1151 5480 quae
1173 5419 1493 5481 sequuntur.
1522 5410 1652 5466 Post
1673 5414 1813 5468 hanc
1883 5446 1885 5448 -

238 5503 500 5560 humilem
551 5502 984 5573 deprecationem
1035 5508 1193 5556 vocat
1246 5502 1496 5558 sacerdos
1550 5502 1811 5572 Spiritum

241 5603 486 5649 sanctum
508 5633 524 5660 ,
570 5600 624 5648 et
650 5593 761 5647 alta
785 5607 951 5658 voce,
993 5590 1044 5646 id
1075 5600 1195 5662 est,
1234 5592 1343 5647 alto
1379 5594 1576 5650 mentis
1615 5593 1809 5650 alicctu

245 5684 584 5755 deprecatur,
633 5693 693 5740 ut
736 5684 986 5756 dignetur
1011 5684 1266 5740 advenire
1308 5685 1377 5740 ad
1417 5685 1590 5757 ipsam
1616 5699 1812 5756 aquam
1855 5671 1861 5678 ’

249 5774 322 5828 ita
351 5775 610 5830 dicemus:
645 5773 936 5830 Descendat
975 5773 1030 5829 in
1070 5773 1205 5828 hanc
1243 5772 1618 5844 plenitudinem
1653 5775 1814 5846 fontis

1904 3370 2242 3440 pronuntiat.
2277 3369 2476 3423 Habuit
2505 3382 2636 3437 ergo
2667 3383 2818 3422 mare
2848 3367 3080 3422 formam
3108 3382 3283 3436 aquas,
3312 3365 3486 3422 nubes

1907 3476 2036 3516 vero
2068 3461 2302 3530 Spiritus
2331 3461 2525 3515 sancti.

1981 3551 2110 3609 Sine
2146 3552 2350 3607 lumine
2379 3559 2481 3606 est
2523 3565 2716 3606 cereus
2755 3548 3153 3621 neophytorum
3197 3562 3370 3618 usque
3413 3547 3488 3604 ad

1885 3649 2123 3718 tempus
2156 3660 2262 3716 quo
2289 3629 2472 3699 caueri
2511 3643 2756 3713 ecclesia:
2781 3643 3158 3697 illuminantur
3194 3660 3208 3696 :
3240 3649 3488 3713 tempore

1909 3756 2018 3812 quo
2040 3740 2221 3794 caueri
2254 3738 2398 3792 cerei
2434 3736 2828 3802 illuminantur,
2865 3734 3245 3789 illuminantur
3267 3740 3324 3788 et
3349 3746 3488 3789 neo-

1908 3832 2218 3903 phytormn.
2259 3829 2552 3899 Postquam
2586 3827 2731 3882 enim
2763 3826 3001 3897 Spiritus
3035 3832 3258 3880 sanctus
3289 3837 3490 3894 purga-

1908 3924 2052 3978 verit
2091 3924 2257 3988 corda
2306 3921 2702 3992 neophytorum
2731 3962 2744 3986 ,
2800 3926 2855 3976 et
2899 3935 2995 3975 eos
3045 3915 3488 3973 intmduxeritin

1909 4017 2226 4072 societatem
2265 4022 2316 4070 et
2359 4010 2776 4068 unanimitatem
2807 4007 3088 4076 Ecclesiae,
3130 4017 3262 4064 tunc
3285 4003 3488 4062 illumi-

1910 4107 2060 4162 nabit
2088 4109 2248 4162 corda
2287 4121 2491 4161 eorum.

1983 4198 2138 4252 Sicut
2167 4199 2312 4252 enim
2346 4197 2401 4250 in
2430 4212 2526 4252 sua
2557 4210 2790 4266 persona
2821 4193 2985 4249 habet
3004 4233 3019 4258 ,
3055 4198 3116 4247 ut
3141 4191 3214 4247 sit
3239 4202 3487 4248 commu-

1913 4291 2112 4346 nicatio
2141 4275 2318 4343 Patris
2345 4296 2399 4342 et
2419 4287 2580 4342 Filii:
2611 4288 2774 4342 habet
2807 4287 2862 4341 in
2891 4284 3210 4355 operatione
3227 4321 3244 4349 ,
3271 4289 3331 4337 ut
3351 4295 3486 4338 cou-

1905 4381 2097 4452 jungat
2144 4390 2388 4436 sanctam
2425 4379 2748 4443 Ecclesium,
2779 4385 2835 4433 et
2870 4368 3146 4432 contineat
3175 4376 3230 4429 in
3254 4372 3489 4430 unitate.

1915 4472 2164 4528 Solemus
2187 4471 2407 4526 dill'erre
2435 4469 2671 4526 oﬁicium
2695 4468 3174 4524 illuminandorum
3204 4469 3490 4522 cercurum

1913 4582 2086 4636 usque
2130 4566 2198 4620 ad
2239 4565 2417 4619 missae
2446 4564 2681 4618 ofiicium
2709 4580 2722 4616 :
2755 4561 2870 4616 sive
2907 4567 3134 4632 pr0pter
3157 4565 3493 4623 causam,-ut

1913 4657 2064 4728 prius
2096 4656 2366 4726 accipiant
2401 4655 2657 4726 neophyti
2699 4653 3098 4724 impositioncm
3140 4666 3335 4708 manus
3371 4649 3489 4722 cpi-

1915 4750 2084 4819 scopi,
2109 4757 2163 4805 et
2189 4750 2267 4804 sic
2289 4764 2383 4803 eos
2408 4748 2694 4803 credamus
2715 4745 3008 4801 illuminari
3033 4743 3236 4814 Spiritu
3266 4751 3488 4808 sancto,

1915 4858 2011 4898 seu
2039 4850 2261 4912 propter
2288 4848 2524 4903 noctem,
2555 4839 2608 4891 in
2639 4853 2747 4906 qua
2779 4837 3120 4890 celebramus
3159 4833 3402 4896 missam,
3432 4838 3494 4886 ut

1915 4933 2057 4989 sicut
2085 4931 2254 4999 gloria
2278 4925 2693 4982 resurrectionis
2719 4925 2985 4978 illustrata
3013 4929 3118 4986 est,
3148 4921 3224 4976 ita
3258 4921 3492 4979 illustre-

1919 5037 2005 5082 tur
2051 5026 2252 5080 lumine
2297 5029 2607 5078 nostrorum
2650 5034 2954 5075 cereorum.
3015 5017 3227 5072 Dictum
3268 5024 3386 5080 est,
3431 5023 3492 5069 ut

1915 5119 2140 5180 aestimo,
2175 5131 2342 5186 quare
2379 5114 2524 5170 cerei
2558 5115 2900 5184 deponantur
2931 5110 2986 5164 in
3017 5121 3214 5178 aquam
3240 5105 3307 5160 ad
3335 5101 3488 5158 invo—

1915 5209 2185 5264 cationem
2249 5205 2482 5277 Spiritus
2534 5208 2704 5261 sancti
2731 5245 2746 5269 ,
2803 5201 3062 5273 quoniam
3111 5197 3213 5268 ipsi
3254 5193 3489 5266 Spiritus

1913 5299 2086 5356 sancti
2119 5313 2405 5370 personam
2437 5296 2616 5366 aliquo
2652 5293 2812 5348 modo
2846 5292 3233 5346 demonstrant.

2431 5409 2680 5481 CAPUT
2722 5405 2933 5464 xxvn.

1917 5509 1995 5566 De
2021 5508 2263 5564 unctione
2289 5504 2583 5560 chrismatis
2630 5520 2662 5556 a
2704 5500 3033 5572 presbytero,
3085 5502 3141 5572 et
3176 5486 3244 5547 de
3268 5491 3489 5563 impall-

2127 5581 2267 5634 tione
2293 5592 2479 5630 manus
2509 5565 2733 5644 episcopi
2762 5565 2918 5640 super
2945 5565 3276 5637 neaphytum.

1985 5674 2293 5743 Antequam
2335 5669 2539 5739 aliquid
2563 5669 2774 5722 dicatur
2809 5664 2876 5720 de
2915 5675 3110 5717 manus
3142 5655 3488 5744 impositione

1919 5765 2180 5839 episcopi,
2212 5761 2497 5820 dicendum
2524 5763 2640 5824 est,
2673 5773 2778 5828 qua
2809 5756 2876 5812 de
2905 5769 3068 5810 causa
3095 5759 3332 5824 ungatur
3353 5760 3488 5802 nco-

173 5903 178 5907 -
251 5865 414 5920 uirtus
435 5867 657 5937 Spiritus
680 5869 779 5922 tui.
810 5866 941 5936 Qua:
963 5840 1300 5938 deprecanda
1324 5873 1471 5943 sunt,
1495 5873 1561 5936 [ut
1587 5840 1664 5923 ibi
1687 5879 1817 5952 ope-
1919 5861 2120 5932 phytaus
2149 5872 2181 5912 a
2205 5857 2524 5938 presbytero
2557 5853 2613 5910 in
2640 5851 2846 5924 vertice
2882 5847 3093 5922 capitis.
3138 5845 3206 5902 Ut
3231 5846 3288 5900 in
3316 5840 3489 5914 gestis
