3978 6484
515 430 656 498 10²Π
1554 432 1884 494 ΑΜΑιΑΡιιι
1921 433 2358 495 PRESBYTER]
2397 434 2734 496 METENSlS
3025 499 3028 501 λ
3664 447 3793 508 {048

509 551 916 632 pontiﬁcalibus
937 553 1172 630 legitur,
1211 553 1492 629 Sylvester
1516 571 1658 629 papa
1685 531 1940 623 instituit,
1983 565 2103 612 uta
2128 559 2184 622 Α
2208 559 2328 616 sine
2363 558 2706 631 impositione
2746 573 2940 617 manus
2981 560 3225 635 episcopi
3267 561 3446 634 possit
3493 563 3794 638 neophytus

507 650 834 724 presbytero
896 656 1196 719 ungeretur
1261 650 1564 720 neophytus
1616 650 1675 705 in
1729 649 1985 718 cerebro;
2025 649 2104 705 ita
2205 651 2488 723 possidere
2517 667 2746 724 regnum
2772 651 3062 708 caelorum.
3091 651 3258 709 Latro
3281 654 3376 725 qui
3407 654 3462 709 in
3491 669 3668 712 cruce
3681 671 3794 715 coa-

509 743 659 799 enim
691 743 958 816 scriptum
1006 751 1090 800 est
1116 761 1130 798 :
1161 741 1264 799 llic
1304 744 1628 812 constituit,
1660 751 1721 799 ut
1763 743 2102 815 baptizatum
2204 743 2380 802 fessus
2423 752 2508 802 est
2538 743 2864 814 Dominum,
2914 752 2971 802 et
3008 747 3217 802 audivit
3238 747 3309 802 ab
3337 763 3439 814 eo,
3496 745 3683 804 Hodie
3701 768 3791 805 πιεο

506 837 668 893 liniat
700 835 993 909 presbyter
1021 836 1317 894 chrismate
1343 837 1582 895 levatum
1617 838 1684 896 de
1716 853 1855 910 aqua
1879 848 2102 912 propter

505 929 857 987 occasionem
886 929 1153 986 transitus
1177 930 1372 988 mortis
1394 933 1452 1004 1-.
1493 930 1612 1000 Quo
1642 940 1887 1005 tempore
1909 931 2100 1005 Sylve.

503 1032 621 1080 ster
662 1030 880 1096 regeret
921 1022 1222 1080 Ecclesiam
1243 1065 1258 1093 ,
1304 1024 1658 1082 manifestum
1687 1034 1772 1082 est
1809 1046 1821 1081 :
1850 1026 1957 1082 hoc
1990 1035 2094 1094 est,

501 1126 753 1188 tempore
797 1132 904 1188 quo
937 1116 1218 1174 Nicaenum
1260 1119 1550 1175 concilium
1596 1121 1977 1177 conﬁrmatum
2011 1128 2096 1179 est

500 1205 605 1260 sub
647 1205 976 1276 imperatore
1005 1205 1392 1263 Constantino.
1433 1209 1599 1277 Dein,
1630 1218 1690 1264 ut
1716 1226 1860 1277 reor,
1900 1210 2093 1267 Patres

500 1297 678 1352 sancti
699 1298 1122 1365 constituerunt,
1149 1307 1209 1354 ut
1237 1307 1574 1372 ungerentur
1597 1301 1853 1374 neophyti
1881 1318 1912 1356 a
1935 1317 2091 1373 pres-

496 1387 708 1458 byteris
755 1389 1053 1447 chrismate
1094 1401 1415 1448 consecrato
1467 1395 1536 1449 ab
1581 1394 1858 1465 episcopo.
1936 1393 2092 1450 Unde

495 1495 640 1537 unus
669 1497 859 1538 eorum
888 1483 1081 1539 doctor
1122 1485 1372 1557 egregius
1404 1485 1548 1541 Beda
1584 1486 1716 1542 dicit
1759 1487 1813 1542 in
1853 1493 2087 1542 tractatu

429 1559 658 1644 -super
700 1574 870 1631 Actus
918 1574 1306 1646 apostolorum.
1363 1575 1502 1632 Nam
1551 1579 1918 1650 presbyteris,
1973 1579 2088 1635 sive

492 1675 650 1724 extra
677 1665 1013 1737 episcopum,
1063 1667 1180 1722 sive
1217 1664 1489 1740 praesente
1519 1668 1798 1740 episcopo,
1836 1684 1961 1725 cum
1988 1669 2086 1724 ba-

487 1757 720 1828 ptizant,
753 1757 1052 1814 chrismate
1079 1757 1386 1830 baptizatos
1409 1774 1611 1829 ungere
1635 1759 1787 1826 licet,
1821 1761 1918 1816 sed
1939 1760 2084 1831 quod

487 1849 560 1904 ab
589 1849 846 1920 episcOpo
891 1848 1059 1905 fuerit
1103 1857 1524 1906 consecratum:
1558 1865 1668 1905 non
1715 1859 1901 1906 tamen
1932 1850 2083 1907 fron-

2202 853 2324 892 cum
2349 838 2451 893 eris
2476 837 2531 892 in
2554 837 2831 908 paradiso,
2857 823 2966 894 non
2991 839 3236 911 suscepit
3260 856 3458 897 manus
3489 840 3786 913 impositio-

2200 944 2347 997 nem,
2392 931 2639 1003 quamvis
2682 945 2808 987 eum
2837 928 3170 1001 baptizatum
3195 932 3490 988 credamus
3540 931 3706 990 fuisse
3740 937 3784 990 in

2200 1037 2363 1080 cruce
2407 1039 2507 1081 suo
2536 1026 2820 1097 sanguine.
2879 1025 2957 1082 De
2984 1041 3094 1096 quo
3114 1026 3388 1096 baptismo
3421 1027 3574 1083 dicit
3603 1027 3784 1100 Grego-

2198 1115 2314 1172 rius
2354 1116 2732 1174 Nazianzenus
2781 1117 2835 1173 in
2874 1132 3129 1174 sermone
3167 1118 3236 1173 de
3270 1119 3544 1175 secundis
3571 1120 3781 1192 Epipha-

2196 1205 2343 1261 niis:
2379 1205 2506 1264 Scio
2551 1207 2700 1264 enim
2747 1217 2803 1264 et
2839 1217 3093 1280 quartum
3123 1209 3482 1281 baptismum,
3535 1227 3648 1281 quo
3678 1213 3779 1283 quis

2194 1296 2460 1368 sanguine
2493 1313 2594 1354 suo
2622 1313 2722 1369 per
2757 1298 3080 1371 martyrium
3115 1299 3447 1370 baptizatur,
3478 1317 3603 1372 quo
3629 1302 3777 1375 bapti-

2193 1402 2312 1444 smo
2358 1388 2526 1443 etiam
2571 1388 2822 1446 Christus
2858 1391 3166 1462 baptizatus
3207 1401 3330 1458 est,
3385 1403 3450 1448 ut
3482 1402 3550 1449 et
3594 1395 3644 1449 in
3672 1396 3773 1463 hoc,

2191 1480 2336 1536 sicut
2365 1481 2421 1535 in
2447 1481 2659 1538 ceteris
2683 1480 2917 1540 fortnam
2946 1484 3294 1540 credentibus
3323 1494 3380 1540 et
3407 1500 3474 1551 se
3523 1489 3774 1557 sequenti-

2189 1570 2292 1628 bus
2329 1570 2505 1627 daret.
2537 1573 2578 1644 -ζ-
2604 1574 2682 1630 De
2723 1589 2832 1645 quo
2862 1575 3136 1646 baptismo
3182 1576 3318 1632 dicit
3365 1575 3770 1649 Augustinusia

2187 1665 2416 1738 epistola
2440 1665 2510 1722 ad
2536 1665 2918 1723 Seleucianum
2946 1685 2960 1721 :
2989 1666 3109 1723 Jam
3128 1683 3238 1724 non
3251 1668 3528 1725 debemus
3552 1685 3768 1740 quatere

2187 1759 2406 1830 quando
2443 1760 2676 1832 quisque
2721 1759 2892 1816 fuerit
2923 1759 3266 1833 baptizatus;
3303 1762 3403 1818 sed
3435 1778 3768 1836 quoscunque

2185 1849 2418 1922 legimus
2446 1850 2504 1906 in
2526 1865 2758 1923 corpore
2784 1851 3009 1917 Christi,
3034 1853 3180 1922 quod
3207 1861 3294 1908 est
3311 1851 3591 1919 Ecclesia,
3621 1855 3768 1924 perti-

487 1949 599 1997 tem
629 1956 696 1996 ex
720 1941 912 1996 eodem
942 1941 1064 1996 oleo
1091 1941 1343 2012 signare,
1376 1941 1519 2011 quod
1556 1942 1689 1998 solis
1720 1943 1952 1998 debetur
1973 1943 2082 2014 epi-
2107 1937 2156 1998 Β
2183 1955 2318 1998 nere
2348 1941 2416 1997 ad
2459 1956 2685 2013 regnum
2740 1940 3040 2008 calorum,
3072 1957 3183 1998 non
3213 1941 3319 1996 nisi
3363 1942 3673 2013 baptizatos
3695 1943 3766 1998 in-

483 2036 692 2106 scopis,
720 2051 846 2090 cum
877 2035 1098 2089 tradunt
1129 2034 1392 2106 Spiritum
1413 2035 1738 2106 paraclitum
1763 2037 2072 2106 baptizatis.

485 2126 645 2195 Quod
675 2126 721 2181 si
749 2134 910 2182 antea
938 2127 1206 2196 agebatur
1231 2126 1502 2198 superﬂue
1523 2128 1876 2182 constitutum
1901 2143 1933 2182 λ
1951 2143 2077 2184 san-

479 2228 576 2278 eto
617 2218 916 2290 Sylvestro,
953 2219 1098 2290 quod
1131 2218 1248 2292 jam
1299 2220 1585 2291 agebatur.
1627 2216 1938 2274 Secundum
1969 2219 2076 2276 hoc

484 2313 844 2374 .tonstitutum
866 2351 882 2377 ,
931 2325 1074 2376 reor,
1114 2311 1260 2383 quod
1289 2311 1358 2366 ad
1383 2311 1488 2366 hoc
1512 2309 1698 2381 priore
1731 2317 1978 2380 tempore
2007 2311 2075 2367 de

482 2405 740 2461 unctione
777 2404 1088 2460 chrismatis
1115 2402 1362 2476 pontifex
1403 2403 1842 2474 exspectabatur,
1885 2410 1944 2458 ut
1974 2419 2074 2474 per

478 2513 675 2553 manus
704 2497 946 2568 episcopi
977 2497 1157 2552 omnis
1185 2496 1371 2552 unctio
1399 2495 1751 2551 charismatis
1781 2504 2070 2568 ageretur:

476 2603 653 2659 usque
673 2587 742 2644 ad
771 2587 900 2642 illud
936 2595 1148 2659 tempus
1172 2601 1280 2643 non
1319 2586 1649 2658 generaliter
1670 2601 1862 2642 omnes
1898 2587 2073 2658 bapti-

476 2683 776 2749 zabantur,
826 2683 1098 2754 praecipue
1151 2697 1276 2738 cum
1325 2683 1687 2753 imperatores
1731 2689 1786 2735 et
1831 2681 2070 2737 ministri

475 2788 669 2828 eorum
716 2789 913 2847 pagani
955 2782 1149 2842 erant,
1199 2789 1265 2830 ac
1302 2774 1424 2830 ideo
1451 2789 1559 2829 non
1592 2772 1748 2828 facile
1779 2774 2070 2845 neophytis

473 2866 656 2936 potuit
693 2880 984 2922 occurrere
1028 2867 1348 2938 episcopus,
1391 2867 1478 2921 vel
1518 2867 1619 2936 ipsi
1658 2866 1725 2920 ad
1753 2867 2070 2937 episcopum

471 2957 687 3013 venire.
729 2957 1019 3025 Sacerdos,
1051 2960 1144 3030 qui
1177 2960 1335 3031 ungit
1363 2961 1718 3030 neophytum,
1747 2959 1930 3014 verbis
1957 2976 2069 3015 sua:

472 3053 741 3108 orationis
801 3054 1126 3110 solutionem
1187 3055 1530 3111 vinculorum
1589 3063 1644 3111 et
1697 3055 2068 3127 alligationem

472 3147 760 3203 vulnerum
798 3157 1067 3205 monstrat
1096 3190 1111 3216 ,
1164 3148 1395 3205 dicendo
1431 3169 1444 3204 :
1493 3152 1637 3206 Deus
1672 3151 2020 3220 omnipotens
2047 3193 2062 3218 ,

473 3236 641 3302 Pater
670 3239 885 3295 Domini
916 3245 1091 3296 nostri
1121 3238 1248 3296 Jesu
1281 3240 1515 3306 Christi,
1556 3241 1648 3312 qui
1689 3249 1741 3295 te
1770 3256 2062 3312 regenera-

2187 2032 2433 2105 telligere
2453 2032 2716 2089 debemus
2740 2050 2755 2088 :
2780 2034 2886 2090 nisi
2909 2033 3052 2090 forte
3072 2050 3210 2105 quos
3237 2037 3489 2106 angustia
3513 2037 3770 2109 passionis

2185 2124 2426 2192 invenit,
2481 2131 2537 2180 et
2584 2124 2833 2183 nolentes
2872 2139 3078 2198 negare
3123 2126 3438 2194 Christum,
3482 2138 3768 2201 antequam

2182 2215 2616 2286 baptizarentur,
2664 2214 2833 2272 occisi
2882 2224 3033 2281 sunt,
3080 2216 3280 2287 quibus
3319 2217 3429 2289 ipsa
3449 2220 3639 2290 passio
3673 2234 3769 2290 pro

2180 2309 2457 2381 baptismo
2495 2309 2754 2380 deputata
2792 2317 2896 2366 est.
2939 2309 3118 2366 Etiam
3156 2312 3313 2366 verba
3356 2311 3413 2366 S.
3465 2311 3762 2383 Sylvestri,

2180 2403 2274 2475 qui
2297 2402 2367 2458 ob
2393 2402 2695 2459 remedium
2723 2399 3058 2458 difﬁcultatis
3094 2402 3397 2475 episcopum
3420 2417 3762 2474 consequen-

2181 2495 2236 2552 di
2273 2503 2402 2551 ante
2422 2495 2628 2552 exitum
2659 2495 2879 2560 animaa,
2905 2495 3072 2566 jussit
3099 2505 3159 2551 ut
3185 2496 3434 2552 [iniretur
3462 2497 3765 2568 neophytus

2180 2603 2212 2643 a
2239 2588 2565 2661 presbytero
2595 2589 2898 2646 chrismate
2939 2588 3134 2646 salutis
3181 2589 3237 2644 in
3273 2589 3448 2644 vitam
3487 2598 3763 2656 aeternam,

2177 2680 2259 2736 sic
2279 2690 2478 2736 sonant
2503 2680 2660 2751 quasi
2686 2680 2861 2752 possit
2892 2680 3063 2752 recipi
3093 2681 3149 2736 in
3173 2696 3344 2752 regno
3363 2681 3634 2738 calorum
3653 2681 3763 2737 sine

2176 2773 2528 2844 impositione
2581 2787 2778 2828 manus
2826 2772 3088 2844 episcopi.
3153 2772 3399 2843 Diversa:
3452 2775 3603 2828 enim
3647 2781 3762 2828 sunt

2176 2865 2487 2921 mansiones
2513 2865 2569 2919 in
2600 2865 2762 2920 domo
2790 2863 2990 2922 Patris.
3019 2864 3098 2921 De
3126 2864 3234 2921 illis
3255 2867 3354 2937 qui
3373 2880 3479 2936 per
3499 2866 3762 2938 negligen-

2175 2957 2307 3012 tiam
2356 2958 2616 3012 amittunt
2660 2958 2903 3030 episcopi
2943 2958 3331 3030 prmsentiam,
3359 2968 3424 3015 et
3466 2975 3576 3015 non
3604 2958 3758 3015 susci-

2171 3051 2329 3122 piunt
2354 3066 2549 3107 manus
2571 3051 2994 3122 impositionem,
3019 3051 3366 3123 pensandum
3397 3063 3512 3119 est,
3536 3069 3604 3109 ne
3628 3051 3756 3107 forte

2173 3144 2228 3200 in
2265 3143 2480 3213 justitia
2509 3144 2602 3199 illa
2634 3145 2984 3212 damnentur,
3018 3147 3073 3201 in
3113 3162 3219 3216 qua
3249 3145 3597 3219 negligenter
3615 3159 3755 3200 exer-

2172 3237 2610 3307 centjustiliam,
2657 3239 2786 3308 quia
2830 3239 3136 3295 debuerunt
3173 3237 3452 3295 festinare
3484 3238 3756 3293 ad‘manus

469 3299 551 3385 vit
581 3345 649 3386 ex
675 3346 816 3402 aqua
855 3340 911 3387 et
937 3330 1147 3404 Spiritu
1179 3340 1403 3398 sancto,
1443 3295 1646 3401 quique
1674 3295 1946 3388 deditutibi
1979 3347 2066 3388 re-
2091 3295 2137 3359 Ο
2170 3295 2606 3400 impositionem.
2639 3295 2794 3384 Sicut
2816 3329 2963 3384 enim
2992 3329 3243 3386 Christus
3275 3330 3416 3386 dicit
3442 3349 3456 3385 :
3494 3329 3616 3385 Nisi
3649 3329 3758 3400 quis

468 3423 784 3479 missionem
832 3424 1076 3479 omnium
1125 3431 1498 3496 peccatorum.
1549 3423 1610 3478 In
1649 3423 1770 3479 istis
1802 3424 1985 3480 verbis
2010 3432 2066 3480 et

467 3517 808 3574 curationem
855 3516 1207 3588 intelligimus
1243 3516 1567 3589 plagarum,
1632 3524 1688 3572 et
1737 3517 2060 3574 solutionem

467 3606 834 3664 vinculorum.
898 3610 1094 3665 Postea
1147 3609 1298 3665 addit
1354 3619 1692 3667 memoratus
1751 3612 2057 3667 sacerdos:

463 3699 585 3770 Ipse
607 3701 728 3757 linit
757 3709 810 3757 te
835 3702 1134 3758 chrismate
1160 3703 1354 3759 salutis
1381 3703 1436 3758 in
1467 3704 1635 3776 vitam
1658 3713 1922 3761 aeternam
1955 3720 1970 3759 :
2000 3706 2057 3761 in

465 3795 589 3852 istis
610 3810 741 3850 vero
772 3795 1129 3867 intelligimus
1173 3795 1531 3852 salvationem
1573 3797 1862 3869 quamdam
1884 3839 1898 3862 ,
1939 3813 2061 3868 quae

467 3890 712 3959 pertinet
735 3888 801 3944 ad
825 3890 1056 3946 salutem
1082 3906 1255 3962 usque
1275 3892 1329 3946 in
1349 3892 1518 3947 vitam
1537 3903 1820 3950 aeternam.
1845 3894 2060 3966 Episco-

464 3996 571 4052 pus
599 3996 730 4036 vero
778 3981 1015 4037 transilit
1069 3983 1236 4037 verba
1279 4001 1293 4038 :
1343 3981 1463 4055 Ipse
1507 3993 1559 4041 te
1593 3985 1716 4040 linit
1761 3986 2060 4043 chrismate

464 4071 684 4138 salutis,
733 4072 892 4144 quasi
938 4073 1124 4141 ditior,
1167 4089 1274 4130 non
1301 4075 1478 4130 solum
1518 4084 1579 4131 ut
1624 4067 1838 4132 salvare
1863 4077 2057 4147 possit,

463 4165 561 4222 sed
586 4165 751 4222 etiam
779 4164 979 4232 ditare,
1011 4175 1068 4222 et
1094 4166 1229 4223 dicit
1264 4185 1278 4221 :
1323 4167 1528 4222 Emitte
1561 4167 1615 4221 in
1648 4181 1772 4222 eum
1810 4165 2059 4238 septifor-

443 4278 607 4318 ~mem
636 4261 898 4334 Spiritum
943 4271 1194 4320 sanctum
1222 4271 1375 4318 tuum
1407 4261 1743 4332 paraclntum
1777 4261 1844 4317 de
1879 4262 2053 4330 caelis,

460 4351 714 4424 spiritum
756 4356 1037 4426 sapientia:
1081 4365 1138 4410 et
1184 4354 1524 4420 intellectus,
1553 4353 1807 4424 spiritum
1842 4353 2054 4410 consilii

463 4452 523 4498 et
552 4444 911 4510 fortitudinis,
931 4446 1182 4515 spiritum
1211 4446 1454 4502 scientia:
1475 4454 1530 4501 et
1549 4445 1788 4516 pietatis,
1819 4443 2054 4513 adimple

461 4551 590 4592 eum
638 4538 830 4608 spiritu
878 4538 1090 4592 timoris
1117 4538 1328 4592 Domini
1372 4546 1426 4594 et
1460 4537 1719 4605 consigna
1754 4552 1876 4590 cum
1900 4536 2051 4604 signs

2169 3430 2384 3476 renatus
2413 3421 2576 3492 fuerit
2610 3439 2676 3476 ex
2707 3439 2846 3494 aqua
2876 3431 2926 3477 et
2961 3420 3166 3492 Spiritu
3201 3432 3418 3490 sancto,
3465 3439 3566 3477 non
3593 3429 3754 3491 potest

2166 3515 2389 3569 introire
2413 3515 2469 3569 in
2493 3531 2709 3586 regnum
2730 3514 2828 3568 Dei
2851 3528 2870 3568 :
2901 3514 3155 3572 similiter
3178 3515 3342 3571 dicit:
3371 3512 3500 3569 Nisi
3525 3513 3752 3569 abunda-

2167 3607 2298 3662 verit
2320 3606 2538 3676 justitia
2577 3617 2747 3660 vestra
2783 3605 2902 3677 plus
2942 3623 3102 3676 quam
3140 3605 3460 3662 Scribarum
3490 3616 3540 3660 et
3579 3601 3756 3658 Pluri-

2165 3715 2417 3766 sa'orum,
2442 3715 2549 3754 non
2586 3699 2854 3754 intrabitis
2881 3700 2934 3753 in
2967 3715 3186 3771 regnum
3211 3697 3490 3754 caelorum.
3545 3697 3680 3752 Vere
3701 3697 3755 3756 in

2165 3791 2440 3861 baptismo
2482 3789 2832 3845 dimittuntur
2859 3798 3045 3846 nostra
3073 3799 3298 3861 peccata
3315 3831 3331 3854 ,
3375 3799 3437 3846 et
3461 3789 3753 3860 consepeli-

2165 3901 2292 3940 mur
2335 3883 2588 3949 Christo,
2639 3883 2695 3938 in
2746 3884 3148 3940 resurrectione
3185 3882 3580 3953 justiﬁcamur,
3619 3883 3753 3938 sicut

2165 3975 2299 4032 dicit
2327 3974 2602 4046 apostolus
2624 3973 2863 4032 Paulus:
2895 3975 3141 4031 Mortuus
3181 3985 3259 4031 est
3309 3987 3520 4048 propter
3562 3977 3750 4030 delicta

2164 4077 2366 4134 nostra,
2399 4076 2450 4122 et
2477 4068 2766 4123 resurrexit
2797 4079 3011 4139 propter
3033 4069 3473 4140 justiﬁcatiom
3492 4077 3748 4122 nostram.

2162 4161 2295 4230 Quis
2343 4180 2465 4220 eum
2519 4166 2840 4224 suscitasset
2884 4182 2916 4222 a
2964 4167 3238 4235 mortuis,
3288 4168 3435 4223 idem
3467 4165 3756 4238 Apostolus

2161 4258 2479 4316 manifestat
2528 4261 2596 4317 ad
2638 4260 2916 4316 Romanos
2967 4261 3199 4317 dicens:
3250 4260 3411 4327 Quod
3454 4261 3500 4313 si
3543 4260 3752 4329 spiritus

2160 4350 2296 4423 ejus,
2323 4351 2415 4423 qui
2441 4353 2711 4408 suscitavit
2741 4353 2926 4409 Iesum
2950 4372 2982 4409 a
3004 4355 3250 4419 mortuis,
3268 4353 3480 4407 habitat
3505 4353 3746 4415 iurabis:

2159 4441 2251 4512 qui
2295 4443 2567 4496 suscitavit
2598 4443 2783 4498 Iesum
2815 4461 2849 4498 a
2876 4445 3134 4509 mortuis,
3171 4443 3566 4513 convivi/icabit
3599 4444 3746 4497 etiam

2158 4535 2410 4590 mortalia
2451 4553 2674 4607 corpora
2721 4547 2910 4594 vestra.
2996 4539 3080 4594 Ad
3127 4539 3273 4609 quod
3327 4553 3470 4609 opus
3525 4538 3751 4594 viviicet

459 4626 666 4692 crucis,
693 4627 749 4682 in
778 4629 945 4682 vitam
981 4629 1309 4698 propitiatus
1335 4638 1617 4684 aeternam.
1661 4627 1786 4683 Hmc
1818 4635 1942 4682 sunt
1970 4642 2056 4682 ve—
2081 4662 2133 4722 Β
2161 4625 2399 4697 Spiritus
2428 4643 2655 4699 corpora
2681 4631 3176 4702 nostra,.superius
3207 4631 3261 4686 iu
3300 4625 3613 4687 memorata
3639 4629 3746 4700 epi-

458 4717 959 4788 stimenta,quibus
979 4719 1168 4774 ornari
1186 4728 1400 4790 Oportet
1422 4719 1592 4773 filium
1626 4719 1791 4789 regis,
1825 4727 1886 4774 ut
1907 4727 2054 4775 stare
2081 4717 2119 4722 ”
2159 4717 2297 4772 stola
2343 4717 2778 4774 demonstratum
2824 4727 2941 4786 est,
2989 4721 3082 4776 ubi
3130 4721 3272 4778 idem
3317 4720 3497 4776 dicit:
3529 4720 3748 4791 Spiritus

456 4809 634 4880 possit
674 4808 729 4864 in
775 4807 901 4863 aula
951 4807 1182 4865 ccelesti.
1238 4808 1340 4876 Qui
1381 4807 1750 4878 baptizautur,
1788 4807 1882 4862 lilii
1926 4819 2055 4866 sunt

457 4899 576 4967 Dei,
632 4910 691 4956 ut
728 4899 967 4957 Joannes
1001 4899 1347 4970 Evangelista
1397 4907 1626 4954 narrat:
1663 4897 1932 4971 Quotquot
1959 4918 2052 4954 au-

455 4999 561 5046 tem
599 5002 902 5065 receperunt
939 5009 1094 5057 eum,
1143 4991 1287 5046 dedit
1319 4991 1391 5047 eis
1433 4999 1743 5063 potestatem
1782 4990 1923 5061 ﬁlios
1951 4990 2050 5045 Dei

453 5080 597 5152 ﬁeri,
613 5093 669 5138 et
690 5082 916 5153 reliqua.
934 5082 1236 5154 Episcopus
1259 5083 1586 5153 deprecatur
1609 5082 1799 5145 Deum,
1817 5087 1886 5137 ’ut
1907 5082 2050 5138 sicut

453 5169 640 5228 lavare
683 5173 938 5245 dignatus
973 5183 1060 5229 est
1109 5174 1383 5230 hominem
1433 5188 1534 5243 per
1578 5173 1933 5242 baptismum,
1971 5173 2046 5229 ita

457 5262 714 5335 dignetur
762 5265 964 5320 vestire
1008 5263 1280 5336 regalibus
1328 5262 1603 5328 vestibus,
1652 5265 1849 5332 quibus
1896 5264 2048 5320 indui

453 5365 667 5426 oportet
716 5355 855 5412 filios
887 5357 1051 5429 regis.
1107 5358 1182 5413 De
1208 5355 1406 5426 quibus
1441 5354 1568 5410 ﬁliis
1609 5355 1742 5410 dicit
1768 5357 2046 5426 apostolus

452 5449 691 5508 Paulus:
744 5453 937 5509 Omnes
983 5457 1073 5526 qui
1109 5455 1162 5508 in
1191 5452 1402 5507 Christo
1431 5451 1686 5523 baptizati
1714 5453 1861 5518 estis,
1893 5451 2042 5508 Chri-

419 5551 593 5615 .stum
625 5543 891 5600 induistis.
933 5545 1010 5599 lbi
1058 5545 1287 5600 induunt
1337 5560 1396 5599 se
1431 5545 1694 5616 neophyti
1739 5544 2040 5612 Christum,

457 5631 546 5686 ubi
593 5645 924 5692 renovantur
953 5637 1006 5692 in
1049 5635 1343 5708 imaginem
1385 5637 1503 5708 ejus
1551 5637 1645 5708 qui
1676 5637 1882 5692 creavit
1925 5653 2040 5696 eos.

457 5718 608 5774 Mens
632 5721 776 5776 enim
797 5725 964 5780 vestis
996 5741 1056 5780 se
1081 5725 1330 5792 Christo,
1360 5727 1576 5796 quando
1601 5726 1694 5781 illo
1724 5727 1918 5796 spiritu
1946 5729 2041 5785 ve-

457 5811 639 5880 stitur,
680 5813 771 5882 qui
817 5815 1080 5883 requievit
1120 5816 1176 5870 in
1213 5815 1436 5871 homine
1471 5815 1708 5881 Christo,
1751 5824 2041 5889 postquam

458 5902 625 5971 erepit
649 5919 768 5962 esse
791 5905 975 5964 homo.
1015 5906 1208 5966 Audivi
1250 5908 1539 5981 quemdam
1585 5909 1954 5983 interrogare,
1991 5913 2039 5970 si

2157 4825 2278 4862 vero
2323 4810 2444 4862 vivit
2475 4820 2689 4880 propter
2723 4811 3180 4882 justiﬁcationem.
3223 4813 3302 4868 De
3342 4827 3454 4883 qua
3488 4810 3751 4881 iustiﬁca-

2155 4900 2302 4955 tione
2328 4900 2458 4956 dicit
2501 4910 2723 4956 sanctus
2766 4902 3102 4974 Augustinus
3151 4903 3206 4959 in
3243 4901 3385 4959 libro
3417 4904 3487 4959 de
3519 4901 3749 4957 Civitate

2153 4991 2251 5048 Dei
2290 4993 2552 5064 vigesimo
2600 4994 2798 5063 primo,
2850 4994 3091 5064 capitulo
3142 4994 3416 5067 vigesimo
3467 4993 3696 5065 septimo
3729 5009 3750 5048 :

2156 5084 2292 5138 Nam
2321 5085 2450 5155 quid
2478 5087 2564 5141 cui
2594 5087 2836 5156 prodest,
2885 5087 3031 5157 quod
3070 5087 3404 5158 baptizatur,
3438 5087 3487 5144 si
3522 5103 3636 5143 non
3666 5086 3750 5158 jus

2157 5177 2470 5233 stillcatur?
2500 5177 2692 5234 Nonne
2720 5179 2813 5249 qui
2842 5179 2980 5234 dixit
3005 5197 3018 5234 :
3061 5177 3184 5234 Nisi
3222 5181 3344 5252 quis
3377 5188 3602 5235 renatus
3634 5179 3748 5248 {ue

2155 5272 2222 5326 rit
2251 5286 2317 5324 ea:
2343 5287 2481 5342 aqua
2505 5280 2552 5326 et
2592 5269 2818 5343 Spiritu,
2850 5287 2956 5326 non
2998 5272 3220 5327 intrabit
3263 5273 3323 5326 in
3352 5287 3583 5343 regnum
3617 5269 3747 5325 Dei:

2151 5362 2269 5433 Ipse
2291 5363 2457 5417 etiam
2472 5361 2639 5418 dixit:
2670 5361 2792 5417 Nisi
2817 5361 3162 5418 abundaverit
3167 5361 3384 5433 justitia
3401 5372 3582 5417 vestra
3595 5375 3750 5430 super

2155 5453 2464 5510 Scribarum
2488 5466 2538 5511 et
2565 5453 2991 5522 Pharisworum,
3024 5474 3130 5512 non
3156 5456 3426 5511 intrabitis
3447 5456 3508 5510 in
3529 5471 3747 5528 regum

2148 5546 2396 5602 caelorum
2416 5547 2703 5606 ?Christus
2724 5551 3024 5605 resurrexit
3051 5557 3275 5621 propter
3291 5548 3748 5621 iustiﬁcationes]:

2146 5648 2390 5696 nostram
2416 5683 2431 5708 ,
2477 5641 2715 5714 Spiritus
2739 5659 2865 5698 eum
2903 5642 3186 5699 suscitavit
3221 5658 3252 5697 a
3292 5642 3529 5698 mortuis
3558 5661 3573 5695 :
3603 5640 3748 5702 idem

2147 5731 2384 5804 Spiritus
2408 5735 2671 5800 vivificat,
2703 5736 2816 5791 sive
2835 5733 3203 5792 vivificabitet
3225 5733 3481 5790 mortalia
3510 5747 3746 5804 corpora

2143 5834 2352 5881 nostra.
2390 5825 2620 5898 Liquido
2660 5836 2886 5899 apparet
2926 5825 3070 5898 quod
3119 5825 3456 5882 resurrectio
3491 5823 3748 5896 corporis

2140 5914 2345 5974 Christi
2384 5917 2542 5976 nobis
2576 5917 2996 5989 viviﬁcationem
3033 5917 3344 5990 promittat,
3383 5932 3510 5992 qua
3547 5931 3740 5974 resur-
