3978 6460
184 439 320 501 1049

960 433 1050 491 ne
1087 429 1647 528 ECCLESIASTICIS
1681 433 1970 496 ornans
2007 435 2190 497 una!
2220 435 2314 497 ιν.
2349 423 2426 485 -'-
2458 435 2588 498 un.
2625 439 2672 500 1.

3275 447 3440 510 1050

187 556 350 618 rectio
375 551 436 610 iit
451 559 674 624 propter
689 549 1136 621 justiﬁcationem
1177 563 1444 612 nostram.
1487 553 1758 614 Justiiica-
1782 572 1832 633 Α
1857 570 1990 628 pere
2033 556 2297 628 Spiritum
2338 571 2588 620 sanctum
2613 561 2734 620 sine
2771 561 3121 638 impositione
3145 581 3364 636 manus,
3392 569 3443 627 si

187 653 258 709 tio
282 655 464 706 nostra
488 654 573 701 est
608 646 662 700 in
689 647 1078 704 exercitatione
1111 647 1380 705 bonorum
1410 664 1656 721 operum,
1693 658 1758 707 ut

183 739 492 800 Ambrosius
537 747 616 794 ait
659 737 716 794 in
763 747 997 796 tractatu
1046 740 1288 812 epistola:
1334 741 1403 797 ad
1455 741 1752 800 Romanos.

182 831 432 903 Quamvis
461 838 518 886 et
534 837 716 902 justus
740 831 916 887 bonus
941 831 1202 888 dicendus
1229 831 1318 897 sit,
1343 841 1526 889 tamen
1555 848 1756 904 genera

182 925 290 996 ipsa
313 922 505 994 posuit,
527 921 732 990 justum
747 923 801 977 in
816 923 1076 980 exercitio
1097 924 1427 997 signiﬁcans,
1450 927 1646 981 bonum
1668 942 1757 983 ve-

179 1034 237 1073 ro
259 1025 440 1070 natum
487 1014 577 1084 qui
607 1013 955 1084 simplicitate
992 1016 1253 1072 innocens
1283 1017 1516 1072 dicatur.
1557 1017 1754 1074 Nostra

179 1109 305 1164 ﬁdes
330 1110 400 1163 ita
426 1115 594 1172 tenet,
612 1116 672 1162 ut
699 1109 818 1164 sine
851 1109 1054 1181 Spiritu
1080 1119 1270 1166 sancto
1299 1125 1472 1180 neque
1493 1113 1750 1182 cogitare,

177 1214 344 1260 neque
372 1214 535 1270 agere
561 1199 693 1255 recti
717 1199 921 1271 aliquid
949 1201 1244 1258 valeamus.
1305 1202 1408 1256 Per
1430 1217 1622 1258 manus
1653 1203 1754 1258 im-

174 1293 488 1364 positionem
518 1293 786 1348 intimavit
814 1294 1014 1350 Paulus
1042 1296 1317 1365 apostolus
1354 1297 1600 1367 accipere
1627 1295 1751 1369 Spi-

176 1389 329 1438 ritum
367 1391 614 1438 sanctum
642 1384 958 1449 credentes,
1007 1385 1334 1456 imponendo
1363 1402 1554 1441 manus
1583 1387 1750 1443 disci-

171 1475 326 1544 pulis,
357 1475 574 1545 quando
608 1474 760 1530 venit
810 1475 1120 1544 Ephesum,
1168 1485 1222 1530 et
1269 1477 1629 1549 interrogavit
1655 1493 1750 1534 eos

173 1565 349 1621 dicens
374 1583 388 1620 :
426 1565 484 1622 Si
514 1566 779 1636 Spiritum
807 1576 1061 1622 sanctum
1098 1569 1388 1640 accepistis
1416 1571 1749 1626 credentes?

170 1672 301 1728 quos
347 1665 536 1728 postea
593 1657 908 1727 baptizavit,
972 1673 1097 1727 quia
1148 1656 1373 1714 Joannis
1421 1660 1748 1731 baptismate

167 1755 322 1801 erant
365 1747 627 1817 baptizati
652 1787 667 1813 ,
709 1756 764 1802 et
794 1747 1053 1818 imposuit
1080 1747 1160 1803 eis
1195 1763 1413 1815 manus,
1452 1758 1512 1804 ut
1543 1751 1751 1820 accipe-

165 1848 284 1894 rent
315 1838 580 1908 Spiritum
629 1847 898 1894 sanctum.
957 1840 1302 1910 Acceperunt
1346 1841 1477 1896 olim
1523 1843 1745 1912 quidam

1855 663 1982 705 eum
2009 649 2274 708 Dominus
2302 651 2434 709 dare
2478 654 2750 712 voluerit:
2794 657 2890 712 sed
2924 673 3049 714 eum
3077 661 3276 732 oppido
3309 677 3445 718 con-

1857 740 2081 813 stringit
2121 743 2418 814 apostolica
2465 747 2804 814 observatio,
2859 763 3024 819 quam
3075 753 3454 810 exercuerunt

1854 845 1956 901 per
1979 848 2172 889 manus
2207 835 2634 906 impositionem,
2666 847 2721 894 et
2750 854 2878 895 cura
2903 855 3147 911 praesens
3181 845 3448 901 ecclesia-

1856 923 2014 989 stica,
2042 923 2135 993 qui
2160 938 2258 994 per
2285 926 2670 999 negligentiam
2699 931 2877 998 perdit
2904 947 3098 987 manus
3136 931 3444 1004 impositio-

1856 1029 2003 1070 nem.
2036 1014 2396 1074 Conferamus
2439 1021 2630 1076 eadem
2661 1022 2824 1088 dona,
2856 1021 3012 1091 juxta
3055 1023 3445 1096 Augustinum,

1856 1121 1980 1161 eum
2024 1107 2452 1166 beatitudinibus
2501 1111 2885 1169 demonstratis
2932 1114 2987 1168 in
3016 1125 3238 1170 monte:
3280 1124 3335 1170 et
3363 1115 3448 1170 vi-

1855 1199 2077 1256 deamus
2121 1216 2187 1258 ex
2246 1205 2430 1261 verbis
2471 1205 2762 1277 Augustini
2823 1215 3085 1278 quantum
3138 1207 3445 1279 periculum

1855 1293 2116 1363 incurrat,
2148 1298 2241 1368 qui
2270 1299 2608 1370 negligenter
2646 1301 2760 1357 exit
2786 1302 2854 1357 de
2891 1302 3090 1358 mundo
3128 1301 3245 1356 sine
3272 1302 3446 1372 impo-

1852 1387 2048 1443 sitione
2073 1405 2290 1445 manus.
2329 1390 2572 1447 Moratus
2587 1393 2781 1448 doctor
2807 1393 3132 1464 sapientiam
3161 1403 3445 1464 comparat

1849 1478 2126 1547 paciﬁcis:
2155 1479 2210 1534 in
2241 1481 2439 1550 quibus
2465 1482 2716 1538 ordinata
2748 1492 2878 1539 sunt
2898 1483 3105 1550 omnia,
3147 1483 3440 1554 nullusque

1848 1579 2030 1627 motus
2073 1572 2335 1630 adversus
2367 1576 2634 1631 rationem
2663 1575 2880 1632 rebellis
2918 1585 3004 1652 est
3025 1578 3086 1648 τ.
3125 1575 3438 1638 Secundum

1849 1665 1990 1721 hanc
2016 1669 2478 1738 comparationem
2517 1685 2624 1724 non
2667 1677 2752 1725 est
2793 1668 3072 1740 paciﬁcus,
3108 1669 3201 1740 qui
3227 1670 3443 1739 sapien-

1849 1757 1982 1812 tiam
2007 1773 2116 1814 non
2144 1759 2330 1826 habet,
2363 1777 2539 1831 neque
2567 1760 2740 1817 Filius
2769 1761 2885 1817 Dei.
2933 1760 2991 1817 Si
3019 1777 3127 1818 non
3155 1761 3321 1817 fuerit
3345 1777 3439 1833 pa-

1847 1847 2055 1915 ciﬁcus,
2104 1849 2276 1906 Filius
2307 1851 2400 1907 Dei
2430 1867 2538 1907 non
2565 1861 2650 1908 est
2677 1870 2692 1907 :
2722 1861 3054 1924 quapropter
3079 1868 3186 1908 non
3214 1854 3439 1910 intrabit

164 1931 425 2000 δρίτίιυῐη
469 1937 713 1984 sanam“
751 1932 868 1987 είηθ
914 1931 1260 2001 ίῐηΡοείιίοῐιε
1309 1948 1536 1999 manus.
1577 1933 1744 1990 ctiam
1773 1942 1822 2003 B
1850 1939 1904 1995 in
1936 1940 2118 1994 aulam
2169 1941 2473 1998 caelestem.
2509 1943 2848 2000 intellectum
2892 1954 3172 2015 comparat
3220 1946 3437 2000 mundis

161 2029 450 2090 antequam
478 2021 901 2091 baptizarentur,
934 2022 1076 2077 sicut
1105 2025 1366 2094 scriptum
1392 2033 1477 2081 est
1505 2025 1560 2080 in
1587 2025 1738 2082 Acti-

161 2113 259 2167 bus
319 2113 688 2183 apostolorum
730 2133 742 2168 :
796 2113 994 2168 Cecidit
1047 2115 1277 2187 Spiritus
1329 2127 1542 2172 sanctus
1585 2135 1742 2189 super

161 2221 332 2259 omnes
371 2207 460 2275 qui
495 2207 778 2261 audiebant
805 2207 1014 2261 verbum
1049 2207 1163 2262 Dei.
1208 2209 1362 2266 Unde
1394 2211 1539 2266 Beda
1568 2212 1622 2266 in
1647 2203 1741 2266 eo;

163 2299 316 2354 detn:
363 2298 441 2353 Ne
471 2300 739 2370 baptisma
789 2301 1041 2372 gentibus
1089 2303 1306 2359 tradere
1352 2305 1562 2360 dubitet
1605 2305 1738 2374 quin

159 2387 346 2446 Petrus
376 2391 552 2447 sancti
581 2392 894 2447 testimonio
939 2392 1317 2459 confirmatur,
1358 2395 1504 2464 ipsas
1529 2395 1738 2451 lavacri

160 2499 341 2556 aquas,
393 2500 533 2556 quas
579 2485 926 2541 sanetilicare
953 2485 1095 2541 solet
1128 2501 1270 2542 novo
1306 2488 1496 2544 ordine
1517 2503 1740 2559 percur-

161 2577 360 2634 rentis:
398 2578 549 2647 quod
595 2577 762 2632 semel
806 2577 859 2632 in
900 2577 1270 2632 testimonium
1319 2578 1442 2634 fidei
1473 2579 1734 2652 gentium,

159 2687 426 2742 nunquam
451 2685 584 2726 vero
609 2671 662 2726 in
676 2670 876 2726 Judteis
901 2671 1148 2726 evenisse
1163 2671 1450 2742 reperitur.
1471 2672 1545 2727 Dc
1560 2688 1664 2742 qua
1680 2686 1739 2726 re

157 2761 282 2816 dicit
325 2760 629 2832 Gregorius
668 2759 1045 2814 Nazianzenus
1087 2759 1141 2814 in
1173 2774 1423 2815 sermone
1449 2761 1515 2814 de
1545 2775 1738 2816 secun-

155 2853 234 2910 dis
258 2854 614 2926 Epiphaniis:
641 2852 758 2908 Non
791 2854 1052 2909 continuo
1084 2853 1259 2924 legem
1286 2852 1541 2908 Ecclesiis
1566 2854 1732 2921 dedit,

157 2948 197 3002 si
223 2949 384 3006 semel
411 2948 724 3018 aliquando,
749 2955 842 3002 aut
868 2962 995 3001 raro
1019 2945 1225 3015 aliquid
1253 2945 1357 3001 tale
1377 2944 1582 3002 factum
1611 2955 1694 3002 est
1716 2964 1730 3002 :

156 3037 401 3108 quoniam
443 3036 664 3109 quidem
697 3051 874 3108 neque
921 3037 967 3092 si
1007 3051 1114 3091 una
1153 3036 1354 3092 alicubi
1396 3037 1630 3092 hirundo
1655 3037 1736 3092 vi-

157 3132 360 3197 deatur,
387 3132 537 3188 veris
565 3130 827 3187 continuo
865 3137 1077 3202 tempus
1115 3129 1347 3186 induxit.
1387 3127 1542 3195 Quod
1570 3129 1736 3184 mira-

154 3224 256 3280 culi
275 3240 437 3281 causa
455 3225 539 3290 iit,
564 3225 677 3280 sive
699 3223 1058 3287 necessitatis,
1088 3239 1194 3279 non
1218 3230 1302 3278 est
1327 3220 1653 3276 trahendum
1675 3221 1732 3276 in

1843 2034 2030 2098 corde,
2062 2033 2154 2104 qui
2181 2039 2410 2104 purgato
2440 2034 2598 2089 oculo
2623 2049 2850 2090 cernere
2875 2043 3123 2104 possunt,
3146 2036 3292 2104 quod
3316 2051 3436 2090 cor-

1840 2141 2041 2198 poreus
2067 2124 2256 2180 oculus
2300 2139 2408 2180 non
2438 2124 2594 2190 vidit,
2624 2140 2728 2180 nec
2773 2125 2925 2180 auris
2967 2123 3207 2189 audivit,
3241 2139 3344 2182 nec
3378 2125 3434 2180 in

1845 2233 1942 2272 cor
1971 2216 2210 2272 hominis
2239 2217 2504 2273 ascendit.
2549 2215 2861 2272 Secundum
2888 2216 3021 2279 haec,
3074 2217 3164 2286 qui
3196 2232 3302 2272 non
3333 2215 3432 2272 ha-

1843 2309 1937 2364 bet
1962 2308 2296 2364 intellectum
2315 2349 2330 2374 ,
2383 2323 2494 2379 quo
2518 2308 2731 2368 ,vadat?
2761 2307 2888 2376 quia
2921 2322 3098 2362 caecus
3122 2315 3226 2372 est,
3255 2315 3310 2362 et
3337 2323 3433 2364 ne-

1843 2399 1946 2454 scit
1971 2414 2078 2468 quo
2104 2397 2284 2452 vadat.
2328 2397 2625 2452 Consilium
2655 2405 2935 2466 comparat
2961 2396 3430 2462 misericordibus,

1843 2491 1936 2561 qui
1968 2490 2266 2552 dimittunt,
2299 2497 2360 2544 ut
2389 2489 2697 2544 dimittatur
2725 2487 2863 2552 illis;
2904 2495 2959 2542 et
2984 2486 3242 2557 adjuvant
3270 2495 3431 2543 aete-
3465 2491 3469 2496 ’
3568 2525 3572 2542 ,

1843 2597 1937 2637 ros
1965 2581 2108 2636 sicut
2151 2595 2210 2636 se
2247 2579 2436 2635 volunt
2480 2577 2743 2648 adjuvari.
2798 2575 2928 2634 Sine
2964 2578 3068 2633 hoc
3107 2578 3248 2633 dono
3272 2592 3431 2634 nemo

1842 2674 2091 2745 pervenit
2120 2675 2188 2728 ad
2224 2688 2450 2744 regnum
2478 2671 2607 2736 Dei,
2636 2672 2850 2728 dicente
2871 2671 3165 2743 Evangelio
3191 2689 3204 2726 :
3238 2670 3299 2727 Si
3322 2689 3426 2726 non

1842 2764 2148 2819 remiseritis
2174 2764 2531 2834 unusquisque
2552 2763 2708 2833 fratri
2733 2780 2830 2818 suo
2857 2764 2922 2818 de
2945 2763 3188 2818 cordibus
3218 2765 3423 2830 vestris,

1841 2870 1942 2911 nec
1964 2854 2129 2910 Pater
2153 2864 2334 2911 vester
2353 2854 2594 2911 cmlestis
2622 2856 2859 2911 dimittet
2889 2856 3044 2912 vobis
3069 2866 3295 2928 peccata
3325 2872 3424 2912 ve-

1840 2958 1972 3002 stra.
2014 2947 2411 3014 Fortitudinem
2433 2957 2712 3018 comparat
2738 2949 3125 3013 esurientibus,
3153 2949 3246 3018 qui
3269 2948 3419 3004 labo-

1838 3048 1962 3094 rant
1989 3039 2349 3094 desiderando
2362 3040 2616 3109 gaudium
2637 3040 2703 3094 de
2730 3039 2876 3094 veris
2910 3041 3085 3095 bonis.
3115 3039 3216 3108 Qui
3242 3049 3424 3112 potest

1837 3127 2064 3201 adipisci
2096 3145 2321 3202 regnum
2361 3130 2658 3196 cmlorum,
2724 3130 2828 3186 nisi
2870 3125 3188 3188 desiderans
3221 3132 3421 3204 gaudia
3513 3181 3518 3188 .

1835 3236 2089 3277 verorum
2117 3220 2418 3278 bonorum?
2445 3219 2740 3277 Scientiam
2770 3231 3049 3293 comparat
3076 3221 3386 3295 lugentibus
3404 3262 3419 3287 ,

154 3315 616 3372 consuetudinem.
676 3306 984 3371 Secundum
1019 3313 1364 3378 Μειιιιεευιη,
1395 3313 1572 3368 modis
1600 3312 1734 3366 duO-
1759 3307 1804 3369 C
1835 3320 1964 3390 quia
2001 3318 2116 3387 jam
2169 3326 2537 3389 cognoverunt
2580 3317 2634 3371 in
2663 3317 2969 3385 scripturis,
3017 3317 3216 3387 quibus
3259 3316 3418 3373 malis

147 3405 246 3463 bus
271 3407 618 3479 baptizamur
645 3405 872 3477 Spiritu.
921 3404 1043 3474 Ipse
1067 3406 1235 3469 enim,
1269 3404 1463 3473 inquit,
1495 3404 1731 3473 baptiza-

144 3499 216 3553 bit
263 3516 351 3554 vos
379 3497 590 3571 Spiritu
625 3507 808 3552 sancto
845 3506 893 3552 et
925 3497 1061 3567 igne.
1130 3495 1479 3568 Baptizamur
1521 3495 1731 3566 Spiritu

139 3598 328 3646 sancto
355 3598 421 3645 et
446 3591 569 3661 igne
603 3605 616 3642 :
658 3589 1002 3660 baptizamur
1029 3586 1234 3657 Spiritu
1267 3596 1480 3653 sancto,
1515 3587 1731 3657 quando

137 3679 422 3736 abluimur
450 3696 480 3735 a
509 3681 753 3752 peccatis
776 3719 792 3744 ,
844 3695 1005 3750 quam
1039 3678 1374 3734 ablutionem
1423 3677 1732 3748 signiﬁcant

136 3773 272 3827 alba:
294 3783 486 3829 vestes
513 3774 568 3829 in
602 3773 928 3844 baptismate
963 3786 1060 3843 per
1087 3779 1262 3827 totum
1289 3785 1510 3842 corpus.
1542 3770 1729 3842 Bapti-

138 3880 326 3920 zamur
349 3867 484 3938 igne
507 3909 522 3934 ,
571 3867 789 3939 quando
817 3866 1069 3922 ardorem
1102 3864 1340 3936 Spiritus
1378 3863 1682 3936 accipimus
1709 3879 1724 3919 :

137 3969 196 4016 ut
222 3962 461 4032 apostoli
493 3969 826 4032 acceperunt
867 3960 923 4016 in
965 3959 1054 4015 die
1095 3958 1467 4015 Pentecostes.
1518 3957 1733 4029 Baptis-

141 4069 286 4108 mum
323 4053 472 4125 ignis
501 4055 799 4124 accipimus
826 4067 925 4123 per
951 4051 1356 4128 impositionem
1393 4066 1588 4107 manus
1615 4049 1734 4122 epi-

143 4160 458 4216 scaporum,
504 4146 595 4216 qui
645 4156 930 4200 consumat
970 4144 1135 4216 ligna,
1180 4144 1388 4210 fenum,
1432 4143 1724 4215 stipulam:

147 4238 271 4307 quia
308 4237 455 4291 Deus
479 4236 619 4307 ignis
645 4251 975 4291 consumens
998 4245 1112 4298 est,
1145 4247 1202 4292 et
1237 4236 1473 4291 calorem
1508 4243 1731 4306 praestat

145 4331 268 4386 vitae
292 4341 534 4394 aeterna.
564 4337 727 4400 atque
763 4329 946 4385 lumen
985 4329 1203 4386 videndi
1231 4345 1297 4384 ea
1331 4345 1452 4399 qua:
1479 4327 1726 4384 mortali-

1833 3408 2000 3462 vincti
2045 3415 2353 3473 teneantur,
2386 3423 2507 3476 quae
2537 3415 2794 3476 tanquam
2819 3407 2960 3461 bona
2986 3414 3042 3461 et
3081 3405 3234 3460 utilia
3270 3407 3424 3477 igno-

1833 3507 2018 3553 rantes
2043 3505 2391 3568 aperuerunt.

1907 3587 2024 3643 Nisi
2051 3588 2197 3642 enim
2228 3589 2392 3643 homo
2419 3592 2678 3658 agnoscat
2715 3598 2957 3640 errorem
2994 3599 3152 3642 suum
3187 3585 3336 3640 etab
3357 3599 3425 3642 eo

1835 3697 1896 3738 se
1919 3681 2240 3752 corrigendo
2270 3689 2594 3744 revertatur,
2639 3693 2746 3735 non
2785 3687 2868 3735 est
2909 3687 3069 3748 aptus
3099 3693 3263 3751 regno
3292 3677 3413 3735 Dei.

1834 3771 2098 3827 Pietatem
2147 3778 2428 3841 comparat
2469 3770 2692 3826 mitibus
2720 3791 2733 3824 :
2761 3771 2856 3841 qui
2904 3770 3049 3825 enim
3095 3770 3184 3842 pie
3225 3768 3422 3840 quierit

1834 3875 2082 3921 sanctam
2111 3862 2481 3935 Scripturam,
2519 3873 2574 3919 et
2602 3877 2711 3919 non
2742 3861 3096 3932 reprehendit
3116 3860 3260 3932 quod
3286 3875 3423 3915 nou-

1833 3959 1962 4015 dum
2003 3957 2287 4028 intelligit,
2329 3966 2383 4013 et
2417 3965 2708 4029 propterea
2737 3971 2842 4012 non
2876 3956 3109 4021 resistit,
3142 3955 3287 4027 quod
3313 3962 3418 4021 est,

1833 4052 2020 4107 mitem
2051 4066 2190 4116 esse,
2241 4051 2354 4121 ipse
2376 4050 2677 4121 possidebit
2707 4058 2928 4104 terram.
2971 4047 3248 4104 Timorem
3276 4062 3423 4102 com-

1831 4154 1990 4213 parat
2018 4142 2336 4208 humilibus,
2369 4145 2434 4197 de
2483 4143 2681 4212 quibus
2709 4141 3059 4214 Evangelium
3104 4139 3423 4196 manifestat

1831 4235 1976 4304 quod
2023 4235 2262 4304 ipsorum
2311 4235 2383 4288 sit
2425 4249 2650 4305 regnum
2678 4233 2963 4289 cmlorum.
3001 4231 3084 4287 Ad
3109 4231 3250 4302 quod
3281 4245 3421 4301 pra!-

1831 4325 2004 4378 mium
2051 4324 2167 4378 haec
2215 4324 2356 4378 dona
2402 4323 2727 4394 perducant,
2773 4323 2828 4377 in
2866 4321 3108 4378 clausula
3134 4321 3419 4392 praesentis

146 4421 246 4478 bus
267 4421 439 4476 oculis
463 4420 648 4476 clausa
675 4427 821 4475 sunt.
858 4419 966 4476 lste
995 4420 1190 4476 modus
1215 4419 1572 4491 apparitionis
1605 4417 1729 4488 Spi-
1832 4414 2257 4485 comparationis
2277 4455 2294 4481 ,
2339 4414 2481 4468 idem
2499 4454 2514 4479 ,
2546 4413 2702 4484 cujus
2727 4415 2892 4469 verba
2934 4412 3240 4484 intelligere
3264 4412 3418 4483 cupi—

151 4515 284 4570 ritus
317 4513 513 4577 sancti,
554 4511 790 4568 nonfuit
824 4513 1167 4568 necessarius
1203 4511 1256 4566 in
1295 4510 1496 4567 Christi
1522 4510 1729 4580 baptis-
1831 4520 1976 4571 mus,
2027 4505 2301 4576 explanat,
2352 4506 2619 4562 dicendo:
2661 4505 2839 4561 Unum
2889 4513 3070 4560 autem
3109 4505 3438 4576 praemium,

150 4616 288 4664 mate
311 4625 325 4661 :
351 4608 480 4678 quia
510 4620 618 4661 non
651 4605 802 4660 venit
827 4605 1118 4661 ostendere
1158 4604 1469 4664 necessario
1497 4618 1563 4660 ea
1599 4619 1726 4675 ope-
1750 4666 1799 4678 _
1833 4597 1979 4670 quod
2013 4605 2096 4651 est
2139 4612 2364 4668 regnum
2405 4596 2664 4652 caelorum
2686 4638 2700 4663 ,
2734 4612 2835 4668 pro
2868 4597 2956 4652 his
2986 4596 3242 4667 gradibus
3266 4597 3444 4651 varie”

151 4702 255 4755 rari
303 4666 386 4756 ίιι⁸
409 4701 628 4756 nomine
669 4698 922 4765 Christo,
971 4715 1092 4771 qua:
1153 4666 1720 4762 commemoravimus,
1750 4666 1808 4728 Β
1831 4689 2170 4744 nominatum
2199 4695 2302 4744 est.
2361 4685 2516 4743 Sicut
2545 4687 2692 4742 enim
2737 4687 2824 4742 bis
2845 4687 3168 4743 subvenitur
3198 4702 3228 4741 a
3259 4687 3417 4743 donis

149 4794 412 4862 quoniam.
433 4793 489 4846 in
533 4807 598 4847 eo
643 4792 855 4846 habitat
899 4793 1078 4846 omnis
1108 4791 1386 4862 plenitudo
1424 4791 1724 4846 divinitatis

150 4886 530 4958 corporaliter;
561 4884 654 4940 sed
680 4885 734 4939 in
763 4883 1022 4954 apostolis
1055 4891 1112 4939 et
1136 4885 1349 4939 caneris
1372 4883 1720 4939 hominibus:

152 4975 206 5033 Si
234 4980 354 5048 quis
391 4976 511 5033 sine
542 4979 648 5033 isto
677 4977 1005 5046 baptismate
1045 4974 1362 5046 migraverit
1396 4976 1462 5030 de
1507 4975 1724 5040 saeculo,

149 5072 507 5141 periculosum
556 5071 662 5126 iter
707 5071 919 5142 arripit.
973 5070 1087 5125 Hoc
1120 5067 1423 5140 praevidens
1450 5067 1728 5140 Sylvester

147 5175 302 5233 papa,
333 5170 598 5235 quantum
629 5162 841 5233 potuit,
877 5160 1167 5216 subvenit:
1197 5168 1252 5214 et
1284 5167 1505 5230 propter
1531 5160 1728 5214 absen-

150 5254 274 5309 tiam
303 5257 708 5326 episc0pomm,
742 5255 1067 5309 necessitate
1096 5251 1299 5308 addidit
1338 5259 1399 5305 ut
1444 5268 1473 5306 a
1501 5253 1726 5322 presby-

151 5351 263 5401 tero
290 5355 647 5419 ungereutur.
687 5346 1010 5402 Timendum
1037 5353 1152 5411 est,
1187 5359 1254 5400 ne
1296 5343 1387 5399 illa
1420 5344 1724 5400 diﬂ‘erentia

151 5439 217 5494 sit
248 5441 392 5497 inter
420 5442 600 5507 illum,
632 5443 723 5513 qui
755 5443 871 5497 sine
897 5440 1241 5511 impositione
1282 5455 1475 5495 manus
1516 5441 1721 5496 moria-

152 5538 255 5599 tur,
303 5542 358 5590 et
399 5535 542 5589 inter
571 5534 719 5589 illum
749 5534 840 5604 qui
867 5547 992 5588 eum
1021 5532 1255 5602 accipit,
1279 5566 1282 5570 -
1303 5547 1424 5602 qua:
1465 5531 1724 5588 estinter

153 5624 426 5680 stellarum
453 5624 851 5689 claritudinem,
877 5623 980 5678 hoc
999 5631 1104 5688 est,
1134 5623 1382 5692 quamvis
1410 5637 1516 5677 non
1543 5622 1726 5678 exclu-

154 5715 345 5773 dantur
388 5733 420 5772 a
449 5731 617 5790 regno
661 5716 754 5772 Dei
785 5723 1006 5788 propter
1043 5715 1402 5794 caeterabona
1425 5731 1615 5786 opera,
1643 5724 1725 5773 ta-

154 5822 274 5864 men
318 5825 426 5867 non
467 5810 703 5866 habeant
732 5809 882 5864 illum
915 5807 1091 5863 locum
1111 5847 1126 5875 ,
1158 5821 1320 5879 quem
1344 5808 1645 5875 haberent,
1678 5811 1726 5866 si

157 5891 330 5960 inani
355 5901 676 5975 acciperent.
723 5902 852 5960 Non
883 5912 1023 5977 nego
1065 5917 1230 5974 posse
1267 5903 1544 5960 hominem
1573 5903 1724 5959 acci-

1829 4781 2066 4853 Spiritus
2095 4779 2311 4844 sancti,
2343 4779 2540 4850 quibus
2585 4777 2776 4832 tribuit
2818 4777 2960 4832 idem
3011 4776 3245 4846 Spiritus
3285 4792 3436 4831 san-~

1827 4883 1986 4940 ctus,
2035 4882 2096 4928 ut
2122 4873 2211 4944 pie
2251 4879 2560 4942 quaererent
2607 4886 2672 4924 ac
2716 4869 3009 4924 salubriter
3036 4875 3416 4937 exspectarent

1826 4965 2167 5038 baptismalia
2195 4969 2535 5018 sacramenta
2555 5001 2570 5026 ,
2601 4959 2850 5031 quamvis
2885 4957 2952 5013 ad
2994 4974 3056 5012 ea
3085 4973 3192 5012 non
3221 4972 3412 5028 perve-

1827 5057 2020 5110 niant:
2055 5056 2146 5125 sie
2180 5051 2476 5107 timendum
2521 5059 2635 5118 est,
2685 5065 2754 5105 ne
2789 5064 2897 5105 non
2945 5049 3296 5105 subveniatur
3326 5049 3411 5104 his

1829 5145 1922 5215 qui
1949 5143 2284 5215 negligenter
2312 5142 2428 5196 haec
2456 5141 2552 5196 Dei
2581 5142 2721 5196 dona
2753 5149 3028 5211 quaerunt.

1902 5253 2087 5309 Dehis
2115 5260 2296 5307 autem
2347 5253 2438 5322 qui
2487 5251 2823 5324 negligenter
2867 5266 2932 5304 ea
2977 5249 3242 5315 tribuunt,
3275 5250 3410 5304 scri-

1826 5355 1978 5419 ptum
2004 5354 2089 5402 est
2131 5346 2184 5400 in
2215 5345 2506 5418 Evangelio
2543 5365 2556 5400 :
2590 5344 2744 5400 Serve
2771 5343 2909 5400 male
2937 5353 2984 5398 et
3013 5346 3179 5415 piger,
3208 5343 3406 5399 sciebas

1825 5442 1951 5514 quia
1978 5450 2114 5494 meto
2143 5440 2232 5494 ubi
2262 5458 2366 5495 non
2389 5441 2588 5495 semina
2607 5479 2622 5505 ,
2663 5447 2710 5491 et
2741 5453 2994 5507 congrego
3018 5437 3107 5490 ubi
3133 5453 3234 5490 non
3257 5453 3407 5507 spar-

1826 5536 1914 5591 si:
1938 5536 2166 5606 oportuit
2199 5550 2320 5604 ergo
2357 5542 2406 5587 te
2434 5533 2636 5587 mittere
2660 5530 2938 5602 pecuniam
2967 5544 3136 5581 meam
3162 5543 3405 5581 nummu-

1826 5627 2000 5682 lariis.
2029 5627 2096 5682 Et
2117 5633 2239 5696 post
2265 5639 2434 5694 pauca
2479 5641 2490 5676 :
2536 5621 2784 5677 Inutilem
2819 5636 3021 5675 servum
3043 5619 3216 5689 ejicite
3243 5619 3298 5674 in
3331 5628 3407 5674 te-

1829 5721 2016 5776 nebras
2060 5717 2378 5778 exteriores,
2416 5715 2488 5770 ibi
2517 5716 2612 5770 erit
2648 5715 2804 5782 ﬂetus
2847 5722 2895 5769 et
2921 5713 3120 5768 stridor
3146 5712 3402 5767 dentium.

1785 5863 1788 5865 Α
1829 5810 2124 5866 Memorata
2147 5808 2287 5862 dona
2318 5814 2538 5864 sanctus
2558 5806 2850 5878 Gregorius
2878 5823 2975 5879 per
2993 5805 3190 5879 gradus
3216 5820 3404 5860 ascen-

1831 5903 2071 5962 dentium
2113 5909 2334 5958 enarrat
2372 5902 2429 5957 in
2481 5901 2619 5958 libro
2657 5902 2722 5960 de
2767 5900 3147 5960 Ediﬂcatione
3194 5893 3398 5969 templi.
