3978 6482
502 403 659 465 ωειη
1300 413 1338 471 ,ε
1380 456 1389 471 ί
1448 416 1457 421 -
1490 415 1506 471 τ
1538 389 1873 476 mananti
1907 384 2099 447 pars]

2197 383 2348 444 TER!
2380 381 2720 445 METENSIS
3644 380 3792 443 {05!

495 523 643 583 unde
666 516 914 591 quadam
936 512 1349 587 emet-peiurus,
1377 525 1498 584 qua:
1526 510 1619 571 hic
1638 489 1816 566 locum
1850 502 2080 563 habent;
2101 501 2310 569 Aduo,
2338 501 2391 556 id
2420 509 2506 557 est
2528 502 2639 555 vita
2672 506 2729 591 et
2765 496 3043 591 doctrina,
3074 494 3178 591 sibi
3208 507 3455 591 connexa
3482 495 3781 591 inveniun-

495 587 771 684 Propheta'
799 625 968 682 ergo,
1016 607 1229 681 inquit,
1275 605 1404 675 quia
1430 604 1498 660 de
1531 601 1848 659 coelestibus
1881 597 1949 655 ad
1972 597 2081 653 ima
2180 600 2273 646 tur
2310 592 2611 684 inpseptem
2652 589 2836 684 donis.
2879 587 3155 684 Sapientia
3196 589 3431 684 primum
3453 597 3537 684 _et
3576 588 3790 684 intelle-

498 708 839 780 loquebatur,
891 703 1061 774 erepit
1106 700 1281 773 magis
1316 715 1347 755 a
1392 697 1681 771 sapientia,
1720 703 1775 751 et
1806 693 2085 751 descendit

499 800 570 857 ad
592 798 844 858 timorem
873 812 886 849 :
923 793 1114 864 Sapit,
1145 790 1237 863 qui
1268 789 1447 847 credit
1482 789 1537 845 in
1572 793 1818 843 sanctam
1850 784 2085 847 Trinita-

501 896 638 943 tem.
693 884 950 955 lntelligit
986 882 1080 953 qui
1119 888 1392 953 praecepta
1427 878 1609 934 divina
1652 891 1817 932 sensu
1855 873 2086 945 percipit

500 997 557 1044 et
580 997 747 1055 opere
773 981 976 1052 implet.
1037 977 1338 1034 Consilium
1368 974 1564 1040 habet,
1598 972 1691 1045 qui
1726 971 2099 1054 quodcunque)

503 1077 655 1149 agit,
698 1074 994 1145 prudenter
1018 1069 1318 1141 .prazvidet.
1380 1067 1565 1125 Fortis
1607 1074 1724 1132 est,
1754 1065 1845 1139 qui
1881 1063 2089 1120 resistit

502 1167 724 1227 diabolo
748 1174 804 1223 et
828 1163 1091 1227 voluntati
1128 1162 1269 1234 ejus.
1334 1158 1482 1227 Scit,
1512 1158 1607 1231 qui
1639 1158 1781 1213 inter
1807 1155 2005 1211 bonum
2033 1161 2089 1211 et

504 1260 708 1317 malum
757 1258 1068 1315 discernere
1117 1254 1290 1315 novit.
1344 1251 1475 1308 Pius
1500 1259 1604 1317 est,
1636 1249 1729 1321 qui
1756 1255 1979 1320 peccata
2006 1247 2095 1303 di-

505 1350 708 1415 mittit,
752 1357 810 1403 et
838 1348 1213 1420 eleemosyuas
1247 1345 1398 1403 facit.
1452 1343 1630 1399 Timet
1663 1341 1835 1397 Deum
1860 1340 1953 1412 qui
1978 1354 2088 1397 non

507 1449 719 1499 tantum
741 1441 881 1496 bene
910 1424 1079 1505 facit.
1097 1438 1193 1503 sed
1218 1437 1361 1497 male
1389 1436 1573 1493 facere
1598 1451 1708 1493 non
1740 1433 1921 1511 audet.

576 1530 687 1591 Sed
712 1546 815 1589 nos
846 1531 939 1600 qui
969 1546 1001 1588 a
1032 1528 1267 1593 terrenis
1283 1529 1353 1587 ad
1375 1527 1621 1584 ccelestia
1649 1526 1943 1594 tendimus,
1968 1539 2087 1583 eos-

504 1624 627 1683 dem
651 1625 855 1695 gradus
877 1622 1223 1689 ascendendo
1246 1636 1615 1687 numeremus,
1641 1627 1707 1677 ut
1736 1635 1767 1706 ξι
1798 1619 1991 1675 timore
2019 1616 2089 1673 ad

503 1718 829 1789 sapientiam
865 1716 1153 1789 pervenire
1204 1714 1498 1771 valeamus.
1561 1712 1621 1768 ln
1664 1717 1845 1769 mente
1888 1710 2093 1766 etenim

504 1815 693 1869 nostra
720 1808 931 1879 primus
949 1805 1289 1867 ascensionis
1310 1804 1512 1876 gradus
1539 1810 1624 1861 est
1649 1802 1811 1861 timor
1834 1801 2048 1857 Domini
2073 1818 2087 1857 :

2183 684 2323 738 ctus.
2373 682 2650 756 Sapientia
2692 681 2761 736 ad
2787 681 2980 746 vitam,
3005 680 3310 736 intellectus
3335 682 3406 736 ad
3434 681 3786 741 doctrinam:

2184 774 2467 839 consilium
2495 775 2563 829 ad
2586 774 2906 837 doctrinam,
2932 771 3194 829 fortitudo
3216 773 3285 829 ad
3304 773 3483 828 vitam
3511 791 3527 827 :
3558 772 3790 831 scientia

2185 865 2254 920 ad
2283 864 2606 930 doctrinam,
2634 864 2808 937 pietas
2833 864 2901 918 ad
2930 862 3121 918 vitam.
3146 860 3275 918 Haec
3300 870 3432 919 sunt
3457 871 3787 919 ornamenta

2184 958 2374 1027 vestis,
2409 974 2529 1030 quae
2579 958 2769 1015 tribuit
2815 956 2960 1014 Deus
3009 959 3178 1014 menti
3225 972 3326 1028 per
3374 950 3788 1028 impositiouem

2186 1058 2399 1117 manus,
2428 1052 2545 1107 sine
2572 1051 2769 1122 quibus
2806 1050 3175 1123 periculosum
3216 1056 3302 1106 est
3344 1048 3602 1120 aliquem
3649 1049 3789 1104 iuveb

2186 1143 2295 1198 uiri
2338 1143 2393 1198 in
2433 1143 2681 1201 convivio
2720 1142 2883 1213 regis,
2918 1156 2985 1198 ne
3018 1141 3204 1197 audiat
3249 1155 3445 1196 vocem
3492 1143 3789 1201 terribilem

2187 1233 2456 1291 dicentis:
2482 1233 2682 1301 Amice,
2718 1233 2979 1306 quomodo
3030 1233 3131 1287 huc
3180 1233 3397 1288 intrasti
3438 1250 3559 1289 non
3604 1236 3789 1293 habent

2187 1336 2379 1383 vestem
2421 1327 2751 1399 nuptialem?
2784 1324 2975 1381 Solent
3020 1325 3235 1381 diverso
3275 1324 3444 1381 modo
3490 1327 3787 1383 orationem

2189 1418 2437 1491 proferre
2486 1418 2733 1490 magistri
2778 1418 2941 1474 simul
2977 1434 3101 1474 cum
3151 1432 3334 1486 cruce,
3364 1433 3545 1490 quam
3597 1420 3785 1496 faciunt

2190 1512 2386 1585 pollice
2419 1512 2473 1566 in
2499 1510 2769 1568 frontibus
2793 1510 3106 1567 infantium.
3133 1510 3328 1568 Omnia
3349 1512 3531 1568 verba
3556 1513 3787 1584 superius

2192 1611 2515 1671 memorata,
2539 1604 2803 1661 orationis
2847 1601 3016 1659 verba
3065 1610 3230 1657 sunt:
3259 1604 3535 1673 quoniam
3583 1621 3686 1661 non
3725 1604 3785 1660 ab

2195 1695 2302 1751 illis
2327 1695 2487 1751 datur
2510 1695 2765 1767 Spiritus,
2790 1695 2884 1767 qui
2905 1711 3103 1751 manus
3124 1695 3441 1767 imponunt,
3474 1697 3580 1753 sed
3611 1701 3782 1769 depre-

2197 1772 2391 1846 cantur
2420 1795 2479 1843 ut
2504 1789 2706 1845 veniat.
2742 1786 2900 1846 Unde
2923 1786 3261 1858 Augustinus
3314 1790 3375 1845 in
3415 1788 3562 1847 libro
3593 1792 3785 1848 decimo

506 1876 807 1964 secundus,
842 1899 1018 1967 pietas
1040 1916 1056 1961 ;
1086 1897 1314 1965 tertius,
1354 1893 1581 1951 scientia
1607 1911 1619 1947 :
1649 1900 1911 1964 quartus,
1937 1890 2092 1949 [οι-εὶ·
2116 1876 2165 1938 Β
2193 1880 2383 1957 quinto
2422 1879 2491 1936 de
2537 1879 2805 1936 Trinitate
2830 1920 2847 1947 ,
2877 1879 3035 1939 titulo
3056 1880 3323 1953 vigesimo
3343 1891 3553 1952 quarto
3578 1901 3595 1936 :
3614 1883 3787 1941 Nullus

506 1992 678 2048 tudo:
720 1991 982 2062 quintus,
1012 1990 1338 2048 consilium:
1379 1996 1600 2055 sextus,
1628 1988 1976 2043 intellectus:
2007 2002 2093 2044 se-

504 2083 734 2155 ptimus,
768 2082 1055 2153 sapientia.
1224 2148 1227 2151 η

577 2171 677 2229 Bst
703 2172 849 2229 enim
878 2171 1041 2228 timor
1077 2168 1293 2227 Domini
1342 2168 1400 2224 in
1432 2175 1647 2235 mente,
1682 2167 1778 2223 sed
1800 2166 1979 2238 qualis
2004 2175 2091 2229 est

508 2263 611 2324 iste
645 2264 832 2330 timor,
860 2263 909 2323 si
951 2276 1076 2325 cum
1100 2276 1170 2321 eo
1194 2260 1371 2331 pietas
1400 2274 1510 2315 non
1544 2258 1667 2315 est?
1689 2258 1791 2326 Qui
1818 2259 1963 2313 enim
1994 2259 2096 2313 mi-

507 2357 683 2419 sereri
703 2356 955 2427 proximo
978 2355 1209 2426 ignorat,
1237 2353 1330 2424 qui
1352 2353 1590 2425 compati
1615 2350 1953 2409 tribulationi
1979 2348 2097 2420 ejus

505 2449 847 2515 dissimulat,
893 2446 1055 2516 huius
1078 2446 1244 2511 timor
1269 2453 1395 2501 ante
1424 2443 1815 2520 omnipotentis
1841 2442 1937 2509 Dei
1967 2432 2097 2499 σου-ὲ
2158 2504 2162 2508 Α

504 2540 592 2598 los
612 2540 795 2597 nullus
819 2546 937 2605 est,
960 2538 1055 2609 qui
1084 2553 1194 2597 non
1229 2536 1545 2597 sublevatur
1576 2535 1643 2591 ad
1670 2534 1928 2604 pietatem
1953 2552 1965 2589 :
2001 2533 2098 2593 sed

507 2646 654 2704 sape
684 2632 867 2703 pietas
897 2646 997 2703 per
1040 2629 1407 2691 inordinatam
1448 2626 1880 2683 misericordiam
1912 2619 2097 2685 errare

507 2724 673 2789 solet,
711 2724 758 2779 si
801 2723 948 2786 forte
987 2722 1296 2795 pepercerit
1335 2735 1457 2791 quae
1492 2720 1768 2792 parcenda
1803 2734 1914 2774 non
1945 2725 2092 2780 sunt,

507 2814 742 2873 Peccata
780 2816 933 2873 enim
977 2829 1100 2884 quae
1141 2812 1295 2870 teriri
1319 2813 1578 2885 gehennae
1607 2811 1820 2884 ignibus
1846 2816 2096 2889 possunt,

511 2906 814 2976 disciplina:
840 2914 970 2967 sunt
998 2906 1226 2963 verbere
1260 2904 1602 2977 corrigenda.
1652 2902 1760 2960 Sed
1788 2903 2099 2959 inordinata

509 3000 711 3072 pietas,
733 3015 858 3065 cum
890 2998 1266 3070 temporaliter
1310 2997 1526 3069 parcit,
1563 2996 1632 3055 ad
1678 3003 1941 3055 mwrnum
1967 3007 2098 3067 sup-

510 3090 736 3165 plicium
760 3091 1051 3161 pertrahit.
1093 3090 1167 3155 Ut
1198 3104 1330 3162 ergo
1366 3103 1494 3144 vera
1532 3094 1590 3143 et
1614 3085 1870 3143 ordinata
1896 3083 1966 3140 sit
1993 3083 2101 3154 pie-

508 3190 602 3239 tas
624 3222 641 3249 ,
673 3182 741 3239 ad
784 3183 1013 3255 gradum
1056 3190 1142 3247 est
1182 3181 1346 3237 alium
1387 3179 1719 3239 sublevanda
1746 3219 1762 3244 ,
1810 3176 1866 3232 id
1899 3183 2004 3242 est,
2030 3166 2099 3235 ad

2195 1975 2340 2032 enim
2371 1972 2567 2046 aliquis
2595 1973 2987 2046 discipulorum
3021 1971 3143 2043 ejus
3172 1974 3323 2030 dedit
3372 1974 3650 2046 Spiritum
3676 1990 3767 2031 san

2198 2074 2363 2121 ctum.
2416 2063 2659 2120 Orabant
2707 2064 2928 2135 quippe,
2959 2069 3019 2119 ut
3068 2063 3283 2121 veniret
3335 2065 3392 2120 in
3432 2080 3557 2131 eos,
3602 2066 3789 2137 quibus

2195 2172 2391 2212 manus
2418 2156 2786 2228 imponebant,
2812 2170 2921 2213 non
2952 2154 3057 2226 ipsi
3084 2140 3212 2211 eum
3240 2155 3455 2222 dabant,
3482 2170 3653 2228 quem
3684 2171 3792 2212 mo-

2199 2268 2316 2308 rem
2348 2252 2402 2307 in
2433 2250 2546 2307 suis
2579 2249 2887 2321 prmpositis
2932 2250 3099 2305 etiam
3129 2265 3272 2305 nunc
3296 2258 3471 2304 servat
3511 2249 3795 2305 Ecclesia.

2197 2342 2335 2400 Eum
2365 2359 2524 2415 quem
2552 2343 2803 2413 superius
2829 2349 3081 2414 precatus
3109 2349 3196 2396 est
3233 2340 3481 2412 pontifex,
3512 2351 3578 2396 ut
3606 2341 3780 2395 mitte

2199 2443 2285 2492 ret
2314 2434 2579 2507 Spiritum
2603 2441 2873 2497 sanctum,
2902 2434 2956 2488 in
2981 2433 3329 2505 sequentibus
3347 2434 3508 2503 petit,
3524 2440 3596 2488 ut
3616 2435 3789 2491 διιεεὲ

2199 2510 2436 2602 pientem
2490 2528 2742 2601 dignetur
2787 2527 3111 2597 consignare
3142 2526 3197 2581 in
3223 2526 3392 2581 vitam
3418 2536 3717 2593 aeternam,
3746 2529 3798 2585 id

2200 2630 2285 2678 est
2306 2630 2364 2677 ut
2385 2621 2634 2678 eumdem
2650 2619 2909 2692 Spiritum
2931 2635 3035 2674 nou
3058 2618 3277 2681 amittat
3296 2619 3609 2689 suscipiens
3632 2635 3797 2692 usque

2201 2713 2329 2770 dum
2375 2712 2636 2786 perducat
2684 2712 2952 2784 hospitem
3000 2724 3158 2766 suum
3187 2709 3255 2766 ad
3295 2711 3473 2766 vitam
3518 2721 3792 2769 aeternam.

2201 2804 2279 2862 De
2307 2822 2415 2877 quo
2455 2804 2734 2878 signaculo
2778 2805 2911 2861 dicit
2940 2802 3309 2876 Hieronymus
3332 2804 3393 2860 in
3422 2814 3669 2862 tractatu
3691 2807 3794 2878 epi-

2202 2900 2352 2963 stolae
2384 2900 2455 2957 ad
2476 2899 2739 2972 Ephesios
2765 2916 2778 2954 :
2805 2898 3014 2970 Signati
3038 2904 3219 2953 autem
3249 2913 3450 2955 sumus
3473 2898 3683 2972 Spiritu
3706 2900 3789 2956 Dei

2192 3002 2412 3067 sancto,
2437 3001 2499 3050 ut
2543 3002 2599 3049 et
2628 2993 2851 3065 spiritus
2878 2999 3064 3050 noster
3090 2999 3147 3047 et
3181 2992 3366 3047 anima
3420 2992 3789 3063 imprimautur

2203 3088 2482 3160 signaculo
2525 3086 2643 3154 Dei,
2678 3095 2734 3144 et
2766 3086 2913 3143 illam
2960 3085 3291 3157 recipiamus
3326 3086 3626 3159 imaginem
3650 3086 3789 3142 etsi-

2202 3180 2585 3246 militudinem,
2614 3178 2683 3235 ad
2702 3194 2867 3251 quam
2888 3179 2943 3233 in
2964 3178 3188 3234 exordio
3205 3177 3421 3234 conditi
3450 3193 3660 3234 sumus.
3686 3177 3793 3233 Hoc

506 3274 799 3335 scientiam
827 3293 840 3330 :
874 3274 946 3332 Ut
988 3274 1149 3342 sciat,
1190 3273 1277 3330 vel
1320 3273 1452 3346 quid
1482 3288 1549 3328 ex
1594 3268 1968 3327 misericordia
2006 3283 2102 3338 pu—
2122 3263 2174 3333 Ο
2206 3271 2484 3343 signaculo
2514 3270 2686 3327 sancti
2713 3269 2950 3345 Spiritus
2977 3268 3133 3341 juxta
3160 3269 3447 3340 eloquium
3482 3268 3792 3334 Salvatoris,

508 3364 650 3434 aiat,
678 3367 762 3426 vel
779 3367 917 3438 quid
946 3383 1014 3427 ex
1044 3365 1423 3424 misericordia
1454 3364 1713 3421 dimittat.
1756 3361 1864 3419 Sed
1894 3359 2025 3432 quid
2055 3358 2102 3414 si
2204 3365 2316 3420 Deo
2342 3363 2710 3435 imprimente,
2739 3363 3037 3436 signamur.
3076 3361 3256 3428 Hunc,
3278 3363 3431 3418 enim
3457 3364 3557 3429 ait,
3583 3361 3793 3435 signa?

517 3455 658 3512 sciat
701 3457 833 3527 quid
878 3470 1042 3527 agere
1096 3456 1326 3525 quisque
1378 3454 1575 3511 debeat
1611 3471 1625 3508 :
1667 3453 1923 3507 virtutem
1972 3463 2102 3513 vero
2200 3466 2351 3528 pater
2377 3456 2538 3513 Deus,
2589 3452 2845 3528 signatur
2870 3470 2999 3527 ergo
3027 3455 3195 3510 etiam
3224 3452 3441 3526 spiritu
3469 3464 3656 3510 sancto
3679 3467 3795 3507 om.

516 3546 716 3618 agendi
742 3562 850 3602 non
881 3546 1099 3603 habent.
1146 3543 1387 3601 Scientia
1421 3559 1552 3616 ergo
1582 3551 1768 3599 nostra
1798 3550 2008 3600 crescat
2035 3540 2103 3595 ad
2202 3550 2289 3605 nis
2316 3549 2407 3620 qui
2432 3564 2500 3604 ex
2525 3563 2591 3603 eo
2619 3547 2762 3620 quod
2788 3546 3018 3603 credidit
3045 3546 3179 3614 Deo,
3204 3546 3471 3618 signavit,
3490 3546 3617 3619 quia
3637 3559 3795 3600 verus

519 3636 895 3701 fortitudinem
922 3650 938 3691 ε
975 3645 1037 3691 ιιι
1058 3652 1188 3693 cum
1216 3636 1367 3691 Videt
1392 3635 1523 3707 quid
1552 3634 1823 3705 agendum
1848 3633 1919 3689 Sil
1939 3675 1954 3700 ι
1998 3624 2105 3697 Ῐιρο
2200 3647 2288 3695 est
2311 3639 2475 3705 Deus,
2498 3638 2588 3709 qui
2622 3637 2825 3703 idcirco
2849 3636 3113 3712 signatur,
3140 3646 3202 3693 ut
3228 3648 3413 3694 servet
3437 3630 3790 3708 signaculum,

517 3744 684 3800 agere
723 3742 824 3799 per
870 3728 1072 3785 mentis
1122 3727 1497 3783 fortitudinem
1532 3725 1745 3801 possit,
1800 3740 1868 3781 ne
1908 3725 2103 3781 timore

518 3822 795 3892 trepidet:
821 3829 877 3877 et
916 3835 1119 3891 pavore
1162 3822 1437 3892 collapsa,
1485 3837 1595 3879 non
1630 3820 1809 3876 valeat
1837 3820 1978 3875 bona
2012 3820 2106 3879 de-

516 3911 744 3969 fendere
768 3925 892 3981 qtm
912 3912 1099 3977 sentit.
1128 3911 1238 3968 Sed
1260 3927 1403 3983 saepe
1433 3911 1696 3968 fortitudo
1733 3910 1778 3966 si
1814 3909 1977 3966 fuerit
2004 3911 2108 3966 im-

492 4003 781 4073 provida,
828 4012 887 4061 et
928 4003 1111 4063 minus
1154 4012 1345 4059 contra
1370 4004 1503 4059 vitia
1538 4003 1956 4072 circumspecta,
1988 4002 2106 4074 ipsa

517 4095 604 4153 sui
635 4094 1060 4166 prmumptione
1096 4094 1154 4150 in
1192 4110 1380 4151 casum
1415 4096 1564 4151 ruit:
1595 4094 1856 4151 ascendat
1880 4109 2015 4166 ergo
2038 4094 2107 4149 ad

488 4188 805 4269 consilium
828 4228 846 4255 ,
898 4196 962 4255 ut
1004 4187 1353 4259 praevidendo
1399 4188 1724 4261 praemuniat
1762 4202 1924 4244 omne
1961 4187 2107 4257 quod

494 4295 682 4351 agere
702 4281 917 4338 fortiter
933 4289 1133 4351 potest.
1172 4281 1280 4337 Sed
1301 4297 1423 4338 esse
1446 4282 1736 4345 consilium
1764 4298 1871 4339 non
1899 4289 2104 4352 potest,

518 4372 567 4429 si
594 4372 901 4431 intellectus
949 4372 1140 4439 deest:
1170 4372 1301 4443 quia
1338 4373 1433 4443 qui
1466 4388 1576 4429 non
1606 4371 1864 4444 intelligit
1902 4370 2108 4427 malum

514 4462 662 4532 quod
686 4473 935 4534 agentem
961 4472 1149 4534 gravat
1169 4504 1186 4530 ,
1230 4464 1502 4533 quomodo
1537 4470 1720 4536 potest
1746 4463 1955 4517 bonum
1981 4458 2109 4519 soli-

2205 3737 2261 3784 et
2287 3726 2537 3784 ostendat
2579 3727 2711 3784 illud
2742 3729 2797 3783 in
2842 3729 2929 3783 die
2956 3728 3362 3799 redemptionis
3404 3746 3614 3801 purum
3640 3741 3796 3803 atque

2195 3817 2513 3884 sincerum,
2544 3825 2600 3872 et
2648 3818 2795 3875 nulla
2845 3833 2909 3872 ex
2956 3824 3111 3889 parte
3162 3819 3501 3885 mutilatum,
3528 3827 3586 3875 et
3631 3822 3701 3876 ob
3745 3820 3799 3875 ἢ

2207 3910 2515 3973 enumerari
2543 3926 2664 3966 cum
2696 3911 2784 3967 his
2826 3910 3005 3965 valeat
3043 3912 3137 3983 qui
3163 3912 3435 3983 redempti
3477 3923 3623 3968 sunt.
3672 3912 3801 3969 Sine

2180 4004 2314 4081 (isto
2364 4005 2643 4078 signaculo
2712 4019 2821 4063 non
2861 4012 3108 4079 .oportet
3154 3992 3255 4061 nos
3304 4006 3619 4077 praesentari
3666 4014 3803 4061 ante

2209 4097 2377 4151 Deum
2405 4115 2419 4152 :
2445 4098 2511 4153 de
2542 4113 2649 4168 quo
2680 4096 2835 4168 quasi
2879 4096 2946 4152 de
2983 4096 3165 4169 aliquo
3213 4099 3559 4163 vestimento,
3585 4094 3804 4154 meabat

2208 4187 2407 4245 Paulus
2435 4190 2502 4245 ad
2530 4189 2842 4249 Corinthios
2868 4209 2885 4244 :
2908 4188 3117 4246 Etenim
3158 4192 3251 4264 qui
3295 4206 3482 4247 sumas
3508 4193 3569 4247 in
3594 4208 3801 4264 corpore

2208 4282 2332 4351 isto,
2364 4281 2751 4352 ingemiscimus
2794 4283 3024 4355 gravati,
3047 4298 3106 4335 eo
3139 4283 3283 4354 quod
3329 4282 3587 4338 nolumus
3627 4299 3799 4355 exspe-

2175 4368 2350 4449 Jiari,
2398 4370 2488 4425 sed
2528 4369 2884 4439 supervestiri,
2917 4378 2975 4424 ut
3016 4369 3361 4435 absorbeatur
3397 4372 3546 4445 quod
3595 4372 3799 4427 mortale

2209 4469 2285 4514 est
2321 4478 2353 4514 a
2384 4461 2508 4515 vita.
2545 4459 2624 4519 De
2661 4472 2771 4531 quo
2800 4461 3126 4517 vestimento
3153 4462 3322 4526 dicat,
3352 4463 3411 4518 in
3459 4463 3798 4536 sequentibus

521 4554 676 4618 dare,
713 4555 876 4621 quod.
898 4553 1119 4621 adjuvat
1153 4573 1167 4609 :
1210 4555 1392 4625 itaque
1431 4570 1461 4610 a
1492 4534 1720 4613 consilio
1747 4553 2105 4611 ascendamus
2176 4534 2181 4537 ν
2211 4558 2516 4606 monstrat:
2543 4548 2645 4616 Qui
2667 4559 2848 4606 autem
2866 4551 3082 4623 perlicit
3102 4553 3269 4608 nosin
3288 4554 3400 4609 hoc
3418 4534 3797 4625 ipsorum”.

521 4643 593 4699 ad
621 4642 975 4698 intellectum.
1016 4641 1125 4698 Sed
1145 4644 1277 4712 quid
1320 4644 1366 4700 si
1413 4643 1722 4699 intelleCtus
1761 4658 1960 4715 magno
1988 4644 2108 4713 quiq
2129 4626 2185 4688 Π
2210 4642 2301 4714 qui
2318 4642 2467 4697 dedit
2488 4642 2642 4698 nobis
2660 4643 2858 4726 pignus
2878 4643 3421 4715 Spiritus.Quoniarn
3446 4648 3799 4703 arrhabouem

490 4774 493 4777 η
522 4733 645 4790 dem
670 4734 919 4790 acumine
941 4733 1148 4805 vigilet,
1180 4741 1236 4789 et
1255 4734 1528 4804 moderari
1552 4748 1612 4789 se
1634 4734 1846 4790 nesciat
1870 4749 1969 4806 per
1994 4750 2109 4791 ma-

522 4823 837 4891 turitatem?
880 4824 965 4889 Ab
1012 4825 1291 4883 intellectu
1336 4839 1468 4896 ergo
1520 4826 1880 4881 ascendamus
1927 4825 1995 4887 ad
2024 4841 2110 4891 sa-

520 4916 805 4988 pientiam,
835 4924 896 4979 ut
920 4919 1064 4988 quod
1098 4925 1257 4975 acute
1282 4917 1591 4975 intellectus
1633 4919 1861 4985 invenit,
1891 4920 2107 4993 sapien-

522 5006 601 5061 tia
638 5013 853 5065 mature
896 5006 1167 5077 disponat.
1256 5004 1329 5063 Ut
1372 5022 1470 5077 per
1509 5008 1689 5063 oleum
1744 5008 2108 5080 intelligamus

524 5108 732 5158 rectam
775 5101 1243 5159 conversationem
1269 5141 1285 5169 ,
1334 5118 1456 5173 qua:
1496 5104 1810 5160 moderatur
1846 5104 1901 5159 in
1926 5112 2110 5160 mente

520 5208 623 5267 per
662 5192 1033 5253 maturitatem
1082 5193 1363 5266 sapientiae
1403 5208 1419 5249 :
1461 5204 1516 5249 et
1542 5210 1642 5266 per
1680 5195 1984 5252 balsamum
2012 5195 2108 5251 do«

525 5284 778 5351 ctrinam,
806 5298 927 5354 quin
945 5284 1147 5342 bonum
1174 5287 1396 5342 odorem
1424 5294 1648 5356 praestat
1682 5285 1834 5342 foris.
1874 5285 2019 5341 ldem
2048 5286 2107 5365 in
2164 5282 2171 5286 ’

476 5432 485 5439 ι
520 5374 716 5435 eodem
751 5372 909 5439 libro,
941 5372 996 5429 in
1026 5374 1131 5430 alio
1154 5374 1275 5430 loco
1305 5374 1438 5429 dicit
1458 5375 1525 5429 de
1546 5374 1813 5445 sapientia
1840 5393 1852 5429 :
1885 5374 2110 5446 Sapien-
2168 5388 2171 5389 '

526 5465 601 5519 tia
627 5466 694 5522 ad
720 5465 909 5534 vitam,
939 5466 1166 5523 scientia
1198 5482 1327 5521 vero
1354 5466 1591 5537 pertinet
1619 5466 1687 5521 ad
1714 5465 2040 5523 doctrinam.

597 5556 921 5617 Chrismatis
949 5558 1151 5624 unctio,
1174 5565 1236 5612 ut
1254 5557 1613 5628 praetulimus,
1644 5557 1878 5630 pertinet
1904 5559 1971 5613 ad
2001 5559 2109 5627 duo

523 5646 665 5707 dona
699 5649 932 5722 Spiritus
970 5653 1162 5718 sancti,
1192 5653 1244 5707 id
1274 5661 1357 5709 est
1391 5654 1458 5708 ad
1498 5654 1820 5726 sapientiam
1848 5662 1903 5711 et
1933 5657 2111 5721 scien-

526 5737 663 5798 tiam
707 5758 722 5795 :
761 5742 964 5812 oleum,
1011 5743 1079 5800 ad
1124 5745 1482 5816 sapientiam;
1536 5748 1833 5816 balsamus,
1886 5732 2111 5806 odorem

527 5844 689 5903 suum
741 5830 901 5903 longe
946 5832 1161 5906 lateque
1206 5850 1486 5907 spargens,
1517 5838 1582 5893 ad
1627 5839 1930 5894 scientiam.
1984 5837 2113 5895 lima

2207 4735 2303 4792 Dei
2350 4736 2707 4807 suscepimus,
2737 4746 2797 4793 ut
2841 4738 2986 4795 illius
3021 4739 3225 4806 simus,
3268 4731 3431 4809 Signo
3478 4744 3663 4797 crucis
3701 4756 3804 4812 quo

2208 4830 2472 4902 redempti
2501 4846 2707 4896 sumus,
2738 4831 3017 4904 signamur
3035 4875 3049 4899 ,
3077 4841 3138 4888 ut
3164 4833 3387 4903 quando
3413 4836 3807 4892 exterminatur

2210 4922 2423 4992 signum
2453 4921 2582 4985 illud
2606 4923 2804 4980 viderit
2831 4924 2885 4979 in
2930 4922 3202 4981 frontibus
3229 4926 3436 4982 nostris
3465 4934 3809 5001 pertranseat

2164 5082 2171 5089 θ
2211 5016 2402 5072 domus
2446 5025 2659 5073 nostras
2679 5059 2695 5084 ,
2722 5026 2779 5074 et
2802 5018 2986 5073 videat
3028 5017 3172 5088 quod
3214 5033 3324 5074 non
3353 5019 3441 5074 sui
3474 5035 3688 5086 minus,
3716 5020 3809 5077 sed

2210 5106 2354 5165 illius
2380 5105 2533 5176 cujus
2577 5107 2792 5179 signum
2820 5117 3121 5177 portamus.
3170 5106 3299 5164 Haec
3336 5123 3481 5163 crux
3509 5111 3811 5167 chrismate

2210 5196 2462 5263 ellicitur,
2492 5198 2637 5267 quod
2684 5196 2991 5275 confectum
3034 5205 3118 5254 est
3162 5213 3231 5254 ex
3268 5196 3394 5254 oleo
3442 5208 3498 5256 et
3546 5203 3805 5259 bats-am.

2212 5290 2386 5364 Opera
2428 5292 2655 5365 hospitis
2687 5292 2880 5357 nostri,
2911 5291 3037 5348 talis
3063 5291 3242 5362 liquor
3285 5302 3593 5349 monstrat.
3626 5295 3813 5352 Chari-

2211 5391 2377 5439 tatem
2406 5398 2524 5453 qua:
2549 5383 2796 5454 signatur
2821 5397 2920 5454 per
2946 5382 3159 5449 oleum;
3189 5397 3313 5437 eum
3357 5383 3479 5439 suis
3506 5385 3815 5441 frondenti-

2208 5477 2312 5535 bus
2340 5473 2482 5530 foliis
2521 5475 2731 5544 plantat
2758 5475 2814 5528 in
2837 5483 3041 5541 mente,
3067 5482 3124 5530 et
3148 5474 3373 5529 odorem
3415 5474 3589 5532 bona:
3616 5478 3819 5533 notia

2208 5582 2241 5633 e
2270 5567 2426 5621 nobis
2454 5566 2689 5630 exhalat,
2718 5566 2859 5621 sicut
2883 5581 2949 5622 ex
2974 5565 3221 5621 balsamo
3261 5564 3444 5621 bonus
3466 5566 3626 5623 odor
3656 5570 3817 5624 θεὸς

2209 5658 2304 5714 let.
2340 5657 2411 5715 Ut
2441 5659 2510 5713 ab
2548 5658 2816 5730 episcopis
2850 5656 2977 5713 solis
3018 5658 3313 5726 inungatur
3333 5671 3436 5726 per
3476 5673 3701 5716 manus
3724 5661 3823 5715 in-

2211 5750 2558 5821 positionem,
2606 5751 2674 5806 ab
2725 5749 2986 5820 apostolis
3023 5758 3359 5822 assumptum
3410 5756 3523 5815 est,
3556 5761 3633 5807 ut
3676 5752 3823 5810 Ida

2213 5840 2451 5898 declarat
2485 5840 2539 5897 in
2567 5848 2801 5898 tractatu
2828 5856 2989 5912 super
3013 5840 3185 5897 Actus
3225 5839 3643 5914 apostolorum.

3676 5958 3689 5985 ὁ
3750 5972 3757 5983 .
