  <div class='ocr_page' id='page_1' title='image "/cluster/home/n/w/nwhite01/storage/ocr_20150623/105/hvd.32044021109350/530.png"; bbox 0 0 3978 6516; ppageno 0'>
   <div class='ocr_carea' id='block_1_1' title="bbox 194 449 334 526">
    <p class='ocr_par' dir='ltr' id='par_1_1' title="bbox 194 449 334 526">
     <span class='ocr_line' id='line_1_1' title="bbox 194 449 334 526; baseline -0.029 -16"><span class='ocrx_word' id='word_1_1' title='bbox 194 449 334 526; x_wconf 60' lang='grc' dir='ltr'><strong>κίοδδ</strong></span> 
     </span>
    </p>
   </div>
   <div class='ocr_carea' id='block_1_2' title="bbox 960 425 2661 498">
    <p class='ocr_par' dir='ltr' id='par_1_2' title="bbox 960 425 2661 498">
     <span class='ocr_line' id='line_1_2' title="bbox 960 425 2661 498; baseline -0.003 -1"><span class='ocrx_word' id='word_1_2' title='bbox 960 439 1048 497; x_wconf 89' lang='lat' dir='ltr'><strong>DE</strong></span> <span class='ocrx_word' id='word_1_3' title='bbox 1084 431 1637 498; x_wconf 74' lang='lat' dir='ltr'><strong>ECCLESIASTICIS</strong></span> <span class='ocrx_word' id='word_1_4' title='bbox 1673 429 1959 491; x_wconf 78' lang='lat' dir='ltr'><strong>OFFICIIS</strong></span> <span class='ocrx_word' id='word_1_5' title='bbox 1993 425 2179 494; x_wconf 69' lang='lat' dir='ltr'><strong>LIBRI</strong></span> <span class='ocrx_word' id='word_1_6' title='bbox 2208 425 2302 495; x_wconf 72' lang='lat' dir='ltr'><strong>IV.</strong></span> <span class='ocrx_word' id='word_1_7' title='bbox 2342 465 2415 480; x_wconf 90' lang='lat'>—</span> <span class='ocrx_word' id='word_1_8' title='bbox 2448 433 2581 494; x_wconf 84' lang='lat' dir='ltr'><strong>LIB.</strong></span> <span class='ocrx_word' id='word_1_9' title='bbox 2617 431 2661 492; x_wconf 89' lang='grc' dir='ltr'><strong>Ῑ.</strong></span> 
     </span>
    </p>
   </div>
   <div class='ocr_carea' id='block_1_3' title="bbox 3274 403 3450 494">
    <p class='ocr_par' dir='ltr' id='par_1_3' title="bbox 3274 403 3450 494">
     <span class='ocr_line' id='line_1_3' title="bbox 3274 403 3450 494; baseline 0.006 -1"><span class='ocrx_word' id='word_1_10' title='bbox 3274 403 3450 494; x_wconf 63' lang='grc' dir='ltr'><strong>τίσει</strong></span> 
     </span>
    </p>
   </div>
   <div class='ocr_carea' id='block_1_4' title="bbox 271 526 3455 633">
    <p class='ocr_par' dir='ltr' id='par_1_4' title="bbox 271 526 3455 633">
     <span class='ocr_line' id='line_1_4' title="bbox 271 526 3455 633; baseline -0.004 -13"><span class='ocrx_word' id='word_1_11' title='bbox 271 560 559 633; x_wconf 81' lang='lat' dir='ltr'><strong>Notandum</strong></span> <span class='ocrx_word' id='word_1_12' title='bbox 607 561 792 612; x_wconf 85' lang='lat' dir='ltr'><strong>autem</strong></span> <span class='ocrx_word' id='word_1_13' title='bbox 841 555 984 625; x_wconf 81' lang='lat' dir='ltr'><strong>quod</strong></span> <span class='ocrx_word' id='word_1_14' title='bbox 1037 552 1315 621; x_wconf 78' lang='lat' dir='ltr'><strong>Philippus</strong></span> <span class='ocrx_word' id='word_1_15' title='bbox 1361 550 1455 621; x_wconf 88' lang='lat' dir='ltr'><strong>qui</strong></span> <span class='ocrx_word' id='word_1_16' title='bbox 1506 547 1765 604; x_wconf 74' lang='lat' dir='ltr'><strong>Samaria:</strong></span> <span class='ocrx_word' id='word_1_17' title='bbox 1789 548 1844 609; x_wconf 77' lang='grc' dir='ltr'>Α</span> <span class='ocrx_word' id='word_1_18' title='bbox 1867 550 2038 606; x_wconf 87' lang='lat' dir='ltr'><strong>nubes</strong></span> <span class='ocrx_word' id='word_1_19' title='bbox 2079 551 2394 617; x_wconf 88' lang='lat' dir='ltr'><strong>irradiante,</strong></span> <span class='ocrx_word' id='word_1_20' title='bbox 2423 558 2478 606; x_wconf 90' lang='lat' dir='ltr'><strong>et</strong></span> <span class='ocrx_word' id='word_1_21' title='bbox 2503 556 2627 620; x_wconf 92' lang='lat' dir='ltr'><strong>post</strong></span> <span class='ocrx_word' id='word_1_22' title='bbox 2664 546 2926 606; x_wconf 84' lang='lat' dir='ltr'><strong>diluvium</strong></span> <span class='ocrx_word' id='word_1_23' title='bbox 2969 526 3146 622; x_wconf 82' lang='lat' dir='ltr'><strong>primo</strong></span> <span class='ocrx_word' id='word_1_24' title='bbox 3191 551 3455 626; x_wconf 83' lang='lat' dir='ltr'><strong>propitia-</strong></span> 
     </span>
    </p>
   </div>
   <div class='ocr_carea' id='block_1_5' title="bbox 186 639 3514 728">
    <p class='ocr_par' dir='ltr' id='par_1_5' title="bbox 186 639 3514 728">
     <span class='ocr_line' id='line_1_5' title="bbox 186 639 3514 728; baseline -0.005 -11"><span class='ocrx_word' id='word_1_25' title='bbox 186 652 610 728; x_wconf 34' lang='lat' dir='ltr'><strong>,evangclilabal.</strong></span> <span class='ocrx_word' id='word_1_26' title='bbox 641 663 781 706; x_wconf 68' lang='lat' dir='ltr'><strong>unus</strong></span> <span class='ocrx_word' id='word_1_27' title='bbox 809 646 874 701; x_wconf 66' lang='lat' dir='ltr'><strong>de</strong></span> <span class='ocrx_word' id='word_1_28' title='bbox 918 653 1125 716; x_wconf 72' lang='grc' dir='ltr'><strong>εθριθω</strong></span> <span class='ocrx_word' id='word_1_29' title='bbox 1153 644 1336 700; x_wconf 54' lang='lat' dir='ltr'><strong>fuerit</strong></span> <span class='ocrx_word' id='word_1_30' title='bbox 1370 641 1427 697; x_wconf 74' lang='lat' dir='ltr'><strong>Si</strong></span> <span class='ocrx_word' id='word_1_31' title='bbox 1455 641 1602 696; x_wconf 76' lang='lat' dir='ltr'><strong>enim</strong></span> <span class='ocrx_word' id='word_1_32' title='bbox 1626 639 1765 709; x_wconf 72' lang='lat' dir='ltr'><strong>APO-</strong></span> <span class='ocrx_word' id='word_1_33' title='bbox 1865 648 2029 702; x_wconf 91' lang='lat' dir='ltr'><strong>tionis</strong></span> <span class='ocrx_word' id='word_1_34' title='bbox 2054 647 2252 702; x_wconf 89' lang='lat' dir='ltr'><strong>indicio</strong></span> <span class='ocrx_word' id='word_1_35' title='bbox 2275 645 2449 701; x_wconf 84' lang='lat' dir='ltr'><strong>factus</strong></span> <span class='ocrx_word' id='word_1_36' title='bbox 2474 653 2577 710; x_wconf 88' lang='lat' dir='ltr'><strong>est,</strong></span> <span class='ocrx_word' id='word_1_37' title='bbox 2619 645 2917 700; x_wconf 78' lang='lat' dir='ltr'><strong>intercessu</strong></span> <span class='ocrx_word' id='word_1_38' title='bbox 2950 656 3285 713; x_wconf 90' lang='lat' dir='ltr'><strong>sanctorum,</strong></span> <span class='ocrx_word' id='word_1_39' title='bbox 3313 658 3452 716; x_wconf 86' lang='lat' dir='ltr'><strong>quos</strong></span> <span class='ocrx_word' id='word_1_40' title='bbox 3511 720 3514 722; x_wconf 10' lang='grc' dir='ltr'>γ</span> 
     </span>
    </p>
   </div>
   <div class='ocr_carea' id='block_1_6' title="bbox 211 735 1763 816">
    <p class='ocr_par' dir='ltr' id='par_1_6' title="bbox 211 735 1763 816">
     <span class='ocr_line' id='line_1_6' title="bbox 211 735 1763 816; baseline -0.014 -7"><span class='ocrx_word' id='word_1_41' title='bbox 211 751 360 809; x_wconf 87' lang='lat' dir='ltr'><strong>stolus</strong></span> <span class='ocrx_word' id='word_1_42' title='bbox 383 752 527 802; x_wconf 84' lang='lat' dir='ltr'><strong>esset</strong></span> <span class='ocrx_word' id='word_1_43' title='bbox 552 744 686 816; x_wconf 84' lang='lat' dir='ltr'><strong>ipse,</strong></span> <span class='ocrx_word' id='word_1_44' title='bbox 707 742 897 810; x_wconf 86' lang='lat' dir='ltr'><strong>utique</strong></span> <span class='ocrx_word' id='word_1_45' title='bbox 922 755 1144 796; x_wconf 87' lang='lat' dir='ltr'><strong>manum</strong></span> <span class='ocrx_word' id='word_1_46' title='bbox 1170 739 1450 809; x_wconf 84' lang='lat' dir='ltr'><strong>imponere</strong></span> <span class='ocrx_word' id='word_1_47' title='bbox 1477 735 1763 807; x_wconf 88' lang='lat' dir='ltr'><strong>potuisset,</strong></span> 
     </span>
    </p>
   </div>
   <div class='ocr_carea' id='block_1_7' title="bbox 1867 740 3454 813">
    <p class='ocr_par' dir='ltr' id='par_1_7' title="bbox 1867 740 3454 813">
     <span class='ocr_line' id='line_1_7' title="bbox 1867 740 3454 813; baseline -0.002 -15"><span class='ocrx_word' id='word_1_48' title='bbox 1867 743 2127 799; x_wconf 89' lang='lat' dir='ltr'><strong>Dominus</strong></span> <span class='ocrx_word' id='word_1_49' title='bbox 2157 742 2409 806; x_wconf 77' lang='lat' dir='ltr'><strong>illustrat,</strong></span> <span class='ocrx_word' id='word_1_50' title='bbox 2441 740 2739 796; x_wconf 84' lang='lat' dir='ltr'><strong>Ecelesiam</strong></span> <span class='ocrx_word' id='word_1_51' title='bbox 2788 741 2988 796; x_wconf 89' lang='lat' dir='ltr'><strong>muniri</strong></span> <span class='ocrx_word' id='word_1_52' title='bbox 3032 743 3299 813; x_wconf 74' lang='lat' dir='ltr'><strong>designat.</strong></span> <span class='ocrx_word' id='word_1_53' title='bbox 3350 740 3454 809; x_wconf 85' lang='lat' dir='ltr'><strong>Qui</strong></span> 
     </span>
    </p>
   </div>
   <div class='ocr_carea' id='block_1_8' title="bbox 214 826 3458 916">
    <p class='ocr_par' dir='ltr' id='par_1_8' title="bbox 214 826 3458 916">
     <span class='ocr_line' id='line_1_8' title="bbox 214 826 3458 916; baseline -0.003 -14"><span class='ocrx_word' id='word_1_54' title='bbox 214 852 263 902; x_wconf 84' lang='lat' dir='ltr'><strong>nt</strong></span> <span class='ocrx_word' id='word_1_55' title='bbox 291 841 586 916; x_wconf 78' lang='lat' dir='ltr'><strong>acciperent</strong></span> <span class='ocrx_word' id='word_1_56' title='bbox 639 835 900 906; x_wconf 81' lang='lat' dir='ltr'><strong>Spiritum</strong></span> <span class='ocrx_word' id='word_1_57' title='bbox 951 842 1219 889; x_wconf 87' lang='lat' dir='ltr'><strong>sanctum.</strong></span> <span class='ocrx_word' id='word_1_58' title='bbox 1279 831 1394 886; x_wconf 82' lang='lat' dir='ltr'><strong>Hoc</strong></span> <span class='ocrx_word' id='word_1_59' title='bbox 1443 830 1589 885; x_wconf 89' lang='lat' dir='ltr'><strong>enim</strong></span> <span class='ocrx_word' id='word_1_60' title='bbox 1639 826 1768 882; x_wconf 91' lang='lat' dir='ltr'><strong>solis</strong></span> <span class='ocrx_word' id='word_1_61' title='bbox 1843 836 2006 892; x_wconf 68' lang='lat' dir='ltr'><strong>bene</strong></span> <span class='ocrx_word' id='word_1_62' title='bbox 2037 835 2383 905; x_wconf 81' lang='lat' dir='ltr'><strong>smaragdina</strong></span> <span class='ocrx_word' id='word_1_63' title='bbox 2417 833 2580 904; x_wconf 84' lang='lat' dir='ltr'><strong>lapidi</strong></span> <span class='ocrx_word' id='word_1_64' title='bbox 2609 833 2787 888; x_wconf 79' lang='lat' dir='ltr'><strong>nimiae</strong></span> <span class='ocrx_word' id='word_1_65' title='bbox 2816 834 3108 888; x_wconf 87' lang='lat' dir='ltr'><strong>viriditatis</strong></span> <span class='ocrx_word' id='word_1_66' title='bbox 3135 850 3458 906; x_wconf 87' lang='lat' dir='ltr'><strong>comparan-</strong></span> 
     </span>
    </p>
   </div>
   <div class='ocr_carea' id='block_1_9' title="bbox 209 919 3458 1013">
    <p class='ocr_par' dir='ltr' id='par_1_9' title="bbox 209 919 3458 1013">
     <span class='ocr_line' id='line_1_9' title="bbox 209 919 3458 1013; baseline -0.004 -16"><span class='ocrx_word' id='word_1_67' title='bbox 209 935 530 1013; x_wconf 79' lang='lat' dir='ltr'><strong>pmuiﬁcibus</strong></span> <span class='ocrx_word' id='word_1_68' title='bbox 558 931 804 996; x_wconf 74' lang='lat' dir='ltr'><strong>debetur-</strong></span> <span class='ocrx_word' id='word_1_69' title='bbox 842 929 963 1000; x_wconf 85' lang='lat' dir='ltr'><strong>lpsa</strong></span> <span class='ocrx_word' id='word_1_70' title='bbox 992 943 1126 983; x_wconf 77' lang='lat' dir='ltr'><strong>crux</strong></span> <span class='ocrx_word' id='word_1_71' title='bbox 1170 925 1320 982; x_wconf 82' lang='lat' dir='ltr'><strong>nullo</strong></span> <span class='ocrx_word' id='word_1_72' title='bbox 1346 925 1399 978; x_wconf 87' lang='lat' dir='ltr'><strong>in</strong></span> <span class='ocrx_word' id='word_1_73' title='bbox 1427 922 1546 978; x_wconf 85' lang='lat' dir='ltr'><strong>loco</strong></span> <span class='ocrx_word' id='word_1_74' title='bbox 1575 919 1770 976; x_wconf 77' lang='lat' dir='ltr'><strong>melius</strong></span> <span class='ocrx_word' id='word_1_75' title='bbox 1871 936 1980 984; x_wconf 88' lang='lat' dir='ltr'><strong>tur.</strong></span> <span class='ocrx_word' id='word_1_76' title='bbox 2028 927 2145 995; x_wconf 86' lang='lat' dir='ltr'><strong>Quo</strong></span> <span class='ocrx_word' id='word_1_77' title='bbox 2187 928 2331 982; x_wconf 85' lang='lat' dir='ltr'><strong>enim</strong></span> <span class='ocrx_word' id='word_1_78' title='bbox 2371 927 2747 983; x_wconf 64' lang='lat' dir='ltr'><strong>haereditatem</strong></span> <span class='ocrx_word' id='word_1_79' title='bbox 2797 927 3306 983; x_wconf 89' lang='lat' dir='ltr'><strong>immarcescibilem</strong></span> <span class='ocrx_word' id='word_1_80' title='bbox 3354 929 3458 984; x_wconf 76' lang='lat' dir='ltr'><strong>ﬁde</strong></span> 
     </span>
    </p>
   </div>
   <div class='ocr_carea' id='block_1_10' title="bbox 191 1019 3460 1104">
    <p class='ocr_par' dir='ltr' id='par_1_10' title="bbox 191 1019 3460 1104">
     <span class='ocr_line' id='line_1_10' title="bbox 191 1019 3460 1104; baseline -0.005 -15"><span class='ocrx_word' id='word_1_81' title='bbox 191 1033 371 1104; x_wconf 88' lang='lat' dir='ltr'><strong>ﬁgitur</strong></span> <span class='ocrx_word' id='word_1_82' title='bbox 388 1043 550 1100; x_wconf 86' lang='lat' dir='ltr'><strong>quam</strong></span> <span class='ocrx_word' id='word_1_83' title='bbox 573 1026 627 1082; x_wconf 84' lang='lat' dir='ltr'><strong>in</strong></span> <span class='ocrx_word' id='word_1_84' title='bbox 650 1040 718 1084; x_wconf 90' lang='lat' dir='ltr'><strong>eo</strong></span> <span class='ocrx_word' id='word_1_85' title='bbox 736 1025 828 1083; x_wconf 88' lang='lat' dir='ltr'><strong>ubi</strong></span> <span class='ocrx_word' id='word_1_86' title='bbox 859 1039 1106 1081; x_wconf 87' lang='lat' dir='ltr'><strong>summus</strong></span> <span class='ocrx_word' id='word_1_87' title='bbox 1126 1020 1370 1093; x_wconf 82' lang='lat' dir='ltr'><strong>pontifex</strong></span> <span class='ocrx_word' id='word_1_88' title='bbox 1387 1019 1642 1075; x_wconf 87' lang='lat' dir='ltr'><strong>laminam</strong></span> <span class='ocrx_word' id='word_1_89' title='bbox 1672 1032 1770 1070; x_wconf 91' lang='lat' dir='ltr'><strong>au-</strong></span> <span class='ocrx_word' id='word_1_90' title='bbox 1855 1019 2197 1093; x_wconf 81' lang='lat' dir='ltr'><strong>perfectiore</strong></span> <span class='ocrx_word' id='word_1_91' title='bbox 2243 1026 2575 1090; x_wconf 81' lang='lat' dir='ltr'><strong>exspectant,</strong></span> <span class='ocrx_word' id='word_1_92' title='bbox 2612 1035 2677 1074; x_wconf 90' lang='lat' dir='ltr'><strong>eo</strong></span> <span class='ocrx_word' id='word_1_93' title='bbox 2719 1020 2996 1088; x_wconf 87' lang='lat' dir='ltr'><strong>potentius</strong></span> <span class='ocrx_word' id='word_1_94' title='bbox 3027 1021 3190 1076; x_wconf 90' lang='lat' dir='ltr'><strong>etiam</strong></span> <span class='ocrx_word' id='word_1_95' title='bbox 3233 1028 3460 1075; x_wconf 68' lang='lat' dir='ltr'><strong>CIDICI‘OS</strong></span> 
     </span>
    </p>
   </div>
   <div class='ocr_carea' id='block_1_11' title="bbox 208 1108 1770 1192">
    <p class='ocr_par' dir='ltr' id='par_1_11' title="bbox 208 1108 1770 1192">
     <span class='ocr_line' id='line_1_11' title="bbox 208 1108 1770 1192; baseline -0.012 -9"><span class='ocrx_word' id='word_1_96' title='bbox 208 1141 361 1191; x_wconf 86' lang='lat' dir='ltr'><strong>ream,</strong></span> <span class='ocrx_word' id='word_1_97' title='bbox 391 1123 446 1179; x_wconf 91' lang='lat' dir='ltr'><strong>in</strong></span> <span class='ocrx_word' id='word_1_98' title='bbox 476 1136 584 1192; x_wconf 83' lang='lat' dir='ltr'><strong>qua</strong></span> <span class='ocrx_word' id='word_1_99' title='bbox 617 1119 888 1190; x_wconf 69' lang='lat' dir='ltr'><strong>sculptura</strong></span> <span class='ocrx_word' id='word_1_100' title='bbox 931 1126 1050 1173; x_wconf 88' lang='lat' dir='ltr'><strong>erat</strong></span> <span class='ocrx_word' id='word_1_101' title='bbox 1096 1129 1292 1171; x_wconf 89' lang='lat' dir='ltr'><strong>nomen</strong></span> <span class='ocrx_word' id='word_1_102' title='bbox 1325 1113 1421 1168; x_wconf 85' lang='lat' dir='ltr'><strong>Dei</strong></span> <span class='ocrx_word' id='word_1_103' title='bbox 1474 1108 1770 1174; x_wconf 81' lang='lat' dir='ltr'><strong>ineﬁ‘abile,</strong></span> 
     </span>
    </p>
   </div>
   <div class='ocr_carea' id='block_1_12' title="bbox 207 1200 1775 1289">
    <p class='ocr_par' dir='ltr' id='par_1_12' title="bbox 207 1200 1775 1289">
     <span class='ocr_line' id='line_1_12' title="bbox 207 1200 1775 1289; baseline -0.01 -19"><span class='ocrx_word' id='word_1_104' title='bbox 207 1216 418 1289; x_wconf 84' lang='lat' dir='ltr'><strong>vigebat.</strong></span> <span class='ocrx_word' id='word_1_105' title='bbox 461 1213 532 1269; x_wconf 84' lang='lat' dir='ltr'><strong>Et</strong></span> <span class='ocrx_word' id='word_1_106' title='bbox 555 1221 617 1268; x_wconf 90' lang='lat' dir='ltr'><strong>ut</strong></span> <span class='ocrx_word' id='word_1_107' title='bbox 648 1226 747 1283; x_wconf 89' lang='lat' dir='ltr'><strong>per</strong></span> <span class='ocrx_word' id='word_1_108' title='bbox 793 1225 985 1266; x_wconf 86' lang='lat' dir='ltr'><strong>manus</strong></span> <span class='ocrx_word' id='word_1_109' title='bbox 1030 1206 1430 1278; x_wconf 87' lang='lat' dir='ltr'><strong>impositionem</strong></span> <span class='ocrx_word' id='word_1_110' title='bbox 1477 1211 1534 1258; x_wconf 91' lang='lat' dir='ltr'><strong>et</strong></span> <span class='ocrx_word' id='word_1_111' title='bbox 1573 1200 1775 1258; x_wconf 88' lang='lat' dir='ltr'><strong>oratio-</strong></span> 
     </span>
    </p>
   </div>
   <div class='ocr_carea' id='block_1_13' title="bbox 183 1291 1776 1375">
    <p class='ocr_par' dir='ltr' id='par_1_13' title="bbox 183 1291 1776 1375">
     <span class='ocr_line' id='line_1_13' title="bbox 183 1291 1776 1375; baseline -0.013 -9"><span class='ocrx_word' id='word_1_112' title='bbox 183 1322 318 1366; x_wconf 85' lang='lat' dir='ltr'><strong>.nem</strong></span> <span class='ocrx_word' id='word_1_113' title='bbox 344 1306 500 1364; x_wconf 82' lang='lat' dir='ltr'><strong>detur</strong></span> <span class='ocrx_word' id='word_1_114' title='bbox 542 1303 782 1375; x_wconf 79' lang='lat' dir='ltr'><strong>Spiritus</strong></span> <span class='ocrx_word' id='word_1_115' title='bbox 821 1308 1065 1366; x_wconf 88' lang='lat' dir='ltr'><strong>sanctus,</strong></span> <span class='ocrx_word' id='word_1_116' title='bbox 1092 1298 1342 1355; x_wconf 78' lang='lat' dir='ltr'><strong>similiter</strong></span> <span class='ocrx_word' id='word_1_117' title='bbox 1387 1295 1454 1351; x_wconf 92' lang='lat' dir='ltr'><strong>ab</strong></span> <span class='ocrx_word' id='word_1_118' title='bbox 1482 1291 1776 1364; x_wconf 88' lang='lat' dir='ltr'><strong>apostolica</strong></span> 
     </span>
    </p>
   </div>
   <div class='ocr_carea' id='block_1_14' title="bbox 205 1387 1868 1466">
    <p class='ocr_par' dir='ltr' id='par_1_14' title="bbox 205 1387 1868 1466">
     <span class='ocr_line' id='line_1_14' title="bbox 205 1387 1868 1466; baseline -0.011 -8"><span class='ocrx_word' id='word_1_119' title='bbox 205 1399 511 1458; x_wconf 78' lang='lat' dir='ltr'><strong>auctoritate</strong></span> <span class='ocrx_word' id='word_1_120' title='bbox 539 1404 814 1466; x_wconf 87' lang='lat' dir='ltr'><strong>sumptum</strong></span> <span class='ocrx_word' id='word_1_121' title='bbox 841 1401 946 1459; x_wconf 87' lang='lat' dir='ltr'><strong>est,</strong></span> <span class='ocrx_word' id='word_1_122' title='bbox 972 1400 1033 1448; x_wconf 91' lang='lat' dir='ltr'><strong>ut</strong></span> <span class='ocrx_word' id='word_1_123' title='bbox 1063 1393 1117 1447; x_wconf 88' lang='lat' dir='ltr'><strong>in</strong></span> <span class='ocrx_word' id='word_1_124' title='bbox 1151 1391 1378 1446; x_wconf 82' lang='lat' dir='ltr'><strong>Actibus</strong></span> <span class='ocrx_word' id='word_1_125' title='bbox 1411 1387 1779 1458; x_wconf 81' lang='lat' dir='ltr'><strong>apostolorum</strong></span> <span class='ocrx_word' id='word_1_126' title='bbox 1861 1427 1868 1430; x_wconf 87' lang='lat'><strong>.</strong></span> 
     </span>
    </p>
   </div>
   <div class='ocr_carea' id='block_1_15' title="bbox 184 1477 1782 1565">
    <p class='ocr_par' dir='ltr' id='par_1_15' title="bbox 184 1477 1782 1565">
     <span class='ocr_line' id='line_1_15' title="bbox 184 1477 1782 1565; baseline -0.01 -16"><span class='ocrx_word' id='word_1_127' title='bbox 184 1479 451 1565; x_wconf 24' lang='lat' dir='ltr'><strong>{scriptum</strong></span> <span class='ocrx_word' id='word_1_128' title='bbox 479 1499 598 1550; x_wconf 86' lang='lat' dir='ltr'><strong>est:</strong></span> <span class='ocrx_word' id='word_1_129' title='bbox 625 1489 758 1546; x_wconf 85' lang='lat' dir='ltr'><strong>Cum</strong></span> <span class='ocrx_word' id='word_1_130' title='bbox 803 1487 1073 1550; x_wconf 76' lang='lat' dir='ltr'><strong>audissent</strong></span> <span class='ocrx_word' id='word_1_131' title='bbox 1101 1483 1326 1555; x_wconf 84' lang='lat' dir='ltr'><strong>apostoli</strong></span> <span class='ocrx_word' id='word_1_132' title='bbox 1355 1483 1446 1554; x_wconf 83' lang='lat' dir='ltr'><strong>qui</strong></span> <span class='ocrx_word' id='word_1_133' title='bbox 1475 1490 1624 1535; x_wconf 84' lang='lat' dir='ltr'><strong>erant</strong></span> <span class='ocrx_word' id='word_1_134' title='bbox 1653 1477 1782 1534; x_wconf 84' lang='lat' dir='ltr'><strong>Hie-</strong></span> 
     </span>
    </p>
   </div>
   <div class='ocr_carea' id='block_1_16' title="bbox 187 1571 1783 1656">
    <p class='ocr_par' dir='ltr' id='par_1_16' title="bbox 187 1571 1783 1656">
     <span class='ocr_line' id='line_1_16' title="bbox 187 1571 1783 1656; baseline -0.009 -16"><span class='ocrx_word' id='word_1_135' title='bbox 187 1585 487 1656; x_wconf 77' lang='lat' dir='ltr'><strong>rosolymis,</strong></span> <span class='ocrx_word' id='word_1_136' title='bbox 515 1584 641 1656; x_wconf 82' lang='lat' dir='ltr'><strong>quia</strong></span> <span class='ocrx_word' id='word_1_137' title='bbox 667 1582 942 1650; x_wconf 70' lang='lat' dir='ltr'><strong>recepisset</strong></span> <span class='ocrx_word' id='word_1_138' title='bbox 986 1575 1235 1635; x_wconf 77' lang='lat' dir='ltr'><strong>Samaria</strong></span> <span class='ocrx_word' id='word_1_139' title='bbox 1275 1573 1487 1630; x_wconf 77' lang='lat' dir='ltr'><strong>uerbum</strong></span> <span class='ocrx_word' id='word_1_140' title='bbox 1526 1572 1644 1638; x_wconf 87' lang='lat' dir='ltr'><strong>Dei,</strong></span> <span class='ocrx_word' id='word_1_141' title='bbox 1687 1571 1783 1626; x_wconf 89' lang='lat' dir='ltr'><strong>mi-</strong></span> 
     </span>
    </p>
   </div>
   <div class='ocr_carea' id='block_1_17' title="bbox 197 1664 1781 1738">
    <p class='ocr_par' dir='ltr' id='par_1_17' title="bbox 197 1664 1781 1738">
     <span class='ocr_line' id='line_1_17' title="bbox 197 1664 1781 1738; baseline -0.008 -7"><span class='ocrx_word' id='word_1_142' title='bbox 197 1684 369 1732; x_wconf 80' lang='lat' dir='ltr'><strong>serunt</strong></span> <span class='ocrx_word' id='word_1_143' title='bbox 393 1674 464 1729; x_wconf 85' lang='lat' dir='ltr'><strong>ad</strong></span> <span class='ocrx_word' id='word_1_144' title='bbox 489 1690 576 1728; x_wconf 86' lang='lat' dir='ltr'><strong>eos</strong></span> <span class='ocrx_word' id='word_1_145' title='bbox 603 1669 819 1730; x_wconf 81' lang='lat' dir='ltr'><strong>Petrum</strong></span> <span class='ocrx_word' id='word_1_146' title='bbox 847 1679 895 1728; x_wconf 76' lang='lat' dir='ltr'><strong>et</strong></span> <span class='ocrx_word' id='word_1_147' title='bbox 923 1667 1185 1724; x_wconf 76' lang='lat' dir='ltr'><strong>Joannem</strong></span> <span class='ocrx_word' id='word_1_148' title='bbox 1210 1681 1228 1718; x_wconf 90' lang='lat'><strong><em>:</em></strong></span> <span class='ocrx_word' id='word_1_149' title='bbox 1253 1666 1343 1738; x_wconf 86' lang='lat' dir='ltr'><strong>qui</strong></span> <span class='ocrx_word' id='word_1_150' title='bbox 1362 1681 1481 1720; x_wconf 81' lang='lat' dir='ltr'><strong>eum</strong></span> <span class='ocrx_word' id='word_1_151' title='bbox 1500 1664 1781 1730; x_wconf 75' lang='lat' dir='ltr'><strong>venissent,</strong></span> 
     </span>
    </p>
   </div>
   <div class='ocr_carea' id='block_1_18' title="bbox 187 1757 1781 1836">
    <p class='ocr_par' dir='ltr' id='par_1_18' title="bbox 187 1757 1781 1836">
     <span class='ocr_line' id='line_1_18' title="bbox 187 1757 1781 1836; baseline -0.012 -8"><span class='ocrx_word' id='word_1_152' title='bbox 187 1773 470 1828; x_wconf 62' lang='lat' dir='ltr'><strong>pravorum</strong></span> <span class='ocrx_word' id='word_1_153' title='bbox 500 1781 594 1836; x_wconf 85' lang='lat' dir='ltr'><strong>pro</strong></span> <span class='ocrx_word' id='word_1_154' title='bbox 623 1763 775 1833; x_wconf 83' lang='lat' dir='ltr'><strong>ipsis,</strong></span> <span class='ocrx_word' id='word_1_155' title='bbox 815 1769 872 1818; x_wconf 89' lang='lat' dir='ltr'><strong>ut</strong></span> <span class='ocrx_word' id='word_1_156' title='bbox 905 1760 1199 1831; x_wconf 70' lang='lat' dir='ltr'><strong>acciperent</strong></span> <span class='ocrx_word' id='word_1_157' title='bbox 1229 1757 1486 1830; x_wconf 76' lang='lat' dir='ltr'><strong>Spiritum</strong></span> <span class='ocrx_word' id='word_1_158' title='bbox 1519 1764 1781 1811; x_wconf 85' lang='lat' dir='ltr'><strong>sanctum.</strong></span> 
     </span>
    </p>
   </div>
   <div class='ocr_carea' id='block_1_19' title="bbox 195 1847 1782 1930">
    <p class='ocr_par' dir='ltr' id='par_1_19' title="bbox 195 1847 1782 1930">
     <span class='ocr_line' id='line_1_19' title="bbox 195 1847 1782 1930; baseline -0.009 -13"><span class='ocrx_word' id='word_1_159' title='bbox 195 1858 264 1922; x_wconf 80' lang='lat' dir='ltr'><strong>Et</strong></span> <span class='ocrx_word' id='word_1_160' title='bbox 301 1858 460 1930; x_wconf 91' lang='lat' dir='ltr'><strong>paulo</strong></span> <span class='ocrx_word' id='word_1_161' title='bbox 485 1864 609 1928; x_wconf 85' lang='lat' dir='ltr'><strong>post</strong></span> <span class='ocrx_word' id='word_1_162' title='bbox 633 1875 646 1910; x_wconf 89' lang='lat'><strong>:</strong></span> <span class='ocrx_word' id='word_1_163' title='bbox 675 1855 822 1912; x_wconf 76' lang='lat' dir='ltr'><strong>Tunc</strong></span> <span class='ocrx_word' id='word_1_164' title='bbox 846 1853 1177 1925; x_wconf 75' lang='lat' dir='ltr'><strong>imponebant</strong></span> <span class='ocrx_word' id='word_1_165' title='bbox 1207 1867 1425 1906; x_wconf 83' lang='lat' dir='ltr'><strong>manum</strong></span> <span class='ocrx_word' id='word_1_166' title='bbox 1461 1865 1620 1919; x_wconf 82' lang='lat' dir='ltr'><strong>super</strong></span> <span class='ocrx_word' id='word_1_167' title='bbox 1639 1847 1782 1913; x_wconf 81' lang='lat' dir='ltr'><strong>illos,</strong></span> 
     </span>
    </p>
   </div>
   <div class='ocr_carea' id='block_1_20' title="bbox 1873 1112 3458 1186">
    <p class='ocr_par' dir='ltr' id='par_1_20' title="bbox 1873 1112 3458 1186">
     <span class='ocr_line' id='line_1_20' title="bbox 1873 1112 3458 1186; baseline -0.002 -15"><span class='ocrx_word' id='word_1_168' title='bbox 1873 1116 2078 1171; x_wconf 84' lang='lat' dir='ltr'><strong>orando</strong></span> <span class='ocrx_word' id='word_1_169' title='bbox 2122 1122 2429 1186; x_wconf 87' lang='lat' dir='ltr'><strong>protegunt.</strong></span> <span class='ocrx_word' id='word_1_170' title='bbox 2463 1113 2598 1180; x_wconf 87' lang='lat' dir='ltr'><strong>Quia</strong></span> <span class='ocrx_word' id='word_1_171' title='bbox 2640 1112 2738 1168; x_wconf 90' lang='lat' dir='ltr'><strong>iris</strong></span> <span class='ocrx_word' id='word_1_172' title='bbox 2781 1120 2900 1167; x_wconf 87' lang='lat' dir='ltr'><strong>erat</strong></span> <span class='ocrx_word' id='word_1_173' title='bbox 2929 1113 2982 1167; x_wconf 91' lang='lat' dir='ltr'><strong>in</strong></span> <span class='ocrx_word' id='word_1_174' title='bbox 3015 1113 3246 1168; x_wconf 86' lang='lat' dir='ltr'><strong>circuitu</strong></span> <span class='ocrx_word' id='word_1_175' title='bbox 3292 1112 3458 1178; x_wconf 86' lang='lat' dir='ltr'><strong>sedis,</strong></span> 
     </span>
    </p>
   </div>
   <div class='ocr_carea' id='block_1_21' title="bbox 1876 1204 3463 1282">
    <p class='ocr_par' dir='ltr' id='par_1_21' title="bbox 1876 1204 3463 1282">
     <span class='ocr_line' id='line_1_21' title="bbox 1876 1204 3463 1282; baseline -0.002 -19"><span class='ocrx_word' id='word_1_176' title='bbox 1876 1216 2110 1282; x_wconf 89' lang='lat' dir='ltr'><strong>aguntur</strong></span> <span class='ocrx_word' id='word_1_177' title='bbox 2153 1207 2374 1271; x_wconf 75' lang='lat' dir='ltr'><strong>litanize,</strong></span> <span class='ocrx_word' id='word_1_178' title='bbox 2403 1213 2458 1260; x_wconf 91' lang='lat' dir='ltr'><strong>et</strong></span> <span class='ocrx_word' id='word_1_179' title='bbox 2497 1214 2622 1261; x_wconf 83' lang='lat' dir='ltr'><strong>ante</strong></span> <span class='ocrx_word' id='word_1_180' title='bbox 2662 1205 3011 1275; x_wconf 81' lang='lat' dir='ltr'><strong>baptismum,</strong></span> <span class='ocrx_word' id='word_1_181' title='bbox 3039 1213 3093 1260; x_wconf 91' lang='lat' dir='ltr'><strong>et</strong></span> <span class='ocrx_word' id='word_1_182' title='bbox 3134 1213 3257 1275; x_wconf 92' lang='lat' dir='ltr'><strong>post</strong></span> <span class='ocrx_word' id='word_1_183' title='bbox 3286 1204 3463 1278; x_wconf 85' lang='lat' dir='ltr'><strong>bapti-</strong></span> 
     </span>
    </p>
   </div>
   <div class='ocr_carea' id='block_1_22' title="bbox 1877 1296 3249 1366">
    <p class='ocr_par' dir='ltr' id='par_1_22' title="bbox 1877 1296 3249 1366">
     <span class='ocr_line' id='line_1_22' title="bbox 1877 1296 3249 1366; baseline -0.005 -9"><span class='ocrx_word' id='word_1_184' title='bbox 1877 1315 2073 1357; x_wconf 88' lang='lat' dir='ltr'><strong>smum.</strong></span> <span class='ocrx_word' id='word_1_185' title='bbox 2106 1298 2334 1354; x_wconf 87' lang='lat' dir='ltr'><strong>Litaniae</strong></span> <span class='ocrx_word' id='word_1_186' title='bbox 2357 1297 2566 1363; x_wconf 79' lang='lat' dir='ltr'><strong>Graece,</strong></span> <span class='ocrx_word' id='word_1_187' title='bbox 2593 1296 2786 1352; x_wconf 84' lang='lat' dir='ltr'><strong>Latine</strong></span> <span class='ocrx_word' id='word_1_188' title='bbox 2817 1296 3249 1366; x_wconf 87' lang='lat' dir='ltr'><strong>deprecationes.</strong></span> 
     </span>
    </p>
   </div>
   <div class='ocr_carea' id='block_1_23' title="bbox 2437 1409 2897 1467">
    <p class='ocr_par' dir='ltr' id='par_1_23' title="bbox 2437 1409 2897 1467">
     <span class='ocr_line' id='line_1_23' title="bbox 2437 1409 2897 1467; baseline -0.004 -1"><span class='ocrx_word' id='word_1_189' title='bbox 2437 1410 2666 1467; x_wconf 80' lang='lat' dir='ltr'><strong>CAPUT</strong></span> <span class='ocrx_word' id='word_1_190' title='bbox 2705 1409 2897 1465; x_wconf 88' lang='lat' dir='ltr'><strong>XXIX.</strong></span> 
     </span>
    </p>
   </div>
   <div class='ocr_carea' id='block_1_24' title="bbox 1863 1499 3465 1587">
    <p class='ocr_par' dir='ltr' id='par_1_24' title="bbox 1863 1499 3465 1587">
     <span class='ocr_line' id='line_1_24' title="bbox 1863 1499 3465 1587; baseline -0.007 -20"><span class='ocrx_word' id='word_1_191' title='bbox 1863 1507 1959 1566; x_wconf 24' lang='lat' dir='ltr'><strong>‘De</strong></span> <span class='ocrx_word' id='word_1_192' title='bbox 1984 1509 2282 1565; x_wconf 84' lang='lat' dir='ltr'><strong>vestimento</strong></span> <span class='ocrx_word' id='word_1_193' title='bbox 2315 1505 2631 1574; x_wconf 79' lang='lat' dir='ltr'><strong>albatorum,</strong></span> <span class='ocrx_word' id='word_1_194' title='bbox 2657 1513 2706 1587; x_wconf 77' lang='lat' dir='ltr'><strong>et</strong></span> <span class='ocrx_word' id='word_1_195' title='bbox 2743 1499 3104 1574; x_wconf 79' lang='lat' dir='ltr'><strong>recapitulatio</strong></span> <span class='ocrx_word' id='word_1_196' title='bbox 3142 1500 3207 1555; x_wconf 88' lang='lat' dir='ltr'><strong>de</strong></span> <span class='ocrx_word' id='word_1_197' title='bbox 3239 1499 3465 1557; x_wconf 72' lang='lat' dir='ltr'><strong>Septua-</strong></span> 
     </span>
    </p>
   </div>
   <div class='ocr_carea' id='block_1_25' title="bbox 2596 1592 2779 1629">
    <p class='ocr_par' dir='ltr' id='par_1_25' title="bbox 2596 1592 2779 1629">
     <span class='ocr_line' id='line_1_25' title="bbox 2596 1592 2779 1629; baseline -0.005 0"><span class='ocrx_word' id='word_1_198' title='bbox 2596 1592 2779 1629; x_wconf 81' lang='lat' dir='ltr'><strong>estma.</strong></span> 
     </span>
    </p>
   </div>
   <div class='ocr_carea' id='block_1_26' title="bbox 1877 1594 3466 1744">
    <p class='ocr_par' dir='ltr' id='par_1_26' title="bbox 1877 1594 3466 1744">
     <span class='ocr_line' id='line_1_26' title="bbox 2596 1594 2779 1629; baseline -0.005 0"><span class='ocrx_word' id='word_1_199' title='bbox 2596 1594 2779 1629; x_wconf 69' lang='grc' dir='ltr'><strong>εδιπια.</strong></span> 
     </span>
     <span class='ocr_line' id='line_1_27' title="bbox 1877 1594 3466 1744; baseline -0.008 -15"><span class='ocrx_word' id='word_1_200' title='bbox 1877 1698 1879 1700; x_wconf 90' lang='grc'>·</span> <span class='ocrx_word' id='word_1_201' title='bbox 1956 1671 2136 1728; x_wconf 75' lang='lat' dir='ltr'><strong>Albati</strong></span> <span class='ocrx_word' id='word_1_202' title='bbox 2183 1678 2407 1744; x_wconf 85' lang='lat' dir='ltr'><strong>prepter</strong></span> <span class='ocrx_word' id='word_1_203' title='bbox 2457 1594 2635 1724; x_wconf 69' lang='lat' dir='ltr'><strong>vestges</strong></span> <span class='ocrx_word' id='word_1_204' title='bbox 2686 1668 2840 1722; x_wconf 88' lang='lat' dir='ltr'><strong>albas</strong></span> <span class='ocrx_word' id='word_1_205' title='bbox 2889 1664 3052 1736; x_wconf 81' lang='lat' dir='ltr'><strong>vulgo</strong></span> <span class='ocrx_word' id='word_1_206' title='bbox 3106 1663 3466 1736; x_wconf 84' lang='lat' dir='ltr'><strong>appellantur.</strong></span> 
     </span>
    </p>
   </div>
   <div class='ocr_carea' id='block_1_27' title="bbox 1869 1755 3475 1830">
    <p class='ocr_par' dir='ltr' id='par_1_27' title="bbox 1869 1755 3475 1830">
     <span class='ocr_line' id='line_1_28' title="bbox 1869 1755 3475 1830; baseline -0.009 -6"><span class='ocrx_word' id='word_1_207' title='bbox 1869 1765 2014 1824; x_wconf 58' lang='lat' dir='ltr'><strong>‘Seio</strong></span> <span class='ocrx_word' id='word_1_208' title='bbox 2043 1764 2355 1821; x_wconf 91' lang='lat' dir='ltr'><strong>eorumdem</strong></span> <span class='ocrx_word' id='word_1_209' title='bbox 2394 1761 2840 1817; x_wconf 78' lang='lat' dir='ltr'><strong>vestimentorum</strong></span> <span class='ocrx_word' id='word_1_210' title='bbox 2873 1757 3324 1830; x_wconf 89' lang='lat' dir='ltr'><strong>signiﬁcationem</strong></span> <span class='ocrx_word' id='word_1_211' title='bbox 3353 1755 3475 1810; x_wconf 84' lang='lat' dir='ltr'><strong>dili—</strong></span> 
     </span>
    </p>
   </div>
   <div class='ocr_carea' id='block_1_28' title="bbox 1888 1848 3474 1931">
    <p class='ocr_par' dir='ltr' id='par_1_28' title="bbox 1888 1848 3474 1931">
     <span class='ocr_line' id='line_1_29' title="bbox 1888 1848 3474 1931; baseline -0.006 -18"><span class='ocrx_word' id='word_1_212' title='bbox 1888 1865 2079 1931; x_wconf 81' lang='lat' dir='ltr'><strong>genter</strong></span> <span class='ocrx_word' id='word_1_213' title='bbox 2127 1855 2468 1926; x_wconf 83' lang='lat' dir='ltr'><strong>explanatam</strong></span> <span class='ocrx_word' id='word_1_214' title='bbox 2512 1853 2580 1907; x_wconf 88' lang='lat' dir='ltr'><strong>ab</strong></span> <span class='ocrx_word' id='word_1_215' title='bbox 2625 1850 3046 1922; x_wconf 89' lang='lat' dir='ltr'><strong>archiepiscopis</strong></span> <span class='ocrx_word' id='word_1_216' title='bbox 3088 1849 3180 1921; x_wconf 88' lang='lat' dir='ltr'><strong>qui</strong></span> <span class='ocrx_word' id='word_1_217' title='bbox 3251 1848 3474 1904; x_wconf 81' lang='lat' dir='ltr'><strong>fuerunt</strong></span> 
     </span>
    </p>
   </div>
   <div class='ocr_carea' id='block_1_29' title="bbox 193 1925 1796 2021">
    <p class='ocr_par' dir='ltr' id='par_1_29' title="bbox 193 1925 1779 2021">
     <span class='ocr_line' id='line_1_30' title="bbox 193 1925 1779 2021; baseline -0.008 -15"><span class='ocrx_word' id='word_1_218' title='bbox 193 1961 245 2006; x_wconf 79' lang='lat' dir='ltr'><strong>et</strong></span> <span class='ocrx_word' id='word_1_219' title='bbox 293 1925 612 2021; x_wconf 59' lang='lat' dir='ltr'><strong>accipiebant</strong></span> <span class='ocrx_word' id='word_1_220' title='bbox 657 1946 916 2018; x_wconf 81' lang='lat' dir='ltr'><strong>Spiritum</strong></span> <span class='ocrx_word' id='word_1_221' title='bbox 953 1954 1216 2000; x_wconf 82' lang='lat' dir='ltr'><strong>sanctum.</strong></span> <span class='ocrx_word' id='word_1_222' title='bbox 1261 1941 1425 1997; x_wconf 83' lang='lat' dir='ltr'><strong>Juxta</strong></span> <span class='ocrx_word' id='word_1_223' title='bbox 1474 1938 1779 2011; x_wconf 86' lang='lat' dir='ltr'><strong>exemplum</strong></span> 
     </span>
    </p>
   </div>
   <div class='ocr_carea' id='block_1_30' title="bbox 1899 1925 3472 2021">
    <p class='ocr_par' dir='ltr' id='par_1_30' title="bbox 1899 1941 3472 2021">
     <span class='ocr_line' id='line_1_31' title="bbox 1899 1941 3472 2021; baseline -0.007 -15"><span class='ocrx_word' id='word_1_224' title='bbox 1899 1961 2127 2021; x_wconf 72' lang='lat' dir='ltr'><strong>tempore</strong></span> <span class='ocrx_word' id='word_1_225' title='bbox 2163 1947 2494 2002; x_wconf 68' lang='lat' dir='ltr'><strong>beatissime</strong></span> <span class='ocrx_word' id='word_1_226' title='bbox 2543 1945 2820 1999; x_wconf 79' lang='lat' dir='ltr'><strong>memoriae</strong></span> <span class='ocrx_word' id='word_1_227' title='bbox 2866 1941 3044 1998; x_wconf 88' lang='lat' dir='ltr'><strong>Caroli</strong></span> <span class='ocrx_word' id='word_1_228' title='bbox 3093 1943 3161 1997; x_wconf 90' lang='lat' dir='ltr'><strong>ad</strong></span> <span class='ocrx_word' id='word_1_229' title='bbox 3199 1942 3472 2007; x_wconf 91' lang='lat' dir='ltr'><strong>eumdem,</strong></span> 
     </span>
    </p>
   </div>
   <div class='ocr_carea' id='block_1_31' title="bbox 184 2031 1783 2118">
    <p class='ocr_par' dir='ltr' id='par_1_31' title="bbox 184 2031 1783 2118">
     <span class='ocr_line' id='line_1_32' title="bbox 184 2031 1783 2118; baseline -0.009 -20"><span class='ocrx_word' id='word_1_230' title='bbox 184 2040 347 2118; x_wconf 25' lang='lat' dir='ltr'><strong>&#39;Petri</strong></span> <span class='ocrx_word' id='word_1_231' title='bbox 395 2049 453 2097; x_wconf 91' lang='lat' dir='ltr'><strong>et</strong></span> <span class='ocrx_word' id='word_1_232' title='bbox 475 2073 487 2096; x_wconf 83' lang='lat'><strong>.-</strong></span> <span class='ocrx_word' id='word_1_233' title='bbox 502 2039 744 2106; x_wconf 83' lang='lat' dir='ltr'><strong>Joannis,</strong></span> <span class='ocrx_word' id='word_1_234' title='bbox 783 2043 1075 2094; x_wconf 85' lang='lat' dir='ltr'><strong>occurrant</strong></span> <span class='ocrx_word' id='word_1_235' title='bbox 1125 2033 1362 2106; x_wconf 88' lang='lat' dir='ltr'><strong>episcopi</strong></span> <span class='ocrx_word' id='word_1_236' title='bbox 1415 2033 1485 2088; x_wconf 86' lang='lat' dir='ltr'><strong>ad</strong></span> <span class='ocrx_word' id='word_1_237' title='bbox 1529 2032 1647 2086; x_wconf 88' lang='lat' dir='ltr'><strong>loca</strong></span> <span class='ocrx_word' id='word_1_238' title='bbox 1691 2031 1783 2085; x_wconf 84' lang='lat' dir='ltr'><strong>ubi</strong></span> 
     </span>
    </p>
   </div>
   <div class='ocr_carea' id='block_1_32' title="bbox 183 2128 1786 2204">
    <p class='ocr_par' dir='ltr' id='par_1_32' title="bbox 183 2128 1786 2204">
     <span class='ocr_line' id='line_1_33' title="bbox 183 2128 1786 2204; baseline -0.008 -15"><span class='ocrx_word' id='word_1_239' title='bbox 183 2142 346 2199; x_wconf 67' lang='lat' dir='ltr'><strong>sunt,</strong></span> <span class='ocrx_word' id='word_1_240' title='bbox 375 2133 573 2204; x_wconf 82' lang='lat' dir='ltr'><strong>quibus</strong></span> <span class='ocrx_word' id='word_1_241' title='bbox 596 2146 821 2190; x_wconf 81' lang='lat' dir='ltr'><strong>necesse</strong></span> <span class='ocrx_word' id='word_1_242' title='bbox 864 2139 949 2186; x_wconf 90' lang='lat' dir='ltr'><strong>est</strong></span> <span class='ocrx_word' id='word_1_243' title='bbox 989 2128 1193 2198; x_wconf 88' lang='lat' dir='ltr'><strong>imponi</strong></span> <span class='ocrx_word' id='word_1_244' title='bbox 1236 2139 1468 2182; x_wconf 85' lang='lat' dir='ltr'><strong>manus:</strong></span> <span class='ocrx_word' id='word_1_245' title='bbox 1495 2130 1786 2179; x_wconf 84' lang='lat' dir='ltr'><strong>occurrant</strong></span> 
     </span>
    </p>
   </div>
   <div class='ocr_carea' id='block_1_33' title="bbox 182 2215 1787 2301">
    <p class='ocr_par' dir='ltr' id='par_1_33' title="bbox 182 2215 1787 2301">
     <span class='ocr_line' id='line_1_34' title="bbox 182 2215 1787 2301; baseline -0.01 -16"><span class='ocrx_word' id='word_1_246' title='bbox 182 2235 254 2292; x_wconf 64' lang='lat' dir='ltr'><strong>~et</strong></span> <span class='ocrx_word' id='word_1_247' title='bbox 283 2227 358 2282; x_wconf 90' lang='lat' dir='ltr'><strong>illi</strong></span> <span class='ocrx_word' id='word_1_248' title='bbox 385 2227 504 2282; x_wconf 85' lang='lat' dir='ltr'><strong>sine</strong></span> <span class='ocrx_word' id='word_1_249' title='bbox 543 2225 950 2301; x_wconf 81' lang='lat' dir='ltr'><strong>retractatipne,</strong></span> <span class='ocrx_word' id='word_1_250' title='bbox 977 2223 1071 2292; x_wconf 92' lang='lat' dir='ltr'><strong>qui</strong></span> <span class='ocrx_word' id='word_1_251' title='bbox 1119 2219 1397 2290; x_wconf 85' lang='lat' dir='ltr'><strong>accepturi</strong></span> <span class='ocrx_word' id='word_1_252' title='bbox 1445 2225 1573 2273; x_wconf 89' lang='lat' dir='ltr'><strong>sunt</strong></span> <span class='ocrx_word' id='word_1_253' title='bbox 1621 2215 1787 2272; x_wconf 90' lang='lat' dir='ltr'><strong>vesti-</strong></span> 
     </span>
    </p>
   </div>
   <div class='ocr_carea' id='block_1_34' title="bbox 183 2312 1788 2386">
    <p class='ocr_par' dir='ltr' id='par_1_34' title="bbox 183 2312 1788 2386">
     <span class='ocr_line' id='line_1_35' title="bbox 183 2312 1788 2386; baseline -0.009 -9"><span class='ocrx_word' id='word_1_254' title='bbox 183 2325 441 2384; x_wconf 84' lang='lat' dir='ltr'><strong>_mentum</strong></span> <span class='ocrx_word' id='word_1_255' title='bbox 466 2315 726 2386; x_wconf 88' lang='lat' dir='ltr'><strong>nuptiale,</strong></span> <span class='ocrx_word' id='word_1_256' title='bbox 759 2323 821 2369; x_wconf 90' lang='lat' dir='ltr'><strong>ut</strong></span> <span class='ocrx_word' id='word_1_257' title='bbox 844 2313 1073 2384; x_wconf 88' lang='lat' dir='ltr'><strong>possint,</strong></span> <span class='ocrx_word' id='word_1_258' title='bbox 1092 2312 1330 2370; x_wconf 85' lang='lat' dir='ltr'><strong>intrante</strong></span> <span class='ocrx_word' id='word_1_259' title='bbox 1355 2324 1500 2381; x_wconf 71' lang='lat' dir='ltr'><strong>rege,</strong></span> <span class='ocrx_word' id='word_1_260' title='bbox 1531 2321 1788 2378; x_wconf 88' lang='lat' dir='ltr'><strong>perseve-</strong></span> 
     </span>
    </p>
   </div>
   <div class='ocr_carea' id='block_1_35' title="bbox 183 2403 1788 2476">
    <p class='ocr_par' dir='ltr' id='par_1_35' title="bbox 183 2403 1788 2476">
     <span class='ocr_line' id='line_1_36' title="bbox 183 2403 1788 2476; baseline -0.007 -9"><span class='ocrx_word' id='word_1_261' title='bbox 183 2424 320 2476; x_wconf 62' lang='lat' dir='ltr'><strong>rare</strong></span> <span class='ocrx_word' id='word_1_262' title='bbox 345 2409 403 2464; x_wconf 89' lang='lat' dir='ltr'><strong>in</strong></span> <span class='ocrx_word' id='word_1_263' title='bbox 429 2409 698 2464; x_wconf 88' lang='lat' dir='ltr'><strong>convivio.</strong></span> <span class='ocrx_word' id='word_1_264' title='bbox 733 2407 794 2464; x_wconf 89' lang='lat' dir='ltr'><strong>Si</strong></span> <span class='ocrx_word' id='word_1_265' title='bbox 817 2407 1016 2476; x_wconf 87' lang='lat' dir='ltr'><strong>aliquis</strong></span> <span class='ocrx_word' id='word_1_266' title='bbox 1048 2406 1202 2476; x_wconf 88' lang='lat' dir='ltr'><strong>prius</strong></span> <span class='ocrx_word' id='word_1_267' title='bbox 1221 2404 1524 2473; x_wconf 87' lang='lat' dir='ltr'><strong>subripitur</strong></span> <span class='ocrx_word' id='word_1_268' title='bbox 1549 2403 1615 2458; x_wconf 89' lang='lat' dir='ltr'><strong>de</strong></span> <span class='ocrx_word' id='word_1_269' title='bbox 1649 2417 1788 2471; x_wconf 84' lang='lat' dir='ltr'><strong>prae-</strong></span> 
     </span>
    </p>
   </div>
   <div class='ocr_carea' id='block_1_36' title="bbox 187 2489 1788 2566">
    <p class='ocr_par' dir='ltr' id='par_1_36' title="bbox 187 2489 1788 2566">
     <span class='ocr_line' id='line_1_37' title="bbox 187 2489 1788 2566; baseline -0.008 -10"><span class='ocrx_word' id='word_1_270' title='bbox 187 2497 333 2556; x_wconf 81' lang='lat' dir='ltr'><strong>senti</strong></span> <span class='ocrx_word' id='word_1_271' title='bbox 390 2495 632 2562; x_wconf 59' lang='lat' dir='ltr'><strong>saeculo,</strong></span> <span class='ocrx_word' id='word_1_272' title='bbox 687 2510 854 2566; x_wconf 84' lang='lat' dir='ltr'><strong>quam</strong></span> <span class='ocrx_word' id='word_1_273' title='bbox 913 2494 1088 2566; x_wconf 87' lang='lat' dir='ltr'><strong>possit</strong></span> <span class='ocrx_word' id='word_1_274' title='bbox 1141 2502 1432 2548; x_wconf 83' lang='lat' dir='ltr'><strong>occurrere</strong></span> <span class='ocrx_word' id='word_1_275' title='bbox 1483 2489 1788 2546; x_wconf 86' lang='lat' dir='ltr'><strong>ministerio</strong></span> 
     </span>
    </p>
   </div>
   <div class='ocr_carea' id='block_1_37' title="bbox 184 2583 1790 2659">
    <p class='ocr_par' dir='ltr' id='par_1_37' title="bbox 184 2583 1790 2659">
     <span class='ocr_line' id='line_1_38' title="bbox 184 2583 1790 2659; baseline -0.002 -17"><span class='ocrx_word' id='word_1_276' title='bbox 184 2594 366 2659; x_wconf 75' lang='lat' dir='ltr'><strong>tanto,</strong></span> <span class='ocrx_word' id='word_1_277' title='bbox 393 2587 546 2642; x_wconf 88' lang='lat' dir='ltr'><strong>Deus</strong></span> <span class='ocrx_word' id='word_1_278' title='bbox 583 2587 688 2644; x_wconf 87' lang='lat' dir='ltr'><strong>scit</strong></span> <span class='ocrx_word' id='word_1_279' title='bbox 725 2602 823 2642; x_wconf 88' lang='lat' dir='ltr'><strong>cur</strong></span> <span class='ocrx_word' id='word_1_280' title='bbox 856 2601 982 2641; x_wconf 89' lang='lat' dir='ltr'><strong>eum</strong></span> <span class='ocrx_word' id='word_1_281' title='bbox 1023 2585 1176 2656; x_wconf 86' lang='lat' dir='ltr'><strong>prius</strong></span> <span class='ocrx_word' id='word_1_282' title='bbox 1201 2592 1359 2656; x_wconf 91' lang='lat' dir='ltr'><strong>coget</strong></span> <span class='ocrx_word' id='word_1_283' title='bbox 1384 2583 1535 2640; x_wconf 84' lang='lat' dir='ltr'><strong>exire</strong></span> <span class='ocrx_word' id='word_1_284' title='bbox 1558 2584 1626 2639; x_wconf 90' lang='lat' dir='ltr'><strong>de</strong></span> <span class='ocrx_word' id='word_1_285' title='bbox 1651 2597 1790 2652; x_wconf 65' lang='lat' dir='ltr'><strong>prae-</strong></span> 
     </span>
    </p>
   </div>
   <div class='ocr_carea' id='block_1_38' title="bbox 190 2676 1791 2749">
    <p class='ocr_par' dir='ltr' id='par_1_38' title="bbox 190 2676 1791 2749">
     <span class='ocr_line' id='line_1_39' title="bbox 190 2676 1791 2749; baseline -0.005 -11"><span class='ocrx_word' id='word_1_286' title='bbox 190 2681 330 2738; x_wconf 87' lang='lat' dir='ltr'><strong>senti</strong></span> <span class='ocrx_word' id='word_1_287' title='bbox 357 2679 586 2736; x_wconf 82' lang='lat' dir='ltr'><strong>saeculo.</strong></span> <span class='ocrx_word' id='word_1_288' title='bbox 623 2677 780 2733; x_wconf 86' lang='lat' dir='ltr'><strong>Novit</strong></span> <span class='ocrx_word' id='word_1_289' title='bbox 812 2678 1069 2732; x_wconf 84' lang='lat' dir='ltr'><strong>Dominus</strong></span> <span class='ocrx_word' id='word_1_290' title='bbox 1090 2677 1180 2749; x_wconf 88' lang='lat' dir='ltr'><strong>qui</strong></span> <span class='ocrx_word' id='word_1_291' title='bbox 1202 2685 1322 2732; x_wconf 82' lang='lat' dir='ltr'><strong>sunt</strong></span> <span class='ocrx_word' id='word_1_292' title='bbox 1345 2676 1496 2746; x_wconf 79' lang='lat' dir='ltr'><strong>ejus;</strong></span> <span class='ocrx_word' id='word_1_293' title='bbox 1518 2683 1574 2732; x_wconf 92' lang='lat' dir='ltr'><strong>et</strong></span> <span class='ocrx_word' id='word_1_294' title='bbox 1601 2689 1791 2731; x_wconf 74' lang='lat' dir='ltr'><strong>secun-</strong></span> 
     </span>
    </p>
   </div>
   <div class='ocr_carea' id='block_1_39' title="bbox 191 2766 1791 2840">
    <p class='ocr_par' dir='ltr' id='par_1_39' title="bbox 191 2766 1791 2840">
     <span class='ocr_line' id='line_1_40' title="bbox 191 2766 1791 2840; baseline -0.004 -14"><span class='ocrx_word' id='word_1_295' title='bbox 191 2770 318 2826; x_wconf 92' lang='lat' dir='ltr'><strong>dum</strong></span> <span class='ocrx_word' id='word_1_296' title='bbox 351 2769 627 2825; x_wconf 87' lang='lat' dir='ltr'><strong>Joannem</strong></span> <span class='ocrx_word' id='word_1_297' title='bbox 652 2768 1058 2840; x_wconf 80' lang='lat' dir='ltr'><strong>evangelistam,</strong></span> <span class='ocrx_word' id='word_1_298' title='bbox 1089 2766 1222 2823; x_wconf 78' lang='lat' dir='ltr'><strong>Oves</strong></span> <span class='ocrx_word' id='word_1_299' title='bbox 1262 2783 1391 2821; x_wconf 79' lang='lat' dir='ltr'><strong>mea:</strong></span> <span class='ocrx_word' id='word_1_300' title='bbox 1415 2783 1592 2822; x_wconf 86' lang='lat' dir='ltr'><strong>vocem</strong></span> <span class='ocrx_word' id='word_1_301' title='bbox 1621 2783 1791 2820; x_wconf 87' lang='lat' dir='ltr'><strong>meam</strong></span> 
     </span>
    </p>
   </div>
   <div class='ocr_carea' id='block_1_40' title="bbox 188 2864 1789 2933">
    <p class='ocr_par' dir='ltr' id='par_1_40' title="bbox 188 2864 1789 2933">
     <span class='ocr_line' id='line_1_41' title="bbox 188 2864 1789 2933; baseline -0.004 -15"><span class='ocrx_word' id='word_1_302' title='bbox 188 2864 448 2928; x_wconf 86' lang='lat' dir='ltr'><strong>audiunt,</strong></span> <span class='ocrx_word' id='word_1_303' title='bbox 490 2871 536 2916; x_wconf 87' lang='lat' dir='ltr'><strong>et</strong></span> <span class='ocrx_word' id='word_1_304' title='bbox 579 2878 672 2933; x_wconf 83' lang='lat' dir='ltr'><strong>ego</strong></span> <span class='ocrx_word' id='word_1_305' title='bbox 724 2877 978 2931; x_wconf 85' lang='lat' dir='ltr'><strong>cognosco</strong></span> <span class='ocrx_word' id='word_1_306' title='bbox 1015 2877 1137 2926; x_wconf 84' lang='lat' dir='ltr'><strong>eas,</strong></span> <span class='ocrx_word' id='word_1_307' title='bbox 1169 2869 1218 2915; x_wconf 87' lang='lat' dir='ltr'><strong>et</strong></span> <span class='ocrx_word' id='word_1_308' title='bbox 1254 2869 1546 2931; x_wconf 83' lang='lat' dir='ltr'><strong>sequuntur</strong></span> <span class='ocrx_word' id='word_1_309' title='bbox 1599 2874 1714 2923; x_wconf 89' lang='lat' dir='ltr'><strong>me,</strong></span> <span class='ocrx_word' id='word_1_310' title='bbox 1742 2866 1789 2912; x_wconf 88' lang='lat' dir='ltr'><strong>et</strong></span> 
     </span>
    </p>
   </div>
   <div class='ocr_carea' id='block_1_41' title="bbox 189 2949 1788 3028">
    <p class='ocr_par' dir='ltr' id='par_1_41' title="bbox 189 2949 1788 3028">
     <span class='ocr_line' id='line_1_42' title="bbox 189 2949 1788 3028; baseline -0.005 -16"><span class='ocrx_word' id='word_1_311' title='bbox 189 2972 281 3028; x_wconf 80' lang='lat' dir='ltr'><strong>ego</strong></span> <span class='ocrx_word' id='word_1_312' title='bbox 305 2957 477 3010; x_wconf 78' lang='lat' dir='ltr'><strong>vitam</strong></span> <span class='ocrx_word' id='word_1_313' title='bbox 499 2949 752 3011; x_wconf 76' lang='lat' dir='ltr'><strong>wtemam</strong></span> <span class='ocrx_word' id='word_1_314' title='bbox 770 2953 838 3008; x_wconf 85' lang='lat' dir='ltr'><strong>do</strong></span> <span class='ocrx_word' id='word_1_315' title='bbox 864 2954 956 3018; x_wconf 83' lang='lat' dir='ltr'><strong>eis,</strong></span> <span class='ocrx_word' id='word_1_316' title='bbox 974 2962 1023 3007; x_wconf 88' lang='lat' dir='ltr'><strong>et</strong></span> <span class='ocrx_word' id='word_1_317' title='bbox 1047 2969 1151 3008; x_wconf 85' lang='lat' dir='ltr'><strong>non</strong></span> <span class='ocrx_word' id='word_1_318' title='bbox 1171 2952 1411 3024; x_wconf 83' lang='lat' dir='ltr'><strong>peribunt</strong></span> <span class='ocrx_word' id='word_1_319' title='bbox 1431 2953 1487 3008; x_wconf 85' lang='lat' dir='ltr'><strong>in</strong></span> <span class='ocrx_word' id='word_1_320' title='bbox 1513 2959 1788 3016; x_wconf 64' lang='lat' dir='ltr'><strong>(sternam,</strong></span> 
     </span>
    </p>
   </div>
   <div class='ocr_carea' id='block_1_42' title="bbox 189 3043 1792 3118">
    <p class='ocr_par' dir='ltr' id='par_1_42' title="bbox 189 3043 1792 3118">
     <span class='ocr_line' id='line_1_43' title="bbox 189 3043 1792 3118; baseline -0.002 -16"><span class='ocrx_word' id='word_1_321' title='bbox 189 3056 238 3102; x_wconf 78' lang='lat' dir='ltr'><strong>et</strong></span> <span class='ocrx_word' id='word_1_322' title='bbox 281 3063 390 3102; x_wconf 81' lang='lat' dir='ltr'><strong>non</strong></span> <span class='ocrx_word' id='word_1_323' title='bbox 446 3047 612 3118; x_wconf 82' lang='lat' dir='ltr'><strong>rapiet</strong></span> <span class='ocrx_word' id='word_1_324' title='bbox 652 3062 740 3101; x_wconf 86' lang='lat' dir='ltr'><strong>eas</strong></span> <span class='ocrx_word' id='word_1_325' title='bbox 769 3046 1044 3118; x_wconf 82' lang='lat' dir='ltr'><strong>quisquam</strong></span> <span class='ocrx_word' id='word_1_326' title='bbox 1074 3045 1140 3099; x_wconf 84' lang='lat' dir='ltr'><strong>de</strong></span> <span class='ocrx_word' id='word_1_327' title='bbox 1177 3061 1340 3100; x_wconf 87' lang='lat' dir='ltr'><strong>manu</strong></span> <span class='ocrx_word' id='word_1_328' title='bbox 1367 3061 1505 3100; x_wconf 89' lang='lat' dir='ltr'><strong>mea.</strong></span> <span class='ocrx_word' id='word_1_329' title='bbox 1537 3043 1650 3100; x_wconf 85' lang='lat' dir='ltr'><strong>Hoc</strong></span> <span class='ocrx_word' id='word_1_330' title='bbox 1676 3059 1792 3100; x_wconf 90' lang='lat' dir='ltr'><strong>om-</strong></span> 
     </span>
    </p>
   </div>
   <div class='ocr_carea' id='block_1_43' title="bbox 187 3131 1794 3222">
    <p class='ocr_par' dir='ltr' id='par_1_43' title="bbox 187 3131 1794 3222">
     <span class='ocr_line' id='line_1_44' title="bbox 187 3131 1794 3222; baseline -0.003 -25"><span class='ocrx_word' id='word_1_331' title='bbox 187 3131 324 3222; x_wconf 65' lang='lat' dir='ltr'><strong>pino</strong></span> <span class='ocrx_word' id='word_1_332' title='bbox 354 3141 664 3198; x_wconf 85' lang='lat' dir='ltr'><strong>cavendum</strong></span> <span class='ocrx_word' id='word_1_333' title='bbox 691 3148 795 3208; x_wconf 89' lang='lat' dir='ltr'><strong>est,</strong></span> <span class='ocrx_word' id='word_1_334' title='bbox 818 3156 888 3196; x_wconf 90' lang='lat' dir='ltr'><strong>ne</strong></span> <span class='ocrx_word' id='word_1_335' title='bbox 913 3148 1129 3211; x_wconf 87' lang='lat' dir='ltr'><strong>torpore</strong></span> <span class='ocrx_word' id='word_1_336' title='bbox 1155 3141 1488 3204; x_wconf 86' lang='lat' dir='ltr'><strong>securitatis,</strong></span> <span class='ocrx_word' id='word_1_337' title='bbox 1520 3139 1794 3210; x_wconf 69' lang='lat' dir='ltr'><strong>negligen-</strong></span> 
     </span>
    </p>
   </div>
   <div class='ocr_carea' id='block_1_44' title="bbox 194 3221 1788 3303">
    <p class='ocr_par' dir='ltr' id='par_1_44' title="bbox 194 3221 1788 3303">
     <span class='ocr_line' id='line_1_45' title="bbox 194 3221 1788 3303; baseline 0.001 -15"><span class='ocrx_word' id='word_1_338' title='bbox 194 3221 271 3288; x_wconf 82' lang='lat' dir='ltr'><strong>tia</strong></span> <span class='ocrx_word' id='word_1_339' title='bbox 292 3233 502 3290; x_wconf 89' lang='lat' dir='ltr'><strong>ostium</strong></span> <span class='ocrx_word' id='word_1_340' title='bbox 523 3241 770 3303; x_wconf 89' lang='lat' dir='ltr'><strong>apertum</strong></span> <span class='ocrx_word' id='word_1_341' title='bbox 799 3231 1054 3288; x_wconf 86' lang='lat' dir='ltr'><strong>inveniat.</strong></span> <span class='ocrx_word' id='word_1_342' title='bbox 1077 3231 1220 3288; x_wconf 89' lang='lat' dir='ltr'><strong>Dicit</strong></span> <span class='ocrx_word' id='word_1_343' title='bbox 1243 3232 1518 3288; x_wconf 84' lang='lat' dir='ltr'><strong>Romanus</strong></span> <span class='ocrx_word' id='word_1_344' title='bbox 1543 3231 1788 3290; x_wconf 84' lang='lat' dir='ltr'><strong>libellus:</strong></span> 
     </span>
    </p>
   </div>
   <div class='ocr_carea' id='block_1_45' title="bbox 1884 2032 3477 2113">
    <p class='ocr_par' dir='ltr' id='par_1_45' title="bbox 1884 2032 3477 2113">
     <span class='ocr_line' id='line_1_46' title="bbox 1884 2032 3477 2113; baseline -0.009 -13"><span class='ocrx_word' id='word_1_345' title='bbox 1884 2042 2002 2113; x_wconf 88' lang='lat' dir='ltr'><strong>ejus</strong></span> <span class='ocrx_word' id='word_1_346' title='bbox 2033 2050 2211 2098; x_wconf 91' lang='lat' dir='ltr'><strong>tamen</strong></span> <span class='ocrx_word' id='word_1_347' title='bbox 2239 2037 2622 2093; x_wconf 87' lang='lat' dir='ltr'><strong>admonitione.</strong></span> <span class='ocrx_word' id='word_1_348' title='bbox 2662 2036 2832 2106; x_wconf 85' lang='lat' dir='ltr'><strong>Igitur</strong></span> <span class='ocrx_word' id='word_1_349' title='bbox 2865 2049 2972 2088; x_wconf 91' lang='lat' dir='ltr'><strong>non</strong></span> <span class='ocrx_word' id='word_1_350' title='bbox 2997 2033 3218 2103; x_wconf 85' lang='lat' dir='ltr'><strong>expedit</strong></span> <span class='ocrx_word' id='word_1_351' title='bbox 3264 2033 3319 2087; x_wconf 92' lang='lat' dir='ltr'><strong>in</strong></span> <span class='ocrx_word' id='word_1_352' title='bbox 3369 2032 3477 2086; x_wconf 89' lang='lat' dir='ltr'><strong>isto</strong></span> 
     </span>
    </p>
   </div>
   <div class='ocr_carea' id='block_1_46' title="bbox 1884 2124 3476 2208">
    <p class='ocr_par' dir='ltr' id='par_1_46' title="bbox 1884 2124 3476 2208">
     <span class='ocr_line' id='line_1_47' title="bbox 1884 2124 3476 2208; baseline -0.011 -15"><span class='ocrx_word' id='word_1_353' title='bbox 1884 2134 2143 2208; x_wconf 92' lang='lat' dir='ltr'><strong>opusculo</strong></span> <span class='ocrx_word' id='word_1_354' title='bbox 2190 2133 2442 2187; x_wconf 88' lang='lat' dir='ltr'><strong>laborare</strong></span> <span class='ocrx_word' id='word_1_355' title='bbox 2493 2128 2561 2183; x_wconf 93' lang='lat' dir='ltr'><strong>de</strong></span> <span class='ocrx_word' id='word_1_356' title='bbox 2610 2128 2732 2193; x_wconf 90' lang='lat' dir='ltr'><strong>illa,</strong></span> <span class='ocrx_word' id='word_1_357' title='bbox 2763 2127 2856 2182; x_wconf 91' lang='lat' dir='ltr'><strong>sed</strong></span> <span class='ocrx_word' id='word_1_358' title='bbox 2906 2133 3138 2189; x_wconf 90' lang='lat' dir='ltr'><strong>tantum,</strong></span> <span class='ocrx_word' id='word_1_359' title='bbox 3169 2133 3229 2178; x_wconf 90' lang='lat' dir='ltr'><strong>ut</strong></span> <span class='ocrx_word' id='word_1_360' title='bbox 3276 2124 3476 2192; x_wconf 88' lang='lat' dir='ltr'><strong>dicam,</strong></span> 
     </span>
    </p>
   </div>
   <div class='ocr_carea' id='block_1_47' title="bbox 1878 2217 3478 2300">
    <p class='ocr_par' dir='ltr' id='par_1_47' title="bbox 1878 2217 3478 2300">
     <span class='ocr_line' id='line_1_48' title="bbox 1878 2217 3478 2300; baseline -0.007 -16"><span class='ocrx_word' id='word_1_361' title='bbox 1878 2229 2032 2300; x_wconf 82' lang='lat' dir='ltr'><strong>juxta</strong></span> <span class='ocrx_word' id='word_1_362' title='bbox 2083 2224 2298 2280; x_wconf 92' lang='lat' dir='ltr'><strong>Domini</strong></span> <span class='ocrx_word' id='word_1_363' title='bbox 2341 2224 2616 2294; x_wconf 86' lang='lat' dir='ltr'><strong>pietatem,</strong></span> <span class='ocrx_word' id='word_1_364' title='bbox 2652 2220 2744 2290; x_wconf 91' lang='lat' dir='ltr'><strong>qui</strong></span> <span class='ocrx_word' id='word_1_365' title='bbox 2787 2227 2912 2276; x_wconf 90' lang='lat' dir='ltr'><strong>octo</strong></span> <span class='ocrx_word' id='word_1_366' title='bbox 2948 2219 3063 2274; x_wconf 90' lang='lat' dir='ltr'><strong>dies</strong></span> <span class='ocrx_word' id='word_1_367' title='bbox 3095 2218 3390 2283; x_wconf 89' lang='lat' dir='ltr'><strong>insinuent,</strong></span> <span class='ocrx_word' id='word_1_368' title='bbox 3422 2217 3478 2273; x_wconf 90' lang='lat' dir='ltr'><strong>in</strong></span> 
     </span>
    </p>
   </div>
   <div class='ocr_carea' id='block_1_48' title="bbox 1882 2311 3480 2392">
    <p class='ocr_par' dir='ltr' id='par_1_48' title="bbox 1882 2311 3480 2392">
     <span class='ocr_line' id='line_1_49' title="bbox 1882 2311 3480 2392; baseline -0.008 -16"><span class='ocrx_word' id='word_1_369' title='bbox 1882 2321 2082 2392; x_wconf 87' lang='lat' dir='ltr'><strong>quibus</strong></span> <span class='ocrx_word' id='word_1_370' title='bbox 2110 2317 2418 2371; x_wconf 80' lang='lat' dir='ltr'><strong>vestiuntur</strong></span> <span class='ocrx_word' id='word_1_371' title='bbox 2443 2314 2578 2369; x_wconf 80' lang='lat' dir='ltr'><strong>albae</strong></span> <span class='ocrx_word' id='word_1_372' title='bbox 2600 2321 2803 2376; x_wconf 86' lang='lat' dir='ltr'><strong>vestes,</strong></span> <span class='ocrx_word' id='word_1_373' title='bbox 2830 2320 2884 2366; x_wconf 90' lang='lat' dir='ltr'><strong>et</strong></span> <span class='ocrx_word' id='word_1_374' title='bbox 2909 2311 3052 2366; x_wconf 91' lang='lat' dir='ltr'><strong>cerei</strong></span> <span class='ocrx_word' id='word_1_375' title='bbox 3078 2311 3480 2382; x_wconf 86' lang='lat' dir='ltr'><strong>neophytorum</strong></span> 
     </span>
    </p>
   </div>
   <div class='ocr_carea' id='block_1_49' title="bbox 1881 2398 3480 2472">
    <p class='ocr_par' dir='ltr' id='par_1_49' title="bbox 1881 2398 3480 2472">
     <span class='ocr_line' id='line_1_50' title="bbox 1881 2398 3480 2472; baseline -0.009 -5"><span class='ocrx_word' id='word_1_376' title='bbox 1881 2411 2282 2468; x_wconf 84' lang='lat' dir='ltr'><strong>illuminantur.</strong></span> <span class='ocrx_word' id='word_1_377' title='bbox 2319 2405 2475 2459; x_wconf 89' lang='lat' dir='ltr'><strong>Sicut</strong></span> <span class='ocrx_word' id='word_1_378' title='bbox 2512 2403 2656 2458; x_wconf 90' lang='lat' dir='ltr'><strong>enim</strong></span> <span class='ocrx_word' id='word_1_379' title='bbox 2705 2411 2911 2472; x_wconf 89' lang='lat' dir='ltr'><strong>septem</strong></span> <span class='ocrx_word' id='word_1_380' title='bbox 2952 2401 3068 2456; x_wconf 88' lang='lat' dir='ltr'><strong>dies</strong></span> <span class='ocrx_word' id='word_1_381' title='bbox 3095 2400 3373 2470; x_wconf 88' lang='lat' dir='ltr'><strong>pertinent</strong></span> <span class='ocrx_word' id='word_1_382' title='bbox 3413 2398 3480 2452; x_wconf 89' lang='lat' dir='ltr'><strong>ad</strong></span> 
     </span>
    </p>
   </div>
   <div class='ocr_carea' id='block_1_50' title="bbox 1887 2494 3482 2566">
    <p class='ocr_par' dir='ltr' id='par_1_50' title="bbox 1887 2494 3482 2566">
     <span class='ocr_line' id='line_1_51' title="bbox 1887 2494 3482 2566; baseline -0.006 -6"><span class='ocrx_word' id='word_1_383' title='bbox 1887 2505 2058 2560; x_wconf 73' lang='lat' dir='ltr'><strong>Vetus</strong></span> <span class='ocrx_word' id='word_1_384' title='bbox 2083 2501 2490 2556; x_wconf 82' lang='lat' dir='ltr'><strong>Testamentum</strong></span> <span class='ocrx_word' id='word_1_385' title='bbox 2519 2504 2744 2566; x_wconf 87' lang='lat' dir='ltr'><strong>propter</strong></span> <span class='ocrx_word' id='word_1_386' title='bbox 2766 2495 3052 2551; x_wconf 89' lang='lat' dir='ltr'><strong>sabbatum</strong></span> <span class='ocrx_word' id='word_1_387' title='bbox 3079 2513 3091 2548; x_wconf 90' lang='lat'><strong>:</strong></span> <span class='ocrx_word' id='word_1_388' title='bbox 3119 2494 3194 2549; x_wconf 88' lang='lat' dir='ltr'><strong>ita</strong></span> <span class='ocrx_word' id='word_1_389' title='bbox 3221 2502 3345 2549; x_wconf 88' lang='lat' dir='ltr'><strong>octo</strong></span> <span class='ocrx_word' id='word_1_390' title='bbox 3367 2494 3482 2550; x_wconf 91' lang='lat' dir='ltr'><strong>dics</strong></span> 
     </span>
    </p>
   </div>
   <div class='ocr_carea' id='block_1_51' title="bbox 1885 2588 3480 2663">
    <p class='ocr_par' dir='ltr' id='par_1_51' title="bbox 1885 2588 3480 2663">
     <span class='ocr_line' id='line_1_52' title="bbox 1885 2588 3480 2663; baseline -0.008 -10"><span class='ocrx_word' id='word_1_391' title='bbox 1885 2598 1960 2653; x_wconf 83' lang='lat' dir='ltr'><strong>ad</strong></span> <span class='ocrx_word' id='word_1_392' title='bbox 1995 2595 2226 2659; x_wconf 86' lang='lat' dir='ltr'><strong>Novum,</strong></span> <span class='ocrx_word' id='word_1_393' title='bbox 2258 2600 2480 2663; x_wconf 88' lang='lat' dir='ltr'><strong>propter</strong></span> <span class='ocrx_word' id='word_1_394' title='bbox 2534 2598 2787 2646; x_wconf 89' lang='lat' dir='ltr'><strong>octavum</strong></span> <span class='ocrx_word' id='word_1_395' title='bbox 2845 2589 2992 2644; x_wconf 88' lang='lat' dir='ltr'><strong>diem</strong></span> <span class='ocrx_word' id='word_1_396' title='bbox 3042 2588 3480 2646; x_wconf 85' lang='lat' dir='ltr'><strong>resurrectionis.</strong></span> 
     </span>
    </p>
   </div>
   <div class='ocr_carea' id='block_1_52' title="bbox 1888 2681 3486 2759">
    <p class='ocr_par' dir='ltr' id='par_1_52' title="bbox 1888 2681 3486 2759">
     <span class='ocr_line' id='line_1_53' title="bbox 1888 2681 3486 2759; baseline -0.007 -13"><span class='ocrx_word' id='word_1_397' title='bbox 1888 2690 1966 2746; x_wconf 91' lang='lat' dir='ltr'><strong>De</strong></span> <span class='ocrx_word' id='word_1_398' title='bbox 1995 2703 2101 2759; x_wconf 88' lang='lat' dir='ltr'><strong>qua</strong></span> <span class='ocrx_word' id='word_1_399' title='bbox 2133 2702 2192 2742; x_wconf 86' lang='lat' dir='ltr'><strong>re</strong></span> <span class='ocrx_word' id='word_1_400' title='bbox 2233 2685 2363 2741; x_wconf 89' lang='lat' dir='ltr'><strong>dicit</strong></span> <span class='ocrx_word' id='word_1_401' title='bbox 2399 2683 2654 2739; x_wconf 86' lang='lat' dir='ltr'><strong>Salomon</strong></span> <span class='ocrx_word' id='word_1_402' title='bbox 2682 2701 2696 2737; x_wconf 91' lang='lat'><strong>:</strong></span> <span class='ocrx_word' id='word_1_403' title='bbox 2728 2681 2806 2737; x_wconf 88' lang='lat' dir='ltr'><strong>Da</strong></span> <span class='ocrx_word' id='word_1_404' title='bbox 2836 2692 3010 2754; x_wconf 88' lang='lat' dir='ltr'><strong>partes</strong></span> <span class='ocrx_word' id='word_1_405' title='bbox 3036 2692 3253 2749; x_wconf 83' lang='lat' dir='ltr'><strong>septem,</strong></span> <span class='ocrx_word' id='word_1_406' title='bbox 3285 2697 3486 2735; x_wconf 83' lang='lat' dir='ltr'><strong>necnon</strong></span> 
     </span>
    </p>
   </div>
   <div class='ocr_carea' id='block_1_53' title="bbox 1891 2776 3505 2850">
    <p class='ocr_par' dir='ltr' id='par_1_53' title="bbox 1891 2776 3505 2850">
     <span class='ocr_line' id='line_1_54' title="bbox 1891 2776 3505 2850; baseline -0.004 -12"><span class='ocrx_word' id='word_1_407' title='bbox 1891 2792 1937 2838; x_wconf 87' lang='lat' dir='ltr'><strong>et</strong></span> <span class='ocrx_word' id='word_1_408' title='bbox 1968 2791 2119 2847; x_wconf 86' lang='lat' dir='ltr'><strong>octo;</strong></span> <span class='ocrx_word' id='word_1_409' title='bbox 2158 2779 2271 2850; x_wconf 90' lang='lat' dir='ltr'><strong>jam</strong></span> <span class='ocrx_word' id='word_1_410' title='bbox 2317 2779 2461 2834; x_wconf 91' lang='lat' dir='ltr'><strong>enim</strong></span> <span class='ocrx_word' id='word_1_411' title='bbox 2513 2777 2742 2833; x_wconf 89' lang='lat' dir='ltr'><strong>docebat</strong></span> <span class='ocrx_word' id='word_1_412' title='bbox 2787 2776 3043 2848; x_wconf 89' lang='lat' dir='ltr'><strong>populum</strong></span> <span class='ocrx_word' id='word_1_413' title='bbox 3077 2793 3257 2843; x_wconf 92' lang='lat' dir='ltr'><strong>suum,</strong></span> <span class='ocrx_word' id='word_1_414' title='bbox 3289 2783 3505 2831; x_wconf 90' lang='lat' dir='ltr'><strong>utnon</strong></span> 
     </span>
    </p>
   </div>
   <div class='ocr_carea' id='block_1_54' title="bbox 1892 2869 3490 2944">
    <p class='ocr_par' dir='ltr' id='par_1_54' title="bbox 1892 2869 3490 2944">
     <span class='ocr_line' id='line_1_55' title="bbox 1892 2869 3490 2944; baseline -0.004 -14"><span class='ocrx_word' id='word_1_415' title='bbox 1892 2889 2108 2944; x_wconf 79' lang='lat' dir='ltr'><strong>semper</strong></span> <span class='ocrx_word' id='word_1_416' title='bbox 2159 2873 2488 2927; x_wconf 54' lang='lat' dir='ltr'><strong>inhaererent</strong></span> <span class='ocrx_word' id='word_1_417' title='bbox 2532 2869 2719 2937; x_wconf 82' lang='lat' dir='ltr'><strong>Veteri</strong></span> <span class='ocrx_word' id='word_1_418' title='bbox 2750 2869 3131 2936; x_wconf 88' lang='lat' dir='ltr'><strong>Testamento,</strong></span> <span class='ocrx_word' id='word_1_419' title='bbox 3165 2869 3259 2925; x_wconf 91' lang='lat' dir='ltr'><strong>sed</strong></span> <span class='ocrx_word' id='word_1_420' title='bbox 3313 2878 3490 2924; x_wconf 85' lang='lat' dir='ltr'><strong>trans-</strong></span> 
     </span>
    </p>
   </div>
   <div class='ocr_carea' id='block_1_55' title="bbox 1890 2961 3490 3036">
    <p class='ocr_par' dir='ltr' id='par_1_55' title="bbox 1890 2961 3490 3036">
     <span class='ocr_line' id='line_1_56' title="bbox 1890 2961 3490 3036; baseline -0.003 -14"><span class='ocrx_word' id='word_1_421' title='bbox 1890 2966 2035 3022; x_wconf 85' lang='lat' dir='ltr'><strong>irent</strong></span> <span class='ocrx_word' id='word_1_422' title='bbox 2086 2965 2374 3036; x_wconf 85' lang='lat' dir='ltr'><strong>aliquando</strong></span> <span class='ocrx_word' id='word_1_423' title='bbox 2405 2963 2473 3017; x_wconf 91' lang='lat' dir='ltr'><strong>ad</strong></span> <span class='ocrx_word' id='word_1_424' title='bbox 2498 2961 2728 3017; x_wconf 88' lang='lat' dir='ltr'><strong>Novum.</strong></span> <span class='ocrx_word' id='word_1_425' title='bbox 2760 2961 2805 3016; x_wconf 86' lang='lat' dir='ltr'><strong>A</strong></span> <span class='ocrx_word' id='word_1_426' title='bbox 2851 2961 3076 3016; x_wconf 88' lang='lat' dir='ltr'><strong>sabbato</strong></span> <span class='ocrx_word' id='word_1_427' title='bbox 3123 2961 3268 3016; x_wconf 90' lang='lat' dir='ltr'><strong>enim</strong></span> <span class='ocrx_word' id='word_1_428' title='bbox 3316 2976 3490 3029; x_wconf 88' lang='lat' dir='ltr'><strong>usque</strong></span> 
     </span>
    </p>
   </div>
   <div class='ocr_carea' id='block_1_56' title="bbox 1894 3053 3487 3126">
    <p class='ocr_par' dir='ltr' id='par_1_56' title="bbox 1894 3053 3487 3126">
     <span class='ocr_line' id='line_1_57' title="bbox 1894 3053 3487 3126; baseline -0.004 -12"><span class='ocrx_word' id='word_1_429' title='bbox 1894 3060 1960 3114; x_wconf 90' lang='lat' dir='ltr'><strong>ad</strong></span> <span class='ocrx_word' id='word_1_430' title='bbox 1998 3058 2283 3115; x_wconf 79' lang='lat' dir='ltr'><strong>sabbatum</strong></span> <span class='ocrx_word' id='word_1_431' title='bbox 2309 3064 2599 3126; x_wconf 86' lang='lat' dir='ltr'><strong>portantur</strong></span> <span class='ocrx_word' id='word_1_432' title='bbox 2630 3054 2764 3110; x_wconf 64' lang='lat' dir='ltr'><strong>albae</strong></span> <span class='ocrx_word' id='word_1_433' title='bbox 2793 3061 2996 3119; x_wconf 89' lang='lat' dir='ltr'><strong>vestes,</strong></span> <span class='ocrx_word' id='word_1_434' title='bbox 3027 3069 3146 3124; x_wconf 86' lang='lat' dir='ltr'><strong>quae</strong></span> <span class='ocrx_word' id='word_1_435' title='bbox 3176 3053 3331 3108; x_wconf 88' lang='lat' dir='ltr'><strong>nobis</strong></span> <span class='ocrx_word' id='word_1_436' title='bbox 3364 3067 3487 3122; x_wconf 88' lang='lat' dir='ltr'><strong>spe-</strong></span> 
     </span>
    </p>
   </div>
   <div class='ocr_carea' id='block_1_57' title="bbox 1895 3143 3493 3221">
    <p class='ocr_par' dir='ltr' id='par_1_57' title="bbox 1895 3143 3493 3221">
     <span class='ocr_line' id='line_1_58' title="bbox 1895 3143 3493 3221; baseline -0.006 -15"><span class='ocrx_word' id='word_1_437' title='bbox 1895 3151 2070 3206; x_wconf 89' lang='lat' dir='ltr'><strong>cimen</strong></span> <span class='ocrx_word' id='word_1_438' title='bbox 2098 3156 2379 3221; x_wconf 78' lang='lat' dir='ltr'><strong>praestant,</strong></span> <span class='ocrx_word' id='word_1_439' title='bbox 2410 3146 2597 3218; x_wconf 88' lang='lat' dir='ltr'><strong>quales</strong></span> <span class='ocrx_word' id='word_1_440' title='bbox 2625 3145 2924 3201; x_wconf 87' lang='lat' dir='ltr'><strong>debeamus</strong></span> <span class='ocrx_word' id='word_1_441' title='bbox 2956 3160 3077 3200; x_wconf 91' lang='lat' dir='ltr'><strong>esse</strong></span> <span class='ocrx_word' id='word_1_442' title='bbox 3125 3145 3177 3198; x_wconf 92' lang='lat' dir='ltr'><strong>in</strong></span> <span class='ocrx_word' id='word_1_443' title='bbox 3210 3143 3360 3198; x_wconf 83' lang='lat' dir='ltr'><strong>Novo</strong></span> <span class='ocrx_word' id='word_1_444' title='bbox 3390 3143 3493 3198; x_wconf 82' lang='lat' dir='ltr'><strong>Te-</strong></span> 
     </span>
    </p>
   </div>
   <div class='ocr_carea' id='block_1_58' title="bbox 1899 3224 3491 3310">
    <p class='ocr_par' dir='ltr' id='par_1_58' title="bbox 1899 3224 3491 3310">
     <span class='ocr_line' id='line_1_59' title="bbox 1899 3224 3491 3310; baseline -0.003 -13"><span class='ocrx_word' id='word_1_445' title='bbox 1899 3250 2188 3302; x_wconf 88' lang='lat' dir='ltr'><strong>stamcnto,</strong></span> <span class='ocrx_word' id='word_1_446' title='bbox 2221 3248 2275 3294; x_wconf 90' lang='lat' dir='ltr'><strong>et</strong></span> <span class='ocrx_word' id='word_1_447' title='bbox 2301 3239 2480 3310; x_wconf 87' lang='lat' dir='ltr'><strong>qualia</strong></span> <span class='ocrx_word' id='word_1_448' title='bbox 2521 3253 2750 3309; x_wconf 86' lang='lat' dir='ltr'><strong>corpora</strong></span> <span class='ocrx_word' id='word_1_449' title='bbox 2782 3237 3050 3307; x_wconf 87' lang='lat' dir='ltr'><strong>recepturi</strong></span> <span class='ocrx_word' id='word_1_450' title='bbox 3074 3237 3127 3290; x_wconf 91' lang='lat' dir='ltr'><strong>in</strong></span> <span class='ocrx_word' id='word_1_451' title='bbox 3159 3244 3353 3292; x_wconf 89' lang='lat' dir='ltr'><strong>octava</strong></span> <span class='ocrx_word' id='word_1_452' title='bbox 3383 3224 3491 3292; x_wconf 85' lang='lat' dir='ltr'><strong>die.</strong></span> 
     </span>
    </p>
   </div>
   <div class='ocr_carea' id='block_1_59' title="bbox 191 3291 1796 3399">
    <p class='ocr_par' dir='ltr' id='par_1_59' title="bbox 191 3322 1790 3395">
     <span class='ocr_line' id='line_1_60' title="bbox 191 3322 1790 3395; baseline -0.001 -16"><span class='ocrx_word' id='word_1_453' title='bbox 191 3324 263 3380; x_wconf 92' lang='lat' dir='ltr'><strong>de</strong></span> <span class='ocrx_word' id='word_1_454' title='bbox 295 3334 410 3395; x_wconf 87' lang='lat' dir='ltr'><strong>quo</strong></span> <span class='ocrx_word' id='word_1_455' title='bbox 457 3339 599 3394; x_wconf 84' lang='lat' dir='ltr'><strong>saepe</strong></span> <span class='ocrx_word' id='word_1_456' title='bbox 629 3324 1191 3380; x_wconf 85' lang='lat' dir='ltr'><strong>commemoravimus</strong></span> <span class='ocrx_word' id='word_1_457' title='bbox 1214 3338 1230 3378; x_wconf 88' lang='lat'><strong>:</strong></span> <span class='ocrx_word' id='word_1_458' title='bbox 1253 3322 1512 3380; x_wconf 90' lang='lat' dir='ltr'><strong>Oratione</strong></span> <span class='ocrx_word' id='word_1_459' title='bbox 1558 3323 1790 3392; x_wconf 79' lang='lat' dir='ltr'><strong>expleta,</strong></span> 
     </span>
    </p>
   </div>
   <div class='ocr_carea' id='block_1_60' title="bbox 1899 3291 3494 3399">
    <p class='ocr_par' dir='ltr' id='par_1_60' title="bbox 1900 3291 3494 3399">
     <span class='ocr_line' id='line_1_61' title="bbox 1900 3291 3494 3399; baseline -0.005 -10"><span class='ocrx_word' id='word_1_460' title='bbox 1900 3336 1944 3389; x_wconf 83' lang='lat' dir='ltr'><strong>A</strong></span> <span class='ocrx_word' id='word_1_461' title='bbox 1997 3333 2224 3388; x_wconf 86' lang='lat' dir='ltr'><strong>sabbato</strong></span> <span class='ocrx_word' id='word_1_462' title='bbox 2270 3347 2442 3399; x_wconf 88' lang='lat' dir='ltr'><strong>usque</strong></span> <span class='ocrx_word' id='word_1_463' title='bbox 2488 3330 2556 3385; x_wconf 86' lang='lat' dir='ltr'><strong>ad</strong></span> <span class='ocrx_word' id='word_1_464' title='bbox 2608 3291 2892 3384; x_wconf 66' lang='lat' dir='ltr'><strong>sabbatum</strong></span> <span class='ocrx_word' id='word_1_465' title='bbox 2939 3338 3222 3398; x_wconf 87' lang='lat' dir='ltr'><strong>portamus</strong></span> <span class='ocrx_word' id='word_1_466' title='bbox 3268 3327 3406 3392; x_wconf 91' lang='lat' dir='ltr'><strong>illas,</strong></span> <span class='ocrx_word' id='word_1_467' title='bbox 3439 3315 3494 3381; x_wconf 87' lang='lat' dir='ltr'><strong>id</strong></span> 
     </span>
    </p>
   </div>
   <div class='ocr_carea' id='block_1_61' title="bbox 191 3413 1796 3485">
    <p class='ocr_par' dir='ltr' id='par_1_61' title="bbox 191 3413 1796 3485">
     <span class='ocr_line' id='line_1_62' title="bbox 191 3413 1796 3485; baseline -0.004 -13"><span class='ocrx_word' id='word_1_468' title='bbox 191 3416 332 3473; x_wconf 76' lang='lat' dir='ltr'><strong>facit</strong></span> <span class='ocrx_word' id='word_1_469' title='bbox 361 3433 584 3474; x_wconf 90' lang='lat' dir='ltr'><strong>crucem</strong></span> <span class='ocrx_word' id='word_1_470' title='bbox 628 3432 753 3472; x_wconf 91' lang='lat' dir='ltr'><strong>eum</strong></span> <span class='ocrx_word' id='word_1_471' title='bbox 795 3417 986 3485; x_wconf 89' lang='lat' dir='ltr'><strong>pollice</strong></span> <span class='ocrx_word' id='word_1_472' title='bbox 1029 3430 1097 3470; x_wconf 84' lang='lat' dir='ltr'><strong>ex</strong></span> <span class='ocrx_word' id='word_1_473' title='bbox 1140 3417 1437 3471; x_wconf 85' lang='lat' dir='ltr'><strong>chrismate</strong></span> <span class='ocrx_word' id='word_1_474' title='bbox 1470 3415 1524 3467; x_wconf 92' lang='lat' dir='ltr'><strong>in</strong></span> <span class='ocrx_word' id='word_1_475' title='bbox 1554 3413 1796 3481; x_wconf 84' lang='lat' dir='ltr'><strong>singulo-</strong></span> 
     </span>
    </p>
   </div>
   <div class='ocr_carea' id='block_1_62' title="bbox 189 3501 1801 3572">
    <p class='ocr_par' dir='ltr' id='par_1_62' title="bbox 189 3501 1801 3572">
     <span class='ocr_line' id='line_1_63' title="bbox 189 3501 1801 3572; baseline -0.009 -3"><span class='ocrx_word' id='word_1_476' title='bbox 189 3523 322 3570; x_wconf 85' lang='lat' dir='ltr'><strong>rum</strong></span> <span class='ocrx_word' id='word_1_477' title='bbox 377 3507 690 3572; x_wconf 78' lang='lat' dir='ltr'><strong>frontibus,</strong></span> <span class='ocrx_word' id='word_1_478' title='bbox 726 3505 800 3562; x_wconf 88' lang='lat' dir='ltr'><strong>ita</strong></span> <span class='ocrx_word' id='word_1_479' title='bbox 846 3503 1198 3560; x_wconf 82' lang='lat' dir='ltr'><strong>dicendozln</strong></span> <span class='ocrx_word' id='word_1_480' title='bbox 1250 3504 1470 3558; x_wconf 83' lang='lat' dir='ltr'><strong>nomine</strong></span> <span class='ocrx_word' id='word_1_481' title='bbox 1516 3501 1698 3556; x_wconf 87' lang='lat' dir='ltr'><strong>Patris</strong></span> <span class='ocrx_word' id='word_1_482' title='bbox 1745 3509 1801 3555; x_wconf 90' lang='lat' dir='ltr'><strong>et</strong></span> 
     </span>
    </p>
   </div>
   <div class='ocr_carea' id='block_1_63' title="bbox 189 3593 1803 3668">
    <p class='ocr_par' dir='ltr' id='par_1_63' title="bbox 189 3593 1803 3668">
     <span class='ocr_line' id='line_1_64' title="bbox 189 3593 1803 3668; baseline -0.005 -13"><span class='ocrx_word' id='word_1_483' title='bbox 189 3598 443 3666; x_wconf 71' lang='lat' dir='ltr'><strong>Filii,~et</strong></span> <span class='ocrx_word' id='word_1_484' title='bbox 491 3595 727 3668; x_wconf 87' lang='lat' dir='ltr'><strong>Spiritus</strong></span> <span class='ocrx_word' id='word_1_485' title='bbox 773 3596 981 3662; x_wconf 89' lang='lat' dir='ltr'><strong>sancti,</strong></span> <span class='ocrx_word' id='word_1_486' title='bbox 1012 3595 1125 3650; x_wconf 77' lang='lat' dir='ltr'><strong>Pax</strong></span> <span class='ocrx_word' id='word_1_487' title='bbox 1167 3595 1288 3660; x_wconf 90' lang='lat' dir='ltr'><strong>tibi,</strong></span> <span class='ocrx_word' id='word_1_488' title='bbox 1332 3603 1389 3650; x_wconf 91' lang='lat' dir='ltr'><strong>et</strong></span> <span class='ocrx_word' id='word_1_489' title='bbox 1433 3609 1558 3649; x_wconf 92' lang='lat' dir='ltr'><strong>cum</strong></span> <span class='ocrx_word' id='word_1_490' title='bbox 1605 3593 1803 3663; x_wconf 83' lang='lat' dir='ltr'><strong>spiritu</strong></span> 
     </span>
    </p>
   </div>
   <div class='ocr_carea' id='block_1_64' title="bbox 185 3683 1803 3748">
    <p class='ocr_par' dir='ltr' id='par_1_64' title="bbox 185 3683 1803 3748">
     <span class='ocr_line' id='line_1_65' title="bbox 185 3683 1803 3748; baseline -0.004 -2"><span class='ocrx_word' id='word_1_491' title='bbox 185 3698 313 3748; x_wconf 88' lang='lat' dir='ltr'><strong>tuo.</strong></span> <span class='ocrx_word' id='word_1_492' title='bbox 352 3687 489 3744; x_wconf 61' lang='lat' dir='ltr'><strong>Haec</strong></span> <span class='ocrx_word' id='word_1_493' title='bbox 518 3690 680 3744; x_wconf 89' lang='lat' dir='ltr'><strong>verba</strong></span> <span class='ocrx_word' id='word_1_494' title='bbox 722 3696 847 3746; x_wconf 91' lang='lat' dir='ltr'><strong>sunt</strong></span> <span class='ocrx_word' id='word_1_495' title='bbox 890 3686 1231 3743; x_wconf 90' lang='lat' dir='ltr'><strong>salutationis</strong></span> <span class='ocrx_word' id='word_1_496' title='bbox 1273 3687 1342 3742; x_wconf 89' lang='lat' dir='ltr'><strong>ad</strong></span> <span class='ocrx_word' id='word_1_497' title='bbox 1385 3699 1584 3742; x_wconf 89' lang='lat' dir='ltr'><strong>novum</strong></span> <span class='ocrx_word' id='word_1_498' title='bbox 1629 3683 1803 3740; x_wconf 89' lang='lat' dir='ltr'><strong>homi-</strong></span> 
     </span>
    </p>
   </div>
   <div class='ocr_carea' id='block_1_65' title="bbox 186 3774 1804 3848">
    <p class='ocr_par' dir='ltr' id='par_1_65' title="bbox 186 3774 1804 3848">
     <span class='ocr_line' id='line_1_66' title="bbox 186 3774 1804 3848; baseline -0.004 -11"><span class='ocrx_word' id='word_1_499' title='bbox 186 3795 354 3844; x_wconf 81' lang='lat' dir='ltr'><strong>nem,</strong></span> <span class='ocrx_word' id='word_1_500' title='bbox 386 3778 485 3848; x_wconf 85' lang='lat' dir='ltr'><strong>qui</strong></span> <span class='ocrx_word' id='word_1_501' title='bbox 510 3779 809 3834; x_wconf 88' lang='lat' dir='ltr'><strong>secundum</strong></span> <span class='ocrx_word' id='word_1_502' title='bbox 852 3778 1024 3834; x_wconf 88' lang='lat' dir='ltr'><strong>Deum</strong></span> <span class='ocrx_word' id='word_1_503' title='bbox 1058 3787 1274 3833; x_wconf 89' lang='lat' dir='ltr'><strong>creatus</strong></span> <span class='ocrx_word' id='word_1_504' title='bbox 1303 3785 1390 3833; x_wconf 90' lang='lat' dir='ltr'><strong>est</strong></span> <span class='ocrx_word' id='word_1_505' title='bbox 1417 3776 1470 3832; x_wconf 95' lang='lat' dir='ltr'><strong>in</strong></span> <span class='ocrx_word' id='word_1_506' title='bbox 1493 3774 1707 3846; x_wconf 74' lang='lat' dir='ltr'><strong>iustitia</strong></span> <span class='ocrx_word' id='word_1_507' title='bbox 1748 3779 1804 3830; x_wconf 81' lang='lat' dir='ltr'><strong>et</strong></span> 
     </span>
    </p>
   </div>
   <div class='ocr_carea' id='block_1_66' title="bbox 181 3871 800 3934">
    <p class='ocr_par' dir='ltr' id='par_1_66' title="bbox 181 3871 800 3934">
     <span class='ocr_line' id='line_1_67' title="bbox 181 3871 800 3934; baseline -0.006 -4"><span class='ocrx_word' id='word_1_508' title='bbox 181 3871 507 3934; x_wconf 82' lang='lat' dir='ltr'><strong>sanctitate</strong></span> <span class='ocrx_word' id='word_1_509' title='bbox 534 3871 800 3928; x_wconf 85' lang='lat' dir='ltr'><strong>veritatis.</strong></span> 
     </span>
    </p>
   </div>
   <div class='ocr_carea' id='block_1_67' title="bbox 759 3960 1260 4020">
    <p class='ocr_par' dir='ltr' id='par_1_67' title="bbox 759 3960 1260 4020">
     <span class='ocr_line' id='line_1_68' title="bbox 759 3960 1260 4020; baseline -0.006 -1"><span class='ocrx_word' id='word_1_510' title='bbox 759 3961 990 4020; x_wconf 86' lang='lat' dir='ltr'><strong>CAPUT</strong></span> <span class='ocrx_word' id='word_1_511' title='bbox 1024 3960 1260 4017; x_wconf 79' lang='lat' dir='ltr'><strong>XXVIII.</strong></span> 
     </span>
    </p>
   </div>
   <div class='ocr_carea' id='block_1_68' title="bbox 826 4056 1175 4116">
    <p class='ocr_par' dir='ltr' id='par_1_68' title="bbox 826 4056 1175 4116">
     <span class='ocr_line' id='line_1_69' title="bbox 826 4056 1175 4116; baseline -0.011 -4"><span class='ocrx_word' id='word_1_512' title='bbox 826 4057 904 4112; x_wconf 88' lang='lat' dir='ltr'><strong>De</strong></span> <span class='ocrx_word' id='word_1_513' title='bbox 928 4056 1175 4116; x_wconf 82' lang='lat' dir='ltr'><strong>Litaniis.</strong></span> 
     </span>
    </p>
   </div>
   <div class='ocr_carea' id='block_1_69' title="bbox 1902 3418 3496 3492">
    <p class='ocr_par' dir='ltr' id='par_1_69' title="bbox 1902 3418 3496 3492">
     <span class='ocr_line' id='line_1_70' title="bbox 1902 3418 3496 3492; baseline -0.005 -12"><span class='ocrx_word' id='word_1_514' title='bbox 1902 3433 2001 3485; x_wconf 90' lang='lat' dir='ltr'><strong>est,</strong></span> <span class='ocrx_word' id='word_1_515' title='bbox 2029 3441 2097 3478; x_wconf 90' lang='lat' dir='ltr'><strong>ex</strong></span> <span class='ocrx_word' id='word_1_516' title='bbox 2127 3439 2233 3492; x_wconf 90' lang='lat' dir='ltr'><strong>qua</strong></span> <span class='ocrx_word' id='word_1_517' title='bbox 2265 3422 2352 3476; x_wconf 88' lang='lat' dir='ltr'><strong>die</strong></span> <span class='ocrx_word' id='word_1_518' title='bbox 2381 3422 2574 3491; x_wconf 84' lang='lat' dir='ltr'><strong>pignus</strong></span> <span class='ocrx_word' id='word_1_519' title='bbox 2607 3419 2844 3489; x_wconf 84' lang='lat' dir='ltr'><strong>Spiritus</strong></span> <span class='ocrx_word' id='word_1_520' title='bbox 2891 3420 3186 3490; x_wconf 88' lang='lat' dir='ltr'><strong>accipimus</strong></span> <span class='ocrx_word' id='word_1_521' title='bbox 3212 3437 3224 3471; x_wconf 91' lang='lat'><strong>:</strong></span> <span class='ocrx_word' id='word_1_522' title='bbox 3250 3418 3341 3487; x_wconf 89' lang='lat' dir='ltr'><strong>qui</strong></span> <span class='ocrx_word' id='word_1_523' title='bbox 3372 3431 3496 3486; x_wconf 88' lang='lat' dir='ltr'><strong>pro-.</strong></span> 
     </span>
    </p>
   </div>
   <div class='ocr_carea' id='block_1_70' title="bbox 1902 3512 3495 3590">
    <p class='ocr_par' dir='ltr' id='par_1_70' title="bbox 1902 3512 3495 3590">
     <span class='ocr_line' id='line_1_71' title="bbox 1902 3512 3495 3590; baseline -0.004 -17"><span class='ocrx_word' id='word_1_524' title='bbox 1902 3528 2022 3590; x_wconf 87' lang='lat' dir='ltr'><strong>pter</strong></span> <span class='ocrx_word' id='word_1_525' title='bbox 2043 3515 2410 3587; x_wconf 89' lang='lat' dir='ltr'><strong>septenarium</strong></span> <span class='ocrx_word' id='word_1_526' title='bbox 2438 3528 2724 3568; x_wconf 90' lang='lat' dir='ltr'><strong>numerum</strong></span> <span class='ocrx_word' id='word_1_527' title='bbox 2754 3513 2980 3567; x_wconf 88' lang='lat' dir='ltr'><strong>sabbato</strong></span> <span class='ocrx_word' id='word_1_528' title='bbox 3005 3512 3295 3581; x_wconf 87' lang='lat' dir='ltr'><strong>deputatur</strong></span> <span class='ocrx_word' id='word_1_529' title='bbox 3320 3525 3495 3579; x_wconf 86' lang='lat' dir='ltr'><strong>usque</strong></span> 
     </span>
    </p>
   </div>
   <div class='ocr_carea' id='block_1_71' title="bbox 1905 3601 3494 3675">
    <p class='ocr_par' dir='ltr' id='par_1_71' title="bbox 1905 3601 3494 3675">
     <span class='ocr_line' id='line_1_72' title="bbox 1905 3601 3494 3675; baseline -0.007 -9"><span class='ocrx_word' id='word_1_530' title='bbox 1905 3612 1972 3666; x_wconf 90' lang='lat' dir='ltr'><strong>ad</strong></span> <span class='ocrx_word' id='word_1_531' title='bbox 2018 3609 2244 3664; x_wconf 87' lang='lat' dir='ltr'><strong>alteram</strong></span> <span class='ocrx_word' id='word_1_532' title='bbox 2273 3606 2501 3672; x_wconf 86' lang='lat' dir='ltr'><strong>sabbati,</strong></span> <span class='ocrx_word' id='word_1_533' title='bbox 2530 3620 2651 3675; x_wconf 66' lang='lat' dir='ltr'><strong>qua:</strong></span> <span class='ocrx_word' id='word_1_534' title='bbox 2676 3613 2759 3660; x_wconf 91' lang='lat' dir='ltr'><strong>est</strong></span> <span class='ocrx_word' id='word_1_535' title='bbox 2785 3605 3046 3660; x_wconf 87' lang='lat' dir='ltr'><strong>memoria</strong></span> <span class='ocrx_word' id='word_1_536' title='bbox 3093 3603 3233 3658; x_wconf 93' lang='lat' dir='ltr'><strong>illius</strong></span> <span class='ocrx_word' id='word_1_537' title='bbox 3263 3601 3494 3670; x_wconf 88' lang='lat' dir='ltr'><strong>sabbati,</strong></span> 
     </span>
    </p>
   </div>
   <div class='ocr_carea' id='block_1_72' title="bbox 1906 3696 3496 3774">
    <p class='ocr_par' dir='ltr' id='par_1_72' title="bbox 1906 3696 3496 3774">
     <span class='ocr_line' id='line_1_73' title="bbox 1906 3696 3496 3774; baseline -0.005 -16"><span class='ocrx_word' id='word_1_538' title='bbox 1906 3703 1962 3758; x_wconf 91' lang='lat' dir='ltr'><strong>in</strong></span> <span class='ocrx_word' id='word_1_539' title='bbox 1993 3718 2098 3774; x_wconf 86' lang='lat' dir='ltr'><strong>qua</strong></span> <span class='ocrx_word' id='word_1_540' title='bbox 2145 3700 2463 3773; x_wconf 54' lang='lat' dir='ltr'><strong>praesentari</strong></span> <span class='ocrx_word' id='word_1_541' title='bbox 2509 3715 2607 3754; x_wconf 88' lang='lat' dir='ltr'><strong>nos</strong></span> <span class='ocrx_word' id='word_1_542' title='bbox 2654 3707 2864 3770; x_wconf 88' lang='lat' dir='ltr'><strong>oportet</strong></span> <span class='ocrx_word' id='word_1_543' title='bbox 2894 3706 3020 3753; x_wconf 90' lang='lat' dir='ltr'><strong>ante</strong></span> <span class='ocrx_word' id='word_1_544' title='bbox 3058 3696 3347 3752; x_wconf 89' lang='lat' dir='ltr'><strong>Dominum</strong></span> <span class='ocrx_word' id='word_1_545' title='bbox 3374 3710 3496 3750; x_wconf 88' lang='lat' dir='ltr'><strong>eum</strong></span> 
     </span>
    </p>
   </div>
   <div class='ocr_carea' id='block_1_73' title="bbox 1906 3785 3500 3868">
    <p class='ocr_par' dir='ltr' id='par_1_73' title="bbox 1906 3785 3500 3868">
     <span class='ocr_line' id='line_1_74' title="bbox 1906 3785 3500 3868; baseline -0.007 -16"><span class='ocrx_word' id='word_1_546' title='bbox 1906 3797 2024 3868; x_wconf 88' lang='lat' dir='ltr'><strong>ipso</strong></span> <span class='ocrx_word' id='word_1_547' title='bbox 2048 3796 2294 3867; x_wconf 86' lang='lat' dir='ltr'><strong>pignore.</strong></span> <span class='ocrx_word' id='word_1_548' title='bbox 2345 3794 2464 3862; x_wconf 84' lang='lat' dir='ltr'><strong>Ipsa</strong></span> <span class='ocrx_word' id='word_1_549' title='bbox 2512 3791 2834 3847; x_wconf 85' lang='lat' dir='ltr'><strong>vestimenta</strong></span> <span class='ocrx_word' id='word_1_550' title='bbox 2885 3799 3010 3845; x_wconf 90' lang='lat' dir='ltr'><strong>sunt</strong></span> <span class='ocrx_word' id='word_1_551' title='bbox 3055 3789 3205 3846; x_wconf 67' lang='lat' dir='ltr'><strong>stolae</strong></span> <span class='ocrx_word' id='word_1_552' title='bbox 3239 3787 3396 3853; x_wconf 71' lang='lat' dir='ltr'><strong>albac,</strong></span> <span class='ocrx_word' id='word_1_553' title='bbox 3432 3785 3500 3841; x_wconf 89' lang='lat' dir='ltr'><strong>de</strong></span> 
     </span>
    </p>
   </div>
   <div class='ocr_carea' id='block_1_74' title="bbox 1908 3878 3500 3960">
    <p class='ocr_par' dir='ltr' id='par_1_74' title="bbox 1908 3878 3500 3960">
     <span class='ocr_line' id='line_1_75' title="bbox 1908 3878 3500 3960; baseline -0.006 -16"><span class='ocrx_word' id='word_1_554' title='bbox 1908 3890 2105 3960; x_wconf 86' lang='lat' dir='ltr'><strong>quibus</strong></span> <span class='ocrx_word' id='word_1_555' title='bbox 2145 3885 2404 3942; x_wconf 85' lang='lat' dir='ltr'><strong>scribitur</strong></span> <span class='ocrx_word' id='word_1_556' title='bbox 2444 3885 2499 3940; x_wconf 93' lang='lat' dir='ltr'><strong>in</strong></span> <span class='ocrx_word' id='word_1_557' title='bbox 2543 3883 2914 3956; x_wconf 85' lang='lat' dir='ltr'><strong>Apocalypsi:</strong></span> <span class='ocrx_word' id='word_1_558' title='bbox 2950 3882 3016 3937; x_wconf 86' lang='lat' dir='ltr'><strong>Et</strong></span> <span class='ocrx_word' id='word_1_559' title='bbox 3055 3882 3194 3935; x_wconf 73' lang='lat' dir='ltr'><strong>datte</strong></span> <span class='ocrx_word' id='word_1_560' title='bbox 3237 3887 3354 3936; x_wconf 84' lang='lat' dir='ltr'><strong>sunt</strong></span> <span class='ocrx_word' id='word_1_561' title='bbox 3393 3878 3500 3934; x_wconf 82' lang='lat' dir='ltr'><strong>illis</strong></span> 
     </span>
    </p>
   </div>
   <div class='ocr_carea' id='block_1_75' title="bbox 1905 3969 3502 4052">
    <p class='ocr_par' dir='ltr' id='par_1_75' title="bbox 1905 3969 3502 4052">
     <span class='ocr_line' id='line_1_76' title="bbox 1905 3969 3502 4052; baseline -0.009 -15"><span class='ocrx_word' id='word_1_562' title='bbox 1905 3979 2127 4052; x_wconf 80' lang='lat' dir='ltr'><strong>singqu</strong></span> <span class='ocrx_word' id='word_1_563' title='bbox 2167 3977 2316 4033; x_wconf 66' lang='lat' dir='ltr'><strong>stola:</strong></span> <span class='ocrx_word' id='word_1_564' title='bbox 2342 3976 2499 4032; x_wconf 73' lang='lat' dir='ltr'><strong>albw.</strong></span> <span class='ocrx_word' id='word_1_565' title='bbox 2559 3975 2819 4046; x_wconf 85' lang='lat' dir='ltr'><strong>Singulas</strong></span> <span class='ocrx_word' id='word_1_566' title='bbox 2869 3973 3029 4029; x_wconf 89' lang='lat' dir='ltr'><strong>modo</strong></span> <span class='ocrx_word' id='word_1_567' title='bbox 3081 3973 3285 4027; x_wconf 88' lang='lat' dir='ltr'><strong>habent</strong></span> <span class='ocrx_word' id='word_1_568' title='bbox 3335 3969 3502 4025; x_wconf 87' lang='lat' dir='ltr'><strong>stolas</strong></span> 
     </span>
    </p>
   </div>
   <div class='ocr_carea' id='block_1_76' title="bbox 1909 4063 3502 4130">
    <p class='ocr_par' dir='ltr' id='par_1_76' title="bbox 1909 4063 3502 4130">
     <span class='ocr_line' id='line_1_77' title="bbox 1909 4063 3502 4130; baseline -0.011 -2"><span class='ocrx_word' id='word_1_569' title='bbox 1909 4073 2101 4128; x_wconf 67' lang='lat' dir='ltr'><strong>anima:</strong></span> <span class='ocrx_word' id='word_1_570' title='bbox 2129 4077 2460 4127; x_wconf 84' lang='lat' dir='ltr'><strong>sanctorum,</strong></span> <span class='ocrx_word' id='word_1_571' title='bbox 2496 4068 2561 4122; x_wconf 91' lang='lat' dir='ltr'><strong>de</strong></span> <span class='ocrx_word' id='word_1_572' title='bbox 2605 4082 2703 4120; x_wconf 89' lang='lat' dir='ltr'><strong>sua</strong></span> <span class='ocrx_word' id='word_1_573' title='bbox 2736 4066 2898 4120; x_wconf 88' lang='lat' dir='ltr'><strong>beata</strong></span> <span class='ocrx_word' id='word_1_574' title='bbox 2928 4063 3338 4118; x_wconf 89' lang='lat' dir='ltr'><strong>immortalitate</strong></span> <span class='ocrx_word' id='word_1_575' title='bbox 3368 4076 3502 4130; x_wconf 81' lang='lat' dir='ltr'><strong>gau-</strong></span> 
     </span>
    </p>
   </div>
   <div class='ocr_carea' id='block_1_77' title="bbox 197 4145 1796 4235">
    <p class='ocr_par' dir='ltr' id='par_1_77' title="bbox 197 4145 1796 4235">
     <span class='ocr_line' id='line_1_78' title="bbox 197 4145 1796 4235; baseline -0.007 -22"><span class='ocrx_word' id='word_1_576' title='bbox 197 4203 202 4235; x_wconf 34' lang='grc' dir='ltr'>ῖ</span> <span class='ocrx_word' id='word_1_577' title='bbox 262 4149 518 4212; x_wconf 71' lang='lat' dir='ltr'><strong>Litanite</strong></span> <span class='ocrx_word' id='word_1_578' title='bbox 557 4164 679 4222; x_wconf 67' lang='lat' dir='ltr'><strong>qua!</strong></span> <span class='ocrx_word' id='word_1_579' title='bbox 723 4150 862 4206; x_wconf 89' lang='lat' dir='ltr'><strong>ﬁunt</strong></span> <span class='ocrx_word' id='word_1_580' title='bbox 903 4149 1050 4204; x_wconf 86' lang='lat' dir='ltr'><strong>circa</strong></span> <span class='ocrx_word' id='word_1_581' title='bbox 1098 4145 1402 4218; x_wconf 86' lang='lat' dir='ltr'><strong>baptisterii</strong></span> <span class='ocrx_word' id='word_1_582' title='bbox 1443 4145 1796 4203; x_wconf 76' lang='lat' dir='ltr'><strong>consecratio</strong></span> 
     </span>
    </p>
   </div>
   <div class='ocr_carea' id='block_1_78' title="bbox 1899 4145 3503 4235">
    <p class='ocr_par' dir='ltr' id='par_1_78' title="bbox 1912 4150 3503 4219">
     <span class='ocr_line' id='line_1_79' title="bbox 1912 4150 3503 4219; baseline -0.009 -1"><span class='ocrx_word' id='word_1_583' title='bbox 1912 4166 2122 4219; x_wconf 84' lang='lat' dir='ltr'><strong>dentes.</strong></span> <span class='ocrx_word' id='word_1_584' title='bbox 2175 4159 2241 4214; x_wconf 88' lang='lat' dir='ltr'><strong>Et</strong></span> <span class='ocrx_word' id='word_1_585' title='bbox 2281 4160 2477 4213; x_wconf 87' lang='lat' dir='ltr'><strong>iterum</strong></span> <span class='ocrx_word' id='word_1_586' title='bbox 2509 4158 2562 4211; x_wconf 93' lang='lat' dir='ltr'><strong>in</strong></span> <span class='ocrx_word' id='word_1_587' title='bbox 2593 4157 2782 4211; x_wconf 91' lang='lat' dir='ltr'><strong>eodem</strong></span> <span class='ocrx_word' id='word_1_588' title='bbox 2810 4174 2823 4209; x_wconf 76' lang='grc' dir='ltr'>ε</span> <span class='ocrx_word' id='word_1_589' title='bbox 2851 4154 3041 4208; x_wconf 79' lang='lat' dir='ltr'><strong>Amicti</strong></span> <span class='ocrx_word' id='word_1_590' title='bbox 3090 4151 3238 4207; x_wconf 80' lang='lat' dir='ltr'><strong>stolis</strong></span> <span class='ocrx_word' id='word_1_591' title='bbox 3274 4150 3430 4214; x_wconf 81' lang='lat' dir='ltr'><strong>albis,</strong></span> <span class='ocrx_word' id='word_1_592' title='bbox 3455 4158 3503 4204; x_wconf 88' lang='lat' dir='ltr'><strong>et</strong></span> 
     </span>
    </p>
   </div>
   <div class='ocr_carea' id='block_1_79' title="bbox 183 4227 1796 4324">
    <p class='ocr_par' dir='ltr' id='par_1_79' title="bbox 183 4233 1796 4312">
     <span class='ocr_line' id='line_1_80' title="bbox 183 4233 1796 4312; baseline -0.006 -9"><span class='ocrx_word' id='word_1_593' title='bbox 183 4233 357 4310; x_wconf 75' lang='lat' dir='ltr'><strong>nem,</strong></span> <span class='ocrx_word' id='word_1_594' title='bbox 411 4243 835 4308; x_wconf 84' lang='lat' dir='ltr'><strong>intercessiones</strong></span> <span class='ocrx_word' id='word_1_595' title='bbox 883 4250 1196 4297; x_wconf 85' lang='lat' dir='ltr'><strong>sanctorum</strong></span> <span class='ocrx_word' id='word_1_596' title='bbox 1251 4240 1540 4312; x_wconf 88' lang='lat' dir='ltr'><strong>designant</strong></span> <span class='ocrx_word' id='word_1_597' title='bbox 1576 4255 1675 4309; x_wconf 89' lang='lat' dir='ltr'><strong>pro</strong></span> <span class='ocrx_word' id='word_1_598' title='bbox 1725 4255 1796 4294; x_wconf 71' lang='lat' dir='ltr'><strong>re</strong></span> 
     </span>
    </p>
   </div>
   <div class='ocr_carea' id='block_1_80' title="bbox 1899 4227 3511 4324">
    <p class='ocr_par' dir='ltr' id='par_1_80' title="bbox 1912 4227 3511 4324">
     <span class='ocr_line' id='line_1_81' title="bbox 1912 4227 3511 4324; baseline -0.006 -18"><span class='ocrx_word' id='word_1_599' title='bbox 1912 4253 2100 4324; x_wconf 81' lang='lat' dir='ltr'><strong>palmis</strong></span> <span class='ocrx_word' id='word_1_600' title='bbox 2138 4254 2192 4306; x_wconf 87' lang='lat' dir='ltr'><strong>in</strong></span> <span class='ocrx_word' id='word_1_601' title='bbox 2237 4252 2480 4305; x_wconf 84' lang='lat' dir='ltr'><strong>ntanibus</strong></span> <span class='ocrx_word' id='word_1_602' title='bbox 2530 4265 2712 4303; x_wconf 86' lang='lat' dir='ltr'><strong>eorum</strong></span> <span class='ocrx_word' id='word_1_603' title='bbox 2741 4245 2966 4312; x_wconf 89' lang='lat' dir='ltr'><strong>:stolis,</strong></span> <span class='ocrx_word' id='word_1_604' title='bbox 2998 4246 3359 4316; x_wconf 86' lang='lat' dir='ltr'><strong>baptismum;</strong></span> <span class='ocrx_word' id='word_1_605' title='bbox 3388 4227 3511 4311; x_wconf 4' lang='lat' dir='ltr'><strong>pal-X</strong></span> 
     </span>
    </p>
   </div>
   <div class='ocr_carea' id='block_1_81' title="bbox 185 4333 1796 4416">
    <p class='ocr_par' dir='ltr' id='par_1_81' title="bbox 185 4333 1796 4408">
     <span class='ocr_line' id='line_1_82' title="bbox 185 4333 1796 4408; baseline -0.004 -12"><span class='ocrx_word' id='word_1_606' title='bbox 185 4337 592 4402; x_wconf 87' lang='lat' dir='ltr'><strong>nascentibus,</strong></span> <span class='ocrx_word' id='word_1_607' title='bbox 615 4336 761 4408; x_wconf 89' lang='lat' dir='ltr'><strong>quod</strong></span> <span class='ocrx_word' id='word_1_608' title='bbox 785 4348 1072 4406; x_wconf 87' lang='lat' dir='ltr'><strong>possumus</strong></span> <span class='ocrx_word' id='word_1_609' title='bbox 1099 4335 1310 4399; x_wconf 77' lang='lat' dir='ltr'><strong>discere</strong></span> <span class='ocrx_word' id='word_1_610' title='bbox 1333 4349 1400 4389; x_wconf 83' lang='lat' dir='ltr'><strong>ex</strong></span> <span class='ocrx_word' id='word_1_611' title='bbox 1429 4333 1659 4389; x_wconf 88' lang='lat' dir='ltr'><strong>lectione</strong></span> <span class='ocrx_word' id='word_1_612' title='bbox 1685 4334 1796 4389; x_wconf 78' lang='lat' dir='ltr'><strong>libri</strong></span> 
     </span>
    </p>
   </div>
   <div class='ocr_carea' id='block_1_82' title="bbox 1899 4333 3514 4416">
    <p class='ocr_par' dir='ltr' id='par_1_82' title="bbox 1915 4337 3514 4416">
     <span class='ocr_line' id='line_1_83' title="bbox 1915 4337 3514 4416; baseline -0.008 -15"><span class='ocrx_word' id='word_1_613' title='bbox 1915 4344 2386 4416; x_wconf 85' lang='lat' dir='ltr'><strong>mis,triumphum</strong></span> <span class='ocrx_word' id='word_1_614' title='bbox 2409 4343 2587 4396; x_wconf 89' lang='lat' dir='ltr'><strong>crucis</strong></span> <span class='ocrx_word' id='word_1_615' title='bbox 2616 4341 2871 4395; x_wconf 89' lang='lat' dir='ltr'><strong>insinuat.</strong></span> <span class='ocrx_word' id='word_1_616' title='bbox 2890 4339 2952 4393; x_wconf 90' lang='lat' dir='ltr'><strong>Et</strong></span> <span class='ocrx_word' id='word_1_617' title='bbox 2979 4339 3173 4394; x_wconf 89' lang='lat' dir='ltr'><strong>iterum</strong></span> <span class='ocrx_word' id='word_1_618' title='bbox 3201 4337 3254 4392; x_wconf 93' lang='lat' dir='ltr'><strong>in</strong></span> <span class='ocrx_word' id='word_1_619' title='bbox 3279 4349 3469 4392; x_wconf 84' lang='lat' dir='ltr'><strong>eouem</strong></span> <span class='ocrx_word' id='word_1_620' title='bbox 3488 4353 3514 4414; x_wconf 25' lang='grc' dir='ltr'><strong>ε,</strong></span> 
     </span>
    </p>
   </div>
   <div class='ocr_carea' id='block_1_83' title="bbox 181 4425 1796 4509">
    <p class='ocr_par' dir='ltr' id='par_1_83' title="bbox 181 4425 1796 4504">
     <span class='ocr_line' id='line_1_84' title="bbox 181 4425 1796 4504; baseline -0.006 -14"><span class='ocrx_word' id='word_1_621' title='bbox 181 4428 598 4504; x_wconf 79' lang='lat' dir='ltr'><strong>Apocalypsis,</strong></span> <span class='ocrx_word' id='word_1_622' title='bbox 639 4427 763 4482; x_wconf 82' lang='lat' dir='ltr'><strong>Vidi</strong></span> <span class='ocrx_word' id='word_1_623' title='bbox 809 4428 1005 4494; x_wconf 79' lang='lat' dir='ltr'><strong>ostium</strong></span> <span class='ocrx_word' id='word_1_624' title='bbox 1041 4436 1282 4498; x_wconf 83' lang='lat' dir='ltr'><strong>apertum</strong></span> <span class='ocrx_word' id='word_1_625' title='bbox 1324 4425 1380 4480; x_wconf 86' lang='lat' dir='ltr'><strong>in</strong></span> <span class='ocrx_word' id='word_1_626' title='bbox 1421 4425 1569 4481; x_wconf 72' lang='lat' dir='ltr'><strong>ctelo.</strong></span> <span class='ocrx_word' id='word_1_627' title='bbox 1601 4426 1664 4480; x_wconf 89' lang='lat' dir='ltr'><strong>ln</strong></span> <span class='ocrx_word' id='word_1_628' title='bbox 1694 4427 1796 4496; x_wconf 81' lang='lat' dir='ltr'><strong>ipsa</strong></span> 
     </span>
    </p>
   </div>
   <div class='ocr_carea' id='block_1_84' title="bbox 1899 4425 3504 4509">
    <p class='ocr_par' dir='ltr' id='par_1_84' title="bbox 1915 4428 3504 4509">
     <span class='ocr_line' id='line_1_85' title="bbox 1915 4428 3504 4509; baseline -0.008 -15"><span class='ocrx_word' id='word_1_629' title='bbox 1915 4439 2065 4493; x_wconf 85' lang='lat' dir='ltr'><strong>Beati</strong></span> <span class='ocrx_word' id='word_1_630' title='bbox 2090 4439 2178 4509; x_wconf 86' lang='lat' dir='ltr'><strong>qui</strong></span> <span class='ocrx_word' id='word_1_631' title='bbox 2209 4436 2386 4491; x_wconf 85' lang='lat' dir='ltr'><strong>lavant</strong></span> <span class='ocrx_word' id='word_1_632' title='bbox 2411 4435 2575 4489; x_wconf 84' lang='lat' dir='ltr'><strong>stolas</strong></span> <span class='ocrx_word' id='word_1_633' title='bbox 2611 4450 2754 4496; x_wconf 83' lang='lat' dir='ltr'><strong>suas,</strong></span> <span class='ocrx_word' id='word_1_634' title='bbox 2789 4442 2842 4487; x_wconf 86' lang='lat' dir='ltr'><strong>ut</strong></span> <span class='ocrx_word' id='word_1_635' title='bbox 2881 4433 2948 4486; x_wconf 88' lang='lat' dir='ltr'><strong>sit</strong></span> <span class='ocrx_word' id='word_1_636' title='bbox 2982 4441 3210 4504; x_wconf 83' lang='lat' dir='ltr'><strong>potestas</strong></span> <span class='ocrx_word' id='word_1_637' title='bbox 3240 4444 3420 4484; x_wconf 86' lang='lat' dir='ltr'><strong>eorum</strong></span> <span class='ocrx_word' id='word_1_638' title='bbox 3447 4428 3504 4482; x_wconf 77' lang='lat' dir='ltr'><strong>in</strong></span> 
     </span>
    </p>
   </div>
   <div class='ocr_carea' id='block_1_85' title="bbox 187 4516 1796 4602">
    <p class='ocr_par' dir='ltr' id='par_1_85' title="bbox 187 4516 1796 4586">
     <span class='ocr_line' id='line_1_86' title="bbox 187 4516 1796 4586; baseline -0.004 -8"><span class='ocrx_word' id='word_1_639' title='bbox 187 4521 474 4578; x_wconf 85' lang='lat' dir='ltr'><strong>Christus</strong></span> <span class='ocrx_word' id='word_1_640' title='bbox 501 4519 904 4574; x_wconf 80' lang='lat' dir='ltr'><strong>demonstratur</strong></span> <span class='ocrx_word' id='word_1_641' title='bbox 939 4517 1135 4572; x_wconf 87' lang='lat' dir='ltr'><strong>sedens</strong></span> <span class='ocrx_word' id='word_1_642' title='bbox 1159 4531 1324 4586; x_wconf 87' lang='lat' dir='ltr'><strong>super</strong></span> <span class='ocrx_word' id='word_1_643' title='bbox 1351 4516 1557 4570; x_wconf 90' lang='lat' dir='ltr'><strong>sedem.</strong></span> <span class='ocrx_word' id='word_1_644' title='bbox 1604 4516 1682 4571; x_wconf 90' lang='lat' dir='ltr'><strong>lbi</strong></span> <span class='ocrx_word' id='word_1_645' title='bbox 1712 4517 1796 4571; x_wconf 87' lang='lat' dir='ltr'><strong>Ec-</strong></span> 
     </span>
    </p>
   </div>
   <div class='ocr_carea' id='block_1_86' title="bbox 1899 4516 3510 4602">
    <p class='ocr_par' dir='ltr' id='par_1_86' title="bbox 1914 4521 3510 4602">
     <span class='ocr_line' id='line_1_87' title="bbox 1914 4521 3510 4602; baseline -0.006 -20"><span class='ocrx_word' id='word_1_646' title='bbox 1914 4530 2054 4602; x_wconf 85' lang='lat' dir='ltr'><strong>ligno</strong></span> <span class='ocrx_word' id='word_1_647' title='bbox 2084 4529 2202 4582; x_wconf 75' lang='lat' dir='ltr'><strong>vittv</strong></span> <span class='ocrx_word' id='word_1_648' title='bbox 2228 4569 2241 4591; x_wconf 91' lang='lat'><strong>,</strong></span> <span class='ocrx_word' id='word_1_649' title='bbox 2273 4535 2327 4581; x_wconf 89' lang='lat' dir='ltr'><strong>et</strong></span> <span class='ocrx_word' id='word_1_650' title='bbox 2355 4526 2582 4596; x_wconf 90' lang='lat' dir='ltr'><strong>reliqua.</strong></span> <span class='ocrx_word' id='word_1_651' title='bbox 2615 4524 2844 4594; x_wconf 87' lang='lat' dir='ltr'><strong>Dignum</strong></span> <span class='ocrx_word' id='word_1_652' title='bbox 2875 4523 3158 4595; x_wconf 60' lang='lat' dir='ltr'><strong>praemium</strong></span> <span class='ocrx_word' id='word_1_653' title='bbox 3186 4521 3338 4576; x_wconf 88' lang='lat' dir='ltr'><strong>stolis</strong></span> <span class='ocrx_word' id='word_1_654' title='bbox 3385 4535 3510 4574; x_wconf 88' lang='lat' dir='ltr'><strong>can-</strong></span> 
     </span>
    </p>
   </div>
   <div class='ocr_carea' id='block_1_87' title="bbox 187 4607 3508 4700">
    <p class='ocr_par' dir='ltr' id='par_1_87' title="bbox 187 4607 3508 4700">
     <span class='ocr_line' id='line_1_88' title="bbox 187 4607 3508 4700; baseline -0.004 -22"><span class='ocrx_word' id='word_1_655' title='bbox 187 4612 410 4677; x_wconf 63' lang='grc' dir='ltr'><strong>ειεείῧο</strong></span> <span class='ocrx_word' id='word_1_656' title='bbox 463 4624 626 4700; x_wconf 49' lang='lat' dir='ltr'><strong>supra</strong></span> <span class='ocrx_word' id='word_1_657' title='bbox 675 4623 840 4680; x_wconf 78' lang='lat' dir='ltr'><strong>quam</strong></span> <span class='ocrx_word' id='word_1_658' title='bbox 887 4607 1150 4664; x_wconf 70' lang='lat' dir='ltr'><strong>Dominus</strong></span> <span class='ocrx_word' id='word_1_659' title='bbox 1199 4607 1372 4673; x_wconf 71' lang='grc' dir='ltr'><strong>δθάθιο</strong></span> <span class='ocrx_word' id='word_1_660' title='bbox 1420 4607 1496 4662; x_wconf 72' lang='lat' dir='ltr'><strong>ibi</strong></span> <span class='ocrx_word' id='word_1_661' title='bbox 1549 4608 1810 4664; x_wconf 66' lang='grc' dir='ltr'><strong>ίηίίίείυω</strong></span> <span class='ocrx_word' id='word_1_662' title='bbox 1839 4640 1892 4700; x_wconf 81' lang='grc' dir='ltr'><strong>Ῑ)</strong></span> <span class='ocrx_word' id='word_1_663' title='bbox 1919 4623 2081 4688; x_wconf 89' lang='lat' dir='ltr'><strong>didis,</strong></span> <span class='ocrx_word' id='word_1_664' title='bbox 2108 4621 2161 4676; x_wconf 92' lang='lat' dir='ltr'><strong>id</strong></span> <span class='ocrx_word' id='word_1_665' title='bbox 2199 4628 2284 4675; x_wconf 92' lang='lat' dir='ltr'><strong>est</strong></span> <span class='ocrx_word' id='word_1_666' title='bbox 2305 4619 2426 4673; x_wconf 63' lang='lat' dir='ltr'><strong>vitae</strong></span> <span class='ocrx_word' id='word_1_667' title='bbox 2453 4615 2815 4672; x_wconf 68' lang='lat' dir='ltr'><strong>immaculatre</strong></span> <span class='ocrx_word' id='word_1_668' title='bbox 2837 4615 3126 4685; x_wconf 88' lang='lat' dir='ltr'><strong>promittit,</strong></span> <span class='ocrx_word' id='word_1_669' title='bbox 3153 4612 3421 4675; x_wconf 83' lang='lat' dir='ltr'><strong>videlicet,</strong></span> <span class='ocrx_word' id='word_1_670' title='bbox 3449 4618 3508 4676; x_wconf 81' lang='lat' dir='ltr'><strong>ut</strong></span> 
     </span>
    </p>
   </div>
   <div class='ocr_carea' id='block_1_88' title="bbox 187 4699 1796 4786">
    <p class='ocr_par' dir='ltr' id='par_1_88' title="bbox 187 4699 1796 4786">
     <span class='ocr_line' id='line_1_89' title="bbox 187 4699 1796 4786; baseline -0.002 -25"><span class='ocrx_word' id='word_1_671' title='bbox 187 4719 395 4786; x_wconf 64' lang='lat' dir='ltr'><strong>aquae,</strong></span> <span class='ocrx_word' id='word_1_672' title='bbox 430 4701 487 4758; x_wconf 92' lang='lat' dir='ltr'><strong>in</strong></span> <span class='ocrx_word' id='word_1_673' title='bbox 533 4699 718 4758; x_wconf 82' lang='lat' dir='ltr'><strong>colore</strong></span> <span class='ocrx_word' id='word_1_674' title='bbox 757 4701 1106 4773; x_wconf 79' lang='lat' dir='ltr'><strong>jaspidis:et</strong></span> <span class='ocrx_word' id='word_1_675' title='bbox 1148 4700 1307 4772; x_wconf 89' lang='lat' dir='ltr'><strong>ignis,</strong></span> <span class='ocrx_word' id='word_1_676' title='bbox 1337 4701 1393 4756; x_wconf 87' lang='lat' dir='ltr'><strong>in</strong></span> <span class='ocrx_word' id='word_1_677' title='bbox 1433 4701 1688 4762; x_wconf 73' lang='lat' dir='ltr'><strong>cardinis.</strong></span> <span class='ocrx_word' id='word_1_678' title='bbox 1734 4703 1796 4757; x_wconf 73' lang='grc' dir='ltr'><strong>ιιι</strong></span> 
     </span>
    </p>
   </div>
   <div class='ocr_carea' id='block_1_89' title="bbox 1899 4699 3506 4786">
    <p class='ocr_par' dir='ltr' id='par_1_89' title="bbox 1915 4702 3506 4784">
     <span class='ocr_line' id='line_1_90' title="bbox 1915 4702 3506 4784; baseline -0.009 -13"><span class='ocrx_word' id='word_1_679' title='bbox 1915 4715 2129 4771; x_wconf 89' lang='lat' dir='ltr'><strong>Domini</strong></span> <span class='ocrx_word' id='word_1_680' title='bbox 2172 4720 2417 4784; x_wconf 89' lang='lat' dir='ltr'><strong>aspectu,</strong></span> <span class='ocrx_word' id='word_1_681' title='bbox 2449 4710 2541 4781; x_wconf 86' lang='lat' dir='ltr'><strong>qui</strong></span> <span class='ocrx_word' id='word_1_682' title='bbox 2592 4717 2676 4764; x_wconf 90' lang='lat' dir='ltr'><strong>est</strong></span> <span class='ocrx_word' id='word_1_683' title='bbox 2717 4708 2829 4762; x_wconf 84' lang='lat' dir='ltr'><strong>vita</strong></span> <span class='ocrx_word' id='word_1_684' title='bbox 2863 4717 3086 4770; x_wconf 61' lang='lat' dir='ltr'><strong>mterna,</strong></span> <span class='ocrx_word' id='word_1_685' title='bbox 3115 4705 3371 4777; x_wconf 87' lang='lat' dir='ltr'><strong>potiatur.</strong></span> <span class='ocrx_word' id='word_1_686' title='bbox 3426 4702 3506 4757; x_wconf 85' lang='lat' dir='ltr'><strong>Ex</strong></span> 
     </span>
    </p>
   </div>
   <div class='ocr_carea' id='block_1_90' title="bbox 186 4791 3507 4873">
    <p class='ocr_par' dir='ltr' id='par_1_90' title="bbox 186 4791 3507 4873">
     <span class='ocr_line' id='line_1_91' title="bbox 186 4791 3507 4873; baseline -0.006 -7"><span class='ocrx_word' id='word_1_687' title='bbox 186 4795 450 4867; x_wconf 66' lang='grc' dir='ltr'><strong>δΡῙΙἮ-υε</strong></span> <span class='ocrx_word' id='word_1_688' title='bbox 481 4791 579 4850; x_wconf 67' lang='lat' dir='ltr'><strong>Dei</strong></span> <span class='ocrx_word' id='word_1_689' title='bbox 613 4793 667 4846; x_wconf 71' lang='lat' dir='ltr'><strong>in</strong></span> <span class='ocrx_word' id='word_1_690' title='bbox 715 4800 920 4862; x_wconf 47' lang='lat' dir='ltr'><strong>“Diem</strong></span> <span class='ocrx_word' id='word_1_691' title='bbox 964 4792 1300 4863; x_wconf 60' lang='lat' dir='ltr'><strong>lampadibus</strong></span> <span class='ocrx_word' id='word_1_692' title='bbox 1344 4794 1659 4850; x_wconf 48' lang='lat' dir='ltr'><strong>“dentibus</strong></span> <span class='ocrx_word' id='word_1_693' title='bbox 1688 4803 1819 4852; x_wconf 58' lang='lat' dir='ltr'><strong>ante</strong></span> <span class='ocrx_word' id='word_1_694' title='bbox 1915 4807 2232 4862; x_wconf 88' lang='lat' dir='ltr'><strong>memoratis</strong></span> <span class='ocrx_word' id='word_1_695' title='bbox 2263 4803 2548 4860; x_wconf 88' lang='lat' dir='ltr'><strong>sententiis</strong></span> <span class='ocrx_word' id='word_1_696' title='bbox 2576 4816 2866 4873; x_wconf 89' lang='lat' dir='ltr'><strong>possumus</strong></span> <span class='ocrx_word' id='word_1_697' title='bbox 2895 4800 3212 4870; x_wconf 85' lang='lat' dir='ltr'><strong>dignoscere</strong></span> <span class='ocrx_word' id='word_1_698' title='bbox 3239 4797 3374 4852; x_wconf 83' lang='lat' dir='ltr'><strong>duas</strong></span> <span class='ocrx_word' id='word_1_699' title='bbox 3401 4809 3507 4860; x_wconf 89' lang='lat' dir='ltr'><strong>res,</strong></span> 
     </span>
    </p>
   </div>
   <div class='ocr_carea' id='block_1_91' title="bbox 186 4885 3510 4958">
    <p class='ocr_par' dir='ltr' id='par_1_91' title="bbox 186 4885 3510 4958">
     <span class='ocr_line' id='line_1_92' title="bbox 186 4885 3510 4958; baseline -0.004 -6"><span class='ocrx_word' id='word_1_700' title='bbox 186 4890 511 4952; x_wconf 73' lang='lat' dir='ltr'><strong>thronum.</strong></span> <span class='ocrx_word' id='word_1_701' title='bbox 541 4885 636 4956; x_wconf 74' lang='grc' dir='ltr'><strong>ιιυί</strong></span> <span class='ocrx_word' id='word_1_702' title='bbox 683 4895 812 4941; x_wconf 59' lang='lat' dir='ltr'><strong>sum</strong></span> <span class='ocrx_word' id='word_1_703' title='bbox 853 4893 1060 4955; x_wconf 71' lang='grc' dir='ltr'><strong>δθριθω</strong></span> <span class='ocrx_word' id='word_1_704' title='bbox 1104 4887 1247 4948; x_wconf 79' lang='lat' dir='ltr'><strong>dona</strong></span> <span class='ocrx_word' id='word_1_705' title='bbox 1291 4885 1526 4955; x_wconf 54' lang='lat' dir='ltr'><strong>Spiritus</strong></span> <span class='ocrx_word' id='word_1_706' title='bbox 1573 4888 1668 4942; x_wconf 75' lang='grc' dir='ltr'><strong>Πεί</strong></span> <span class='ocrx_word' id='word_1_707' title='bbox 1699 4906 1712 4940; x_wconf 75' lang='grc' dir='ltr'><strong>ε</strong></span> <span class='ocrx_word' id='word_1_708' title='bbox 1738 4888 1817 4943; x_wconf 69' lang='lat' dir='ltr'><strong>Ibi</strong></span> <span class='ocrx_word' id='word_1_709' title='bbox 1916 4899 1970 4954; x_wconf 90' lang='lat' dir='ltr'><strong>id</strong></span> <span class='ocrx_word' id='word_1_710' title='bbox 1997 4906 2082 4954; x_wconf 89' lang='lat' dir='ltr'><strong>est</strong></span> <span class='ocrx_word' id='word_1_711' title='bbox 2110 4905 2171 4951; x_wconf 93' lang='lat' dir='ltr'><strong>ut</strong></span> <span class='ocrx_word' id='word_1_712' title='bbox 2197 4894 2331 4950; x_wconf 88' lang='lat' dir='ltr'><strong>albae</strong></span> <span class='ocrx_word' id='word_1_713' title='bbox 2357 4901 2537 4948; x_wconf 90' lang='lat' dir='ltr'><strong>vestes</strong></span> <span class='ocrx_word' id='word_1_714' title='bbox 2563 4893 2673 4947; x_wconf 90' lang='lat' dir='ltr'><strong>sint</strong></span> <span class='ocrx_word' id='word_1_715' title='bbox 2704 4893 2756 4944; x_wconf 93' lang='lat' dir='ltr'><strong>in</strong></span> <span class='ocrx_word' id='word_1_716' title='bbox 2789 4891 3026 4958; x_wconf 80' lang='lat' dir='ltr'><strong>signum,</strong></span> <span class='ocrx_word' id='word_1_717' title='bbox 3051 4887 3228 4956; x_wconf 89' lang='lat' dir='ltr'><strong>qualia</strong></span> <span class='ocrx_word' id='word_1_718' title='bbox 3278 4899 3510 4953; x_wconf 88' lang='lat' dir='ltr'><strong>corpora</strong></span> 
     </span>
    </p>
   </div>
   <div class='ocr_carea' id='block_1_92' title="bbox 188 4977 1821 5052">
    <p class='ocr_par' dir='ltr' id='par_1_92' title="bbox 188 4977 1821 5052">
     <span class='ocr_line' id='line_1_93' title="bbox 188 4977 1821 5052; baseline -0.002 -17"><span class='ocrx_word' id='word_1_719' title='bbox 188 4981 535 5052; x_wconf 78' lang='lat' dir='ltr'><strong>baptismus</strong></span> <span class='ocrx_word' id='word_1_720' title='bbox 561 4978 618 5036; x_wconf 86' lang='lat' dir='ltr'><strong>in</strong></span> <span class='ocrx_word' id='word_1_721' title='bbox 649 4977 784 5042; x_wconf 84' lang='lat' dir='ltr'><strong>mari</strong></span> <span class='ocrx_word' id='word_1_722' title='bbox 819 4978 1024 5042; x_wconf 88' lang='lat' dir='ltr'><strong>vitreo,</strong></span> <span class='ocrx_word' id='word_1_723' title='bbox 1054 4977 1194 5032; x_wconf 87' lang='lat' dir='ltr'><strong>sicut</strong></span> <span class='ocrx_word' id='word_1_724' title='bbox 1232 4978 1496 5047; x_wconf 85' lang='lat' dir='ltr'><strong>scriptum</strong></span> <span class='ocrx_word' id='word_1_725' title='bbox 1520 4988 1624 5042; x_wconf 90' lang='lat' dir='ltr'><strong>est,</strong></span> <span class='ocrx_word' id='word_1_726' title='bbox 1655 4978 1724 5031; x_wconf 85' lang='lat' dir='ltr'><strong>Et</strong></span> <span class='ocrx_word' id='word_1_727' title='bbox 1763 4980 1821 5033; x_wconf 82' lang='lat' dir='ltr'><strong>in</strong></span> 
     </span>
    </p>
   </div>
   <div class='ocr_carea' id='block_1_93' title="bbox 189 5069 1817 5142">
    <p class='ocr_par' dir='ltr' id='par_1_93' title="bbox 189 5069 1817 5142">
     <span class='ocr_line' id='line_1_94' title="bbox 189 5069 1817 5142; baseline -0.001 -14"><span class='ocrx_word' id='word_1_728' title='bbox 189 5074 460 5128; x_wconf 77' lang='lat' dir='ltr'><strong>circuitu</strong></span> <span class='ocrx_word' id='word_1_729' title='bbox 485 5070 626 5125; x_wconf 81' lang='lat' dir='ltr'><strong>sedis</strong></span> <span class='ocrx_word' id='word_1_730' title='bbox 653 5079 908 5142; x_wconf 81' lang='lat' dir='ltr'><strong>tanquam</strong></span> <span class='ocrx_word' id='word_1_731' title='bbox 936 5086 1080 5128; x_wconf 77' lang='lat' dir='ltr'><strong>mare</strong></span> <span class='ocrx_word' id='word_1_732' title='bbox 1103 5071 1323 5124; x_wconf 84' lang='lat' dir='ltr'><strong>vitreum</strong></span> <span class='ocrx_word' id='word_1_733' title='bbox 1347 5069 1516 5126; x_wconf 78' lang='lat' dir='ltr'><strong>simile</strong></span> <span class='ocrx_word' id='word_1_734' title='bbox 1545 5069 1817 5140; x_wconf 83' lang='lat' dir='ltr'><strong>crystallo.</strong></span> 
     </span>
    </p>
   </div>
   <div class='ocr_carea' id='block_1_94' title="bbox 193 5160 1821 5232">
    <p class='ocr_par' dir='ltr' id='par_1_94' title="bbox 193 5160 1821 5232">
     <span class='ocr_line' id='line_1_95' title="bbox 193 5160 1821 5232; baseline -0.002 -13"><span class='ocrx_word' id='word_1_735' title='bbox 193 5163 380 5220; x_wconf 85' lang='lat' dir='ltr'><strong>Unde</strong></span> <span class='ocrx_word' id='word_1_736' title='bbox 412 5161 566 5216; x_wconf 82' lang='lat' dir='ltr'><strong>Beda</strong></span> <span class='ocrx_word' id='word_1_737' title='bbox 603 5176 766 5231; x_wconf 85' lang='lat' dir='ltr'><strong>super</strong></span> <span class='ocrx_word' id='word_1_738' title='bbox 790 5161 1039 5222; x_wconf 83' lang='lat' dir='ltr'><strong>eumdem</strong></span> <span class='ocrx_word' id='word_1_739' title='bbox 1077 5161 1277 5216; x_wconf 86' lang='lat' dir='ltr'><strong>librum</strong></span> <span class='ocrx_word' id='word_1_740' title='bbox 1301 5160 1363 5230; x_wconf 67' lang='grc' dir='ltr'><strong>τ.</strong></span> <span class='ocrx_word' id='word_1_741' title='bbox 1402 5161 1632 5232; x_wconf 89' lang='lat' dir='ltr'><strong>Propter</strong></span> <span class='ocrx_word' id='word_1_742' title='bbox 1659 5161 1821 5216; x_wconf 86' lang='lat' dir='ltr'><strong>ﬁdem</strong></span> 
     </span>
    </p>
   </div>
   <div class='ocr_carea' id='block_1_95' title="bbox 189 5251 1820 5324">
    <p class='ocr_par' dir='ltr' id='par_1_95' title="bbox 189 5251 1820 5324">
     <span class='ocr_line' id='line_1_96' title="bbox 189 5251 1820 5324; baseline -0.001 -14"><span class='ocrx_word' id='word_1_743' title='bbox 189 5271 441 5322; x_wconf 83' lang='lat' dir='ltr'><strong>veram,</strong></span> <span class='ocrx_word' id='word_1_744' title='bbox 493 5253 761 5322; x_wconf 82' lang='lat' dir='ltr'><strong>baptisma</strong></span> <span class='ocrx_word' id='word_1_745' title='bbox 808 5251 1040 5308; x_wconf 79' lang='lat' dir='ltr'><strong>refertur</strong></span> <span class='ocrx_word' id='word_1_746' title='bbox 1080 5253 1148 5308; x_wconf 88' lang='lat' dir='ltr'><strong>ad</strong></span> <span class='ocrx_word' id='word_1_747' title='bbox 1188 5254 1411 5319; x_wconf 86' lang='lat' dir='ltr'><strong>vitrum,</strong></span> <span class='ocrx_word' id='word_1_748' title='bbox 1455 5254 1512 5308; x_wconf 91' lang='lat' dir='ltr'><strong>in</strong></span> <span class='ocrx_word' id='word_1_749' title='bbox 1561 5270 1668 5324; x_wconf 91' lang='lat' dir='ltr'><strong>quo</strong></span> <span class='ocrx_word' id='word_1_750' title='bbox 1712 5269 1820 5308; x_wconf 89' lang='lat' dir='ltr'><strong>non</strong></span> 
     </span>
    </p>
   </div>
   <div class='ocr_carea' id='block_1_96' title="bbox 193 5347 1820 5418">
    <p class='ocr_par' dir='ltr' id='par_1_96' title="bbox 193 5347 1820 5418">
     <span class='ocr_line' id='line_1_97' title="bbox 193 5347 1820 5418; baseline -0.003 -12"><span class='ocrx_word' id='word_1_751' title='bbox 193 5351 366 5406; x_wconf 85' lang='lat' dir='ltr'><strong>aliud</strong></span> <span class='ocrx_word' id='word_1_752' title='bbox 411 5348 635 5404; x_wconf 82' lang='lat' dir='ltr'><strong>videtur</strong></span> <span class='ocrx_word' id='word_1_753' title='bbox 674 5347 934 5414; x_wconf 84' lang='lat' dir='ltr'><strong>exterius,</strong></span> <span class='ocrx_word' id='word_1_754' title='bbox 965 5362 1128 5418; x_wconf 84' lang='lat' dir='ltr'><strong>quam</strong></span> <span class='ocrx_word' id='word_1_755' title='bbox 1173 5348 1316 5418; x_wconf 89' lang='lat' dir='ltr'><strong>quod</strong></span> <span class='ocrx_word' id='word_1_756' title='bbox 1359 5354 1535 5417; x_wconf 84' lang='lat' dir='ltr'><strong>gestat</strong></span> <span class='ocrx_word' id='word_1_757' title='bbox 1569 5349 1820 5404; x_wconf 86' lang='lat' dir='ltr'><strong>interius.</strong></span> 
     </span>
    </p>
   </div>
   <div class='ocr_carea' id='block_1_97' title="bbox 190 5441 1825 5513">
    <p class='ocr_par' dir='ltr' id='par_1_97' title="bbox 190 5441 1825 5513">
     <span class='ocr_line' id='line_1_98' title="bbox 190 5441 1825 5513; baseline -0.002 -15"><span class='ocrx_word' id='word_1_758' title='bbox 190 5441 508 5513; x_wconf 73' lang='lat' dir='ltr'><strong>Crystallo</strong></span> <span class='ocrx_word' id='word_1_759' title='bbox 535 5456 768 5512; x_wconf 81' lang='lat' dir='ltr'><strong>quoque,</strong></span> <span class='ocrx_word' id='word_1_760' title='bbox 796 5441 941 5511; x_wconf 89' lang='lat' dir='ltr'><strong>quod</strong></span> <span class='ocrx_word' id='word_1_761' title='bbox 977 5441 1044 5496; x_wconf 91' lang='lat' dir='ltr'><strong>de</strong></span> <span class='ocrx_word' id='word_1_762' title='bbox 1077 5455 1216 5512; x_wconf 84' lang='lat' dir='ltr'><strong>aqua</strong></span> <span class='ocrx_word' id='word_1_763' title='bbox 1246 5442 1301 5496; x_wconf 92' lang='lat' dir='ltr'><strong>in</strong></span> <span class='ocrx_word' id='word_1_764' title='bbox 1335 5441 1563 5512; x_wconf 84' lang='lat' dir='ltr'><strong>glaciem</strong></span> <span class='ocrx_word' id='word_1_765' title='bbox 1592 5449 1649 5497; x_wconf 89' lang='lat' dir='ltr'><strong>et</strong></span> <span class='ocrx_word' id='word_1_766' title='bbox 1689 5441 1825 5512; x_wconf 84' lang='lat' dir='ltr'><strong>lapi-</strong></span> 
     </span>
    </p>
   </div>
   <div class='ocr_carea' id='block_1_98' title="bbox 192 5533 1820 5606">
    <p class='ocr_par' dir='ltr' id='par_1_98' title="bbox 192 5533 1820 5606">
     <span class='ocr_line' id='line_1_99' title="bbox 192 5533 1820 5606; baseline -0.001 -17"><span class='ocrx_word' id='word_1_767' title='bbox 192 5535 342 5589; x_wconf 79' lang='lat' dir='ltr'><strong>‘dem</strong></span> <span class='ocrx_word' id='word_1_768' title='bbox 405 5533 711 5604; x_wconf 88' lang='lat' dir='ltr'><strong>pretiosum</strong></span> <span class='ocrx_word' id='word_1_769' title='bbox 758 5533 1019 5600; x_wconf 74' lang='lat' dir='ltr'><strong>elﬁcitur,</strong></span> <span class='ocrx_word' id='word_1_770' title='bbox 1051 5534 1304 5604; x_wconf 84' lang='lat' dir='ltr'><strong>baptismi</strong></span> <span class='ocrx_word' id='word_1_771' title='bbox 1334 5534 1508 5605; x_wconf 80' lang='lat' dir='ltr'><strong>gratia</strong></span> <span class='ocrx_word' id='word_1_772' title='bbox 1537 5534 1820 5606; x_wconf 87' lang='lat' dir='ltr'><strong>ﬁguratur.</strong></span> 
     </span>
    </p>
   </div>
   <div class='ocr_carea' id='block_1_99' title="bbox 193 5627 1826 5700">
    <p class='ocr_par' dir='ltr' id='par_1_99' title="bbox 193 5627 1826 5700">
     <span class='ocr_line' id='line_1_100' title="bbox 193 5627 1826 5700; baseline -0.001 -15"><span class='ocrx_word' id='word_1_773' title='bbox 193 5629 286 5685; x_wconf 86' lang='lat' dir='ltr'><strong>De</strong></span> <span class='ocrx_word' id='word_1_774' title='bbox 342 5627 428 5682; x_wconf 78' lang='lat' dir='ltr'><strong>iri</strong></span> <span class='ocrx_word' id='word_1_775' title='bbox 482 5627 772 5693; x_wconf 81' lang='lat' dir='ltr'><strong>tacuimus,</strong></span> <span class='ocrx_word' id='word_1_776' title='bbox 803 5628 928 5697; x_wconf 85' lang='lat' dir='ltr'><strong>quia</strong></span> <span class='ocrx_word' id='word_1_777' title='bbox 974 5628 1029 5682; x_wconf 93' lang='lat' dir='ltr'><strong>in</strong></span> <span class='ocrx_word' id='word_1_778' title='bbox 1076 5627 1193 5697; x_wconf 86' lang='lat' dir='ltr'><strong>ipso</strong></span> <span class='ocrx_word' id='word_1_779' title='bbox 1240 5628 1492 5684; x_wconf 81' lang='lat' dir='ltr'><strong>volumus</strong></span> <span class='ocrx_word' id='word_1_780' title='bbox 1537 5627 1826 5700; x_wconf 84' lang='lat' dir='ltr'><strong>designare</strong></span> 
     </span>
    </p>
   </div>
   <div class='ocr_carea' id='block_1_100' title="bbox 191 5719 1820 5794">
    <p class='ocr_par' dir='ltr' id='par_1_100' title="bbox 191 5719 1820 5794">
     <span class='ocr_line' id='line_1_101' title="bbox 191 5719 1820 5794; baseline 0.002 -20"><span class='ocrx_word' id='word_1_781' title='bbox 191 5719 480 5776; x_wconf 85' lang='lat' dir='ltr'><strong>litanias.</strong></span> <span class='ocrx_word' id='word_1_782' title='bbox 531 5719 662 5776; x_wconf 82' lang='lat' dir='ltr'><strong>Item</strong></span> <span class='ocrx_word' id='word_1_783' title='bbox 699 5721 842 5778; x_wconf 87' lang='lat' dir='ltr'><strong>inter</strong></span> <span class='ocrx_word' id='word_1_784' title='bbox 881 5720 986 5775; x_wconf 71' lang='lat' dir='ltr'><strong>alia</strong></span> <span class='ocrx_word' id='word_1_785' title='bbox 1031 5720 1167 5776; x_wconf 88' lang='lat' dir='ltr'><strong>dicit</strong></span> <span class='ocrx_word' id='word_1_786' title='bbox 1203 5721 1392 5776; x_wconf 83' lang='lat' dir='ltr'><strong>eadem</strong></span> <span class='ocrx_word' id='word_1_787' title='bbox 1435 5721 1820 5794; x_wconf 80' lang='lat' dir='ltr'><strong>Apoealypsis:</strong></span> 
     </span>
    </p>
   </div>
   <div class='ocr_carea' id='block_1_101' title="bbox 191 5813 1860 5881">
    <p class='ocr_par' dir='ltr' id='par_1_101' title="bbox 191 5813 1860 5881">
     <span class='ocr_line' id='line_1_102' title="bbox 191 5813 1860 5881; baseline -0.001 -7"><span class='ocrx_word' id='word_1_788' title='bbox 191 5815 279 5874; x_wconf 86' lang='lat' dir='ltr'><strong>Et</strong></span> <span class='ocrx_word' id='word_1_789' title='bbox 333 5815 456 5871; x_wconf 86' lang='lat' dir='ltr'><strong>iris</strong></span> <span class='ocrx_word' id='word_1_790' title='bbox 623 5814 680 5881; x_wconf 75' lang='lat' dir='ltr'><strong>in</strong></span> <span class='ocrx_word' id='word_1_791' title='bbox 703 5814 941 5877; x_wconf 74' lang='lat' dir='ltr'><strong>circuitu</strong></span> <span class='ocrx_word' id='word_1_792' title='bbox 983 5813 1130 5880; x_wconf 80' lang='lat' dir='ltr'><strong>sedis</strong></span> <span class='ocrx_word' id='word_1_793' title='bbox 1148 5853 1164 5881; x_wconf 94' lang='lat'><strong>,</strong></span> <span class='ocrx_word' id='word_1_794' title='bbox 1191 5814 1383 5870; x_wconf 81' lang='lat' dir='ltr'><strong>similis</strong></span> <span class='ocrx_word' id='word_1_795' title='bbox 1414 5816 1638 5872; x_wconf 80' lang='lat' dir='ltr'><strong>visionis</strong></span> <span class='ocrx_word' id='word_1_796' title='bbox 1683 5832 1826 5872; x_wconf 83' lang='lat' dir='ltr'><strong>sma-</strong></span> <span class='ocrx_word' id='word_1_797' title='bbox 1857 5849 1860 5854; x_wconf 98' lang='lat'><strong><em>-</em></strong></span> 
     </span>
    </p>
   </div>
   <div class='ocr_carea' id='block_1_102' title="bbox 189 5907 1826 5984">
    <p class='ocr_par' dir='ltr' id='par_1_102' title="bbox 189 5907 1826 5984">
     <span class='ocr_line' id='line_1_103' title="bbox 189 5907 1826 5984; baseline -0.004 -11"><span class='ocrx_word' id='word_1_798' title='bbox 189 5909 515 5984; x_wconf 53' lang='lat' dir='ltr'><strong>tum:</strong></span> <span class='ocrx_word' id='word_1_799' title='bbox 545 5910 690 5974; x_wconf 69' lang='lat' dir='ltr'><strong>unde</strong></span> <span class='ocrx_word' id='word_1_800' title='bbox 724 5909 1006 5980; x_wconf 69' lang='lat' dir='ltr'><strong>quisnpra</strong></span> <span class='ocrx_word' id='word_1_801' title='bbox 1033 5907 1585 5982; x_wconf 62' lang='lat' dir='ltr'><strong>iueodemdrisqui</strong></span> <span class='ocrx_word' id='word_1_802' title='bbox 1621 5908 1684 5965; x_wconf 81' lang='lat' dir='ltr'><strong>ﬁt</strong></span> <span class='ocrx_word' id='word_1_803' title='bbox 1709 5909 1826 5967; x_wconf 87' lang='lat' dir='ltr'><strong>sole</strong></span> 
     </span>
    </p>
   </div>
   <div class='ocr_carea' id='block_1_103' title="bbox 1919 4977 3510 5048">
    <p class='ocr_par' dir='ltr' id='par_1_103' title="bbox 1919 4977 3510 5048">
     <span class='ocr_line' id='line_1_104' title="bbox 1919 4977 3510 5048; baseline -0.011 -1"><span class='ocrx_word' id='word_1_804' title='bbox 1919 4999 2104 5046; x_wconf 87' lang='lat' dir='ltr'><strong>nostra</strong></span> <span class='ocrx_word' id='word_1_805' title='bbox 2151 4988 2382 5043; x_wconf 84' lang='lat' dir='ltr'><strong>debeant</strong></span> <span class='ocrx_word' id='word_1_806' title='bbox 2431 4998 2550 5038; x_wconf 86' lang='lat' dir='ltr'><strong>esse</strong></span> <span class='ocrx_word' id='word_1_807' title='bbox 2582 4982 2636 5035; x_wconf 92' lang='lat' dir='ltr'><strong>in</strong></span> <span class='ocrx_word' id='word_1_808' title='bbox 2679 4980 2830 5034; x_wconf 84' lang='lat' dir='ltr'><strong>Novo</strong></span> <span class='ocrx_word' id='word_1_809' title='bbox 2877 4979 3226 5034; x_wconf 85' lang='lat' dir='ltr'><strong>Testamento</strong></span> <span class='ocrx_word' id='word_1_810' title='bbox 3256 4977 3510 5048; x_wconf 87' lang='lat' dir='ltr'><strong>(corpora</strong></span> 
     </span>
    </p>
   </div>
   <div class='ocr_carea' id='block_1_104' title="bbox 1919 5069 3513 5148">
    <p class='ocr_par' dir='ltr' id='par_1_104' title="bbox 1919 5069 3513 5148">
     <span class='ocr_line' id='line_1_105' title="bbox 1919 5069 3513 5148; baseline -0.009 -11"><span class='ocrx_word' id='word_1_811' title='bbox 1919 5084 2063 5137; x_wconf 89' lang='lat' dir='ltr'><strong>enim</strong></span> <span class='ocrx_word' id='word_1_812' title='bbox 2111 5088 2240 5135; x_wconf 90' lang='lat' dir='ltr'><strong>sunt</strong></span> <span class='ocrx_word' id='word_1_813' title='bbox 2296 5075 2696 5148; x_wconf 89' lang='lat' dir='ltr'><strong>quodammodo</strong></span> <span class='ocrx_word' id='word_1_814' title='bbox 2744 5081 2927 5129; x_wconf 87' lang='lat' dir='ltr'><strong>vestes</strong></span> <span class='ocrx_word' id='word_1_815' title='bbox 2974 5070 3214 5142; x_wconf 64' lang='lat' dir='ltr'><strong>animae),</strong></span> <span class='ocrx_word' id='word_1_816' title='bbox 3247 5077 3300 5124; x_wconf 92' lang='lat' dir='ltr'><strong>et</strong></span> <span class='ocrx_word' id='word_1_817' title='bbox 3330 5069 3513 5142; x_wconf 85' lang='lat' dir='ltr'><strong>qualia</strong></span> 
     </span>
    </p>
   </div>
   <div class='ocr_carea' id='block_1_105' title="bbox 1922 5162 3512 5242">
    <p class='ocr_par' dir='ltr' id='par_1_105' title="bbox 1922 5162 3512 5242">
     <span class='ocr_line' id='line_1_106' title="bbox 1922 5162 3512 5242; baseline -0.008 -14"><span class='ocrx_word' id='word_1_818' title='bbox 1922 5173 2076 5228; x_wconf 86' lang='lat' dir='ltr'><strong>nobis</strong></span> <span class='ocrx_word' id='word_1_819' title='bbox 2107 5169 2497 5242; x_wconf 88' lang='lat' dir='ltr'><strong>promittantur</strong></span> <span class='ocrx_word' id='word_1_820' title='bbox 2540 5167 2593 5222; x_wconf 91' lang='lat' dir='ltr'><strong>in</strong></span> <span class='ocrx_word' id='word_1_821' title='bbox 2637 5168 2836 5222; x_wconf 86' lang='lat' dir='ltr'><strong>futuro.</strong></span> <span class='ocrx_word' id='word_1_822' title='bbox 2885 5167 2961 5222; x_wconf 93' lang='lat' dir='ltr'><strong>De</strong></span> <span class='ocrx_word' id='word_1_823' title='bbox 3005 5166 3200 5237; x_wconf 89' lang='lat' dir='ltr'><strong>quibus</strong></span> <span class='ocrx_word' id='word_1_824' title='bbox 3253 5162 3512 5217; x_wconf 88' lang='lat' dir='ltr'><strong>Salomon</strong></span> 
     </span>
    </p>
   </div>
   <div class='ocr_carea' id='block_1_106' title="bbox 1923 5256 3515 5334">
    <p class='ocr_par' dir='ltr' id='par_1_106' title="bbox 1923 5256 3515 5334">
     <span class='ocr_line' id='line_1_107' title="bbox 1923 5256 3515 5334; baseline -0.006 -14"><span class='ocrx_word' id='word_1_825' title='bbox 1923 5261 2228 5321; x_wconf 87' lang='lat' dir='ltr'><strong>ait:0mni</strong></span> <span class='ocrx_word' id='word_1_826' title='bbox 2263 5272 2491 5334; x_wconf 86' lang='lat' dir='ltr'><strong>tempore</strong></span> <span class='ocrx_word' id='word_1_827' title='bbox 2525 5262 2628 5317; x_wconf 82' lang='lat' dir='ltr'><strong>sint</strong></span> <span class='ocrx_word' id='word_1_828' title='bbox 2677 5263 2978 5315; x_wconf 85' lang='lat' dir='ltr'><strong>vestimenta</strong></span> <span class='ocrx_word' id='word_1_829' title='bbox 3022 5268 3112 5312; x_wconf 89' lang='lat' dir='ltr'><strong>tua</strong></span> <span class='ocrx_word' id='word_1_830' title='bbox 3157 5256 3418 5322; x_wconf 86' lang='lat' dir='ltr'><strong>candida,</strong></span> <span class='ocrx_word' id='word_1_831' title='bbox 3465 5266 3515 5311; x_wconf 86' lang='lat' dir='ltr'><strong>et</strong></span> 
     </span>
    </p>
   </div>
   <div class='ocr_carea' id='block_1_107' title="bbox 1923 5350 3516 5425">
    <p class='ocr_par' dir='ltr' id='par_1_107' title="bbox 1923 5350 3516 5425">
     <span class='ocr_line' id='line_1_108' title="bbox 1923 5350 3516 5425; baseline -0.005 -13"><span class='ocrx_word' id='word_1_832' title='bbox 1923 5357 2095 5412; x_wconf 89' lang='lat' dir='ltr'><strong>oleum</strong></span> <span class='ocrx_word' id='word_1_833' title='bbox 2134 5355 2197 5409; x_wconf 87' lang='lat' dir='ltr'><strong>de</strong></span> <span class='ocrx_word' id='word_1_834' title='bbox 2226 5355 2392 5425; x_wconf 85' lang='lat' dir='ltr'><strong>capite</strong></span> <span class='ocrx_word' id='word_1_835' title='bbox 2436 5363 2525 5408; x_wconf 88' lang='lat' dir='ltr'><strong>tuo</strong></span> <span class='ocrx_word' id='word_1_836' title='bbox 2575 5371 2678 5408; x_wconf 88' lang='lat' dir='ltr'><strong>non</strong></span> <span class='ocrx_word' id='word_1_837' title='bbox 2723 5351 2954 5420; x_wconf 82' lang='lat' dir='ltr'><strong>deﬁciat.</strong></span> <span class='ocrx_word' id='word_1_838' title='bbox 2995 5350 3063 5404; x_wconf 90' lang='lat' dir='ltr'><strong>Et</strong></span> <span class='ocrx_word' id='word_1_839' title='bbox 3097 5350 3185 5404; x_wconf 92' lang='lat' dir='ltr'><strong>hic</strong></span> <span class='ocrx_word' id='word_1_840' title='bbox 3227 5362 3516 5420; x_wconf 88' lang='lat' dir='ltr'><strong>possumus</strong></span> 
     </span>
    </p>
   </div>
   <div class='ocr_carea' id='block_1_108' title="bbox 1925 5444 3512 5518">
    <p class='ocr_par' dir='ltr' id='par_1_108' title="bbox 1925 5444 3512 5518">
     <span class='ocr_line' id='line_1_109' title="bbox 1925 5444 3512 5518; baseline -0.008 -13"><span class='ocrx_word' id='word_1_841' title='bbox 1925 5448 2244 5518; x_wconf 83' lang='lat' dir='ltr'><strong>intelligere,</strong></span> <span class='ocrx_word' id='word_1_842' title='bbox 2295 5446 2437 5516; x_wconf 86' lang='lat' dir='ltr'><strong>quod</strong></span> <span class='ocrx_word' id='word_1_843' title='bbox 2486 5445 2613 5498; x_wconf 88' lang='lat' dir='ltr'><strong>talia</strong></span> <span class='ocrx_word' id='word_1_844' title='bbox 2661 5444 2894 5498; x_wconf 89' lang='lat' dir='ltr'><strong>debeant</strong></span> <span class='ocrx_word' id='word_1_845' title='bbox 2941 5457 3061 5497; x_wconf 90' lang='lat' dir='ltr'><strong>esse</strong></span> <span class='ocrx_word' id='word_1_846' title='bbox 3110 5456 3276 5511; x_wconf 88' lang='lat' dir='ltr'><strong>opera</strong></span> <span class='ocrx_word' id='word_1_847' title='bbox 3326 5449 3512 5494; x_wconf 88' lang='lat' dir='ltr'><strong>nostra</strong></span> 
     </span>
    </p>
   </div>
   <div class='ocr_carea' id='block_1_109' title="bbox 1930 5534 3514 5613">
    <p class='ocr_par' dir='ltr' id='par_1_109' title="bbox 1930 5534 3514 5613">
     <span class='ocr_line' id='line_1_110' title="bbox 1930 5534 3514 5613; baseline -0.007 -14"><span class='ocrx_word' id='word_1_848' title='bbox 1930 5543 2076 5599; x_wconf 81' lang='lat' dir='ltr'><strong>muni</strong></span> <span class='ocrx_word' id='word_1_849' title='bbox 2123 5551 2387 5613; x_wconf 89' lang='lat' dir='ltr'><strong>tempore,</strong></span> <span class='ocrx_word' id='word_1_850' title='bbox 2433 5538 2612 5609; x_wconf 90' lang='lat' dir='ltr'><strong>qualia</strong></span> <span class='ocrx_word' id='word_1_851' title='bbox 2659 5544 2784 5592; x_wconf 88' lang='lat' dir='ltr'><strong>sunt</strong></span> <span class='ocrx_word' id='word_1_852' title='bbox 2818 5537 3138 5590; x_wconf 88' lang='lat' dir='ltr'><strong>vestimenta</strong></span> <span class='ocrx_word' id='word_1_853' title='bbox 3188 5534 3514 5601; x_wconf 89' lang='lat' dir='ltr'><strong>albatorum,</strong></span> 
     </span>
    </p>
   </div>
   <div class='ocr_carea' id='block_1_110' title="bbox 1933 5627 3514 5697">
    <p class='ocr_par' dir='ltr' id='par_1_110' title="bbox 1933 5627 3514 5697">
     <span class='ocr_line' id='line_1_111' title="bbox 1933 5627 3514 5697; baseline -0.005 -7"><span class='ocrx_word' id='word_1_854' title='bbox 1933 5645 2043 5690; x_wconf 89' lang='lat' dir='ltr'><strong>tam</strong></span> <span class='ocrx_word' id='word_1_855' title='bbox 2078 5634 2278 5690; x_wconf 87' lang='lat' dir='ltr'><strong>munda</strong></span> <span class='ocrx_word' id='word_1_856' title='bbox 2310 5640 2365 5687; x_wconf 92' lang='lat' dir='ltr'><strong>et</strong></span> <span class='ocrx_word' id='word_1_857' title='bbox 2392 5630 2640 5685; x_wconf 84' lang='lat' dir='ltr'><strong>candida.</strong></span> <span class='ocrx_word' id='word_1_858' title='bbox 2697 5629 2764 5682; x_wconf 89' lang='lat' dir='ltr'><strong>Et</strong></span> <span class='ocrx_word' id='word_1_859' title='bbox 2794 5629 2934 5683; x_wconf 92' lang='lat' dir='ltr'><strong>sicut</strong></span> <span class='ocrx_word' id='word_1_860' title='bbox 2963 5628 3031 5682; x_wconf 89' lang='lat' dir='ltr'><strong>ab</strong></span> <span class='ocrx_word' id='word_1_861' title='bbox 3076 5627 3288 5682; x_wconf 89' lang='lat' dir='ltr'><strong>illorum</strong></span> <span class='ocrx_word' id='word_1_862' title='bbox 3334 5627 3514 5697; x_wconf 88' lang='lat' dir='ltr'><strong>capite</strong></span> 
     </span>
    </p>
   </div>
   <div class='ocr_carea' id='block_1_111' title="bbox 1929 5720 3519 5792">
    <p class='ocr_par' dir='ltr' id='par_1_111' title="bbox 1929 5720 3519 5792">
     <span class='ocr_line' id='line_1_112' title="bbox 1929 5720 3519 5792; baseline -0.005 -8"><span class='ocrx_word' id='word_1_863' title='bbox 1929 5728 2108 5784; x_wconf 87' lang='lat' dir='ltr'><strong>oleum</strong></span> <span class='ocrx_word' id='word_1_864' title='bbox 2138 5741 2243 5781; x_wconf 92' lang='lat' dir='ltr'><strong>non</strong></span> <span class='ocrx_word' id='word_1_865' title='bbox 2276 5722 2456 5780; x_wconf 84' lang='lat' dir='ltr'><strong>deﬁcit</strong></span> <span class='ocrx_word' id='word_1_866' title='bbox 2499 5736 2598 5792; x_wconf 88' lang='lat' dir='ltr'><strong>per</strong></span> <span class='ocrx_word' id='word_1_867' title='bbox 2623 5729 2746 5778; x_wconf 90' lang='lat' dir='ltr'><strong>octo</strong></span> <span class='ocrx_word' id='word_1_868' title='bbox 2786 5721 2937 5788; x_wconf 88' lang='lat' dir='ltr'><strong>dies,</strong></span> <span class='ocrx_word' id='word_1_869' title='bbox 2967 5721 3041 5775; x_wconf 87' lang='lat' dir='ltr'><strong>ita</strong></span> <span class='ocrx_word' id='word_1_870' title='bbox 3072 5737 3346 5792; x_wconf 88' lang='lat' dir='ltr'><strong>nunquam</strong></span> <span class='ocrx_word' id='word_1_871' title='bbox 3388 5720 3519 5776; x_wconf 86' lang='lat' dir='ltr'><strong>cha-</strong></span> 
     </span>
    </p>
   </div>
   <div class='ocr_carea' id='block_1_112' title="bbox 1931 5813 3548 5884">
    <p class='ocr_par' dir='ltr' id='par_1_112' title="bbox 1931 5813 3548 5884">
     <span class='ocr_line' id='line_1_113' title="bbox 1931 5813 3548 5884; baseline -0.004 -9"><span class='ocrx_word' id='word_1_872' title='bbox 1931 5818 2068 5875; x_wconf 89' lang='lat' dir='ltr'><strong>ritas</strong></span> <span class='ocrx_word' id='word_1_873' title='bbox 2101 5834 2169 5873; x_wconf 85' lang='lat' dir='ltr'><strong>ex</strong></span> <span class='ocrx_word' id='word_1_874' title='bbox 2217 5826 2396 5872; x_wconf 90' lang='lat' dir='ltr'><strong>mente</strong></span> <span class='ocrx_word' id='word_1_875' title='bbox 2448 5824 2634 5870; x_wconf 86' lang='lat' dir='ltr'><strong>nostra</strong></span> <span class='ocrx_word' id='word_1_876' title='bbox 2684 5814 2917 5870; x_wconf 90' lang='lat' dir='ltr'><strong>deﬁciat.</strong></span> <span class='ocrx_word' id='word_1_877' title='bbox 2973 5813 3123 5880; x_wconf 88' lang='lat' dir='ltr'><strong>Quod</strong></span> <span class='ocrx_word' id='word_1_878' title='bbox 3177 5816 3232 5869; x_wconf 93' lang='lat' dir='ltr'><strong>in</strong></span> <span class='ocrx_word' id='word_1_879' title='bbox 3287 5813 3548 5884; x_wconf 34' lang='lat' dir='ltr'><strong>sabbato,</strong></span> 
     </span>
    </p>
   </div>
   <div class='ocr_carea' id='block_1_113' title="bbox 1931 5906 3515 5982">
    <p class='ocr_par' dir='ltr' id='par_1_113' title="bbox 1931 5906 3515 5982">
     <span class='ocr_line' id='line_1_114' title="bbox 1931 5906 3515 5982; baseline -0.006 -13"><span class='ocrx_word' id='word_1_880' title='bbox 1931 5920 2200 5969; x_wconf 79' lang='lat' dir='ltr'><strong>exuuntur</strong></span> <span class='ocrx_word' id='word_1_881' title='bbox 2258 5910 2376 5982; x_wconf 88' lang='lat' dir='ltr'><strong>ipsa</strong></span> <span class='ocrx_word' id='word_1_882' title='bbox 2424 5908 2748 5965; x_wconf 87' lang='lat' dir='ltr'><strong>vestimenta</strong></span> <span class='ocrx_word' id='word_1_883' title='bbox 2771 5949 2788 5976; x_wconf 94' lang='lat'><strong>,</strong></span> <span class='ocrx_word' id='word_1_884' title='bbox 2824 5909 2926 5965; x_wconf 89' lang='lat' dir='ltr'><strong>hoc</strong></span> <span class='ocrx_word' id='word_1_885' title='bbox 2982 5907 3096 5962; x_wconf 90' lang='lat' dir='ltr'><strong>vult</strong></span> <span class='ocrx_word' id='word_1_886' title='bbox 3137 5906 3515 5962; x_wconf 88' lang='lat' dir='ltr'><strong>demonstrare</strong></span> 
     </span>
    </p>
   </div>
  </div>
