3978 6446
512 378 652 438 loss
1465 453 1468 457 ,
1521 371 1886 440 “Altamen
1906 358 2359 447 passerum
2395 371 2774 444 METENSIS_
2821 391 2825 393 -
2896 412 2900 416 .
2957 391 2962 393 -
3667 385 3804 448 ιω

509 497 651 568 quod
677 496 733 552 in
763 493 851 550 die
870 493 1049 550 exitus
1077 492 1275 549 anima:
1297 493 1512 563 quando
1541 492 1748 548 recedit
1775 492 1841 547 de
1864 505 2091 560 corpore
2119 492 2168 551 Α
2196 489 2337 545 sicut
2385 489 2640 560 neopbyti
2687 489 2861 558 nostri
2908 505 3008 560 per
3057 498 3182 549 octo
3231 493 3348 552 dies
3404 497 3524 554 sub
3572 503 3799 562 nucibus

508 590 747 646 inveniat
773 588 960 643 eadem
988 587 1166 641 anima
1199 587 1484 640 sabbatum
1505 626 1520 650 ,
1551 586 1604 639 id
1630 592 1715 639 est
1740 584 2006 653 requiem,
2038 590 2094 637 et
2194 582 2526 652 presbyteris
2554 581 2760 637 scilicet
2805 591 2967 653 alque
3010 586 3257 655 patronis
3299 595 3356 642 et
3386 593 3674 647 matronis
3716 596 3797 653 de-

505 682 825 737 vestimenta
853 696 949 734 sua
976 679 1064 734 hic
1091 678 1348 742 dimittat,
1382 678 1435 732 id
1482 686 1566 732 est
1611 693 1827 747 corpus,
1859 685 1917 730 ut
1950 676 2091 731 reci-

505 776 619 846 piat
644 774 773 829 illud
800 774 997 828 iterum
1036 773 1088 826 in
1125 771 1422 826 novissimo
1465 770 1569 824 die.
1605 769 1758 825 Unde
1788 769 1918 823 mihi
1950 768 2095 822 vide-

507 877 597 920 tur
621 865 1009 930 congruentius
1052 878 1191 926 esse,
1228 863 1270 916 si
1317 861 1580 933 portanda
1631 868 1758 914 sunt
1806 867 1930 929 post
1977 857 2093 913 dies

503 966 716 1022 octo,et
743 967 943 1011 utvere
969 955 1230 1026 portanda
1261 962 1388 1036 sunt
1413 954 1737 1008 vestimenta
1765 950 2088 1016 albatorum,

503 1057 565 1102 ut
609 1047 790 1118 potius
830 1049 897 1102 ab
926 1047 1055 1117 ipsis
1091 1054 1375 1118 portentur
1404 1061 1436 1099 a
1481 1045 1678 1114 quibus
1720 1052 1933 1115 portata
1965 1051 2093 1097 sunt

506 1142 559 1196 in
591 1142 940 1198 sanctificatis
985 1142 1194 1205 diebus,
1247 1154 1409 1209 quam
1439 1138 1507 1193 ab
1539 1138 1644 1193 illis
1685 1138 1776 1208 qui
1819 1152 1878 1192 se
1908 1136 2092 1191 multis

504 1236 731 1290 maculis
777 1235 1084 1304 polluerunt
1130 1242 1250 1304 post
1297 1233 1814 1305 baptismum:quia
1862 1245 2092 1302 corpora

505 1337 691 1383 nostra
721 1344 826 1383 non
857 1327 990 1382 alias
1039 1328 1249 1382 animas
1286 1326 1549 1395 recipient
1590 1327 1644 1380 in
1690 1324 1896 1386 futuro,
1929 1339 2093 1393 quam

503 1422 701 1475 emdem
730 1435 851 1490 quae
896 1420 982 1473 illa
1031 1428 1292 1475 rexerunt
1322 1421 1378 1472 in
1421 1421 1697 1489 prtesenti.
1731 1418 1976 1489 Duplicia
2006 1435 2092 1474 so-

501 1511 614 1565 lent
641 1526 761 1566 esse
788 1511 976 1566 eadem
1017 1512 1340 1566 vestimenta
1367 1529 1378 1563 :
1405 1518 1460 1566 et
1495 1510 1689 1580 duplex
1727 1510 2092 1564 remuneratio

501 1604 705 1658 sanctis
751 1603 1088 1674 promittitur
1136 1604 1189 1657 in
1243 1614 1445 1659 teterna
1489 1603 1621 1657 vita.
1669 1601 1822 1658 Unde
1865 1601 2032 1656 Isaias
2074 1619 2087 1655 :

498 1694 746 1765 Duplicia
797 1696 851 1748 in
893 1705 1033 1749 terra
1078 1712 1176 1749 sua
1222 1693 1579 1766 possidebunt,
1609 1693 1665 1748 id
1713 1703 1788 1748 est
1839 1693 2092 1765 gaudium

500 1787 714 1853 animm,
739 1796 794 1843 et
827 1787 1052 1859 gloriam
1082 1787 1509 1859 incorruptibilis
1535 1787 1800 1857 corporis.
1826 1787 2093 1854 Quoniam

497 1880 737 1949 peccatis
761 1880 1167 1936 imminentibus
1194 1881 1488 1950 polluimus
1509 1895 1734 1951 corpora
1763 1888 1948 1935 nostra
1972 1887 2094 1949 post

495 1973 857 2042 baptismum,
889 1972 1210 2028 festinemus
1251 1975 1318 2028 ad
1359 1975 1598 2044 priorem
1653 1973 2094 2029 emundationem

495 2079 596 2134 per
641 2063 934 2118 secundum
974 2066 1304 2134 baptismum
1347 2066 1556 2131 venire,
1587 2067 1640 2122 id
1670 2076 1754 2121 est
1791 2082 1889 2136 per
1918 2067 2094 2138 poeni-

496 2155 722 2210 tentiam
751 2173 764 2210 :
793 2156 926 2224 Quis
954 2166 1039 2212 est
1061 2157 1151 2226 qui
1178 2166 1371 2228 purget
1406 2174 1507 2214 nos
1526 2174 1558 2214 a
1585 2161 1828 2229 peccatis
1859 2160 2094 2215 nostris?

496 2244 566 2300 Et
589 2247 711 2316 quis
736 2256 819 2302 est
849 2249 940 2318 qui
966 2249 1274 2305 introducat
1301 2252 1366 2305 ad
1390 2251 1628 2322 priorem
1660 2253 2090 2320 inundationem,

495 2337 600 2392 nisi
634 2336 868 2406 Spiritus
905 2341 1160 2394 sanctus?
1189 2339 1426 2411 Spiritus
1462 2351 1682 2399 sanctus
1713 2353 1794 2400 est
1839 2344 2094 2416 septifor-

495 2428 618 2482 mis.
650 2428 992 2485 Manifestum
1019 2440 1122 2496 est,
1148 2433 1193 2488 si
1237 2434 1423 2488 decem
1461 2445 1728 2505 praecepta
1762 2436 1878 2506 ejus
1903 2447 2090 2493 custo-

495 2519 726 2584 diamus,
754 2521 930 2576 eidem
961 2524 1193 2578 creatori
1242 2536 1430 2580 nostro
1451 2541 1482 2580 a
1509 2542 1617 2596 quo
1644 2542 1742 2596 per
1787 2528 2094 2584 inobedien—

497 2609 628 2664 tiam
675 2613 1019 2679 recessimus,
1072 2629 1172 2684 per
1213 2616 1577 2672 obedientiam
1625 2620 1943 2690 coniunctos
1993 2637 2094 2679 nos

494 2716 635 2755 esse.
689 2702 802 2770 Qua
843 2705 909 2758 de
950 2720 1008 2760 re
1050 2706 1104 2760 in
1147 2709 1566 2779 septuagenario
1609 2725 1840 2768 numero
1882 2713 1974 2782 qui
2009 2721 2093 2770 est

494 2795 922 2865 septempliciter
964 2798 1323 2869 decuplatus,
1370 2801 1646 2870 ploremus
1691 2811 1746 2858 et
1800 2802 2092 2861 defleamus

498 2893 742 2939 nostram
772 2887 1071 2954 miseriam,
1095 2899 1154 2944 ut
1184 2889 1420 2960 Spiritus
1448 2901 1672 2948 sanctus
1700 2905 1964 2966 expurget
1992 2911 2092 2952 nos

501 2990 532 3030 a
583 2978 784 3032 nostris
831 2980 1108 3048 peccatis,
1143 2990 1199 3036 et
1254 2982 1484 3038 deducat
1531 2999 1628 3055 per
1675 2994 1945 3056 prtccepta
1995 3002 2092 3043 sua

501 3080 676 3134 usque
704 3067 770 3121 ad
799 3067 1008 3124 denarii
1055 3073 1569 3140 remunerationem,
1600 3083 1659 3128 ut
1704 3075 1880 3145 ipsum
1908 3091 2090 3148 regem

501 3156 792 3212 Dominum
821 3167 1064 3215 nostrum
1095 3161 1149 3216 in
1178 3162 1372 3218 decore
1406 3179 1504 3220 suo
1545 3180 1854 3221 mereamur
1881 3167 2085 3223 videre.

500 3247 769 3312 Diximus,
797 3260 1059 3319 quantum
1079 3254 1376 3322 potuimus,
1400 3254 1453 3309 in
1480 3257 1853 3326 superioribus
1879 3267 2092 3330 septnao

503 3340 768 3409 gesimnm
799 3357 1082 3398 numerum
1128 3345 1403 3414 pertinere
1435 3348 1501 3402 ad
1527 3347 1888 3418 plorationem
1917 3352 2094 3422 capti-

500 3449 693 3488 vorum
727 3435 908 3504 populi
946 3436 1059 3500 Dei,
1099 3439 1190 3508 qui
1217 3438 1440 3494 fuerunt
1466 3440 1567 3495 sub
1593 3439 2094 3501 Nabuchodonosor

497 3523 553 3577 in
597 3522 888 3596 Babylone.
941 3525 1236 3582 Possumus
1263 3539 1318 3583 et
1345 3513 1592 3585 eamdem
1637 3535 2092 3604 septuagesimam

499 3615 684 3686 aliquo
725 3617 889 3672 modo
933 3635 1255 3689 comparare
1281 3620 1405 3676 filiis
1446 3621 1634 3688 Israel,
1665 3625 1757 3694 qui
1789 3625 2008 3681 fuerunt
2035 3628 2089 3682 in

501 3706 738 3780 Egypto
768 3710 868 3764 sub
897 3710 1178 3766 Pharaone
1199 3753 1214 3778 ,
1241 3713 1394 3782 quasi
1423 3714 1592 3782 prima
1632 3714 1826 3784 ofﬁcia,
1857 3717 2090 3775 Circum-

490 3799 748 3854 dederunt
783 3819 865 3856 me
900 3805 1126 3873 gemitus
1166 3805 1384 3868 mortis;
1407 3816 1485 3870 et,
1510 3806 1770 3880 Exsurge,
1800 3827 1963 3882 quare
1997 3812 2089 3866 ob-

490 3890 711 3953 dormis,
744 3891 1004 3946 Domine?
1024 3903 1101 3957 et,
1128 3893 1251 3948 Esto
1281 3895 1408 3949 mihi
1445 3897 1502 3951 in
1531 3897 1698 3951 Deum
1719 3912 2084 3971 protectorem,

491 3990 794 4050 congruant
839 3984 914 4038 illi
951 3987 1204 4054 tempori,
1233 3990 1451 4058 quando
1491 3989 1586 4044 ﬁlii
1635 3991 1808 4049 Israel
1835 4010 1894 4050 se
1932 3997 2085 4052 vide-

490 4080 618 4126 runt
657 4071 817 4144 affligi
856 4076 924 4129 ab
964 4074 1236 4148 Aﬁgyptiis
1261 4119 1276 4144 ,
1308 4087 1363 4134 et
1406 4079 1780 4138 clamaverunt
1807 4086 1874 4140 ad
1903 4087 2086 4144 Domi-

490 4178 641 4228 num,
673 4173 732 4219 ut
770 4166 1033 4238 scriptum
1063 4176 1147 4223 est
1191 4170 1244 4224 in
1275 4169 1498 4227 Exodo:
1532 4171 1660 4229 Post
1690 4176 1916 4232 multum
1945 4188 2082 4235 tem-

487 4257 639 4328 poris
671 4270 916 4317 mortuus
961 4270 1045 4318 est
1074 4279 1168 4318 rex
1197 4263 1442 4336 Egypti,
1465 4273 1519 4320 et
1546 4266 1960 4337 ingemiscentes
1987 4272 2082 4330 filii

488 4348 657 4404 Israel
696 4363 917 4424 propter
963 4370 1147 4425 opera,
1198 4355 1482 4412 vociferati
1531 4369 1677 4424 sunt,
1731 4369 1787 4415 et
1837 4366 2084 4419 ascendit

488 4442 697 4498 clamor
742 4460 928 4500 eorum
965 4449 1032 4502 ad
1068 4447 1356 4503 Dominum
1395 4450 1464 4504 ab
1498 4452 1756 4519 operibus
1792 4463 1848 4508 et
1873 4455 2082 4512 audivit

2195 671 2494 737 ducuntur,
2522 679 2578 728 et
2624 673 2705 728 sic
2745 674 2966 730 tandem
3015 679 3443 746 perveniendum
3477 683 3540 736 in
3575 685 3791 744 sabbato

2197 763 2264 816 ad
2294 771 2494 818 terram
2541 765 2937 834 promissionis.
2989 767 3070 823 Illi
3120 771 3212 841 qui
3260 772 3586 843 baptizant,
3621 790 3793 848 patres

2197 864 2322 910 sunt
2347 855 2770 926 baptizatorum,
2795 867 2857 912 ut
2877 874 2945 914 ex
2972 861 3158 918 multis
3185 866 3525 924 testimoniis
3560 867 3792 941 Scripti-

2197 963 2379 1002 rarum
2437 964 2724 1018 possumus
2773 951 3054 1021 conjicere
3080 972 3094 1009 :
3120 956 3262 1012 sicut
3314 958 3546 1016 Marcus
3608 963 3790 1020 dicitur

2196 1039 2338 1095 filius
2368 1039 2513 1096 Petri
2561 1042 2612 1097 in
2649 1043 2992 1114 baptismate.
3045 1047 3124 1103 De
3172 1050 3373 1107 talibus
3421 1052 3564 1108 filiis
3611 1053 3787 1111 ﬂorent

2195 1129 2398 1186 aﬂ‘atim
2425 1133 2711 1203 scriptura:
2736 1143 3124 1206 apostolorum.
3155 1140 3425 1208 Quoniam
3458 1144 3656 1215 plures
3677 1156 3786 1202 sunt

2193 1223 2616 1292 baptizatorum,
2640 1241 2802 1296 quam
2833 1229 3024 1285 deduci
3053 1233 3266 1302 possint
3288 1235 3356 1290 ab
3386 1236 3478 1290 his
3503 1239 3603 1306 qui
3631 1238 3784 1310 δοριξ.

2195 1324 2342 1382 zant,
2371 1320 2822 1374 commendantur
2859 1323 3074 1379 czeteris
3101 1327 3348 1394 patribus
3391 1328 3780 1398 spiritualibus,

2194 1419 2254 1464 ut
2297 1415 2378 1466 eis
2421 1427 2522 1466 noc
2568 1413 2875 1483 praebeant,
2907 1417 3051 1486 quod
3097 1433 3127 1472 a
3159 1421 3505 1491 presbyteris
3557 1424 3779 1491 praeben-

2194 1503 2323 1560 dum
2369 1513 2509 1560 erat.
2558 1505 2671 1562 Nec
2716 1508 2795 1563 sic
2825 1509 3084 1566 abhorret
3117 1527 3151 1583 a
3177 1527 3308 1567 vero
3346 1515 3500 1580 quod
3566 1516 3779 1584 quadra-

2194 1596 2344 1666 ginta
2373 1597 2493 1653 duae
2534 1600 2845 1656 mansiones
2879 1601 3111 1660 filiorum
3140 1604 3331 1669 Israel,
3356 1621 3523 1672 quasn
3571 1609 3778 1676 quadra-

2195 1690 2344 1760 ginta
2371 1693 2478 1746 duo
2507 1692 2624 1748 dies
2667 1709 2766 1749 nos
2803 1696 3105 1766 perducant
3134 1699 3203 1753 ad
3235 1705 3447 1752 terram
3478 1704 3776 1770 promissio-

2196 1783 2282 1838 nis
2307 1799 2321 1848 ;
2344 1784 2601 1853 quoniam
2623 1797 2848 1856 propter
2876 1803 2974 1844 nos
2999 1789 3090 1859 qui
3112 1787 3227 1857 jam
3251 1793 3617 1848 transivimus
3643 1809 3775 1851 mare

2122 1848 2171 1909 Β
2199 1848 2463 1938 Rubrum,
2503 1848 2782 1932 constituti
2811 1888 2939 1934 sunt
2983 1848 3346 1953 quadraginta
3395 1885 3506 1939 duo
3557 1848 3779 1950 dies,vu‘t

2195 1969 2288 2040 qui
2319 1969 2371 2024 in
2399 1973 2712 2043 captivitate
2749 1984 3097 2045 peccatorum
3141 1987 3456 2035 nostrorum
3484 1982 3778 2052 redegimus

2194 2077 2316 2130 nos,
2350 2079 2449 2135 per
2470 2067 2716 2137 exempla
2743 2067 3180 2138 patriarcharum
3208 2079 3552 2127 revertamur
3579 2074 3647 2128 ad
3680 2083 3778 2129 ter-

2195 2170 2314 2210 ram
2359 2158 2757 2226 promissionis,
2780 2175 2888 2214 non
2914 2174 3014 2229 per
3041 2161 3364 2232 baptismum
3412 2178 3570 2235 aqua:
3595 2184 3611 2220 :
3637 2175 3781 2222 cate-

2192 2250 2447 2307 chumeni
2495 2252 2687 2318 nostri,
2717 2254 2809 2323 qui
2840 2256 3078 2310 nondum
3111 2256 3431 2313 transierunt
3477 2274 3630 2314 mare
3662 2259 3780 2315 Ru-

2193 2344 2375 2410 brum,
2405 2354 2637 2415 possunt
2669 2361 2792 2402 esse
2817 2349 2918 2403 sub
2950 2356 3078 2420 typo
3109 2350 3288 2420 pepuli
3307 2349 3493 2415 Israel,
3517 2353 3610 2421 qui
3638 2353 3779 2408 ado-

2193 2444 2455 2492 raverunt
2500 2437 2638 2491 idola
2688 2437 2743 2494 in
2789 2437 3048 2510 Egypto,
3094 2448 3151 2495 et
3198 2455 3294 2513 per
3337 2443 3499 2497 duces
3545 2442 3780 2512 optimos

2193 2527 2414 2599 Moysen
2437 2537 2491 2584 et
2516 2530 2720 2596 Aaron,
2751 2531 2968 2588 liberati
2995 2542 3121 2589 sunt
3145 2534 3216 2590 de
3243 2533 3509 2608 Egypto,
3529 2544 3586 2590 et
3608 2543 3780 2592 trans-

2191 2621 2376 2678 ierunt
2405 2639 2556 2680 mare
2579 2624 2848 2680 Rubrum.

2765 2715 2994 2774 CAPUT
3045 2717 3216 2774 XXX.

2573 2806 2652 2862 De
2682 2807 3072 2864 illuminatione
3112 2828 3402 2868 cereorum.

2263 2895 2418 2964 Quod
2473 2896 2801 2956 illuminatio
2856 2915 3138 2957 cereorum
3198 2905 3507 2958 secundum
3552 2904 3772 2960 libellum

2193 2987 2425 3043 Romani
2473 2991 2683 3046 ordinis
2723 3002 3072 3063 exspectatur
3114 3010 3289 3066 usque
3335 2995 3406 3049 ad
3441 2995 3629 3067 Agnus
3669 2995 3771 3060 Dei,

2191 3080 2294 3137 hoc
2343 3082 2705 3149 demonstrat,
2736 3085 2881 3155 quod
2937 3102 3034 3157 per
3083 3086 3234 3142 illum
3277 3103 3488 3158 agnum
3519 3090 3610 3159 qui
3650 3088 3774 3143 tollit

2117 3211 2165 3278 ο
2193 3184 2419 3247 peccata
2447 3176 2632 3232 mundi
2665 3178 3035 3250 unusquisque
3059 3177 3239 3234 lumen
3266 3179 3529 3251 accipere
3557 3181 3722 3236 debet.

2756 3291 2986 3347 CAPUT
3025 3291 3222 3349 XXXI.

2713 3361 2791 3416 De
2822 3363 2981 3418 missa
3016 3365 3069 3417 in
3095 3376 3262 3420 nocte.

2263 3454 2541 3519 Dicamus,
2570 3453 2731 3509 modo
2761 3451 2946 3508 Gloria
2971 3455 3026 3509 in
3055 3454 3272 3510 excelsis
3311 3456 3453 3521 Deo,
3480 3458 3596 3528 quia
3625 3465 3770 3514 tanto

2190 3547 2394 3604 lumine
2435 3548 2700 3604 illustrata
2753 3556 2838 3603 est
2885 3563 3128 3618 praesens
3169 3566 3302 3615 nox,
3340 3551 3574 3615 scilicet,
3605 3550 3774 3607 Domi-

2190 3639 2314 3695 nica
2359 3640 2794 3704 resurrectione;
2826 3653 3090 3696 canamus
3123 3640 3311 3696 laudes
3344 3643 3486 3705 Deo,
3512 3643 3773 3712 quoniam,

2189 3730 2245 3785 in
2268 3731 2466 3800 quibus
2493 3728 2774 3786 habitabat
2813 3730 3078 3796 diabolus,
3095 3730 3213 3800 jam
3241 3731 3522 3787 inhabitat
3551 3732 3773 3802 Spiritus

2189 3830 2428 3878 sanctus.
2462 3822 2575 3878 Hoc
2595 3822 2670 3876 ait
2687 3820 2928 3892 pontifex
2956 3837 3050 3877 ore
3070 3831 3126 3877 et
3152 3829 3359 3887 mente,
3386 3832 3454 3878 ut
3478 3839 3580 3879 nos
3599 3833 3772 3880 mente

2188 3914 2892 3980 téneamus,dicendo:Deus
2906 3916 2996 3986 qui
3010 3915 3147 3970 hanc
3159 3914 3574 3970 sacratissimum

2185 4005 2352 4077 gloria
2382 4004 2674 4062 Dominica:
2713 4007 3105 4062 resurrectionis
3145 4005 3409 4074 illustres,
3449 4025 3683 4063 causam
3713 4009 3772 4062 in

2186 4115 2318 4154 nova
2347 4098 2566 4167 familiae
2601 4109 2705 4155 tute
2730 4101 2974 4172 progenie
3000 4099 3297 4172 adoptionis
3323 4098 3602 4171 Spiritum,
3630 4117 3776 4172 quem

2185 4193 2394 4249 dedisti.
2439 4193 2541 4249 Ubi
2584 4194 2882 4250 notandum
2919 4209 3109 4250 vocem
3142 4193 3527 4251 ministrorum
3563 4196 3628 4250 ad
3661 4185 3778 4251 nco4

2183 4287 2379 4357 phytos
2405 4301 2526 4342 esse
2554 4303 2728 4358 usque
2765 4288 2833 4343 ad
2873 4285 3244 4356 Evangelium.
3284 4285 3435 4342 Dicit
3473 4287 3545 4342 ad
3584 4302 3678 4343 eos
3709 4287 3775 4342 le-

2183 4385 2305 4432 ctor
2340 4395 2354 4431 :
2393 4375 2452 4432 Si
2500 4379 2902 4433 consurrexislis
2945 4394 3067 4433 cum
3112 4375 3324 4434 Christo
3349 4419 3364 4443 ,
3405 4396 3530 4451 qua
3582 4396 3774 4435 sum

2183 4479 2303 4523 sunt
2329 4469 2581 4540 quterile;
2620 4471 2710 4524 ubi
2747 4469 2984 4526 Christus
3017 4480 3094 4527 est
3133 4471 3189 4525 in
3223 4470 3412 4526 dextra
3447 4471 3553 4528 Dei
3587 4474 3773 4528 sedens.

490 4538 748 4635 gemitum
778 4554 988 4635 eorum,
1014 4552 1068 4596 et
1097 4545 1412 4600 recordatus
1438 4554 1522 4600 est
1562 4552 1705 4617 pacti
1759 4551 1902 4618 quod
1931 4551 2081 4622 pepi-
2106 4571 2160 4632 Ι)
2186 4538 2366 4616 Habes
2390 4560 2680 4625 lectionem
2710 4561 2777 4618 de
2799 4563 3098 4635 anagogico
3121 4562 3279 4634 pede,
3308 4563 3365 4618 in
3389 4579 3507 4634 quo
3536 4564 3777 4624 catech-

489 4629 569 4698 git
620 4629 767 4724 cum‘
794 4629 1070 4688 Abraham
1102 4645 1157 4689 et
1185 4636 1336 4694 Isaac
1379 4648 1434 4694 et
1482 4640 1670 4697 Iacob.
1726 4643 1796 4696 Et
1841 4640 2078 4698 ofﬁcium
2108 4629 2142 4632 ἡ
2185 4653 2332 4709 meui
2364 4654 2581 4710 accensi
2616 4669 2712 4724 per
2752 4629 2933 4712 verba.
2954 4629 3184 4723 cantici,
3221 4656 3366 4713 sicut
3389 4629 3546 4713 cervi
3581 4657 3779 4714 deside-

488 4731 695 4792 quarlae
743 4721 926 4791 feriae,
959 4727 1103 4795 quod
1147 4736 1231 4784 est
1279 4740 1440 4802 caput
1483 4733 1677 4805 jejunii
1712 4735 1789 4789 illi
1827 4736 2076 4804 tempori,

487 4816 704 4888 quando
726 4818 864 4874 dixit
895 4820 1153 4878 Dominus
1181 4824 1250 4878 ad
1278 4823 1498 4897 Moysen
1529 4845 1540 4880 :
1568 4827 1723 4883 Solve
1759 4828 2080 4886 calciamens

485 4923 594 4964 turn
640 4910 704 4965 de
747 4912 964 4982 pedibus
1006 4915 1128 4969 tuis.
1181 4915 1418 4987 Epistola
1459 4933 1608 4985 vero,
1637 4935 1757 4990 quae
1795 4921 1851 4976 in
1887 4923 2080 4988 eodem

486 5003 572 5056 die.
598 5002 818 5075 legitur,
847 5006 1182 5062 demonstrat
1226 5009 1384 5066 nobis
1429 5012 1560 5082 quid
1603 5013 1675 5069 sit
1714 5013 1926 5072 solvere
1968 5016 2079 5072 cal-

485 5105 828 5152 ceamentum
859 5099 926 5153 ile
952 5100 1212 5169 pedibus,
1242 5110 1303 5156 ut
1333 5118 1400 5158 ex
1431 5105 1617 5162 multis
1647 5123 1814 5162 unum
1859 5109 2074 5165 dicam:

487 5187 801 5256 Egredietur
830 5207 1050 5260 sponsus
1090 5191 1154 5246 de
1201 5193 1360 5247 cubili
1401 5212 1532 5263 suo,
1566 5205 1615 5250 et
1655 5215 1845 5268 sponsa
1871 5199 1937 5255 de
1961 5201 2079 5271 tita-

485 5278 624 5332 lamo
651 5297 768 5334 suo.
810 5281 1257 5340 Calceamentum
1286 5301 1317 5341 a
1340 5287 1544 5343 nostris
1570 5289 1799 5358 pedibus
1826 5291 2073 5360 solvitur,

395 5439 404 5443 ἱ
483 5370 699 5436 quando
726 5386 860 5440 opus
896 5377 1040 5442 quod
1065 5390 1131 5430 cx
1169 5377 1662 5436 necessitudinibus
1690 5383 2076 5453 concupiscen-

2185 4745 2382 4801 rabant
2409 4759 2673 4816 apparere
2702 4753 2826 4801 ante
2857 4745 3051 4804 faciem
3079 4747 3203 4813 Dei;
3233 4747 3379 4818 quod
3405 4763 3565 4804 nunc
3591 4747 3782 4804 habent

2183 4841 2240 4896 in
2279 4838 2498 4905 effectu,
2540 4849 2668 4896 tunc
2709 4839 2983 4899 habebant
3012 4842 3066 4896 iu
3095 4839 3390 4896 desiderio.
3457 4839 3632 4896 Nemo
3662 4857 3783 4911 pere

2182 4930 2321 4988 facte
2361 4941 2541 5003 potest
2588 4947 2777 5003 sapere
2816 4947 2935 5002 quae
2976 4947 3190 4988 sursum
3225 4940 3371 4993 sunt,
3409 4933 3526 4987 nisi
3564 4932 3782 4988 interno

2183 5025 2383 5081 mentis
2420 5024 2627 5080 caelesti
2673 5038 2870 5094 sapore
2912 5023 3064 5094 prius
3105 5021 3266 5077 fuerit
3309 5036 3607 5078 accensus.
3645 5023 3786 5078 Dicit

2182 5115 2250 5173 ad
2283 5130 2379 5171 eos
2429 5114 2600 5171 lector
2633 5133 2644 5169 :
2681 5113 2880 5169 Μοντιιὶ
2912 5114 3048 5168 enim
3090 5114 3214 5169 estis
3242 5123 3290 5168 et
3318 5115 3430 5168 vita
3459 5126 3642 5168 vestra
3672 5115 3786 5168 abs-

2180 5207 2393 5264 condita
2455 5215 2529 5260 est
2572 5222 2690 5260 cum
2734 5203 2942 5260 Christo
2989 5206 3047 5260 in
3093 5205 3222 5263 Deo.
3261 5204 3616 5261 Commortui
3659 5207 3786 5261 estis

2180 5297 2401 5354 Christo
2430 5312 2529 5367 per
2558 5296 2926 5367 baptismum,
2956 5297 3066 5352 vita
3103 5305 3286 5353 vestra
3323 5296 3511 5352 futura
3546 5297 3671 5366 jam
3707 5308 3785 5352 est

2180 5389 2237 5446 in
2267 5391 2509 5458 Christo,
2534 5399 2619 5447 est
2641 5391 2796 5447 vobis
2825 5390 2936 5445 vita
2969 5391 3207 5462 reposita
3238 5391 3294 5460 in
3321 5407 3418 5447 sua
3446 5393 3588 5446 vita.
3633 5391 3786 5460 Quod

486 5457 574 5552 tiae
617 5463 850 5552 carnalis
889 5469 1252 5538 percepimus,
1286 5472 1684 5528 intermittitur.
1733 5473 1803 5528 Et
1843 5473 2072 5533 ollieium
2167 5481 2232 5537 in
2260 5482 2354 5537 illo
2377 5483 2532 5538 scitis
2561 5480 2762 5537 factum
2804 5496 2870 5536 ex
2895 5457 3328 5546 resurrectione,
3376 5482 3431 5536 in
3469 5457 3787 5552 vobisspe-

485 5547 919 5622 Quadragesima:
946 5557 1020 5612 illi
1053 5562 1300 5631 tempori,
1327 5564 1545 5632 quando
1569 5563 1911 5635 alﬂigebatur
1937 5565 2076 5619 Pha-

485 5653 605 5702 rao,
634 5649 693 5692 ut
741 5643 1066 5704 liberaretur
1111 5655 1340 5724 p0pulus
1388 5657 1486 5711 Dei
1516 5665 1608 5712 :et
1645 5667 1838 5728 postea
1884 5673 2072 5729 perve-

485 5729 741 5824 niendum
766 5747 849 5792 est
875 5741 942 5794 ad
971 5758 1124 5799 mare
1144 5745 1406 5812 Rubrum,
1434 5750 1490 5805 id
1512 5758 1596 5806 est
1615 5753 1685 5807 ad
1703 5751 2035 5824 baptismum
2051 5771 2070 5808 :

2175 5581 2293 5626 rate
2324 5570 2567 5626 futurum
2597 5589 2611 5626 :
2640 5569 2774 5625 Cum
2799 5572 2941 5625 enim
2964 5567 3202 5625 Christus
3227 5574 3539 5642 apparuerit
3563 5573 3678 5628 vita
3711 5589 3789 5627 re-

2172 5669 2306 5726 stra,
2333 5661 2389 5717 id
2419 5669 2504 5717 est
2540 5675 2664 5717 cum
2696 5675 2754 5716 se
2787 5661 3248 5716 demonstraverit
3280 5659 3372 5716 ille
3396 5661 3496 5731 qui
3529 5663 3704 5718 modo
3729 5663 3786 5717 in

2172 5771 2233 5814 se
2275 5765 2461 5814 servat
2497 5757 2666 5813 vitam
2704 5767 2962 5823 vestram,
3000 5762 3058 5812 et
3089 5755 3285 5812 fecerit
3323 5771 3422 5813 vos
3447 5770 3597 5821 esse,
3631 5757 3788 5828 quod

485 5832 551 5874 ac.
578 5821 770 5881 deinde
813 5835 1200 5891 transeundum
1241 5853 1340 5909 per
1383 5840 1661 5900 desertum
1703 5821 1806 5898 sub
1843 5841 2072 5922 ducibus

2191 5861 2289 5918 pse
2312 5844 2433 5918 jam
2471 5856 2556 5907 est
2583 5863 2689 5920 per
2717 5821 3203 5918 immortalitatem,
3240 5854 3374 5932 tunc
3393 5852 3578 5909 cuos
