3978 6456
207 405 342 466 ίοόῗ

996 410 1088 468 DE
1123 408 1680 476 ECCLESIASTICIS
1715 413 2005 475 OFFICIIS
2041 417 2222 477 LIBRI
2254 415 2346 479 IV.
2381 453 2452 466 —-
2489 423 2618 480 LIB.
2656 425 2698 482 I.

3326 436 3466 498 4058

203 517 387 576 rebitis
413 528 538 573 cum
561 513 681 588 ipso
699 516 753 574 in
783 516 1111 593 gloria,qum
1139 523 1299 581 modo
1328 525 1485 582 vobis
1497 527 1775 597 promitti-
1803 532 1858 594 Α
1881 529 2012 588 feris
2026 532 2306 602 Dominus,
2330 538 2433 594 hoc
2451 534 2826 600 tantummodo
2845 545 3160 605 obtulerunt
3185 550 3464 609 mulieres.

203 618 306 667 tur.
372 607 712 682 Quapropter
753 612 887 670 dicit
923 615 1171 674 olﬁcialis
1199 638 1213 674 :
1240 619 1422 676 Nolite
1459 638 1570 678 esse
1601 624 1777 692 otiosi,

200 703 377 774 oﬁ‘erte
399 700 510 757 Deo
533 705 872 775 sacriﬁcium.
907 698 1242 783 Augustinus
1267 712 1424 770 nobis
1444 714 1782 772 demonstrat

201 795 255 850 in
296 794 502 865 psalmo
545 799 842 858 centesimo
891 814 1046 859 sexto
1088 806 1321 874 decimo,
1371 807 1529 878 quale
1574 809 1782 866 sacriﬁ-

197 886 332 941 cium
381 886 616 943 debeant
654 889 870 948 oll'erre.
920 894 1268 964 Audivimus,
1314 897 1545 966 fratres,
1594 901 1781 958 admo-

197 988 406 1035 nentem
445 997 546 1036 nos
571 991 733 1053 atque
769 987 1080 1044 hortantem
1121 989 1384 1060 Spiritum
1420 1001 1688 1059 sanctum,
1720 1003 1783 1050 ut

197 1070 514 1126 sacriﬁcium
566 1073 922 1133 confessionis
981 1079 1276 1137 offeramus
1325 1081 1458 1139 Deo.
1510 1083 1579 1138 Et
1620 1084 1781 1155 paulo

195 1169 351 1230 post:
386 1160 491 1216 Per
528 1165 771 1236 vosipsos
815 1171 1046 1238 potestis
1080 1174 1387 1239 advertere,
1424 1191 1530 1231 non
1568 1183 1780 1232 tantum

193 1251 247 1307 in
288 1255 547 1322 peccatis,
575 1259 671 1328 sed
699 1267 754 1314 et
789 1261 842 1314 in
881 1261 1129 1321 laudibus
1156 1266 1249 1320 Dei
1281 1267 1676 1324 confessionem
1707 1270 1785 1326 di-

193 1341 326 1396 vinis
355 1341 552 1401 litteris
580 1347 755 1404 solere
784 1353 1075 1409 nominari.
1131 1355 1270 1423 Quid
1305 1362 1691 1431 congruentius
1725 1363 1781 1417 in

193 1431 292 1487 hoc
333 1433 544 1504 psalmo
588 1441 806 1509 quando
838 1443 1084 1500 Alleluia
1131 1457 1440 1516 cantamus,
1487 1451 1630 1522 quod
1675 1462 1778 1521 est,

191 1523 400 1583 laudate
438 1530 746 1596 Dominum,
789 1551 889 1593 nos
927 1540 1207 1596 admoneri
1247 1542 1615 1616 intelligimus,
1657 1560 1782 1602 cum

189 1619 472 1676 audimus:
497 1621 830 1694 Con/itemini
872 1628 1099 1687 Domino
1125 1675 1140 1699 ,
1175 1645 1338 1705 quam
1370 1637 1601 1707 idipsum
1636 1639 1782 1694 scili-

189 1719 293 1778 cet,
320 1722 380 1768 ut
399 1713 679 1774 laudemus
700 1719 1024 1778 Dominum?
1051 1725 1170 1783 Non
1207 1729 1385 1799 potuit
1404 1729 1522 1786 laus
1545 1730 1639 1786 Dei
1656 1731 1782 1786 bre-

188 1804 307 1861 vius
334 1809 796 1884 explicari,quam
817 1824 878 1870 ut
901 1817 1191 1885 diceretur,
1219 1822 1468 1892 quoniam
1497 1822 1663 1878 bonus
1678 1832 1776 1877 est.

189 1892 328 1963 Quid
356 1898 427 1953 sit
453 1902 713 1972 grandius
734 1904 838 1959 ista
862 1905 1145 1976 brevitate,
1171 1926 1278 1966 non
1300 1912 1475 1968 video.
1524 1913 1591 1967 Et
1615 1914 1776 1983 paulo
1807 1897 1855 1958 Β

186 1998 343 2058 post:
369 1991 476 2048 Sed
497 1997 752 2064 quoniam
777 2001 973 2070 populo
1004 2002 1204 2058 dicitur
1237 2006 1293 2060 in
1319 2008 1778 2077 praenuntiatione

184 2079 490 2140 futurorum
520 2087 750 2146 liberato
778 2091 847 2146 ab
872 2094 1018 2148 omni
1047 2094 1230 2151 labore
1261 2106 1317 2152 et
1342 2099 1656 2168 captivitate
1686 2115 1780 2170 pe-

185 2176 568 2244 regrinationis
593 2220 608 2247 ,
652 2191 707 2237 et
742 2183 810 2238 ab
843 2186 991 2240 omni
1037 2189 1399 2259 permixtione
1447 2192 1776 2263 iniquorum,

186 2266 327 2335 quod
361 2268 411 2322 ei
450 2284 551 2339 per
584 2273 814 2344 gratiam
847 2277 942 2332 Dei
973 2281 1276 2349 praestitum
1324 2291 1428 2349 est,
1467 2298 1575 2339 non
1602 2285 1778 2341 solum

187 2371 292 2412 non
330 2362 684 2420 retribueutis
729 2365 874 2421 mala
918 2383 1019 2439 pro
1066 2370 1243 2436 malis,
1289 2373 1384 2428 sed
1423 2375 1589 2430 etiam
1616 2377 1781 2431 retri-

186 2449 396 2508 buentis
423 2454 566 2512 bona
593 2472 692 2528 pro
717 2458 895 2526 malis,
923 2463 1438 2521 convenientissime
1460 2466 1780 2538 adiunctum

186 2551 284 2608 est,
323 2549 574 2616 quoniam
611 2550 668 2603 in
697 2551 948 2606 steculum
977 2555 1338 2611 misericordia
1377 2559 1510 2628 ejus.
1561 2559 1642 2614 Ex
1669 2576 1778 2617 uno

185 2647 448 2709 praecepto
475 2641 676 2712 pendet
717 2642 970 2712 Alleluia,
1022 2656 1078 2702 et
1119 2656 1326 2706 tractus
1366 2651 1458 2720 qui
1506 2653 1776 2723 sequitur,

183 2723 281 2783 hoc
305 2737 406 2797 est,
447 2738 511 2786 ut
533 2734 791 2806 ne0phyti
820 2735 1050 2792 offerant
1075 2738 1188 2796 Deo
1218 2741 1544 2796 sacriﬁcium
1576 2743 1772 2799 laudis.

185 2814 407 2876 Tractus
441 2823 596 2891 dicit,
643 2825 697 2881 in
733 2841 898 2882 causa
933 2831 1365 2903 neophytorum:
1397 2833 1633 2891 Laudate
1659 2835 1776 2891 Do-

185 2911 399 2981 minum,
416 2932 598 2972 omnes
619 2928 815 2989 gentes,
832 2920 1047 2977 laudate
1070 2934 1220 2991 eum,
1237 2942 1412 2981 omnes
1431 2927 1632 2998 populi;
1647 2944 1776 2998 quo-

183 3001 320 3056 niam
355 3008 672 3077 conﬁrmata
711 3019 786 3066 est
830 3029 988 3083 super
1030 3031 1124 3071 nos
1167 3018 1531 3074 misericordia
1559 3021 1698 3091 ejus,
1727 3031 1775 3076 et

182 3094 364 3150 veritas
391 3097 608 3155 Domini
629 3113 806 3158 manet
838 3104 892 3158 in
924 3115 1196 3164 teternum.
1240 3109 1316 3166 De
1345 3113 1542 3182 quibus
1564 3112 1776 3169 duabus

182 3180 473 3272 virtutibus
502 3190 644 3246 idem
675 3194 768 3264 qui
803 3210 966 3267 supra
999 3198 1131 3255 dicit
1155 3200 1209 3255 in
1236 3180 1445 3272 psalmo
1470 3219 1602 3260 cxn.
1645 3204 1774 3262 Haec

183 3271 305 3342 duo,
340 3280 769 3341 misericordiam
808 3299 865 3344 et
891 3291 1195 3358 veritatem,
1229 3271 1517 3362 advertite,
1551 3298 1607 3351 in
1647 3313 1775 3353 san—

182 3367 282 3424 ctis
319 3369 637 3444 Scripturis,
682 3394 847 3447 quam
885 3397 1026 3451 smpe
1072 3384 1176 3439 sibi
1209 3384 1530 3455 iungantur.
1582 3387 1640 3441 In
1679 3404 1778 3445 sua

181 3461 377 3535 quippe
415 3468 788 3525 misericordia
834 3473 1051 3528 vocavit
1092 3475 1311 3545 impios,
1357 3487 1414 3533 et
1450 3478 1504 3532 in
1548 3479 1778 3535 veritate

173 3550 383 3623 judicat
413 3575 541 3629 eos,
569 3563 870 3633 qui'vocati
901 3567 1092 3624 venire
1119 3568 1429 3626 noluerunt.
1472 3570 1778 3629 Praesentes

174 3652 434 3723 neophyti
463 3655 566 3711 iter
593 3664 844 3726 paratum
871 3657 1076 3716 habent
1105 3660 1340 3719 intrandi
1368 3663 1435 3718 ad
1468 3678 1636 3736 regna
1667 3678 1779 3720 caa-

169 3745 346 3800 lorum
380 3757 394 3793 :
433 3751 589 3813 porta
619 3753 806 3816 aperta
840 3754 925 3802 est
967 3748 1080 3816 eis,
1119 3765 1284 3820 quam
1320 3767 1438 3819 nos,
1472 3753 1564 3822 qui
1600 3753 1780 3826 inqui-

169 3828 286 3882 nati
314 3845 510 3890 sumus
530 3851 628 3907 per
646 3839 976 3895 mundanum
999 3839 1254 3898 allectum
1276 3853 1400 3914 post
1421 3844 1774 3916 baptismum,

170 3916 390 3989 pulsare
425 3925 684 3984 debemus
713 3929 873 3986 bonis
911 3932 1187 4003 operibus.
1224 3933 1433 3991 Idcirco
1468 3945 1680 3992 tantum
1720 3937 1777 3994 in

175 4026 343 4072 causa
374 4027 466 4074 est
493 4035 623 4093 erga
651 4036 776 4088 eos,
803 4032 862 4078 ut
885 4023 1120 4082 offerant
1152 4027 1265 4083 Deo
1303 4028 1627 4085 sacriﬁcium
1660 4028 1777 4085 lau-

175 4101 280 4161 dis.
331 4107 600 4168 Cantatur
648 4115 800 4184 prius
847 4115 1101 4183 Alleluia,
1147 4119 1293 4190 quod
1338 4129 1422 4176 est
1466 4121 1772 4177 Hebraeum.

178 4191 409 4256 Hebraea
448 4204 596 4259 enim
640 4214 816 4261 mater
860 4215 946 4263 est
985 4221 1307 4266 caiterarum
1349 4211 1674 4284 linguarum,
1716 4226 1778 4268 ut

180 4291 480 4360 credimus,
519 4304 574 4350 et
607 4297 943 4354 nobilissima
982 4311 1194 4357 constat
1231 4312 1455 4376 propter
1484 4307 1776 4363 auctorita-

181 4387 293 4440 tem
309 4386 507 4444 divinae
523 4389 816 4462 Scriptura:
831 4411 846 4459 ;
875 4392 1069 4465 Latina
1092 4395 1316 4453 inferior
1335 4399 1489 4469 quasi
1510 4400 1642 4466 ﬁlia,
1661 4401 1776 4457 sive

184 4487 374 4546 nurus,
425 4497 586 4552 quam
629 4485 784 4540 duxit
817 4486 873 4541 in
911 4503 1138 4545 uxorem
1182 4490 1325 4548 ﬁlius
1356 4490 1672 4564 Synagogw,
1711 4509 1775 4549 ac

181 4580 277 4638 per
309 4572 415 4631 hoc
442 4575 669 4631 Alleluia
700 4580 1034 4650 praeponitur
1062 4582 1169 4649 hic,
1203 4585 1346 4654 quod
1370 4599 1477 4640 non
1504 4584 1564 4639 ﬁt
1590 4585 1644 4640 in
1671 4599 1775 4642 ca:-

184 4661 314 4719 teris
358 4664 550 4723 olIiciis
577 4687 589 4723 :
617 4677 797 4724 tamen
835 4688 959 4727 cum
1005 4684 1222 4730 ventum
1264 4674 1430 4732 fuerit
1469 4678 1538 4733 ad
1589 4679 1774 4735 dicen-
1799 4650 1854 4711 D

185 4750 310 4809 dum
344 4758 414 4815 de
450 4761 628 4830 prima
666 4769 722 4815 et
750 4772 940 4818 octava
983 4765 1071 4820 die
1107 4768 1522 4839 neophytorum,
1561 4779 1776 4842 oportet

186 4850 446 4916 repedare
472 4852 719 4908 eamdem
747 4863 982 4925 portam,
1028 4857 1142 4911 sive
1178 4859 1273 4920 sic,
1318 4873 1413 4914 seu
1446 4860 1553 4914 alio
1589 4865 1772 4919 modo.

186 4931 324 4994 Ecce
363 4941 580 4998 ﬁnitum
621 4953 706 5000 est
747 4944 1074 5002 sacrificium
1105 4949 1517 5021 neophytorum.
1571 4951 1776 5010 Deinde

187 5033 518 5090 resurrectio
549 5033 762 5090 Domini
791 5035 860 5092 ad
887 5038 1207 5093 memoriam
1249 5039 1556 5106 reducitur,
1587 5049 1644 5097 et
1673 5059 1774 5098 an-

187 5117 429 5184 gelorum
451 5125 704 5183 allocutio
727 5126 796 5184 ad
841 5127 1071 5187 feminas
1100 5141 1154 5188 et
1182 5131 1507 5188 feminarum
1536 5133 1780 5193 allectus.

188 5202 542 5289 Evangelium
572 5228 761 5276 narrat
796 5223 1094 5280 secundum
1129 5223 1369 5280 Marcum
1397 5227 1614 5282 modum
1642 5245 1778 5285 con-

188 5311 378 5365 ventus
421 5308 781 5379 feminarum,
818 5319 874 5368 et
909 5313 1044 5369 dixit
1072 5331 1084 5368 :
1114 5313 1256 5369 Dum
1294 5318 1565 5373 transisset
1598 5320 1783 5374 sabba-

191 5396 331 5466 lum,
375 5401 555 5458 Maria
595 5403 908 5475 Hagdalene
945 5415 995 5462 et
1035 5403 1212 5461 Maria
1250 5405 1439 5462 Jacobi
1477 5419 1526 5463 et
1570 5409 1781 5466 Salome

190 5499 422 5550 emerunt
457 5506 719 5563 aromata,
765 5505 822 5552 ut
871 5498 1129 5554 venientes
1175 5498 1425 5572 ungerent
1462 5501 1666 5558 Iesum.
1710 5503 1782 5560 Ut

191 5581 398 5656 opinor,
439 5600 663 5662 propter
692 5587 980 5648 mulierum
1018 5590 1378 5649 imitationem
1411 5593 1541 5650 dicit
1578 5593 1780 5651 Roma-

192 5673 530 5739 nus'libellus
555 5697 664 5739 non
699 5683 904 5755 portari
940 5684 1044 5742 hac
1080 5693 1241 5743 nocte
1270 5697 1398 5744 ante
1426 5689 1776 5762 Evangeiium

193 5761 334 5827 aliud
367 5776 825 5851 nisi’thymiama,
869 5779 985 5836 sive
1023 5780 1152 5852 quia
1189 5781 1400 5837 dubitat
1442 5761 1624 5838 utrum
1660 5783 1775 5854 jam

193 5867 412 5950 “metu
437 5883 590 5932 suam
615 5872 835 5950 plenam
855 5888 1081 5936 munere
1107 5873 1244 5935 lucis
1269 5875 1568 5939 revexisset
1595 5875 1664 5941 ab
1693 5877 1778 5939 in-

1881 622 1990 680 Illis
2019 625 2231 684 locutus
2254 639 2340 686 est
2359 632 2598 704 angelus,
2628 635 2814 693 dicens
2846 657 2858 692 :
2890 639 3066 696 Nolite
3094 660 3469 716 expavescere;

1882 715 2062 771 Iesum
2082 721 2316 790 quwritis
2343 723 2681 782 Nazarenam
2704 731 3016 798 cruciﬁxum
3043 749 3061 787 :
3087 739 3337 804 surre'cit,
3365 755 3469 792 non

1883 819 1957 862 est
1983 811 2087 864 hic.
2125 811 2183 866 ln
2223 817 2574 884 sequentibus
2609 820 2989 878 manifestatur
3027 823 3251 883 affectus
3283 827 3474 882 mulie-

1883 916 2004 955 rum
2029 919 2041 955 :
2065 901 2132 956 At
2160 902 2268 958 illm
2287 917 2550 972 exeuntes,
2576 909 2817 982 fugerunt
2847 914 2911 968 de
2935 927 3288 973 monumento.
3318 918 3474 974 Inva-

1881 1000 2022 1045 serat
2045 993 2181 1047 enim
2202 1011 2290 1049 eas
2321 997 2478 1052 timor
2499 1009 2544 1052 et
2568 1016 2750 1069 pavor,
2789 1012 2836 1056 ct
2870 1005 3062 1058 nemini
3081 1005 3364 1076 quidquam
3392 1007 3474 1060 di-

1883 1093 2093 1150 xerunt,
2138 1086 2388 1142 timebant
2431 1091 2588 1144 enim.
2639 1091 2792 1159 Quod
2833 1095 2906 1148 ita
2947 1095 3092 1150 Beda
3130 1111 3293 1167 super
3333 1097 3476 1152 Mar-

1885 1192 2009 1232 cum
2042 1196 2056 1232 :
2088 1178 2278 1235 Merito
2305 1191 2486 1237 movet
2521 1187 2787 1253 quomodo
2819 1186 3034 1244 Marcus
3060 1191 3280 1255 scribat,
3313 1199 3361 1244 et
3392 1205 3478 1243 ne-

1885 1271 2016 1326 mini
2038 1272 2321 1344 quidquam
2350 1274 2617 1342 dixerunt,
2640 1292 2762 1332 cum
2785 1279 2928 1334 dicat
2941 1279 3134 1348 Lucas,
3155 1292 3201 1337 et
3227 1297 3474 1352 regressa:

1886 1379 1919 1418 a
1947 1377 2304 1432 monumento,
2347 1371 2718 1425 nuntiaverunt
2746 1373 2857 1428 lucc
2893 1376 3070 1429 omnia
3097 1375 3205 1432 illis
3229 1381 3470 1439 undecim

1886 1466 1934 1513 et
1965 1461 2168 1515 caeteris
2198 1461 2455 1518 omnibus.
2509 1462 2772 1520 Similiter
2808 1466 3107 1536 Mattbaeus,
3147 1480 3197 1526 et
3241 1475 3477 1531 exierunt

1886 1551 1951 1606 de
1972 1564 2305 1609 monumento
2336 1572 2454 1609 cum
2491 1557 2677 1612 timore
2701 1569 2749 1612 et
2774 1561 2968 1630 gaudio
2998 1579 3187 1633 magno
3207 1605 3223 1631 ,
3262 1583 3480 1622 curren-

1886 1652 1961 1697 tes
2012 1645 2256 1700 nuntiare
2302 1646 2576 1717 discipulis
2617 1648 2764 1719 ejus;
2795 1650 2898 1705 nisi
2935 1651 3295 1725 intelligamus
3334 1657 3480 1726 ipso-

1887 1747 2007 1788 rum
2040 1734 2352 1806 angelorum
2394 1737 2597 1792 nemini
2639 1754 2800 1794 ausas
2839 1739 3008 1797 fuisse
3045 1741 3248 1814 aliquid
3276 1745 3477 1815 dicere,

1885 1827 1941 1882 id
1979 1837 2063 1884 est
2099 1830 2430 1899 respondere
2456 1833 2522 1887 ad
2552 1847 2616 1888 ea
2644 1847 2764 1904 quae
2801 1835 2870 1889 ab
2908 1835 3015 1892 illis
3050 1839 3352 1907 audierant,
3387 1849 3484 1898 aut

1883 1929 2034 1976 certe
2050 1924 2365 1979 custodibus
2385 1941 2520 1994 quos
2533 1927 2781 1997 jacentes
2798 1927 3051 1983 viderunt
3071 1930 3120 1983 ".
3150 1930 3478 2000 Reducendo

1885 2010 1953 2065 ad
1989 2013 2307 2068 memoriam
2330 2014 2601 2072 silentium
2628 2025 2684 2072 et
2707 2017 3033 2074 sacriﬁcium
3069 2021 3354 2079 mulierum
3380 2065 3396 2092 ,
3425 2025 3480 2080 in

1883 2107 2128 2174 tempore
2143 2104 2395 2160 sacriﬁcii
2409 2105 2572 2162 silent
2584 2117 2852 2163 cantores.
2871 2109 2940 2164 Et
2952 2125 3139 2166 earum
3153 2113 3478 2172 sacriﬁcium

1883 2201 2143 2251 erattunc
2159 2196 2302 2267 quod
2329 2197 2576 2254 ferebant
2592 2209 2924 2272 unguentum
2947 2204 3014 2258 ad
3030 2207 3338 2277 ungendum
3359 2225 3482 2265 cor-

1882 2298 1984 2354 pus
2006 2284 2238 2340 Domini.
2281 2285 2529 2353 Sanctus,
2559 2300 2795 2357 sanctus,
2817 2302 3031 2348 sanctus
3055 2305 3279 2352 cantant
3294 2339 3309 2365 ,
3333 2301 3480 2370 quod

1882 2388 1966 2434 est
1995 2379 2310 2449 angelorum
2336 2390 2529 2437 cantus
2550 2423 2565 2448 ,
2593 2384 2718 2453 quia
2748 2387 2924 2456 angeli
2953 2403 3060 2442 non
3103 2397 3389 2447 tacuerunt
3411 2393 3478 2450 de

1885 2469 2004 2540 ejus
2035 2474 2436 2529 resurrectione
2453 2515 2468 2541 ,
2493 2475 2606 2531 sive
2628 2477 2730 2532 iste
2755 2518 2768 2542 ,
2795 2479 2886 2549 qui
2909 2481 3070 2536 modo
3089 2480 3300 2539 locutus
3320 2486 3479 2541 estin

1885 2558 2100 2627 Marco;
2129 2562 2244 2617 sive
2268 2562 2343 2617 illi
2367 2579 2504 2633 quos
2531 2564 2766 2623 Joannes
2790 2579 2977 2624 narrat
3005 2571 3276 2640 sedentes,
3308 2591 3473 2632 unum

1885 2652 1955 2708 ad
1988 2663 2151 2724 caput
2184 2661 2240 2709 et
2280 2671 2445 2710 unum
2472 2657 2538 2713 ad
2563 2659 2748 2728 pedes.
2802 2661 2930 2717 Vice
2961 2662 3248 2720 mulierum
3279 2665 3478 2723 iterum

1882 2741 2070 2815 Agnus
2113 2744 2208 2800 Dei
2249 2748 2480 2803 reticent
2517 2757 2789 2819 cantores,
2825 2754 3006 2825 Agnus
3043 2755 3163 2822 Dei,
3203 2757 3346 2823 dico,
3388 2760 3479 2830 qui

1883 2833 2026 2888 tollis
2068 2847 2282 2906 peccata
2319 2839 2524 2904 mundi,
2571 2841 2816 2898 miserere
2855 2845 3022 2900 nobis.
3059 2846 3227 2902 Maria
3260 2849 3480 2905 dicebat

1882 2921 2173 2981 bortulano
2204 2945 2217 2980 :
2250 2926 2508 2996 Domine,
2539 2930 2585 2985 si
2613 2939 2669 2985 tu
2694 2933 2958 2990 sustulisti
2987 2953 3126 3004 eum,
3158 2939 3319 2994 dicito
3353 2942 3480 2996 mihi

1881 3014 1975 3069 ubi
2017 3017 2237 3087 posuisti
2276 3019 2436 3074 eum?
2461 3036 2614 3091 quem
2639 3023 2918 3090 credebat,
2958 3023 3145 3080 furtim
3183 3028 3475 3096 sublatum,

1881 3121 1991 3162 non
2021 3109 2280 3164 credebat
2309 3110 2498 3166 tollere
2525 3122 2748 3182 peccata
2767 3116 2974 3183 mundi,
2997 3131 3061 3171 ac
3076 3126 3359 3188 propterea
3390 3133 3484 3173 au-

1885 3201 2018 3262 divit
2037 3203 2252 3272 quando
2277 3204 2449 3259 voluit
2473 3204 2758 3261 Dominum
2785 3216 3042 3280 tangere:
3081 3208 3211 3263 Noli
3244 3226 3324 3265 me
3360 3219 3481 3266 tan-

1882 3309 2024 3364 gere,
2055 3295 2289 3349 nondum
2309 3297 2448 3350 enim
2474 3297 2684 3350 arcendi
2709 3297 2780 3350 ad
2805 3295 3020 3354 Patrem
3042 3316 3234 3354 meum.
3282 3299 3480 3356 Sacer-

1885 3385 1984 3439 dos
2012 3384 2251 3439 vicarius
2282 3385 2484 3440 Cbristi
2514 3385 2699 3456 implet
2727 3387 2959 3444 officium
2990 3404 3170 3445 suum.
3218 3391 3480 3447 Dubitan-

1883 3476 2028 3531 tibus
2055 3476 2314 3546 apostolis
2343 3478 2409 3532 de
2437 3493 2532 3533 sua
2560 3481 2980 3546 resurrectione,
3012 3482 3328 3540 timentibus
3353 3500 3476 3540 mu-

1881 3565 2108 3624 lieribus
2135 3577 2190 3624 et
2217 3568 2354 3623 nihil
2375 3569 2682 3626 dicentibus
2702 3572 3016 3641 angelorum
3045 3581 3340 3631 concentus
3365 3577 3479 3632 cla-

1884 3670 1998 3717 mat
2019 3660 2296 3717 Christum
2323 3662 2691 3719 resurrexisse
2717 3679 2747 3718 a
2775 3667 3025 3722 mortuis.
3080 3665 3329 3723 Christus
3363 3668 3481 3738 ipse

1881 3769 1980 3825 per
2002 3770 2157 3810 suam
2186 3756 2478 3827 gloriosam
2510 3748 2903 3828 apparitionem
2934 3759 3283 3817 manifestum
3309 3775 3367 3818 se
3393 3759 3479 3816 fa-

1883 3845 1960 3902 cit
1982 3847 2394 3919 quibuscunque
2417 3848 2552 3904 vult.

2421 3961 2654 4020 CAPUT
2701 3962 2918 4020 XXXII.

2250 4032 2328 4088 De
2357 4044 2470 4089 octo
2501 4035 2681 4090 diebus
2715 4038 3119 4108 neophytorum.‘

1954 4123 2096 4180 Dicit
2126 4125 2456 4197 Augustinus
2497 4125 2566 4182 ad
2594 4124 2911 4183 Ianuarium
2937 4146 2951 4182 :
2980 4128 3108 4184 Haec
3135 4129 3202 4184 de
3232 4127 3479 4201 Scriptu-

1883 4217 1962 4272 ris
1989 4217 2301 4272 ﬁrmissime
2325 4226 2594 4284 tenentur,
2629 4218 2684 4272 id
2713 4227 2800 4274 est
2821 4218 3031 4274 Pascha
3060 4227 3114 4275 et
3135 4219 3474 4288 Pentecoste,
3569 4286 3574 4292 ε

1883 4317 1946 4364 ut
1995 4309 2350 4381 quadraginta
2390 4310 2504 4366 dies
2552 4310 2629 4364 illi
2675 4320 2802 4366 ante
2841 4311 3049 4368 Pascha
3085 4312 3474 4381 observentur,

1883 4401 2143 4458 Ecclesia:
2185 4402 2470 4459 consensio
2521 4402 2838 4458 roboravit:
2873 4403 2952 4460 sic
3003 4404 3203 4471 etiam,
3249 4413 3309 4459 ut
3353 4413 3479 4461 octo

1883 4492 2000 4548 dies
2029 4493 2422 4566 neophytorum
2450 4493 2853 4567 distinguantur
2881 4511 2911 4550 a
2940 4496 3176 4560 caeteris,
3201 4496 3257 4551 id
3283 4504 3388 4562 est,
3417 4505 3480 4552 ut

1881 4590 2108 4637 octavus
2129 4582 2306 4652 primo
2333 4583 2622 4637 conveniat
2647 4585 2686 4637 '.
2737 4581 2872 4638 Octo
2905 4582 3079 4639 ofﬁcia
3110 4595 3243 4657 quae.
3261 4583 3399 4638 ﬁunt
3419 4583 3476 4638 in

1878 4674 2395 4731 commemoratione
2427 4677 2820 4748 neophytorum
2841 4717 2856 4742 ,
2893 4675 3298 4748 distinguuntur
3317 4691 3346 4730 a
3373 4691 3477 4730 ca:-

1877 4767 2012 4824 teris
2033 4767 2386 4838 sequentibus
2415 4783 2586 4839 usque
2607 4771 2674 4823 ad
2700 4767 3076 4826 Pentecosten.
3120 4767 3358 4823 Primum
3385 4768 3477 4822 ha-

1877 4859 1970 4916 bet
2017 4863 2150 4917 duas
2189 4860 2400 4926 laudes,
2447 4861 2500 4916 id
2546 4868 2652 4926 est,
2698 4860 2944 4922 Alleluia,
2990 4857 3322 4928 Conﬁtemini
3371 4859 3474 4913 Do-

1879 4955 2044 5018 mino,
2069 4962 2124 5008 et
2149 4961 2402 5016 tractum,
2437 4950 2676 5004 Luudate
2714 4949 3024 5017 Dominum,
3063 4966 3241 5005 omnes
3276 4960 3470 5020 gentes.

1880 5043 2141 5101 Octavum
2170 5045 2331 5100 habet
2357 5045 2512 5111 duas,
2547 5045 2601 5100 id
2629 5052 2732 5111 est,
2769 5045 2876 5101 duo
2903 5045 3156 5112 Alleluia,
3181 5043 3311 5100 Htcc
3337 5045 3470 5110 dies,

1863 5146 1940 5200 ,et
1979 5138 2238 5205 Laudate,
2275 5140 2445 5211 pueri,
2483 5139 2806 5196 Dominum:
2839 5140 2983 5212 quod
3012 5157 3119 5198 non
3149 5141 3212 5195 ﬁt
3239 5141 3294 5196 iu
3327 5140 3476 5194 nullo

1884 5227 2110 5284 sabbato
2147 5228 2252 5283 alio
2291 5244 2464 5302 usque
2507 5229 2562 5284 in
2605 5229 2982 5288 Pentecosten.
3026 5230 3131 5287 Sex
3175 5231 3338 5288 medii
3377 5232 3474 5288 ha-

1882 5320 2016 5376 bent
2051 5323 2453 5392 responsorium
2479 5332 2537 5378 et
2556 5323 2804 5378 Alleluia.
2853 5323 3034 5378 Prima
3073 5337 3203 5395 ergo
3231 5323 3374 5389 vita,
3413 5333 3474 5380 ut

1882 5413 1974 5485 qui
1998 5428 2160 5484 supra
2187 5414 2256 5468 ad
2282 5414 2552 5480 eumdem,
2581 5429 2686 5469 non
2720 5412 2822 5468 fuit
2854 5413 3178 5484 sempiterna
3203 5414 3470 5484 peccanti.

1882 5508 2119 5580 Requies
2148 5521 2332 5566 autem
2361 5509 2551 5564 ultima
2587 5509 2917 5581 sempiterna
2949 5516 3053 5574 est,
3087 5522 3151 5564 ac
3172 5523 3271 5580 per
3293 5507 3397 5565 hoc
3417 5516 3474 5564 et

1880 5611 2104 5658 octavus
2133 5603 2521 5674 sempiternam
2551 5599 2940 5657 beatitudinem
2973 5597 3215 5666 habebit,
3239 5599 3366 5670 quia
3392 5613 3475 5655 re-

1881 5694 2036 5766 quies
2067 5695 2154 5749 illa
2178 5734 2192 5760 ,
2221 5710 2340 5764 quae
2369 5693 2696 5764 sempiterna
2724 5702 2836 5757 est,
2864 5691 3133 5764 excipitur
3159 5692 3227 5748 ab
3253 5699 3469 5755 octavo,

1881 5800 1990 5841 nou
2041 5785 2424 5857 exstinguitur,
2479 5798 2653 5855 neque
2695 5784 2842 5840 enim
2891 5791 3036 5840 esset
3078 5781 3237 5839 aliter
3276 5781 3474 5851 sempi-

1879 5883 2056 5937 terna.
2096 5876 2177 5936 Ita
2202 5878 2322 5957 erit
2351 5885 2579 5942 octavus
2611 5877 2704 5957 qui
2736 5877 2970 5955 primus,
3015 5885 3077 5938 ut
3117 5876 3294 5951 prima
3335 5872 3490 5950 vita,-
