3978 6456
476 400 625 490 4.0.59.

1268 421 1354 472 .
1416 420 1469 426 “’
1516 398 1851 469 MAI-Mill
1877 392 2696 464 PWEBI'MENSIS
2879 399 2967 453 Ti;

3624 396 3791 475 ιδωξ

465 531 562 601 sed
593 538 818 599 aeterna,
852 522 1126 583 reddatur.
1162 522 1224 581 in
1259 524 1652 583 memeratioue
1677 522 1870 594 primm
1902 519 2379 588 Vitae,"Al.vitat
2415 516 2874 578 suahi.“Anima3'
2907 518 3119 595 quippe
3427 505 3793 587 satietur-um“

466 640 629 701 quam
665 621 858 679 habuit
876 620 1058 692 primo
1080 617 1278 684 Adam,
1310 616 1540 672 Alleluia
1569 616 1804 681 canitur,
1842 622 1899 669 et
1931 614 2079 685 quia

464 734 576 787 non
610 716 714 771 fuit
745 714 1101 785 sempiterna,
1134 718 1342 767 tractus
1380 709 1644 780 sequitur,
1687 717 1748 764 ut
1788 708 1843 764 in
1880 707 2083 777 lingua-

468 811 759 871 humiliore
783 807 1065 867 humilitas
1085 807 1404 880 posterioris
1426 808 1554 863 vitae
1582 805 1918 863 recordetur.
1957 803 2079 858 Διι-³

467 904 576 961 huc
602 902 862 974 neophyti
889 900 1410 972 iuperegrinatione
1447 906 1607 966 sunt,
1647 899 1703 954 in
1741 912 1847 968 qua
1878 905 2077 952 tamen'

467 997 690 1053 laudare
718 996 1008 1052 Dominum
1044 995 1261 1060 debent,
1293 993 1420 1063 quia
1450 1000 1576 1048 sunt
1615 991 1902 1062 redempti.
1947 989 2081 1045 Rem

468 1090 626 1161 quies
651 1088 860 1155 ultima,
899 1100 1019 1158 qua:
1052 1085 1297 1142 redditur
1321 1085 1377 1139 in
1404 1085 1635 1155 septima
1667 1082 1776 1150 die,
1806 1090 1861 1138 et
1893 1080 2061 1153 perﬂ-

470 1184 614 1240 oitur
653 1183 709 1237 in
743 1191 954 1245 octava,
1005 1181 1122 1251 ipsa
1156 1179 1322 1236 habet
1353 1178 1737 1247 sempiternam
1772 1175 2061 1233 beatitudi-

471 1289 597 1330 nem
628 1293 642 1329 :
670 1290 733 1328 ac
764 1288 863 1343 per
885 1272 990 1327 hoc
1018 1271 1074 1326 in
1096 1270 1421 1328 memoriam
1458 1269 1757 1340 potissima:
1788 1274 2077 1322 restanra-:

470 1372 635 1429 tionis
666 1373 719 1427 in
757 1372 983 1442 septima
1013 1370 1134 1434 die,
1167 1370 1225 1425 et
1260 1369 1315 1423 in
1351 1376 1545 1423 octavo
1575 1365 1759 1421 officio
1788 1364 1896 1419 duo
1923 1362 2066 1418 Αιιεδ

470 1465 578 1522 luia
613 1472 903 1521 cantantur
931 1482 945 1518 :
972 1462 1228 1534 primum,
1266 1461 1395 1531 quia
1423 1460 1534 1516 vita
1562 1458 1837 1523 redditur;
1871 1471 2061 1512 secun-

471 1558 621 1624 dum,
657 1557 787 1627 quia
816 1556 1147 1625 sempiterna
1198 1552 1447 1607 Alleluia.
1487 1550 1789 1606 Gloriosior
1816 1548 2059 1604 omnium

469 1648 773 1721 linguarum
799 1647 978 1718 lingua
1010 1645 1237 1700 Hebraea
1259 1648 1363 1699 est.
1412 1641 1592 1713 Atque
1615 1642 1667 1696 in
1692 1642 1800 1696 isto
1818 1639 1940 1695 loco
1966 1653 2061 1694 ea-

469 1742 592 1801 dem
611 1742 823 1797 ratione
848 1748 1135 1811 possumus
1157 1751 1256 1792 nos
1276 1735 1556 1791 absolvere
1581 1750 1612 1789 a
1636 1734 1817 1790 debito
1838 1741 2057 1790 octava-

467 1850 591 1891 mm
637 1834 846 1890 dierum
878 1873 894 1900 ,
945 1832 1001 1887 id
1052 1832 1137 1887 est
1190 1829 1597 1886 Dominicorum
1657 1826 2007 1882 Pentecostes
2037 1866 2052 1892 ,

2160 614 2766 675 atitc'resurrectionem
2790 616 3038 688 corporis
3060 626 3189 699 sunt
3206 610 3425 699 quidem
3454 618 3519 675 in
3547 623 3761 695 requie,

2160 709 2255 765 sed
2274 708 2329 765 in
2361 723 2427 765 ea
2449 722 2558 764 non
2591 718 2719 764 sunt
2750 711 2970 768 actione
3001 698 3110 782 qua
3140 698 3367 784 corpore
3401 723 3643 787 recepto
3673 732 3762 774 re-

2159 810 2430 874 getantur.
2493 803 2679 861 Talem
2729 805 2931 877 quippe
2988 808 3256 864 actionem
3304 806 3599 880 significat
3650 810 3762 871 dies

2160 902 2403 960 octavus,
2452 896 2542 965 qui
2581 903 2647 950 et
2677 897 2907 967 primus,
2960 899 3053 969 qui
3100 915 3209 955 non
3253 901 3431 957 aufert
3481 902 3644 958 illam
3682 921 3763 961 re-

2160 988 2362 1058 quiem,
2399 989 2491 1044 sed
2517 989 2799 1061 glorificat.
2834 988 2912 1046 Et
2952 990 3310 1062 inspiratione
3354 996 3545 1053 sancti
3587 994 3760 1071 Augu-

2159 1080 2285 1135 stini
2322 1094 2423 1152 per
2460 1083 2864 1151 responsorium
2905 1083 3257 1155 intelligimus
3304 1086 3595 1145 actionem
3646 1106 3759 1146 san.

2160 1180 2370 1228 ctorum
2412 1172 2466 1226 in
2504 1184 2749 1243 oorpore,
2790 1189 2911 1245 qua:
2951 1177 3054 1232 erit
3085 1193 3208 1232 cum
3249 1182 3398 1235 omni
3445 1182 3667 1249 laetitia,
3704 1192 3757 1241 ut

2158 1265 2536 1336 responsorius
2564 1277 2738 1334 sonat,
2790 1265 2919 1323 Haec
2959 1270 3072 1324 dies
3104 1280 3262 1339 quam
3291 1272 3417 1343 fecit
3460 1272 3754 1346 Dominus;

2157 1356 2474 1412 euultemus
2500 1365 2551 1413 et
2577 1357 2815 1413 laetemur
2832 1361 2886 1415 in
2915 1376 2997 1416 ea.
3021 1361 3159 1430 Quia
3191 1364 3307 1421 haec
3332 1358 3534 1422 laetitia
3562 1373 3752 1427 exitum

2158 1450 2323 1506 habet
2350 1464 2405 1505 tn
2434 1450 2829 1522 gloriﬁcatione
2848 1496 2863 1521 ,
2899 1453 3127 1512 Alleluia
3159 1458 3449 1528 sequitur;
3491 1462 3554 1516 et
3584 1470 3642 1517 ut
3668 1464 3749 1519 de-

2156 1551 2492 1600 monstretur
2535 1548 2786 1603 eamdem
2824 1549 3094 1605 actionem
3139 1562 3249 1607 oon
3292 1568 3419 1609 esse
3463 1550 3618 1611 aliud
3656 1550 3771 1629 nisi,
3826 1580 3833 1585 λ

2157 1632 2373 1690 laudem
2398 1634 2515 1702 Dei,
2543 1643 2665 1708 post
2691 1650 2785 1695 ser
2816 1640 2933 1696 dies
2957 1642 3316 1699 continuatim
3347 1643 3589 1705 Alleluia
3616 1650 3769 1707 cani.‘

2158 1732 2268 1782 tur.
2310 1726 2415 1784 Ubi
2464 1730 2760 1785 notandum
2801 1743 2887 1786 est
2927 1748 3119 1789 versus
3178 1739 3527 1807 responsorii
3575 1724 3769 1800 omnes

2158 1827 2279 1877 esse
2307 1822 2374 1877 de
2413 1822 2620 1892 psalmo
2666 1822 3000 1893 Canfitemini
3037 1825 3287 1893 Domino,
3319 1830 3415 1899 qui
3447 1840 3605 1886 sonat
3628 1812 3771 1889 con—i

468 1926 686 1999 quando
720 1926 827 1981 duo
866 1893 1081 1978 alleluia
1123 1922 1562 1993 frequentantur.
1603 1920 1721 1976 Duo
1760 1929 1887 1976 sunt
1912 1920 2058 1975 unde
2084 1893 2134 1954 Β
2160 1913 2451 1971 fessionem
2486 1916 2681 1983 laudis,
2709 1928 2833 1987 quae
2856 1927 3037 1976 tamen
3064 1919 3184 1976 laus
3217 1893 3448 1979 Alleluia
3478 1926 3748 1982 concludi-

368 2065 372 2071 .
470 2019 654 2075 anima
694 2018 750 2072 in
789 2016 1018 2087 septima
1057 2014 1166 2081 die,
1206 2015 1260 2070 id
1288 2021 1374 2070 est
1401 2014 1613 2084 reQuie,
1654 2012 1839 2068 laudat
1875 2008 2058 2067 Domi-

469 2114 603 2168 num
639 2108 784 2164 unde
808 2108 878 2163 de
927 2114 1182 2178 percepta
1226 2105 1448 2172 latitia,
1491 2105 1719 2161 alterum
1767 2107 1832 2161 de
1877 2106 2055 2176 perci-

468 2203 667 2275 pienda
693 2203 751 2258 in
778 2202 1181 2258 resurrectione
1198 2241 1213 2267 ,
1238 2208 1294 2256 et
1312 2200 1420 2255 alio
1447 2200 1608 2255 modo
1633 2218 1646 2253 τ
1674 2198 1849 2256 Homo
1884 2200 1943 2255 in
1972 2214 2058 2255 re-

467 2294 806 2351 surrectione
833 2292 1107 2349 constabit
1128 2306 1194 2348 ex
1226 2292 1407 2346 anima
1439 2300 1498 2347 et
1527 2302 1783 2362 corpore,
1812 2293 2085 2361 quamvis’

469 2384 757 2456 spirituali.
805 2383 865 2440 In
905 2384 1282 2440 recordatione
1323 2382 1468 2437 illius
1508 2383 1926 2439 resurrectionis
1960 2392 2059 2454 per

466 2477 778 2535 Domnicos
818 2476 935 2532 dies
975 2475 1326 2531 Pentecostes
1364 2475 1473 2529 duo
1511 2473 1732 2529 alleluia
1775 2475 2059 2531 celebran-

466 2577 578 2627 tur.
643 2569 715 2626 Et
769 2569 896 2639 quia
956 2567 1239 2623 Dominica
1288 2566 1617 2623 resurrectio
1665 2567 1945 2636 praecessit
2001 2568 2055 2622 in

464 2671 657 2721 octavo
694 2664 800 2731 die,
838 2662 984 2734 quod
1020 2660 1263 2716 futurum
1294 2660 1403 2715 erit
1439 2659 1494 2714 in
1526 2660 1925 2717 resurrectione
1959 2670 2057 2717 no-

465 2758 580 2812 stra
606 2798 621 2823 ,
663 2756 765 2812 hoc
809 2755 1021 2828 agimus
1052 2769 1152 2825 per
1185 2753 1496 2810 Dominicos
1533 2753 1647 2808 dies
1684 2751 2053 2821 Pentecdstes,
2082 2786 2087 2789 -

466 2845 523 2902 id
563 2853 680 2911 est,
720 2853 784 2900 ut
815 2853 871 2900 et
904 2858 1059 2901 mens
1092 2851 1149 2899 et
1181 2857 1378 2914 corpus
1414 2843 1596 2899 laudet
1626 2843 1934 2899 Dominum.
1988 2842 2058 2901 Et

466 2937 593 3009 quia
630 2936 851 2992 interim
883 2936 1001 2992 sine
1033 2946 1262 3005 corpore
1285 2935 1467 2990 anima
1493 2936 1548 2990 in
1576 2946 1629 2991 te
1649 2935 1835 2990 laudat
1860 2936 2051 3004 Deum,

464 3042 565 3099 per
603 3027 845 3101 singulos
869 3021 995 3084 dies
1024 3024 1252 3083 Alleluia
1282 3028 1609 3084 celebratur.
1646 3028 1704 3083 in
1744 3027 2085 3087 festivitatia"

462 3123 568 3179 bus
591 3133 906 3180 sanctorum
941 3124 1049 3180 duo
1089 3118 1304 3180 alleluia
1343 3132 1486 3193 sunt,
1531 3125 1655 3196 quia
1685 3118 1800 3195 jam
1844 3122 1910 3181 de
1946 3124 2056 3180 Do-

464 3214 598 3271 mini
638 3222 859 3286 aspectu
898 3217 1077 3286 potius
1114 3216 1396 3285 laetantur,
1440 3228 1603 3289 quam
1644 3218 1730 3273 hae
1770 3226 1889 3288 quae
1926 3218 2055 3272 sunt

2081 3258 2131 3326 C

2159 2016 2249 2063 tur
2268 2014 2496 2079 propter
2523 2010 2844 2066 nobiliarem
2872 2011 3127 2084 linguam.
3171 2010 3376 2071 Versus
3413 2024 3539 2072 sunt
3565 2036 3578 2071 :
3609 2017 3744 2073 Con-

2156 2102 2376 2172 ﬁtemim'
2407 2102 2664 2170 Domino,-
2694 2103 2941 2176 qaoniam
2979 2107 3166 2171 bonus,
3205 2109 3450 2178 quoniam
3489 2111 3545 2164 in
3583 2128 3775 2189 scrca-_

2158 2193 2267 2250 lam
2300 2187 2659 2251 nuseﬂeordia
2683 2196 2818 2268 ejus.
2868 2196 3003 2253 item
3026 2212 3044 2252 :
3066 2196 3226 2275 Dicat
3249 2214 3379 2271 nunc
3404 2200 3579 2257 Israel
3609 2219 3745 2275 quo-

2159 2286 2301 2342 niam
2328 2288 2512 2343 bonus.
2550 2287 2682 2343 Item
2703 2306 2721 2343 :
2742 2288 2934 2343 Dicam
2962 2302 3102 2345 nunc
3120 2292 3215 2365 qui
3234 2292 3398 2347 timent
3421 2292 3731 2362 Dominum,

2157 2379 2406 2449 quoniam
2424 2379 2481 2432 in
2502 2379 2772 2434 saeculum.
2824 2378 2935 2435 Seu
2960 2377 3186 2438 :Dicant
3226 2382 3311 2454 qui
3336 2383 3579 2455 redempti
3613 2368 3765 2439 sunt‘

2157 2470 2466 2529 a‘Domino.
2531 2472 2802 2544 Utrosque
2843 2472 2953 2530 vidi
3002 2470 3237 2548 scriptos
3277 2476 3334 2532 in
3373 2472 3466 2533 illo
3502 2478 3645 2545 loco,
3689 2487 3745 2535 et

2157 2569 2415 2634 utrosque
2471 2564 2651 2621 audivi
2699 2567 2930 2621 cantari.
2986 2567 3121 2624 item
3165 2587 3181 2624 :
3224 2564 3453 2626 Dextera
3518 2552 3770 2627 Domini;

2156 2650 2289 2708 item
2308 2670 2321 2706 :
2340 2651 2592 2724 Lapidem
2611 2666 2763 2726 quem
2788 2655 3207 2725 reprobaverunt.
3246 2658 3382 2714 Item
3410 2658 3742 2717 :Benedictus

2156 2746 2247 2817 qui
2287 2746 2443 2801 venit.
2488 2746 2548 2801 in
2574 2739 2683 2802 line
2717 2745 2863 2802 enim
2900 2762 3153 2803 versuum
3203 2758 3579 2824 praeposterus
3619 2752 3743 2808 ordo

2156 2845 2260 2905 est,
2289 2837 2601 2894 Benedictus
2640 2840 2730 2911 qui
2763 2839 2899 2895 venit
2932 2842 2988 2895 in
3022 2843 3231 2897 nomine
3257 2838 3504 2909 Domini,
3550 2860 3743 2916 praepo-

2157 2928 2309 2984 nitur
2330 2927 2385 2984 in
2415 2930 2604 3000 quinta
2632 2924 2771 2986 feria
2799 2931 3000 2998 versui,
3029 2930 3282 3004 Lapidem
3318 2948 3480 3006 quem
3520 2937 3718 3007 reprobo
3764 2950 3767 2951 '

2156 3030 2358 3089 verunt,
2390 3023 2484 3094 qui
2519 3031 2601 3079 est
2642 3023 2699 3079 in
2731 3024 2925 3080 ordine
2955 3024 3150 3096 psalmi
3187 3027 3360 3098 prior,
3394 3032 3456 3084 et
3479 3029 3622 3101 quod
3644 3044 3735 3085 non
3762 3012 3767 3021 ’

2156 3122 2242 3170 est
2286 3115 2405 3170 sine
2448 3108 2679 3182 ratione,
2708 3103 2875 3172 serta
2911 3114 3050 3172 feria
3083 3118 3362 3174 cantatur.
3419 3116 3569 3178 idem
3614 3103 3769 3195 inter:

2158 3213 2384 3261 exteros
2420 3206 2695 3277 praecipue
2735 3212 2895 3264 sonat
2941 3207 3011 3264 de
3044 3209 3297 3279 passione
3339 3208 3595 3280 Domini,
3636 3222 3741 3283 quae

465 3313 678 3360 tantum
713 3306 771 3360 in
796 3308 985 3379 requie
1015 3308 1228 3363 animte.
1289 3307 1488 3375 Unum,
1516 3309 1640 3379 quia
1671 3308 2049 3379 requiescunt;
2080 3296 2131 3353 ν
2157 3298 2303 3356 facta
2350 3308 2435 3356 est
2474 3307 2626 3357 sexta
2671 3300 2808 3385 feria
2837 3316 2851 3359 ξ
2880 3296 2936 3358 in
2977 3300 3070 3360 illa
3108 3300 3549 3377 reprobaverout
3588 3306 3739 3367 Judzi

465 3398 716 3467 alterum,
747 3400 876 3471 quia
902 3400 1090 3457 vident
1117 3401 1424 3457 Dominum.
1473 3402 1731 3470 Quamvis
1757 3406 2050 3457 memorata

464 3492 672 3549 sabbati
699 3495 929 3565 septima
946 3495 1064 3550 dies
1089 3494 1161 3550 sit
1183 3494 1556 3559 hebdomadis,
1593 3500 1773 3549 tamen
1802 3498 2052 3550 octavum

465 3583 705 3640 officium
747 3585 802 3641 in
845 3600 910 3641 ea
949 3585 1256 3641 celebratur
1294 3601 1393 3656 pro
1426 3582 1731 3656 neophytis.
1778 3578 1849 3639 At
1887 3584 2054 3641 medii

465 3686 558 3731 se:
601 3677 1007 3745 responsorium
1042 3682 1230 3731 tenent
1253 3679 1308 3729 et
1336 3664 1570 3729 alleluia.
1612 3673 1768 3730 Sicut
1803 3684 2055 3745 septena-

466 3764 580 3820 rius
626 3778 887 3822 numerus
936 3767 1177 3838 requiem
1227 3767 1521 3837 significat,
1575 3767 1651 3823 ita
1699 3776 1754 3824 et
1806 3769 2085 3825 senarius.

463 3870 652 3926 opera.
709 3857 1124 3926 Responsorius,
1167 3858 1260 3928 qui
1299 3873 1399 3914 nos
1438 3858 1631 3915 invitat
1664 3874 1763 3930 per
1799 3875 1894 3916 sex
1936 3861 2054 3917 dies

466 3952 535 4007 ad
573 3949 775 4005 Christi
814 3951 1288 4018 resurrectionem,
1338 3951 1575 4024 aliquam
1621 3954 1889 4009 actionem
1936 3954 2053 4009 vult

466 4042 622 4099 nobis
660 4040 911 4096 intimare
940 4041 997 4096 in
1029 4043 1429 4099 resurrectione
1456 4052 1766 4114 corporum.
1829 4045 1904 4099 De
1943 4059 2051 4114 qua

465 4127 680 4191 actione
724 4124 860 4189 dicit
905 4130 1068 4201 idem,
1111 4135 1203 4206 qui
1244 4148 1428 4207 supra,
1474 4135 1541 4191 ad
1583 4136 1832 4192 eumdem
1864 4132 2051 4194 {Inest

463 4235 643 4282 autem
671 4226 725 4281 in
755 4222 844 4281 illa
870 4228 1068 4297 requie
1084 4243 1189 4283 non
1212 4228 1481 4285 desidiosa
1510 4231 1758 4302 segnitia,
1784 4232 1877 4288 sed
1896 4246 2050 4303 qute-
2078 4231 2085 4235 ’

464 4319 587 4375 dam
633 4310 921 4374 ineﬂ’abiiis
971 4320 1331 4389 tranquillitas
1389 4322 1618 4378 actionis
1671 4325 1878 4380 otiosae.
1957 4323 2085 4380 Sie'

460 4409 613 4464 enim'
631 4411 698 4465 ab
726 4409 1473 4482 hujusvitaeoperibusinline
1488 4414 1875 4484 requiescetur,
1901 4423 1961 4470 ut
1994 4417 2049 4472 in

460 4500 684 4556 alterius
710 4502 833 4557 vita:
857 4503 1068 4558 actione
1096 4505 1412 4573 gaudeatur.
1471 4504 1578 4560 Sed
1606 4507 1732 4576 quia
1760 4507 1880 4562 talis
1906 4507 2049 4563 actio

2155 3391 2449 3449 Dominum
2468 3389 2820 3462 mdiilcahtes,
2849 3395 2902 3475 in
2932 3394 3022 3474 illa
3050 3392 3225 3457 factus
3253 3410 3340 3457 est
3363 3411 3529 3474 caput
3552 3402 3737 3474 angeli,
3760 3404 3767 3411 ’

2156 3490 2487 3562 coniungens
2546 3484 2684 3547 duos
2734 3490 2974 3562 parietes
3029 3490 3193 3549 simul
3242 3506 3312 3550 ex
3371 3494 3603 3554 adverso
3653 3506 3739 3552 ve-

2154 3582 2389 3641 nientes.
3058 3580 3067 3585 ’

2690 3668 2921 3734 CAPUT
2963 3671 3203 3737 XXXIII.

2582 3766 2659 3826 De
2701 3768 2896 3825 eisdem
2946 3780 3063 3827 octo
3110 3771 3315 3829 diebus.

2200 3860 2358 3919 Octo
2402 3863 2517 3919 dies
2565 3866 2960 3938 neophytorum
3030 3876 3251 3922 Cursum
3295 3865 3589 3938 praesentis
3628 3867 3775 3939 vita,

2153 3962 2477 4010 monstrant.
2513 3955 2667 4012 Sicut
2691 3958 2836 4012 enim
2858 3957 2964 4012 iter
2982 3954 3216 4014 filiorum
3246 3956 3439 4023 israel,
3466 3970 3733 4033 postquam

2151 4046 2488 4102 transierunt
2519 4060 2673 4104 mare
2708 4041 2953 4104 Rubrum
2999 4064 3173 4124 usque
3209 4052 3277 4107 ad
3317 4062 3515 4107 terram
3552 4038 3767 4124 remo-1

2152 4137 2444 4204 missionis,
2485 4138 2754 4210 signiﬁcat
2782 4155 2998 4197 omnem
3031 4156 3250 4198 cursum
3288 4146 3578 4214 pnesentis
3605 4147 3745 4213 Viue,

2150 4230 2228 4286 ita
2246 4241 2307 4286 et
2330 4233 2673 4289 conversatio
2698 4234 3092 4305 ncophytorum
3121 4248 3343 4292 omnem
3368 4250 3597 4294 cursum
3620 4254 3744 4310 pre-

2150 4325 2318 4381 sentis
2358 4323 2499 4392 vitm,
2542 4324 2597 4380 in
2634 4340 2742 4396 quo
2778 4336 2878 4383 nos
2911 4335 3125 4399 oportet
3168 4332 3475 4386 secundum
3512 4340 3771 4403 resurreg

2150 4416 2385 4473 ctionem
2412 4416 2615 4473 Christi
2650 4418 2852 4475 vivere.
2891 4416 2968 4476 De
2997 4436 3104 4493 quo
3129 4436 3290 4480 cursu
3322 4422 3463 4479 dicit
3496 4422 3740 4497 Angusti-

2148 4523 2253 4563 nus
2288 4509 2340 4563 in
2372 4508 2511 4564 libro
2546 4512 2737 4565 contra
2780 4509 3041 4568 Faustum
3082 4508 3445 4571 duodecimo:
3476 4516 3655 4573 Rubet
3695 4515 3775 4593 in.

458 4592 516 4647 in
559 4592 652 4645 Dei
689 4591 844 4651 laude
882 4594 1083 4663 agitur,
1122 4596 1239 4651 sine
1275 4595 1461 4651 labore
1500 4598 1886 4665 membrorum,
1931 4599 2046 4654 sine
2069 4628 2125 4695 Ι)
2148 4600 2287 4656 mari
2311 4600 2495 4657 Rubro
2515 4602 2847 4674 baptismus,
2878 4602 3065 4677 utique
3091 4604 3295 4663 Christi
3324 4606 3603 4678 sanguine
3631 4624 3743 4664 coa-

459 4699 659 4755 angore
680 4696 953 4752 curarum,
982 4702 1090 4743 non
1118 4689 1186 4743 ad
1213 4702 1335 4744 eam
1366 4690 1443 4745 sic
1474 4690 1737 4744 transitur
1767 4706 1865 4761 per
1890 4692 2043 4761 quie-
2069 4689 2107 4695 Ψ
2148 4701 2392 4750 Secretus
2424 4713 2436 4748 :
2467 4692 2653 4750 hostes
2690 4704 2980 4768 sequentes
3008 4712 3036 4752 a
3067 4702 3219 4771 tergo
3250 4701 3604 4769 moriuntur,
3640 4714 3745 4773 pec~

458 4784 589 4843 tem,
620 4786 679 4831 ut
699 4778 811 4848 ipsa
834 4774 1006 4834 labori
1037 4781 1309 4847 succedat,
1334 4781 1388 4835 id
1415 4789 1629 4837 estnon
1655 4783 1733 4838 sic
1762 4797 1880 4839 esse
1906 4784 2042 4840 lnci-
2082 4776 2089 4815 ί

454 4868 568 4941 piat
598 4871 761 4936 actio,
790 4878 848 4925 ut
877 4872 1087 4927 desinat
1119 4873 1292 4943 quies.
1346 4868 1533 4945 Neque
1564 4874 1709 4930 enim
1741 4876 1949 4932 reditur
1972 4876 2042 4933 ad

455 4961 669 5019 labores
704 4972 759 5019 et
793 4979 973 5031 curas,
1016 4967 1109 5022 sed
1147 4966 1499 5037 permanetur
1535 4970 1588 5024 in
1630 4962 1862 5028 actione.
1903 4971 2040 5043 Quia

453 5054 521 5110 ad
556 5056 792 5124 quietem
832 5056 1068 5126 pertinet
1107 5072 1207 5113 nec
1240 5060 1296 5113 in
1330 5076 1495 5130 opere
1532 5062 1800 5130 laborare,
1845 5080 1945 5121 nec
1986 5065 2041 5120 in
2086 5066 2089 5073 ’

453 5147 780 5217 cngitatione
802 5146 1080 5203 fluctuare.
1139 5147 1275 5217 Quia
1295 5164 1425 5224 ergo
1452 5168 1550 5225 per
1573 5158 1817 5226 requiem
1844 5157 1912 5213 ad
1932 5158 2043 5228 pri~

453 5253 598 5292 main
625 5239 792 5293 vitam
826 5236 1055 5308 reditur,
1083 5242 1226 5298 unde
1252 5243 1431 5299 anima
1467 5245 1615 5317 lapsa
1643 5258 1726 5304 est
1754 5249 1809 5304 in
1843 5262 2039 5321 pecca-
2078 5246 2086 5259 ’

454 5338 588 5396 tum,
622 5340 842 5403 propter
875 5344 943 5387 ea
979 5344 1076 5403 per
1104 5324 1391 5391 sabbatum
1429 5339 1643 5408 requies
1685 5340 2037 5413 signiﬁcatur.

452 5421 543 5477 illa
571 5432 751 5481 autem
780 5428 955 5497 prima
983 5428 1115 5494 vita,
1149 5444 1269 5500 qua:
1294 5442 1325 5485 a
1349 5430 1784 5503 peregrinatione
1813 5434 2041 5492 redeun-

456 5513 621 5581 tibus,
650 5527 705 5573 et
730 5522 964 5589 primum
1003 5521 1197 5578 stolam
1238 5526 1629 5596 accipientibus
1670 5526 1918 5584 redditur
1943 5544 2042 5602 per
2080 5554 2083 5559 λ

453 5620 618 5660 unam
641 5611 868 5677 sabbati,
900 5628 1063 5683 quem
1090 5614 1232 5670 diem
1260 5614 1598 5675 Dominicum
1623 5620 1876 5690 dicimus,
1905 5622 2039 5695 ligu-

454 5708 627 5797 ra‘tur.
682 5703 749 5758 Et
781 5706 835 5761 in
872 5708 979 5797 alio
1012 5709 1132 5768 loco
1165 5708 1306 5767 idem
1339 5712 1408 5769 ad
1446 5715 1696 5772 eumdem
1729 5735 1742 5771 :
1774 5716 1901 5774 Dies
1936 5717 2040 5775 Do-

452 5794 684 5851 minicus
720 5812 826 5852 non
856 5794 1077 5870 Judaeis,
1117 5806 1213 5861 sed
1255 5803 1604 5875 Christianis,
1639 5810 2039 5869 resurrectione

454 5882 670 5947 Douzini
692 5888 1127 5967 declaratuszest,
1156 5892 1217 5956 et
1238 5913 1309 5958 ex
1326 5898 1426 5960 illo
1455 5902 1622 5983 coepit
1654 5901 1863 5967 habere
1887 5901 2047 5988 festis

2144 4790 2265 4842 cata
2298 4786 2590 4857 praeterita.
2652 4784 2877 4843 Ducitur
2906 4785 3139 4860 populus
3169 4806 3267 4861 per
3290 4790 3582 4849 desertum
3616 4809 3631 4849 :
3660 4795 3748 4849 ha-

2144 4879 2332 4951 ptizati
2356 4893 2546 4936 omnes
2568 4882 2806 4937 nondum
2834 4882 3184 4954 perfruentur
3215 4886 3499 4955 promissa
3535 4886 3735 4959 patria;
3772 4890 3781 4895 ’

2145 4972 2241 5029 sed
2283 4973 2425 5042 quod
2470 4988 2577 5028 non
2617 4974 2823 5042 vident,
2873 4976 3142 5046 sperando
3182 4986 3238 5032 et
3280 4990 3383 5049 per
3426 4981 3785 5052 patientiamf

2145 5069 2529 5139 caspectando,
2561 5079 2815 5142 tanquam
2845 5071 2901 5127 in
2929 5071 3145 5129 deserto
3170 5081 3300 5132 sant
3328 5090 3341 5130 :
3371 5078 3427 5131 et
3464 5074 3579 5132 illic
3606 5070 3781 5131 rabo-'

2144 5161 2304 5217 riosze
2332 5171 2385 5217 et
2407 5162 2723 5232 periculosze
2745 5164 3093 5232 tentationes,
3116 5176 3187 5221 ne
3208 5170 3565 5223 revertantur
3586 5167 3753 5225 corde

2143 5251 2203 5306 in
2224 5249 2521 5324 Egyptum
2553 5271 2571 5308 :
2595 5268 2695 5311 nec
2730 5252 2805 5312 ibi
2843 5264 3025 5313 tamen
3060 5252 3311 5315 Christus
3349 5257 3581 5326 deserit,
3623 5276 3750 5317 nam
3772 5256 3787 5263 ⁸

2143 5350 2200 5400 et
2224 5344 2313 5401 illa
2342 5344 2594 5403 columna
2634 5362 2742 5406 non
2780 5350 3000 5409 recedit.
3041 5336 3351 5409 Secundum
3390 5352 3516 5412 htec
3555 5354 3747 5421 verba,

2141 5437 2403 5509 baptizati
2456 5441 2635 5496 nostri
2687 5441 2961 5498 ducuntur
2980 5450 2993 5505 ‘_
3014 5443 3255 5515 quotidie
3298 5440 3371 5501 ad
3414 5443 3746 5515 Ecclesiam,

2142 5530 2392 5588 columna
2422 5532 2565 5589 cerei
2608 5515 2908 5590 inominata
2941 5537 3259 5606 praecedens
3286 5544 3403 5604 eos,
3436 5537 3752 5593 inominata

2139 5622 2374 5695 estiam,
2413 5624 2539 5696 quia
2575 5626 2629 5682 in
2670 5640 2866 5699 corpus
2902 5626 3106 5684 Christi
3144 5626 3358 5699 traiecti
3395 5636 3531 5687 sunt
3567 5631 3753 5703 bapti—

2139 5717 2245 5775 zati
2272 5735 2285 5773 :
2315 5716 2536 5789 spiritus
2569 5716 2773 5775 Christi
2810 5718 3081 5776 illuminat
3116 5721 3361 5776 membra
3388 5718 3623 5778 Christi.
3668 5720 3753 5778 Ex

2137 5810 2489 5882 sequentibus
2516 5818 2695 5884 potest
2733 5811 2977 5884 dignosci
3018 5804 3285 5884 qubmodo
3328 5808 3405 5867 illi
3449 5818 3578 5868 octo
3630 5813 3754 5869 dies

2104 5914 2458 5990 conplentur
2485 5906 2671 5969 cursui
2701 5914 2880 5971 status
2915 5906 3131 5969 nostri:
3161 5904 3352 5991 prima
3369 5905 3488 5968 dies
3516 5905 3754 5988 quam“
3782 5892 3794 5919 ’
