3978 6498
168 442 304 505 1061

942 438 1024 502 DE
1063 388 1616 502 Ecctssuisrtms
1651 430 1936 500 oremus
1973 427 2290 502 uani-1v.
2315 471 2396 492 -ν
2424 446 2555 504 LIB.
2594 448 2636 504 ι.

3257 451 3398 515 106Ξ

160 556 448 632 baptizatus
476 559 753 617 descendit
777 562 1033 630 deaque,
1061 573 1182 629 quae
1209 564 1293 615 est
1318 560 1622 625 sabbatum,
1664 544 1717 612 id
1744 553 2016 621 Amissa},
2034 574 2167 614 mea:
2180 560 2431 628 parvitati
2454 557 2868 628 luecsufﬂciant,
2887 572 3306 639 quapropterea
3329 582 3400 629 te-

159 662 235 706 est
275 649 500 718 requies,
537 657 739 703 statum
779 650 908 705 Adae
947 651 1098 714 nobis
1145 651 1400 705 informat
1427 657 1717 719 antequam

157 749 408 813 peccaret.
450 740 573 794 Non.
595 740 766 794 Adam
795 743 868 796 ita
902 741 1003 795 fuit
1027 741 1218 808 factus,
1243 750 1304 795 ut
1327 741 1510 796 labore
1539 741 1748 810 aliquo‘

156 835 444 901 acquireret
473 831 572 886 sibi
600 831 831 887 fructum
859 833 1092 898 vivendi,
1123 835 1169 889 si
1195 849 1299 888 non
1326 841 1598 904 peccaret,
1625 833 1720 888 sed

151 934 319 978 tamen
366 922 558 992 legitur
602 924 844 992 posuisse
883 931 1009 979 eum
1051 925 1105 978 in
1144 925 1396 994 paradiso
1438 924 1608 978 Deum
1660 929 1751 975 ut;

151 1020 472 1079 operaretur.
521 1013 776 1068 Eamdem
806 1015 1043 1084 requiem
1063 1056 1076 1079 ,
1105 1030 1266 1084 quam
1298 1016 1550 1085 praestitit
1580 1015 1720 1069 Deus

146 1108 286 1169 Athe,
318 1115 604 1177 antequam
634 1118 906 1178 peccaret,
937 1111 1031 1165 dat
1062 1111 1348 1180 baptizatis
1377 1111 1431 1164 in
1459 1111 1715 1165 sabbato:

148 1201 215 1255 ita
244 1209 414 1256 talnen
443 1212 506 1256 ut
525 1204 778 1275 deinceps
809 1217 1100 1275 operentur
1118 1206 1257 1259 bona
1284 1220 1457 1274 usque
1487 1205 1553 1258 ad
1583 1204 1718 1259 alte-

148 1308 256 1346 ram
287 1293 495 1348 sabbati
527 1314 540 1348 :
567 1295 705 1350 sicut
733 1306 788 1351 et
823 1296 994 1352 Adam
1023 1299 1174 1368 operi
1209 1299 1420 1353 deditus
1456 1296 1556 1353 fuit
1591 1299 1718 1353 abs—
1749 1323 1752 1327 ·

146 1396 242 1450 que
291 1381 397 1436 ullo
454 1383 656 1438 labore.
719 1384 842 1455 Ipsa
888 1387 1104 1455 requies
1143 1394 1228 1441 est
1269 1387 1528 1442 innocens
1572 1387 1716 1453 vita,

145 1488 297 1542 quam
323 1475 513 1532 habuit
533 1478 705 1533 Adam
731 1479 787 1534 in
825 1482 1052 1550 septima
1083 1483 1171 1537 die
1205 1482 1420 1551 quando
1458 1482 1722 1550 requievit

143 1567 275 1621 Deus
311 1568 378 1623 ab
408 1569 660 1626 omnibus
697 1571 953 1641 operibus
989 1573 1139 1628 suis:
1169 1574 1414 1629 eamdem
1452 1574 1720 1642 recipiunt
1755 1603 1758 1606 -

139 1660 290 1716 modo
324 1661 585 1731 baptizati
622 1663 676 1716 in
717 1664 961 1718 sabbato.
1013 1662 1093 1718 Ac
1129 1664 1253 1718 dein
1283 1664 1409 1732 quia
1437 1665 1522 1718 via
1552 1669 1721 1719 restat

135 1750 418 1817 baptizatis
444 1767 539 1821 per
573 1753 864 1818 desertum,
903 1753 1055 1823 quasi
1087 1761 1209 1824 post
1241 1751 1489 1818 Alleluia,
1527 1754 1720 1807 animat

137 1846 354 1906 tractus,
398 1841 453 1895 id
489 1849 591 1907 est,
631 1843 912 1912 patientia,
955 1857 1051 1912 per
1085 1858 1245 1912 quam
1277 1851 1594 1912 exspectare
1624 1843 1718 1898 de-

1828 649 1941 719 tigi,
1959 657 2020 702 ut
2041 665 2146 704 non
2167 649 2524 705 mihividerer
2553 663 2582 705 a
2599 658 2746 706 tanta
2765 651 2967 721 laetitia,
2987 669 3241 727 quantam
3258 679 3398 732 pra)-

1823 756 1949 796 scns
1976 742 2217 797 continet
2238 743 2370 808 dies,
2397 749 2576 798 mente
2603 745 2810 802 alienus
2831 744 2965 802 fore.
2988 749 3212 822 Insuper
3231 756 3397 808 etiam

1822 832 1953 887 libet
1981 834 2324 903 interponere
2352 836 2494 904 quod
2526 835 2584 892 S.
2615 836 2947 905 Augustinus
2974 841 3040 894 de
3061 844 3397 899 orationibus

1822 924 2002 979 missa:
2027 925 2158 979 dicit
2184 927 2235 980 in
2253 927 2400 983 libro
2429 926 2794 994 Quaestionum
2828 931 2882 983 in
2908 933 3299 999 quaestionibus
3331 938 3399 991 ad

1821 1014 2106 1072 Paulinum
2127 1016 2390 1071 Nolanum
2419 1019 2730 1089 episc0pum
2757 1037 2769 1073 :
2800 1021 2961 1075 Multa
2990 1024 3115 1079 hinc
3145 1026 3248 1080 dici
3275 1044 3398 1095 pos-

1822 1118 1948 1162 sunt
1993 1125 2115 1178 quae
2158 1109 2511 1179 improbanda
2555 1124 2670 1165 non
2703 1121 2866 1178 sunt,
2915 1117 3008 1170 sed
3051 1115 3190 1186 eligo
3225 1120 3278 1172 in
3317 1121 3403 1174 his

1820 1199 1999 1254 verbis
2029 1200 2132 1256 hoc
2181 1201 2478 1272 intelligere
2524 1203 2666 1271 quod
2708 1205 2887 1259 omnis
2919 1205 3002 1260 vel
3045 1223 3186 1277 pene
3223 1212 3400 1266 omnis

1822 1288 2135 1359 frequentat
2174 1291 2415 1346 Ecclesia
2437 1333 2452 1357 ,
2483 1301 2544 1347 ut
2582 1295 2924 1362 precationes
2961 1297 3292 1365 accipiamus
3323 1302 3404 1354 di-

1823 1390 1959 1446 ctas,
1991 1397 2126 1453 quas
2155 1384 2386 1440 facimus
2418 1387 2471 1440 in
2501 1386 2868 1444 celebratione
2899 1401 3361 1445 sacramentorum
3384 1433 3399 1458 ,

1823 1481 2111 1544 antequam
2141 1475 2270 1529 illud
2299 1476 2446 1545 quod
2483 1483 2568 1531 est
2611 1477 2670 1532 in
2713 1493 2900 1534 mensa
2932 1478 3147 1534 Domini
3182 1481 3404 1550 .neipiat

1821 1567 2087 1621 benedici.
2119 1567 2438 1633 Orationes,
2472 1585 2595 1624 cum
2621 1569 2962 1626 benedicitur
3001 1580 3058 1625 et
3099 1573 3404 1626 sanctiﬁca-

1823 1664 1933 1720 tur,
1962 1665 2017 1710 et
2043 1659 2112 1712 ad
2139 1658 2570 1714 distribuendum
2603 1660 3009 1725 comminuitur,
3041 1675 3203 1730 quam
3236 1669 3403 1716 totam

1820 1751 2135 1820 petitionem
2182 1751 2297 1806 fere
2343 1753 2520 1808 omnis
2556 1752 2799 1809 Ecclesia
2841 1755 3118 1810 Dominica
3159 1757 3403 1811 oratione
3451 1788 3456 1794 -

1823 1841 2134 1899 concludit:
2165 1844 2663 1914 interpellationes,
2709 1847 2825 1902 sive
2861 1843 2944 1917 (ut
2979 1847 3149 1902 uestri
3193 1847 3408 1903 codices
3453 1850 3457 1854 ’

131 1929 256 1986 bent
293 1941 500 1988 terram
537 1935 995 2004 repromissionis,
1031 1945 1332 2005 sequuntur
1357 1949 1450 1990 sex
1480 1936 1596 1990 dies
1627 1936 1719 2006 qui
1748 1912 1795 1971 Β
1822 1931 2044 2004 habent)
2073 1912 2467 2004 postulationes
2501 1912 2673 2005 ﬁunt,
2702 1955 2825 1994 cum
2853 1912 3084 2009 populus
3134 1940 3408 1994 benedici-

128 2025 404 2092 pertinent
441 2026 512 2081 ad
547 2042 684 2096 opus
714 2028 935 2092 bonum,
980 2037 1332 2098 sanctumque
1359 2037 1415 2083 et
1440 2028 1610 2098 pium,
1653 2042 1722 2082 ne

127 2127 297 2170 vacua
335 2117 530 2172 domus
560 2118 867 2174 invadatur.
918 2119 1050 2173 Post
1071 2119 1194 2174 illos
1217 2134 1310 2174 sex
1335 2120 1451 2174 dies
1477 2119 1723 2188 sequitur

130 2204 526 2274 sabbatismus,
561 2209 654 2276 qui
709 2224 804 2263 eos
837 2209 1134 2265 introducit
1168 2210 1234 2264 ad
1267 2211 1497 2280 patriam
1531 2223 1722 2280 repro-

127 2301 424 2366 missionis,
455 2302 544 2356 ubi
570 2311 653 2358 est
679 2303 896 2372 requies
918 2304 1271 2373 sempiterna,
1309 2320 1418 2359 non
1443 2314 1722 2360 revertens

129 2393 189 2450 ad
204 2392 444 2462 aliquem
469 2392 709 2448 laborem
728 2436 743 2460 ,
772 2395 868 2450 sed
895 2396 962 2452 de
992 2395 1176 2450 laetitia
1205 2396 1388 2467 gloriae
1419 2397 1722 2451 animarum

129 2485 316 2540 transit
340 2485 412 2540 ad
436 2485 684 2540 laetitiam
721 2485 1146 2556 incorruptib-ilis
1185 2490 1432 2558 corporis
1465 2505 1567 2544 :ac
1601 2490 1721 2544 ideo

127 2591 226 2630 non
271 2575 631 2646 subsequitur
676 2575 929 2642 Alleluia,
981 2577 1108 2632 Haec
1153 2579 1298 2645 dies,
1349 2587 1596 2634 tractus:
1627 2578 1722 2634 sed

125 2665 372 2732 Alleluia,
421 2665 687 2734 Laudate,
733 2668 904 2738 pueri,
953 2669 1257 2723 Dominum.
1313 2669 1418 2725 Sex
1464 2671 1580 2727 dies
1627 2671 1720 2741 qui

125 2755 262 2814 inter
293 2759 405 2814 duo
441 2758 670 2814 sabbata
710 2768 837 2815 sunt
872 2768 1161 2830 utrumque
1200 2761 1375 2825 nobis
1403 2770 1615 2831 tempus
1654 2762 1722 2816 ad

121 2852 444 2906 memoriam
476 2852 780 2918 reducunt,
813 2852 1021 2908 scilicet
1052 2853 1214 2917 Adae,
1253 2854 1348 2923 qui
1379 2852 1481 2907 fuit
1508 2854 1721 2909 deditus

123 2941 634 2998 desiderantissimo
661 2933 813 3013 aperi
848 2943 903 2996 in
930 2943 1212 3013 paradiso;
1241 2954 1295 2999 et
1326 2943 1457 2999 illud
1485 2960 1594 3015 quo
1619 2944 1718 2999 ﬁlii

122 3033 281 3092 Israel
307 3039 648 3094 transierunt
677 3054 776 3108 per
806 3037 1080 3094 desertum
1109 3038 1209 3094 sub
1243 3039 1487 3103 ducibus,
1520 3039 1575 3093 in
1610 3053 1718 3107 quo

123 3137 366 3200 tempore
403 3145 517 3188 non
552 3140 677 3187 sunt
702 3132 887 3186 attrita
911 3133 1234 3187 vestimenta
1269 3132 1485 3187 illorum
1509 3140 1611 3199 ,et
1641 3132 1721 3188 sic

122 3223 340 3280 tandem
371 3233 743 3296 pervenerunt
771 3226 838 3281 ad
862 3225 1166 3281 libertatem
1188 3225 1244 3280 in
1269 3233 1415 3281 terra
1434 3225 1723 3297 repromis-

119 3315 327 3384 sionis,
377 3334 504 3388 qua:
551 3317 818 3388 significat
865 3317 1093 3388 patriam
1138 3317 1190 3372 in
1231 3333 1339 3387 qua
1384 3318 1721 3389 recipiuntur

115 3417 323 3465 sanctae
348 3410 552 3465 anima:
573 3420 696 3480 post
718 3409 973 3464 saeculum
1007 3417 1362 3463 transactum.

665 3520 892 3576 CAPUT
951 3518 1189 3574 XXXIV.

573 3592 651 3646 De
685 3592 769 3645 die
806 3601 988 3646 sancto
1027 3588 1270 3644 Pascha.

175 3685 282 3741 Die
325 3692 529 3741 sancto
565 3681 787 3737 Paschae
819 3681 875 3736 in
916 3680 1140 3736 introitu
1171 3694 1272 3750 per
1307 3694 1404 3736 ora
1434 3680 1725 3750 propheta-

99 3792 226 3832 rum
273 3781 586 3844 praesentat
621 3787 680 3828 se
719 3772 969 3828 Christus
1015 3789 1083 3828 ex
1133 3772 1532 3828 resurrectione
1573 3773 1720 3828 Patri

95 3889 200 3929 suo
231 3913 246 3937 ,
296 3871 356 3924 in
412 3869 661 3924 Ecclesia
699 3883 797 3923 sua
841 3867 1026 3924 dicens
1066 3886 1078 3921 :
1118 3867 1414 3922 Resurrexi
1451 3874 1508 3922 et
1546 3867 1722 3922 adhuc

99 3973 288 4019 tecum
339 3975 495 4016 sum.
553 3960 738 4016 Oratio
773 3961 950 4030 prima
986 3960 1324 4014 demonstrat
1356 3959 1562 4013 aditum
1599 3974 1720 4014 esse

99 4067 368 4130 apertum
411 4063 618 4110 sancta:
657 4053 914 4110 Ecclesiae
955 4054 1105 4124 regni
1135 4053 1375 4108 caelestis
1403 4067 1500 4121 per
1525 4051 1720 4122 capitis

101 4150 183 4204 sui
218 4147 720 4203 resurrectionem.
769 4145 1006 4216 Epistula
1047 4146 1300 4201 admonet
1340 4160 1440 4199 nos
1470 4153 1529 4198 ιιι
1565 4159 1722 4213 sepa-

101 4242 208 4297 rati
242 4242 437 4296 simus
470 4254 501 4291 a
527 4238 694 4303 vitiis,
729 4238 780 4291 in
811 4253 918 4307 quo
949 4239 1275 4293 certavimus
1301 4253 1400 4306 per
1435 4238 1551 4292 dies
1583 4252 1718 4307 qua-

103 4333 544 4406 dragesimales,
587 4340 642 4386 et
682 4333 937 4403 neophyti
975 4333 1285 4402 abjecerunt
1328 4333 1382 4386 in
1429 4333 1714 4402 baptismo.

103 4428 428 4484 Corinthiis
453 4427 601 4481 misit
629 4426 772 4481 illam
797 4426 1014 4493 Paulus,
1051 4437 1111 4482 ut
1151 4437 1469 4498 separarent
1498 4444 1554 4484 se
1587 4429 1719 4498 justi

103 4520 174 4574 ab
199 4521 304 4576 his
356 4517 461 4588 qui
503 4519 608 4574 tale
647 4526 927 4587 peccatum
964 4519 1239 4584 fecerunt,
1270 4519 1428 4589 quale
1453 4535 1552 4574 nec
1579 4514 1721 4574 inter

1823 2032 1932 2080 tur.
1980 2027 2132 2084 Tunc
2177 2029 2324 2083 enim
2373 2032 2646 2087 antistites
2701 2033 2787 2087 vel
2835 2032 3079 2088 advocati
3129 2041 3407 2102 susceptos

1823 2134 1950 2174 suos
2012 2132 2112 2188 per
2168 2135 2363 2176 manus
2426 2122 2830 2192 impositionem
2883 2123 3407 2178 misericordissima;

1822 2207 2056 2264 oli‘erunt
2105 2213 2378 2280 potestati.
2439 2212 2648 2278 Quibus
2699 2215 2969 2283 peractis,
3001 2222 3056 2270 et
3089 2213 3410 2284 participato
3461 2218 3465 2220 ’

1823 2309 1974 2356 tanto
2005 2302 2305 2369 sacrificio,
2351 2306 2647 2374 gratiarum
2684 2306 2826 2360 actio
2866 2313 3061 2360 cuncta
3101 2303 3408 2370 concludit,
3461 2319 3466 2328 '

1823 2411 1986 2465 quam
2021 2396 2077 2449 in
2108 2396 2192 2450 bis
2225 2397 2387 2450 etiam
2430 2399 2611 2453 verbis
2653 2398 2900 2452 ultimam
2932 2397 3220 2468 Apostolus
3255 2414 3407 2454 com-

1823 2489 2116 2543 mendavit.
2149 2489 2275 2544 Htcc
2307 2501 2490 2544 autem
2518 2489 2625 2544 fuit
2648 2491 2920 2560 praecipue
2961 2506 3124 2548 causa
3175 2493 3276 2547 ista
3317 2492 3404 2546 di-

1822 2585 2017 2650 cendi,
2044 2594 2103 2639 ut
2133 2585 2218 2640 his
2263 2586 2506 2642 breviter
2554 2585 2892 2655 prmscriptis
2931 2595 3093 2656 atque
3135 2585 3408 2657 signiﬁcas
3463 2611 3468 2615 -

1824 2677 1894 2731 tis
1922 2691 2029 2731 non
2067 2683 2352 2745 putaretur
2380 2676 2762 2746 negligendum
2792 2691 2914 2732 esse
2957 2677 3100 2747 quod
3141 2677 3405 2746 sequitur,

1825 2767 1935 2824 Pro
1965 2769 2206 2824 omnibus
2233 2769 2556 2833 hominibus,
2584 2783 2678 2840 pro
2705 2767 2913 2839 regibus
2939 2778 2987 2823 et
3012 2769 3094 2823 his
3125 2776 3217 2840 qut
3235 2770 3288 2823 in
3319 2783 3409 2823 su-

1825 2859 2078 2914 blimitate
2098 2869 2238 2924 sunt,
2266 2870 2322 2913 ut
2351 2860 2583 2930 quietam
2621 2869 2669 2913 et
2700 2858 3044 2930 tranquillam
3081 2859 3240 2914 vitam
3277 2877 3408 2929 ασα-

1823 2969 1939 3006 mus
1964 2954 2018 3007 in
2048 2954 2190 3008 omni
2215 2955 2406 3022 pietate
2432 2961 2480 3006 et
2510 2952 2797 3019 charitate,
2822 2967 2891 3006 ne
2923 2953 3238 3022 quisquam,
3270 2953 3412 3007 sicut
3468 2956 3473 2966 '

1824 3059 1882 3102 se
1912 3044 2076 3100 habet
2107 3048 2357 3101 humanas
2385 3045 2732 3114 cogitationis
2772 3043 3084 3111 inﬁrmitas,
3113 3043 3411 3100 aestimaret
3461 3044 3466 3050 ”

1823 3151 1931 3193 non
1960 3152 2082 3194 esse
2111 3137 2214 3192 ista
2243 3136 2492 3192 facienda
2517 3153 2618 3208 pro
2647 3137 2734 3192 his
2774 3154 2804 3194 a
2835 3138 3032 3208 quibus
3074 3137 3412 3207 persecutio-
3466 3145 3472 3162 ‘

1824 3245 1950 3285 nem
1990 3230 2298 3300 patiebatur
2327 3229 2603 3308 Ecclesia,
2653 3245 2778 3286 cum
2828 3223 3073 3284 membra
3113 3227 3314 3284 Christi
3342 3242 3410 3283 ex
3465 3233 3473 3264 λ

1823 3324 1969 3380 omni
1999 3332 2184 3380 essent
2224 3323 2507 3379 hominum
2539 3335 2738 3393 genere
2779 3322 3100 3392 colligenda.
3133 3320 3287 3376 Unde
3316 3321 3410 3375 ad-
3459 3319 3472 3352 ί

1767 3447 1776 3451 -
1814 3413 1992 3484 jungit
2007 3422 2062 3469 et
2083 3414 2243 3468 dicit:
2263 3411 2376 3467 Hoc
2398 3415 2537 3467 enim
2566 3412 2757 3466 bonum
2781 3421 2857 3464 est
2873 3421 2920 3465 et
2937 3420 3205 3480 acceptum
3228 3425 3407 3464 coram

1820 3500 2096 3557 Saluatore
2120 3511 2298 3556 nostra
2333 3501 2441 3556 Deo
2460 3542 2476 3566 ,
2515 3503 2606 3572 qui
2643 3517 2819 3556 omnes
2846 3501 3082 3555 homines
3104 3499 3212 3555 vult
3236 3501 3410 3557 salvos

1773 3629 1777 3632 -
1820 3591 1937 3662 ﬁeri
1958 3602 2007 3646 et
2028 3593 2096 3650 ad
2127 3593 2448 3664 agnitionem
2470 3594 2704 3648 veritatis
2732 3595 2926 3648 venire.
2944 3594 3010 3648 Et
3032 3608 3100 3649 ne
3120 3593 3407 3663 quisquam
3470 3591 3478 3599 ’

1821 3684 2024 3740 diceret
2061 3700 2222 3756 posse
2268 3700 2391 3740 esse
2433 3685 2627 3741 salutis
2673 3686 2813 3741 viam
2855 3687 2910 3741 in
2940 3687 3081 3742 bona
3120 3701 3405 3743 conversa-

1821 3776 1970 3832 tione
1991 3784 2046 3832 et
2082 3777 2242 3832 unius
2272 3778 2658 3848 omnipotentis
2693 3777 2788 3833 Dei
2825 3777 3003 3860 cultu,
3031 3777 3149 3834 sine
3189 3779 3411 3850 partici—
3473 3806 3475 3809 -

1775 3907 1778 3912 .
1819 3869 2037 3938 palione
2079 3869 2328 3939 corporis
2372 3877 2428 3924 et
2476 3869 2756 3940 sanguinis
2803 3867 3042 3934 Christi,
3083 3883 3222 3922 unus
3268 3869 3406 3922 enim

1819 3959 1986 4025 Deus,
2011 3961 2208 4030 inquit,
2237 3971 2286 4015 et
2309 3978 2444 4016 unus
2473 3962 2733 4016 mediator
2756 3960 2855 4014 Dei
2883 3969 2933 4014 et
2956 3961 3226 4015 hominum
3250 3959 3406 4013 homo

1821 4050 2062 4108 Christus
2086 4053 2274 4119 Iesus;
2303 4061 2362 4108 ιιι
2395 4054 2526 4108 illud
2553 4054 2694 4122 quod
2732 4054 2977 4118 dixerat,
3003 4067 3194 4108 omnes
3232 4051 3407 4107 homi-

1820 4158 1918 4197 nes
1954 4143 2071 4198 vult
2115 4143 2236 4199 lieri
2285 4145 2484 4208 salvos,
2535 4144 2684 4200 nullo
2733 4144 2839 4199 alio
2879 4144 3040 4198 modo
3072 4143 3408 4210 intelligatur

1818 4239 2067 4308 praestari
2089 4237 2192 4292 nisi
2224 4252 2321 4306 per
2345 4237 2722 4300 mediatorem,
2751 4253 2860 4291 non
2884 4237 3072 4299 Deum,
3097 4236 3241 4304 quod
3263 4249 3407 4289 sem-
3481 4273 3487 4280 ι

1821 4345 1918 4398 per
1954 4341 2074 4385 erat
2115 4329 2352 4384 Verbum
2377 4371 2391 4394 ,
2425 4329 2520 4385 sed
2553 4329 2827 4385 hominem
2873 4328 3148 4384 Christum
3197 4327 3403 4395 Jesum,

1822 4434 1946 4473 cum
1985 4418 2212 4474 Verbum
2239 4435 2363 4472 caro
2385 4419 2586 4488 factum
2610 4428 2714 4482 est,
2749 4428 2796 4473 et
2825 4418 3070 4472 habitavit
3092 4419 3148 4472 in
3175 4417 3321 4472 nobis
3341 4419 3401 4488 τ.
3472 4445 3474 4447 -

1824 4507 2111 4565 Orationes
2143 4517 2378 4579 quatuor
2400 4525 2533 4579 quas
2555 4520 2823 4564 memorat
2851 4505 2909 4563 S.
2933 4509 3268 4581 Augustinus
3285 4549 3300 4574 ,
3329 4509 3406 4563 ita
3479 4511 3482 4516 “

102 4621 300 4682 gentes
335 4609 665 4666 audiebatur
696 4629 707 4664 ς
736 4618 790 4664 et
814 4625 910 4679 per
935 4611 1311 4680 paenitentiam
1344 4627 1449 4665 non
1483 4621 1719 4666 revene—
1742 4631 1796 4692 Β
1825 4602 2069 4657 nominat
2092 4612 2278 4657 nostra
2309 4602 2592 4658 translatio
2617 4617 2631 4656 :
2661 4601 3092 4666 Obsecrationes,
3120 4602 3402 4667 orationes,

102 4704 309 4758 bantur
351 4702 429 4757 ad
472 4710 672 4757 cretum
705 4709 1038 4756 sanctorum.
1090 4701 1193 4772 lpsi
1232 4712 1390 4757 erant
1425 4711 1580 4757 vetus
1613 4702 1719 4756 fer-

101 4807 388 4860 mentum,
416 4801 476 4848 et
505 4792 582 4845 illi
613 4793 784 4862 azymi
810 4801 1029 4862 propter
1051 4793 1343 4848 novitatem
1366 4794 1512 4848 vitaz.
1561 4794 1640 4848 Ita
1663 4803 1719 4850 et

101 4906 202 4946 nos
250 4891 630 4945 admonemur
679 4887 792 4951 illa,
837 4896 898 4941 ut
939 4887 1056 4941 sine
1106 4889 1490 4944 retractatione
1536 4891 1590 4944 in
1633 4892 1721 4946 die

102 4989 302 5034 sancto
332 4977 572 5042 Pascha;
595 4976 753 5030 alieni
782 4975 951 5031 simus
981 4991 1012 5028 a
1039 4975 1204 5031 vitiis.
1243 4976 1344 5031 Det
1374 4977 1517 5033 Deus
1551 4988 1611 5032 ut
1640 4981 1718 5034 si-

99 5083 188 5125 cut
222 5072 416 5126 Filius
439 5070 560 5139 ejus
584 5068 844 5123 Dominus
867 5075 1070 5132 noster,
1104 5067 1195 5137 qui
1233 5069 1495 5123 hodierna
1525 5070 1612 5123 die
1645 5070 1721 5124 ita

102 5162 430 5235 resurrexit
465 5174 496 5212 a
532 5159 784 5224 mortuis,
826 5166 884 5212 ιιι
918 5175 1068 5214 mors
1108 5159 1247 5216 ultra
1289 5161 1575 5229 repetitum
1612 5177 1717 5216 non

101 5253 314 5310 habeat
347 5255 412 5308 in
446 5249 558 5316 illo,
587 5250 660 5304 ita
688 5267 790 5305 nec
813 5250 868 5305 in
895 5250 1155 5305 membris
1185 5251 1296 5306 suis
1319 5251 1554 5308 habeant
1582 5267 1721 5322 prte-

102 5347 274 5409 terita
289 5345 437 5416 vitia
453 5342 998 5412 nequeimminentia.
1039 5343 1435 5414 Responsorius
1453 5354 1720 5401 monstrat

98 5447 385 5506 quantum
431 5434 604 5488 laetari
633 5442 879 5504 oporteat
904 5449 998 5488 eos
1026 5435 1118 5504 qui
1145 5445 1445 5506 purgantur
1472 5452 1502 5490 a
1528 5437 1676 5492 vitiis
1700 5454 1717 5504 ;

99 5527 155 5581 in
189 5527 446 5582 Alleluia
477 5534 809 5580 monstratur
831 5526 884 5579 in
906 5541 1011 5595 quo
1036 5527 1105 5580 sit
1125 5535 1286 5582 unus:
1312 5527 1510 5583 laetitiae
1531 5543 1716 5596 causa,
1777 5549 1800 5582 ς

1799 5626 1980 5682 quam
2007 5613 2310 5668 orationem
2335 5618 2490 5667 vocat
2513 5610 2919 5680 postulationes.
2939 5609 3070 5664 Dein
3102 5616 3403 5678 sequuntur

97 5621 152 5676 id
183 5632 299 5693 est,
337 5621 478 5692 quia
510 5617 719 5674 Pascha
753 5630 987 5674 nostrum
1016 5619 1316 5675 immolatus
1343 5631 1417 5675 est
1443 5620 1718 5689 Christus;

98 5714 288 5786 itaque
303 5711 614 5784 epulemur,
635 5720 690 5766 et
708 5720 920 5767 czetera.
938 5713 1288 5782 Evangelium
1303 5715 1522 5782 exponit
1542 5713 1719 5784 perfo-

95 5808 250 5876 ctius
275 5822 516 5862 causam
541 5807 703 5862 totius
725 5807 941 5861 laetitire.
960 5805 1094 5872 Quia
1110 5823 1208 5860 suo
1229 5806 1280 5859 in
1305 5806 1441 5871 loco,
1469 5807 1512 5861 si
1539 5807 1720 5861 Domi-

83 5899 492 5986 μεθ-ιιειιιπιι,
524 5899 718 5964 dicturi
739 5914 925 5974 smnus
945 5897 1281 5988 enucleatius
1305 5898 1374 5962 de
1399 5907 1511 5968 toto
1537 5899 1726 5982 cilicio.

1824 4694 2218 4765 postulationes,
2244 4695 2538 4764 gratiarum
2576 4694 2827 4748 actiones.
2871 4693 2972 4749 Ubi
3017 4693 3179 4746 etiam
3216 4698 3406 4747 notan—
3473 4687 3485 4720 ³

1824 4788 1950 4842 dum
1979 4795 2064 4842 est
2089 4787 2232 4857 quod
2265 4786 2442 4841 oratio
2465 4786 2558 4840 illa
2583 4801 2706 4855 qum
2741 4787 2819 4844 sic
2863 4786 3187 4840 inchoatur:
3217 4784 3403 4838 Libera

1779 4909 1784 4918 ι
1824 4897 1915 4936 nos
1942 4897 2264 4950 quwsumus,
2291 4879 2538 4940 Domine,
2559 4878 2624 4930 ab
2654 4877 2896 4932 omnibus
2919 4876 3094 4939 malis,
3127 4875 3404 4929 conclusio
3485 4872 3490 4877 ⁷

1825 4971 1895 5025 sit
1923 4978 2134 5026 tantum
2177 4970 2442 5025 orationis
2472 4968 2794 5031 Dominicte,
2827 4979 2951 5020 cum
2981 4965 3041 5019 Β.
3071 4965 3402 5035 Augustinus

1824 5061 1986 5125 dicat,
2020 5081 2038 5113 ‹
2074 5076 2237 5130 quam
2268 5067 2436 5114 totam
2468 5059 2786 5128 petitionem
2808 5056 2923 5114 fere
2948 5059 3126 5114 omnis
3163 5057 3405 5112 Ecclesia

1822 5149 2105 5206 Dominica
2151 5150 2404 5205 oratione
2455 5149 2757 5216 concludit;
2792 5169 2812 5203 ι
2853 5149 3124 5219 simulque
3167 5149 3267 5202 hoc
3310 5162 3394 5201 no-

1823 5244 2045 5299 tandum
2075 5243 2220 5314 quod
2260 5244 2566 5300 orationem
2615 5244 2768 5301 illam
2806 5257 2970 5313 quam
3000 5240 3240 5312 episcopi
3287 5241 3403 5294 sive

1791 5336 2072 5396 advocati
2123 5336 2300 5392 solent
2347 5335 2527 5392 facere
2575 5350 2739 5406 super
2787 5331 3045 5406 populum
3085 5347 3207 5387 cum
3249 5332 3403 5402 signo
3493 5402 3495 5405 ι

1796 5435 2024 5492 sanctae
2075 5427 2254 5484 crucis
2277 5469 2292 5493 ,
2327 5429 2418 5485 ille
2462 5427 2671 5484 solebat
2708 5426 2888 5482 facere
2929 5437 3084 5491 eam,
3113 5433 3401 5494 postquam

1821 5519 2225 5576 comminuebat
2277 5536 2476 5591 corpus
2527 5519 2740 5574 Domini
2795 5517 2863 5573 ad
2919 5513 3396 5572 distribuendum:

1822 5705 2120 5775 gratiarum
2167 5703 2445 5768 actiones,
2487 5703 2711 5772 quando
2755 5710 2879 5772 post
2929 5701 3168 5756 auditam
3210 5716 3398 5755 vocem

1803 5796 2058 5861 diaconi,
2086 5810 2205 5864 qua:
2232 5794 2386 5858 dicit,
2411 5792 2514 5859 Ite,
2545 5795 2704 5849 missa
2730 5804 2825 5860 est,
2846 5795 2989 5859 sive,
3015 5793 3396 5853 Benedicamus

1801 5887 2070 5959 Domino,
2092 5885 2321 5970 populus
2341 5886 2653 5964 respondet,
2677 5886 2788 5946 Deo
2816 5887 3037 5966 gratias.
