3978 6456
554 390 694 448 106³

1095 490 1326 551 CAPUT
1366 492 1586 550 XXXV.

546 598 938 655 Demonstratio
969 595 1108 667 quod
1143 594 1544 667 informentsex
1565 594 1679 667 dies
1712 593 1986 667 paschales
2030 610 2134 667 cte—

623 681 760 726 teros
803 669 912 721 dies
951 665 1255 720 Dominicos
1294 677 1349 736 et
1380 665 1559 736 justas
1605 665 1836 720 homines
1872 680 1890 718 :
1928 675 1976 720 et
2027 665 2138 720 dies

615 740 999 816 quinquaginta
1023 756 1055 790 a
1076 737 1292 790 sabbato
1314 735 1564 816 Pascitur,
1583 753 1745 816 usque
1767 736 1836 790 ad
1861 735 2138 816 sabbatum

616 807 923 879 octavarum
948 809 1299 872 Pentecostes,
1317 807 1554 879 futuram
1576 809 1758 870 vitam,
1780 818 1830 879 et
1843 807 2138 879 quotidiani

615 885 728 938 dies
757 883 862 936 sive
893 878 1302 949 Septuagesimce
1325 877 1619 945 Dominici,
1654 895 1746 932 seu
1783 877 2141 948 Quadragesi-

619 954 804 1017 males,
833 960 1158 1021 poenitentes.

617 1069 696 1122 Illi
738 1082 833 1122 sex
875 1066 990 1121 dies
1019 1065 1334 1135 paschales,
1387 1067 1443 1121 in
1490 1066 1689 1136 quibus
1733 1065 2140 1136 responsorium

547 1169 831 1218 cantamus
853 1165 908 1212 et
937 1156 1168 1211 Alleluia
1200 1156 1500 1213 informant
1533 1167 1762 1214 caeteros
1801 1156 1920 1212 dies
1958 1156 2143 1212 Domi-

549 1255 699 1308 nicos
727 1252 838 1306 sive
860 1250 1026 1306 festos
1048 1290 1064 1316 ,
1105 1265 1242 1319 quos
1280 1250 1627 1305 celebramus
1655 1251 1724 1305 ab
1750 1249 1966 1305 octavis
2001 1248 2144 1302 Pen-

547 1354 782 1403 te-Lostes
820 1356 992 1414 usque
1030 1343 1084 1397 in
1116 1340 1612 1414 Septuagesimam.
1657 1342 2058 1413 Responsorius
2087 1349 2143 1396 et

548 1439 774 1495 Alleluia
813 1445 996 1493 actum
1037 1451 1227 1492 eorum
1255 1445 1312 1492 et
1340 1436 1584 1492 laetitiam
1617 1437 1735 1492 sive
1773 1435 1988 1490 laudem
2028 1434 2143 1489 sive

547 1532 844 1601 gratiarum
893 1529 1172 1595 actiones,
1221 1530 1313 1599 qui
1348 1538 1706 1601 perseverant
1749 1528 1804 1584 in
1851 1528 2143 1583 sanctitate

546 1638 711 1692 quam
741 1629 1072 1692 acceperunt
1093 1621 1149 1675 in
1172 1620 1472 1690 baptismo,
1503 1621 1774 1676 recolunt.
1802 1620 1882 1675 Ita
1911 1620 2056 1674 enim
2087 1620 2143 1674 in

547 1729 644 1784 spe
668 1715 874 1770 habent
899 1729 1128 1785 regnum
1158 1713 1421 1780 futurum,
1447 1722 1508 1770 ut
1535 1715 1699 1770 etiam
1730 1715 1819 1770 hic
1851 1715 1989 1769 bene
2016 1728 2144 1784 ope—

545 1805 716 1860 rando
764 1805 832 1860 ad
875 1805 1271 1861 beatitudinem
1328 1807 1672 1876 perveniant.
1727 1805 1886 1871 Sive,
1933 1813 1993 1859 ut
2037 1804 2144 1859 alio

1587 381 1924 442 AMALABII
1961 376 2404 440 PRESBYTER!
2437 369 2780 433 METENSIS

2169 500 2224 563 Α
2247 491 2366 549 sine
2391 491 2590 562 quibus
2613 489 2731 545 haec
2771 485 2886 542 vita
2925 500 3036 542 non
3077 483 3278 558 agitur,
3308 498 3422 542 non
3466 486 3820 556 quotidianam

3713 373 3824 434 1064

2240 583 2504 642 medelam
2540 590 2764 653 poneret
2799 579 2857 634 in
2892 580 3142 635 oratione
3166 594 3331 648 quam
3357 578 3589 644 docuit,
3620 586 3675 634 ut
3705 580 3822 638 dica-

2239 691 2361 732 mus
2386 694 2399 730 :
2431 675 2648 730 Dimitte
2680 672 2832 728 nobis
2860 672 3035 727 debita
3062 682 3268 737 nostra,
3299 673 3444 726 sicut
3468 683 3520 726 et
3556 689 3652 727 nos
3679 680 3819 731 diruit-

2242 771 2398 822 timus
2420 767 2739 822 debitoribus
2765 767 2960 820 nostris
2980 766 3041 836 -ιι,
3065 765 3379 832 Quotidiani
3405 765 3539 819 dies
3565 765 3816 822 informat

2243 874 2364 923 eos,
2398 858 2525 928 quia
2565 856 2746 912 solent
2793 858 3116 929 presbytero
3167 856 3423 912 conﬁteri
3483 869 3731 926 peccata.
3774 873 3814 913 ut

2245 951 2614 1020 corripiantur
2653 949 2722 1004 ab
2751 950 2900 1020 ipso,
2933 957 2990 1004 et
3019 950 3308 1006 consilium
3350 949 3641 1021 accipiant
3679 953 3814 1019 pmni-

2243 1043 2412 1099 tendi.
2443 1042 2549 1112 Ipsi
2577 1042 2694 1098 dies
2721 1042 2842 1098 sine
2876 1041 3109 1096 Alleluia
3142 1042 3565 1114 transiguntur,
3592 1042 3706 1112 quia
3730 1060 3808 1098 nou

2243 1142 2328 1189 est
2350 1134 2577 1203 pulchra
2613 1134 2732 1189 laus
2760 1134 2814 1187 in
2851 1148 2950 1188 ore
2995 1134 3321 1203 peccatoris.
3351 1132 3627 1201 Quamvis
3655 1135 3808 1190 citatus

2243 1228 2315 1283 sit
2345 1228 2490 1283 Deus
2516 1227 2584 1282 ad
2613 1227 2969 1298 parcendum,
3007 1236 3188 1283 tamen
3219 1243 3328 1282 non
3357 1227 3487 1283 cito
3532 1235 3698 1298 potest
3718 1245 3807 1284 eru-

2243 1320 2522 1376 bescentia
2558 1329 2903 1391 peccatorum
2941 1321 3177 1377 transire
3208 1337 3240 1375 a
3264 1321 3440 1377 corde
3467 1321 3624 1392 justi.
3647 1322 3804 1378 Memo-

2245 1423 2424 1468 ratum
2453 1414 2677 1469 modum
2725 1413 2985 1471 informat
3020 1429 3214 1471 versus
3257 1415 3351 1484 qui
3398 1413 3548 1468 dicit
3582 1433 3598 1468 :
3627 1412 3729 1469 Non
3750 1425 3803 1470 est

2244 1509 2446 1563 sanitas
2473 1509 2530 1563 in
2553 1525 2712 1563 carne
2737 1525 2852 1563 mea
2881 1526 2912 1561 a
2936 1509 3073 1578 facie
3102 1508 3198 1562 ira:
3219 1515 3325 1562 tua:
3351 1524 3368 1561 :
3408 1523 3522 1561 non
3543 1518 3616 1562 est
3634 1525 3722 1577 pus
3741 1525 3804 1561 os-

2245 1601 2390 1654 sibus
2430 1601 2558 1654 meis
2601 1617 2632 1653 a
2680 1600 2820 1670 facie
2865 1609 3200 1671 peccatorum
3240 1615 3512 1654 meorum.
3561 1597 3803 1654 lnformant

2245 1692 2409 1748 etiam
2443 1691 2604 1745 verba
2633 1690 2884 1756 Domini,
2917 1691 2983 1745 ad
3015 1689 3236 1761 Moysen
3269 1689 3514 1745 dicentis
3541 1689 3606 1744 de
3635 1688 3800 1744 Maria:

2247 1782 2304 1837 Si
2334 1789 2489 1852 pater
2510 1780 2630 1851 ejus
2656 1780 2896 1850 spuisset
2921 1779 2976 1834 in
3005 1778 3202 1834 faciem
3248 1779 3367 1849 ejus
3386 1819 3404 1844 ,
3442 1794 3620 1834 nonne
3641 1779 3802 1834 debue-

545 1898 710 1954 modo
738 1899 1006 1965 dicamus,
1033 1914 1132 1968 per
1162 1900 1570 1969 responsorium
1605 1899 1838 1955 activam
1869 1899 2038 1954 vitam
2062 1898 2142 1952 1η-
2169 1879 2217 1938 Β
2245 1883 2333 1929 ’3‘
2361 1873 2554 1928 saltem
2593 1880 2800 1969 δῗνῖθῐη
2823 1871 3036 1928 dierum
3075 1871 3276 1925 "more
3307 1869 3586 1926 summa”
3615 1869 3803 1969 sem?“

547 1989 872 2061 telligimus,
907 2005 1005 2061 per
1047 1990 1262 2045 alleluia
1303 1991 1799 2062 contemplativam.
1828 1991 1999 2047 Actus
2041 2007 2136 2048 [ιθ-

546 2096 702 2136 cesse
731 2091 816 2136 est
855 2081 944 2136 hic
975 2081 1306 2149 celebretur,
1353 2091 1414 2136 ut
1442 2084 1586 2151 quod
1625 2097 1910 2152 speramus
1957 2091 2013 2138 et
2042 2099 2141 2154 per

545 2172 867 2243 patientiam
892 2179 1273 2242 exspectamus
1302 2173 1533 2244 adipisci
1565 2174 1843 2230 valeamus
1866 2190 1965 2245 per
1997 2176 2139 2230 bona

545 2279 728 2336 Opera.
763 2265 1118 2336 Responsorii
1149 2267 1223 2320 illi
1257 2282 1395 2336 quos
1422 2283 1521 2338 per
1547 2283 1641 2322 sex
1669 2268 1785 2323 dies
1818 2276 2103 2324 cantamus
2123 2309 2137 2335 ,

547 2355 666 2410 sive
693 2370 790 2426 per
824 2364 1054 2411 cancros
1101 2356 1414 2411 Dominicos
1460 2357 1576 2412 dies
1596 2399 1611 2423 ,
1643 2356 1729 2412 vel
1769 2355 1996 2413 festivos
2024 2359 2141 2414 dies

546 2455 883 2516 sanctorum,
917 2450 1116 2521 quibus
1145 2449 1500 2518 subsequitur
1528 2449 1758 2504 Alleluia
1777 2492 1792 2517 ,
1829 2451 1966 2508 tales
1986 2462 2141 2508 actus

545 2539 856 2611 signiﬁcant
883 2541 1060 2612 qualis
1088 2550 1172 2598 est
1201 2543 1538 2613 praedicatio,
1565 2543 1746 2610 lectio,
1772 2543 2137 2617 eleemosyna,

547 2633 790 2690 visitatio
819 2636 1130 2704 viduarum,
1162 2636 1493 2708 pupillorum
1523 2645 1577 2692 ct
1606 2637 1971 2694 inﬁrmorum.
2013 2639 2148 2695 Haec

545 2723 601 2780 in
632 2728 886 2796 praesenti
915 2728 1113 2785 sreculo
1141 2729 1289 2784 omni
1323 2729 1412 2784 die
1443 2728 1728 2786 Dominico
1754 2745 1916 2802 agere
1948 2747 2142 2802 possu-

545 2833 668 2874 mus
694 2819 813 2875 sine
844 2821 1252 2878 retractatione.
1281 2819 1491 2889 Quibus
1520 2822 1574 2877 id
1599 2831 1683 2878 est
1711 2825 2027 2879 memoratis
2058 2840 2141 2880 re-

545 2912 864 2981 sponsoriis,
893 2911 1122 2967 Alleluia
1152 2914 1422 2984 sequitur,
1454 2914 1581 2984 quia
1610 2925 1734 2987 post
1772 2915 1932 2972 talem
1966 2918 2138 2973 actio-

549 3015 678 3056 nem
706 3001 762 3056 in
789 3001 1004 3058 Iaudem
1027 3003 1123 3058 Dei
1154 3004 1483 3060 transfertur
1505 3007 1686 3061 anima
1710 3007 2046 3063 sanctiﬁcata
2072 3009 2140 3063 ab

549 3093 698 3148 omni
725 3104 969 3164 peccato.
996 3087 1080 3151 Illi
1102 3098 1220 3154 dies
1247 3099 1639 3172 quinquaginta
1660 3102 1750 3171 qui
1776 3111 2080 3172 sequuntur
2107 3117 2139 3157 a

550 3183 780 3240 sabbato
803 3185 1050 3242 Paschali
1072 3204 1244 3260 usque
1266 3189 1334 3245 ad
1357 3198 1577 3247 octavas
1606 3191 1973 3260 Pentecostes,
2007 3192 2141 3249 alte-

2245 1978 2338 2025 tur
2367 1977 2574 2038 septem
2605 1967 2795 2023 diebus
2823 1975 2980 2022 extra
3003 1977 3211 2030 castra,
3235 1973 3292 2020 et
3323 1973 3518 2034 postea
3555 1965 3799 2021 revocabi-

2245 2070 2353 2117 tur.
2379 2060 2478 2117 Cui
2505 2061 2650 2116 enim
2680 2059 2896 2129 spuitur
2931 2059 2984 2114 in
3014 2057 3216 2113 faciem
3236 2098 3252 2123 ,
3284 2058 3571 2128 despectus
3609 2059 3803 2114 adhibe-

2247 2160 2355 2208 tur.
2389 2152 2618 2220 Quando
2651 2167 2750 2206 nos
2783 2149 2928 2205 Deus
2965 2149 3198 2221 deSpicit
3230 2158 3450 2222 propter
3469 2159 3688 2221 peccata
3720 2165 3803 2205 no-

2245 2253 2382 2311 stra,
2411 2243 2610 2299 rubore
2631 2241 2890 2298 debemus
2926 2241 3181 2312 perfundi
3224 2257 3377 2311 usque
3407 2243 3477 2296 ad
3504 2241 3806 2312 completio-

2245 2354 2371 2395 nem
2388 2345 2594 2408 septem
2620 2336 2852 2401 dierum,
2879 2333 2932 2389 id
2961 2342 3066 2399 est,
3088 2350 3263 2405 usque
3283 2334 3343 2389 ad
3365 2333 3798 2389 satisfactionem.

2244 2431 2349 2487 Per
2378 2429 2764 2486 abstinentiam
2791 2425 3022 2482 Alleluia
3071 2426 3127 2481 in
3174 2425 3492 2497 quotidianis
3533 2426 3710 2481 diebus
3751 2426 3803 2479 in

2243 2523 2420 2580 ollicio
2451 2524 2632 2578 missa:
2659 2522 2826 2577 rubor
2851 2521 3112 2577 Ecclesia:
3149 2528 3507 2585 monstratur,
3537 2535 3688 2590 quem
3710 2519 3801 2573 ba-

2243 2616 2338 2672 bet
2360 2617 2425 2671 de
2450 2616 2562 2670 suis
2589 2613 2909 2680 vulneratis,
2939 2623 2995 2670 et
3028 2615 3268 2670 nondum
3297 2615 3524 2670 sanatis.
3547 2613 3610 2668 At
3644 2613 3803 2669 Domi-

2245 2709 2354 2764 nici
2370 2709 2485 2764 dies
2508 2724 2539 2763 a
2565 2707 2977 2779 Septuagesima
3001 2723 3174 2780 usque
3194 2709 3252 2762 in
3274 2706 3490 2764 Pascha
3516 2707 3702 2762 Domini
3719 2720 3800 2761 eos

2245 2800 2544 2858 informant
2609 2802 2701 2871 qui
2760 2801 2850 2856 his
2905 2801 3296 2857 tentationibus
3351 2801 3658 2880 tenduntur,
3703 2798 3796 2854 sine

2245 2895 2442 2964 quibus
2471 2895 2585 2950 vita
2619 2909 2863 2964 praesens
2899 2908 3006 2950 non
3034 2902 3215 2965 potest
3247 2895 3507 2966 transigi.
3537 2893 3794 2964 Responso—

2245 2986 2344 3041 riis
2363 2987 2574 3042 dierum
2602 2986 2816 3041 illorum
2844 3001 2951 3041 non
2978 2986 3430 3042 subministratur
3465 2986 3701 3052 Alleluia,
3722 2986 3794 3041 sed

2249 3087 2477 3144 tractus,
2503 3078 2595 3148 qui
2623 3078 2873 3147 quamvis
2897 3078 3168 3148 pertineat
3209 3079 3278 3134 ad
3325 3078 3790 3149 contemplationem

2247 3180 2472 3243 propter
2500 3186 2656 3226 suam
2709 3170 3051 3227 dulcedinem
3086 3180 3143 3226 et
3183 3172 3483 3239 unionem,
3516 3181 3676 3228 tamen
3711 3185 3793 3226 non

550 3290 670 3330 ram
714 3277 882 3332 vitam
926 3247 1241 3347 informant,
1287 3297 1450 3352 quam
1493 3283 1730 3338 nondum
1762 3247 2139 3356 percepimus,
2170 3247 2217 3312 C
2248 3273 2333 3356 ξεί
2353 3263 2406 3356 i9
2433 3270 2588 3356 lama‘
2610 3262 2819 3356 Ῑῖὲῑίιίθν
2851 3263 2906 3356 ίη
2932 3271 3136 3356 quam“
3167 3271 3250 3319 εει
3280 3262 3373 3318 illa
3399 3265 3472 3320 de
3495 3279 3598 3336 (1υο
3623 3262 3796 3356 dial“

549 3367 644 3422 ubi
673 3384 782 3426 non
804 3370 911 3426 erit
939 3372 1316 3442 responsorius
1336 3416 1350 3441 ,
1378 3375 1506 3446 quia
1543 3375 1748 3432 nemini
1778 3376 1851 3431 ibi
1881 3377 2144 3447 praedica-

547 3457 698 3514 bitur
723 3477 736 3514 :
773 3463 868 3518 sed
897 3471 1061 3518 erunt
1088 3480 1279 3522 omnes
1304 3466 1564 3524 docibiles
1588 3468 1716 3534 Dei;
1741 3483 1918 3540 neque
1945 3470 2141 3541 aliquis

546 3549 859 3607 visitabitur
886 3554 1012 3624 quia
1038 3570 1200 3612 nemo
1226 3557 1300 3612 ibi
1324 3558 1509 3624 vidua,
1539 3575 1716 3631 neque
1749 3561 2006 3632 pupillus,
2039 3579 2140 3620 ne-

548 3657 656 3712 que
678 3643 946 3703 inﬁrmus.
979 3647 1336 3721 Eleemosyna
1362 3665 1470 3705 non
1503 3652 1611 3707 erit
1636 3654 1976 3718 necessaria,
2012 3656 2142 3726 quia

549 3748 712 3790 nemo
732 3736 808 3792 ibi
834 3737 1104 3812 indigens,
1135 3741 1231 3797 sed
1254 3750 1464 3797 tantum
1486 3743 1716 3799 Alleluia
1747 3746 1821 3802 ibi
1843 3748 2145 3804 celebrabi-

549 3835 660 3894 tur,
693 3829 747 3884 id
770 3839 856 3886 est
886 3831 1076 3888 laztitia
1099 3835 1408 3890 animarum
1446 3837 1512 3892 de
1555 3846 1811 3909 percepta
1854 3839 2142 3896 immorta-

551 3914 708 3972 litate
747 3926 803 3972 et
848 3919 1161 3992 receptione
1203 3940 1523 3996 corporum,
1559 3935 1619 3982 ut
1658 3929 1960 4000 gratiarum
2002 3932 2144 3988 actio

549 4006 663 4064 Deo
690 4025 863 4080 usque
894 4012 950 4066 in
983 4015 1398 4086 sempiternum.
1442 4018 1701 4074 Eamdem
1746 4019 1987 4075 laetitiam
2036 4038 2142 4078 nu-

551 4113 741 4156 merus
764 4102 1266 4174 quinquagenarius
1289 4105 1577 4177 signiﬁcat,
1607 4109 1701 4180 qui
1725 4109 1867 4179 apud
1887 4109 2144 4169 Hebraeos

544 4188 797 4260 jubilaeus
823 4195 1146 4266 appellatur,
1178 4199 1233 4254 id
1271 4206 1386 4265 est,
1415 4200 1739 4272 jubilatione
1759 4203 1974 4272 plenus.
2005 4204 2146 4272 Quid

549 4285 732 4340 caeteri
759 4286 874 4342 dies
900 4287 1220 4358 informent,
1246 4305 1315 4347 ex
1341 4292 1480 4348 libro
1512 4292 1569 4348 S.
1599 4293 1888 4367 Augustini
1920 4299 1986 4353 de
2014 4297 2146 4354 Fide

550 4382 608 4429 et
650 4375 918 4446 Operibus
968 4381 1337 4448 considerare,
1393 4395 1452 4439 ut
1493 4384 1706 4454 opinor,
1755 4385 2034 4443 valemus:
2066 4389 2146 4443 sic

550 4465 697 4519 enim
728 4468 858 4522 dicit
886 4487 898 4522 :
933 4469 1048 4525 Non
1072 4473 1199 4541 quia
1226 4477 1516 4544 quisquam
1545 4475 1621 4530 ita
1643 4477 1803 4532 debet
1836 4479 2054 4545 extolli,
2087 4488 2147 4534 ut

551 4567 661 4608 non
689 4555 888 4622 dicam,
912 4561 1055 4628 apud
1076 4561 1214 4616 alios
1233 4560 1466 4630 jactare,
1494 4566 1590 4619 sed
1619 4567 1761 4635 apud
1783 4568 2018 4637 seipsum
2047 4584 2145 4639 pu-

551 4652 668 4700 tare
698 4646 925 4713 audeat,
958 4649 1052 4704 sed
1085 4650 1139 4705 in
1172 4651 1275 4706 hac
1308 4654 1420 4708 vita
1457 4670 1579 4710 esse
1617 4657 1735 4712 sine
1763 4668 2007 4728 peccato.
2039 4659 2145 4716 Sed

548 4735 655 4790 nisi
685 4745 867 4791 essent
891 4740 1141 4809 quaedam
1169 4742 1245 4797 ita
1282 4745 1467 4814 gravia
1488 4786 1502 4812 ,
1535 4753 1594 4800 ut
1618 4747 1784 4802 etiam
1823 4763 2144 4806 excommu-

547 4829 820 4886 nicatione
867 4831 1150 4902 plectenda
1199 4836 1342 4904 sint,
1398 4853 1508 4894 non
1554 4839 1762 4897 diceret
1809 4842 2100 4916 Apostolus
2127 4885 2142 4912 ,

548 4918 884 4992 Congregatis
927 4924 1067 4980 vobis
1112 4936 1161 4981 et
1205 4944 1319 4983 meo
1365 4930 1555 5001 spiritu
1596 4932 1803 4988 tradere
1841 4935 2146 5005 hujusmodi

548 5007 831 5064 Satanwin
849 5013 1120 5069 interitum
1150 5020 1347 5087 carnis,
1371 5030 1426 5074 ut
1447 5022 1664 5094 spiritus
1691 5023 1868 5080 salvus
1889 5027 1960 5080 sit
1983 5027 2038 5080 in
2063 5028 2148 5083 die

545 5102 762 5158 Domini
785 5105 934 5162 Iesu.
983 5107 1135 5164 Unde
1173 5113 1338 5167 etiam
1377 5113 1549 5170 dicit:
1582 5114 1666 5172 Ne
1711 5117 1919 5191 lugeam
1949 5120 2143 5176 multos

544 5210 610 5248 ex
634 5195 714 5249 his
735 5197 826 5267 qui
853 5208 976 5254 ante
1004 5213 1366 5271 peccaverunt,
1403 5215 1453 5260 et
1488 5224 1592 5263 non
1634 5220 1847 5280 egerunt
1891 5213 2142 5283 paeniten-

544 5287 674 5378 tiam
696 5305 853 5360 super
873 5291 1207 5350 immunditia
1229 5305 1277 5352 et
1304 5296 1652 5368 fornicatione
1670 5320 1830 5374 quam
1850 5318 2139 5378 gesserunt.

543 5377 677 5436 Item
707 5383 811 5439 nisi
843 5395 1028 5442 essent
1071 5389 1318 5459 quaedam
1367 5408 1476 5448 non
1522 5409 1586 5448 ea
1638 5377 1945 5453 humilitate
1968 5399 2145 5470 paeni-

548 5477 731 5568 tentiae
757 5482 1022 5548 sananda,
1051 5485 1227 5554 qualis
1253 5487 1308 5542 in
1342 5489 1586 5547 Ecclesia
1607 5491 1768 5549 datur
1788 5495 1868 5550 eis
1891 5497 1981 5566 qui
2005 5513 2136 5568 pro-

545 5566 663 5635 prie
687 5573 1016 5638 poenitentes
1043 5588 1330 5648 vocantur,
1356 5583 1448 5637 sed
1480 5583 1802 5654 quibusdam
1836 5566 2138 5660 correptio-

551 5670 682 5711 num
710 5662 1139 5734 medicamentis,
1170 5686 1276 5726 non
1311 5672 1517 5728 diceret
1553 5677 1666 5746 ipse
1691 5678 1983 5746 Dominus,
2012 5679 2138 5734 Cor-

551 5747 666 5817 ripe
689 5763 807 5801 eum
833 5751 970 5806 inter
994 5767 1042 5810 te
1067 5768 1113 5811 et
1139 5760 1310 5829 ipsum
1339 5762 1529 5830 solum,
1559 5776 1606 5820 et
1630 5769 1675 5820 si
1701 5777 1748 5821 te
1776 5769 2026 5837 audierit,
2053 5770 2136 5826 lu-

547 5846 726 5898 cratus
747 5854 800 5894 es
822 5838 1036 5909 fratrem
1059 5854 1226 5920 tuum.
1240 5849 1538 5924 Postremo,
1563 5856 1666 5919 nisi
1689 5867 1870 5917 essent
1889 5860 2135 5932 quaedam

2245 3354 2478 3410 Iacobus
2504 3369 2519 3408 :
2553 3352 2657 3419 Qui
2686 3364 2861 3408 autem
2887 3355 2944 3408 in
2968 3354 3121 3409 verbo
3157 3371 3261 3408 non
3297 3357 3534 3410 ostendit
3559 3356 3633 3409 hic
3659 3351 3796 3425 perfe-

2247 3457 2361 3503 ctus
2383 3457 2456 3502 est
2478 3447 2579 3501 vir.
2601 3447 2659 3502 In
2681 3447 2874 3503 diebus
2904 3447 3477 3520 quadragesimalibus
3501 3459 3609 3505 ante
3629 3447 3794 3518 pascha

2246 3539 2507 3595 informat
2528 3555 2623 3596 eos
2647 3548 2833 3595 sancta
2863 3538 3128 3606 Ecclesia,
3156 3542 3250 3611 qui
3272 3543 3502 3613 proprie
3527 3542 3795 3614 pteuitentes

2246 3640 2535 3699 vocantur,
2563 3639 2791 3702 excepto
2819 3633 2963 3702 quod
2993 3648 3100 3689 non
3126 3636 3652 3700 excommunicatur,
3675 3641 3721 3686 et
3741 3631 3792 3684 ad

2247 3739 2442 3781 manus
2491 3724 2956 3782 reconciliationis
2996 3727 3378 3798 episcoporum
3429 3744 3547 3783 non
3595 3727 3712 3781 redit
3751 3723 3796 3776 iu

2248 3817 2412 3874 ﬁnem
2461 3818 2930 3891 Quadragesimae;
2987 3818 3252 3876 informat
3297 3835 3396 3876 eos
3425 3821 3486 3876 in
3532 3818 3731 3892 jejunio,
3756 3816 3796 3869 in

2247 3911 2579 3966 abstinentia
2609 3911 2928 3969 deliciarum
2951 3954 2966 3979 ,
2995 3913 3051 3968 in
3073 3913 3264 3968 habitu
3283 3954 3299 3980 ,
3327 3913 3386 3968 in
3416 3911 3724 3984 dejectione,
3755 3908 3800 3962 iu

2248 4003 2418 4070 luctu,
2457 4004 2510 4059 in
2539 4005 2765 4074 vigiliis,
2797 4007 2852 4061 in
2879 4007 3230 4077 quietudine,
3256 4006 3312 4061 in
3343 4006 3584 4069 silentio,
3608 4003 3655 4057 in
3681 4001 3796 4055 obe-

2249 4095 2453 4151 dientia
2476 4111 2732 4167 operum,
2765 4107 2823 4153 et
2851 4099 3065 4155 caeteris
3099 4099 3257 4155 bonis
3286 4098 3485 4170 quibus
3523 4093 3800 4154 reconcilia-

2249 4204 2375 4245 mur
2397 4188 2508 4246 Deo
2538 4190 2703 4246 simul
2733 4207 2853 4247 cum
2876 4193 3226 4263 poenitentia.

2791 4307 3022 4365 CAPUT
3059 4307 3303 4364 XXXVI.

2705 4378 2784 4434 De
2810 4380 2992 4434 diebus
3023 4379 3384 4435 Pentecostes.

2323 4469 2558 4542 Tempus
2583 4471 2936 4528 Pentecostes
2964 4471 3252 4527 inchoatur
3279 4487 3310 4526 a
3341 4471 3526 4542 prima
3555 4471 3635 4526 die
3658 4478 3799 4523 resurv

2251 4565 2534 4631 rectionis,
2565 4572 2618 4620 et
2645 4565 2819 4620 currit
2843 4580 3017 4636 usque
3051 4565 3119 4621 ad
3149 4565 3293 4621 diem
3331 4565 3798 4636 quinquagesimum

2248 4665 2371 4729 post
2400 4657 2628 4713 Pascha.
2673 4656 2750 4712 De
2796 4673 2906 4728 quo
2951 4665 3194 4729 tempore
3239 4658 3372 4714 dicit
3414 4658 3732 4730 Augustinus
3760 4653 3800 4705 in

2247 4747 2387 4803 libro
2409 4748 2478 4803 ad
2492 4746 2811 4804 Januarium
2836 4765 2849 4801 :
2875 4748 3353 4820 Quadragenarius
3383 4757 3575 4804 autem
3601 4746 3804 4826 partim

2248 4840 2361 4895 suis
2409 4847 2755 4911 computatus
2807 4839 2957 4895 addit
3012 4841 3190 4911 ipsum
3245 4841 3574 4907 denarium;
3611 4849 3662 4895 et
3698 4836 3807 4890 ﬁunt

2249 4933 2662 5005 quinquaginta,
2691 4943 2950 5004 tanquam
2980 4948 3193 4990 merces
3237 4935 3423 5005 operis
3463 4944 3523 4990 et
3562 4931 3809 4990 continen-

2251 5026 2358 5082 tiae.
2393 5025 2578 5097 Neque
2617 5027 2764 5082 enim
2806 5026 3010 5082 frustra
3041 5027 3158 5098 ipse
3188 5027 3453 5084 Dominus
3482 5024 3808 5099 quadraginta

2248 5118 2366 5176 dies
2393 5128 2515 5190 post
2547 5120 3002 5176 resurrectionem
3036 5120 3087 5175 in
3117 5121 3221 5177 hac
3257 5129 3405 5176 terra
3435 5129 3492 5176 et
3520 5123 3576 5176 in
3607 5121 3701 5174 hac
3724 5117 3809 5171 vita

2247 5229 2372 5270 cum
2431 5215 2714 5286 discipulis
2772 5225 3127 5271 conversatus
3182 5225 3266 5273 est
3310 5235 3323 5270 :
3372 5225 3429 5272 et
3479 5226 3809 5288 posteaquam

2246 5305 2490 5362 ascendit
2513 5305 2567 5362 in
2596 5307 2818 5375 coelum,
2850 5306 3040 5363 decem
3067 5307 3259 5364 diebus
3302 5308 3677 5378 interpositis,
3702 5319 3805 5378 pro-

2243 5398 2472 5455 missum
2497 5398 2762 5470 Spiritum
2789 5409 3040 5456 sanctum
3073 5401 3224 5457 misit
3259 5401 3529 5472 completo
3567 5403 3658 5457 die
3703 5398 3812 5453 Pen-

2244 5501 2494 5551 tecostes.
2525 5495 2626 5563 Qui
2675 5495 2792 5552 dies
2837 5495 3337 5568 quinquagenarius
3383 5499 3550 5554 habet
3605 5497 3812 5552 alterum

2241 5594 2661 5653 sacramentum,
2693 5588 2837 5659 quod
2872 5590 3074 5660 septies
3102 5598 3308 5662 septem
3343 5591 3704 5663 quadraginta
3725 5603 3812 5644 ηο-

2241 5692 2364 5734 vem
2410 5680 2568 5745 ﬁunt,
2600 5689 2656 5736 et
2690 5696 2814 5736 cum
2866 5683 3074 5738 reditur
3130 5681 3198 5737 ad
3249 5683 3502 5746 initium,
3553 5681 3700 5753 quod
3745 5685 3815 5733 est

2239 5780 2482 5840 octavus,
2507 5775 2599 5844 qui
2627 5782 2682 5829 et
2704 5775 2914 5845 primus
2943 5775 3095 5832 dies:
3127 5777 3516 5848 quinquaginta
3548 5775 3816 5846 compleu—

2203 5870 2356 5945 Vtur,
2401 5866 2494 5941 qui
2544 5865 2896 5946 celebrantur
2935 5875 3074 5949 post
3105 5868 3560 5928 resurrectionem
3585 5863 3814 5947 Domini
