3978 6440
194 335 332 396 loss
971 346 1060 406 ne
1094 327 1648 416 ECCLESIASTICIS
1682 357 1973 421 orricus
2009 362 2190 425 unm
2219 368 2308 429 IV.
2349 401 2419 414 -—
2456 374 2585 434 LIB.
2621 378 2666 439 1.

182 465 294 537 jam
336 466 392 523 in
434 465 609 540 ﬁgura
644 485 754 528 non
791 472 1026 544 laboris,
1078 484 1174 541 sed
1215 487 1415 557 quietis
1441 498 1496 546 et
1528 490 1754 548 laetitiae.

187 553 411 627 Propter
436 555 542 616 hoc
572 558 778 632 jejuuia
816 565 1144 639 relaxantur,
1171 553 1463 636 etistantes
1503 598 1756 653 oramus,

185 650 324 721 quod
357 656 440 706 est
473 651 686 724 signum
716 663 1150 722 resurrectionis.
1198 668 1347 726 Unde
1373 674 1537 729 etiam
1567 677 1759 735 diebus

183 741 440 800 Dominus
475 746 728 804 omnibus
763 752 830 806 ad
876 753 1047 812 altare
1081 760 1422 830 observatur,
1455 776 1510 821 et
1541 768 1758 824 alleluia

179 834 411 900 canitur,
437 838 582 906 quod
624 839 895 910 significat
935 850 1203 907 actionem
1239 866 1480 912 nostram
1505 875 1609 914 non
1637 877 1757 918 esse

177 926 280 982 nisi
308 927 524 985 laudem
543 932 660 998 Dei,
695 935 832 992 sicut
866 942 1128 1014 scriptum
1161 958 1263 1004 est.
1294 951 1445 1007 Beati
1484 957 1573 1026 qui
1607 957 1756 1012 habi-

175 1025 284 1072 tant
311 1017 366 1072 in
393 1020 551 1076 domo
577 1033 692 1091 tua,
718 1027 773 1081 in
797 1032 992 1087 swcula
1020 1038 1334 1095 swculorum
1363 1042 1654 1101 laudabunt
1681 1060 1750 1104 te.

170 1107 244 1164 De
263 1109 611 1185 Orelaxatione
628 1115 822 1189 jejunii
849 1123 1170 1186 Ambrosius
1198 1133 1331 1189 dicit
1351 1135 1406 1190 in
1431 1145 1663 1195 tractatu
1685 1144 1753 1198 ad

168 1200 715 1278 Romanos-j-zNam
767 1225 890 1270 sunt
943 1221 1166 1289 quidam
1218 1227 1311 1296 qui
1372 1227 1506 1283 feria
1556 1243 1751 1301 quarta

167 1307 384 1351 carnem
411 1313 520 1354 non
546 1302 812 1360 edendam
837 1317 1176 1368 statuerunt:
1203 1327 1330 1373 sunt
1351 1321 1442 1388 qui
1474 1323 1745 1393 sabbatis;

165 1394 289 1441 sunt
328 1387 526 1445 iterum
576 1395 670 1463 qui
720 1412 751 1450 a
796 1398 1005 1456 Pascha
1056 1422 1227 1476 usque
1279 1387 1749 1473 adiPentecosten

162 1475 348 1533 edunt.
374 1479 446 1535 Et
472 1482 835 1558 Hieronymus
881 1493 949 1546 ad
999 1475 1308 1555 Marcellam
1339 1502 1404 1557 de
1429 1502 1533 1560 fide
1562 1516 1747 1564 nostra

159 1573 213 1622 et
236 1568 485 1642 dogmate
512 1575 768 1635 haeretico
804 1593 994 1640 contra
1017 1587 1261 1647 Montani
1292 1604 1618 1655 sectatores.
1637 1599 1746 1658 Nos

157 1674 320 1717 uuam
376 1667 849 1741 quadragesimam
899 1682 1197 1738 secundum
1238 1687 1580 1746 traditionem
1618 1709 1746 1764 apo-

155 1754 417 1813 stolorum
447 1768 690 1832 tempore
712 1767 868 1824 nobis
889 1785 1132 1843 congruo
1150 1776 1460 1848 jejunamus
1489 1801 1501 1836 :
1528 1783 1605 1839 illi
1631 1794 1740 1841 tres

151 1842 207 1898 in
231 1862 378 1904 anno
397 1849 605 1909 faciunt
625 1855 1098 1932 Quadragesimas,
1127 1871 1282 1938 quasi
1311 1881 1422 1928 tres
1446 1876 1593 1945 passi
1615 1886 1741 1932 sunt
1769 1859 1817 1920 Β

3305 396 3446 456 1066

1785 493 2074 558 Adierum
2124 498 2454 572 implendum
2509 524 2683 581 usque
2739 514 2807 570 ad
2856 517 3223 582 festivitatem
3271 536 3449 592 sancti

1861 582 2105 655 Joannis,
2131 591 2235 647 hoc
2256 602 2359 661 est,
2383 601 2603 667 quando
2631 601 2748 660 dies
2768 604 3080 670 Dominicus
3104 616 3326 678 Pascha:
3353 641 3445 682 oc-

1861 683 2094 737 currerit
2145 685 2200 740 in
2249 690 2534 748 undecimo
2581 695 2943 757 Kalendarum
2975 706 3260 779 Aprilium,
3303 727 3357 771 et
3392 725 3442 774 ir.

1859 775 2070 832 decimo
2114 767 2605 853 su°prascriptarum
2652 799 2706 844 et
2760 793 2811 847 in
2859 812 3001 852 nono
3039 810 3095 855 et
3132 805 3185 858 in
3224 817 3436 866 octavo.

1858 864 2085 930 Quando
2110 869 2164 923 iu
2193 879 2514 932 memoratis
2543 884 2750 938 octavis
2771 884 2890 940 Kal.
2916 888 3118 960 Aprilis
3140 905 3442 957 occurrerit

1856 954 1971 1012 dies
1985 957 2299 1020 Dominicus
2317 965 2560 1038 Pascha,
2580 981 2707 1030 tunc
2725 977 3005 1039 habendus
3017 996 3104 1041 est
3115 988 3231 1044 dies
3247 991 3443 1051 Pente-

1853 1056 2033 1104 costes
2068 1051 2123 1106 in
2155 1069 2196 1108 ιι
2217 1055 2400 1113 Idibus
2431 1061 2576 1118 Maii.
2609 1065 2692 1120 Ab
2723 1068 2813 1124 illo
2840 1072 2925 1128 die
2949 1091 3119 1146 usque
3142 1080 3199 1136 in
3230 1082 3440 1140 festivi-

1853 1149 2020 1197 tatem
2043 1149 2218 1203 sancti
2241 1149 2464 1212 Joannis
2490 1158 2747 1230 Baptistae
2769 1163 3122 1229 hebdomadae
3163 1191 3257 1232 sex
3288 1190 3435 1236 sunt.

1851 1230 1918 1286 Et
1952 1235 1998 1288 si
2026 1239 2149 1306 quis
2178 1243 2414 1301 voluerit
2441 1253 2801 1327 quadraginta
2844 1268 3215 1324 tantummodo
3245 1271 3436 1330 diebus

1850 1323 2156 1398 intendere,
2185 1333 2436 1393 intendat
2462 1323 2680 1411 quando
2707 1348 3024 1410 Dominicus
3061 1359 3178 1415 dies
3216 1362 3436 1422 Paschzr

1848 1426 2150 1480 occurrerit
2187 1427 2244 1483 in
2281 1434 2512 1502 septimo
2553 1438 2670 1494 Kal.
2715 1442 2911 1514 April.,
2939 1449 3052 1505 sive
3089 1461 3244 1510 sexto
3272 1471 3422 1528 supr-

1847 1513 2200 1585 scriptarum,
2228 1531 2283 1577 et
2307 1525 2391 1580 sic
2414 1531 2618 1597 poterit
2638 1533 2939 1607 adimplere
2964 1558 3250 1601 numerum
3274 1565 3433 1606 suum

1845 1601 1988 1660 inter
2007 1607 2370 1671 Pentecosten
2395 1627 2452 1673 et
2473 1601 2836 1684 festivitatem
2853 1630 2912 1687 S.
2927 1631 3169 1693 Joannis.
3198 1639 3266 1696 Ut
3287 1656 3432 1712 reor,

1841 1708 2068 1769 propter
2104 1719 2437 1769 memoratos
2477 1716 2625 1786 dies,
2667 1723 2758 1790 qui
2801 1739 2900 1794 per
2933 1729 3231 1801 disjunctos
3259 1750 3433 1794 annos

148 1936 485 2008 salvatores;
513 1961 620 2000 non
647 1950 790 2017 quod
820 1961 874 2007 et
913 1969 1012 2024 per
1043 1936 1214 2014 totum
1243 1977 1476 2030 annum,
1509 1977 1738 2038 excepto

146 2021 792 2104 Pentecosten,jejunare
813 2021 932 2096 non
948 2043 1140 2114 liceat;
1181 2051 1278 2105 sed
1310 2054 1454 2122 quod
1491 2021 1737 2113 aliud‘sit

144 2121 490 2190 necessitate,
535 2127 681 2184 aliud
723 2133 997 2192 voluntate
1035 2156 1233 2198 munus
1272 2145 1491 2203 offerre.
1527 2151 1597 2205 Et
1637 2152 1734 2208 ite-

146 2224 263 2264 rum
285 2213 353 2266 ad
378 2211 643 2274 Lucinum
669 2221 929 2282 Raeticum
954 2247 967 2282 :
993 2229 1171 2303 Atque
1194 2237 1402 2293 utinam
1423 2243 1572 2296 omni
1597 2252 1731 2301 tem-

143 2479 267 2547 lum,
297 2493 500 2543 etcum
530 2506 597 2547 eo
623 2495 910 2556 credentes
939 2502 1134 2562 fecisse
1163 2508 1410 2581 legimus.
1435 2514 1503 2569 Et
1529 2516 1726 2576 iterum

143 2573 194 2628 in
227 2579 416 2635 eadem
448 2603 460 2637 :
489 2583 606 2642 Non
632 2588 735 2646 hoc
767 2592 886 2650 dico
911 2599 1056 2666 quod
1081 2573 1242 2658 festis
1263 2605 1454 2664 diebus
1480 2573 1726 2681 jejunau;

140 2662 260 2721 dum
281 2679 493 2738 putem,
519 2685 572 2730 et
601 2690 890 2741 contextas
915 2662 1106 2746 diebus
1131 2662 1721 2768 quinquaginta'ferias

141 2759 374 2818 auferam
402 2780 418 2818 :
456 2769 553 2823 sed
583 2787 921 2846 unaquzeque
947 2784 1230 2851 provincia
1260 2789 1499 2847 abundet
1527 2794 1582 2848 in
1620 2811 1719 2853 suo

136 3212 226 3271 ﬁlii
252 3217 594 3290 jejunabunt.
641 3230 896 3292 Nonnulli
941 3212 1137 3310 putant
1186 3212 1385 3306 idcirco
1429 3212 1709 3324 pos—trdies

133 3311 482 3388 quadraginta
532 3325 802 3393 passionis
841 3329 1046 3401 jejunia
1094 3339 1292 3398 debere
1325 3311 1499 3403 omitti
1524 3390 1538 3413 ,
1580 3351 1710 3407 licet

131 3403 308 3460 statim
352 3408 468 3465 dies
507 3411 857 3475 Pentecostes
897 3432 953 3478 et
1003 3423 1239 3496 Spiritus
1278 3443 1498 3491 sanctus
1546 3438 1709 3495 adve-

112 3690 236 3748 post
278 3682 642 3744 Pentecosten
689 3690 897 3750 faciunt
957 3699 1442 3775 Quadragesimam
1472 3751 1486 3775 ,

112 3769 293 3827 ablato
321 3789 547 3848 sponso,
581 3781 676 3838 ﬁlii
706 3789 890 3855 sponsi
917 3791 1148 3850 debeant
1183 3769 1483 3869 jejunare;
1515 3769 1700 3864 Eccle?

111 3861 202 3918 site
244 3873 434 3924 autem
482 3879 817 3934 consuetudo
842 3882 909 3938 ad
939 3887 1246 3954 passionem
1275 3891 1490 3950 Domini
1527 3908 1582 3953 et
1611 3916 1696 3957 re-

109 3957 503 4017 surrectionem
534 3981 633 4036 per
661 3969 1024 4032 humilitatem
1057 3982 1238 4037 carnis
1277 3987 1457 4054 venit,
1491 4000 1549 4045 ut
1583 3994 1694 4062 spi-

111 4045 290 4102 rituali
330 4053 534 4123 sagina:
570 4057 777 4128 jejunio
811 4069 1054 4137 corporis
1099 4087 1488 4144 prteparemur.
1525 4045 1690 4141 Juxrta

111 4131 252 4205 leges
270 4147 454 4196 autem
483 4147 790 4220 tropologia:
812 4131 1250 4231 sciendumquod
1271 4131 1510 4234 quandiu
1530 4188 1690 4240 spon-

113 4237 200 4280 sus
227 4229 511 4287 nobiscum
542 4245 645 4304 est,
675 4249 728 4294 et
756 4241 809 4296 in
840 4244 1026 4302 lz'etitia
1057 4265 1263 4320 sumus,
1306 4243 1407 4313 nec
1437 4259 1688 4330 jejunare

111 4328 412 4390 possumus,
443 4341 544 4382 uec
565 4327 782 4401 lugere;
813 4350 936 4390 cum
966 4348 1144 4396 autem
1177 4345 1269 4401 ille
1308 4359 1534 4420 propter
1558 4369 1685 4424 pec-

113 4421 226 4466 cata
254 4424 437 4470 nostra
462 4434 494 4473 a
527 4422 681 4478 nobis
707 4431 1013 4497 recesserit,
1054 4442 1111 4489 et
1144 4438 1408 4507 avolarit,
1442 4451 1569 4502 tunc
1601 4449 1686 4504 in-

114 4496 388 4559 dicendum
431 4505 696 4580 Jejuuium
745 4525 860 4584 est,
911 4529 1041 4577 tunc
1090 4523 1268 4584 luctus
1317 4527 1676 4604 recipiendus.
1706 4566 1760 4628 D

114 4586 241 4628 nunc
271 4598 558 4628 mnam...“
590 4604 845 4628 ι-..ι.--μ---
878 4611 889 4622 ο
971 4613 1008 4628 n
1081 4615 1092 4628 Ι
1163 4618 1174 4628 .
1259 4619 1262 4621 λ
1474 4626 1485 4628 ,
1550 4627 1555 4628 ,

112 4586 244 4649 Duas
271 4598 560 4658 varietates
590 4604 851 4664 habemus
875 4611 931 4666 in
967 4613 1209 4674 Ecclesia
1237 4619 1424 4679 nostra
1455 4626 1522 4682 de
1539 4627 1680 4698 jeju-

112 4679 192 4734 nio
214 4687 353 4752 quod
384 4687 445 4742 fit
469 4701 590 4761 post
614 4700 1069 4760 resurrectionem
1094 4706 1327 4766 Domini.
1364 4679 1558 4787 Aliqui.
1584 4679 1674 4776 se-

110 4773 327 4832 cundum
354 4789 600 4837 nostrum
627 4786 902 4858 vulgarem
928 4810 1084 4850 usum
1111 4809 1352 4858 statuunt
1382 4810 1673 4868 terminum

108 4865 570 4940 quadragesimalis
593 4871 783 4946 jejunii
815 4880 868 4934 in
895 4881 1189 4944 festivitate
1208 4895 1381 4948 sancti
1408 4895 1667 4970 Joannis;

109 4945 171 4970 2"!
211 4969 229 4970 η
272 4955 283 4968 ο
317 4959 327 4970 I
453 4961 473 4970 "
537 4964 549 4970 -

107 4945 173 5003 illi
200 4955 286 5023 qui
315 4959 419 5016 hoc
447 4945 657 5020 faciunt
680 4982 786 5023 non
824 4984 1052 5040 possunt
1081 4994 1297 5052 semper
1324 4987 1439 5043 dies
1463 4945 1666 5050 Pente:

105 5049 268 5100 costes
291 5048 581 5107 excludere
617 5071 648 5109 a
678 5056 906 5130 jejunio.
933 5062 1113 5138 Aliqui
1143 5048 1331 5130 volunt
1373 5085 1670 5148 secundum

107 5135 411 5197 traditiones
435 5153 747 5205 sanctorum
771 5152 994 5212 Patrum
1016 5135 1191 5232 ,_quos
1215 5171 1582 5245 przetulimus,
1614 5190 1671 5236 et

1017 5217 1028 5226 .
1069 5217 1089 5232 ι
1144 5217 1182 5219 η
1215 5217 1582 5245 τ--ν--σ--ιοι-ν,
1614 5217 1670 5236 ν*

103 5217 153 5274 in
179 5235 520 5299 sequentibus
555 5239 817 5301 habemus
844 5262 1075 5320 ponere,
1103 5270 1292 5316 omnes
1331 5264 1445 5323 dies
1474 5268 1670 5329 Pente-

104 5326 268 5378 costes
297 5327 500 5388 habere
529 5332 585 5387 iu
613 5334 833 5408 lzetitia;
864 5343 956 5414 qui
997 5345 1102 5401 hoc
1133 5347 1340 5408 faciunt
1387 5375 1510 5426 non,
1540 5379 1667 5434 pos-

103 5417 215 5466 ευυι
239 5429 451 5493 semper
481 5429 776 5486 terminum
823 5435 981 5508 hujus
1019 5443 1449 5518 quadragesimae
1479 5455 1660 5518 facere

890 5493 910 5508 υ
1026 5493 1449 5518 1,,Vew-—°'vuillw
1479 5493 1660 5518 ιαιῠιυ

102 5493 153 5552 in
179 5502 464 5573 festivitate
484 5516 664 5578 'sancti
691 5523 934 5586 Joannis.
969 5532 1038 5588 Et
1075 5537 1164 5592 ubi
1202 5546 1464 5607 terminus
1491 5568 1660 5622 pona-
1692 5595 1722 5602 ~

102 5597 182 5622 ’II-
228 5619 251 5622 μ
274 5621 283 5622 κ
445 5621 449 5622 ν
513 5614 537 5622 ¹“
834 5621 839 5622 ⁷

1324 5597 1463 5607 ,___-
1491 5597 1659 5622 ,πη-ν
1692 5599 1694 5602 μ

102 5597 182 5684 ιω·
226 5619 327 5662 non
374 5621 457 5668 est
506 5614 669 5672 fixum
716 5636 783 5676 ex
823 5621 1121 5699 Scripturis
1147 5639 1347 5708 sacris,
1383 5659 1556 5717 neque
1590 5669 1658 5707 ex
1701 5691 1716 5694 η

102 5694 265 5717 hu...
345 5707 376 5717 ..
474 5712 506 5717 _

167 5679 170 5684 Ι
880 5679 884 5680 ,
927 5679 1120 5699 τη---
1147 5679 1347 5708 ,ην-ω,
1383 5679 1556 5717 ucun
1590 5679 1658 5707 c1

102 5694 462 5816 traditionibus
473 5712 714 5772 Patrum.
734 5717 883 5776 Solet
901 5723 1191 5798 aliquoties
1212 5741 1430 5798 evenire
1457 5754 1660 5816 utpost

749 5773 760 5774 ,
785 5773 799 5776 ,
837 5773 881 5776 __
902 5773 1191 5798 __-.,.........,
1212 5773 1270 5792 ι..

102 5773 432 5878 Petttecosten
460 5805 574 5863 dies
596 5809 868 5869 abundent
895 5817 964 5874 ad
982 5836 1270 5887 numerum

455 5906 459 5909 ’
513 5902 792 5976 Ρηιιοι..
845 5899 979 5998 (Νη

1839 2060 1984 2130 titia,
2006 2081 2074 2120 ex
2102 2075 2426 2133 auctoritate
2447 2081 2747 2142 Dominica:
2767 2097 3226 2166 praesentationis,
3256 2110 3317 2158 ut
3337 2119 3428 2160 so~

1834 2147 1966 2208 litus
1999 2162 2266 2219 terminus
2297 2173 2565 2227 teneatur.
2608 2173 2667 2230 Si
2700 2178 2879 2235 vi'sum
2909 2182 3073 2241 fuerit
3107 2192 3419 2263 magistris,

1833 2250 1895 2298 ut
1919 2245 2024 2303 hoc
2050 2250 2356 2325 dilliniant,
2407 2267 2623 2332 quando
2649 2276 2863 2342 tempus
2901 2274 3092 2345 jejunii
3131 2245 3426 2357 peragatur

1831 2347 2021 2393 eorum
2049 2344 2140 2411 qui
2167 2357 2359 2416 sponte
2384 2364 2610 2424 propter
2635 2371 2863 2429 peccata
2896 2344 2992 2421 sua
3017 2344 3423 2446 jeju-nantvpost

1831 2436 2288 2495 resurrectionem
2318 2444 2556 2516 Domini,
2590 2453 2806 2511 videtur
2830 2461 2987 2517 nobis
3018 2466 3296 2527 variabilis
3327 2489 3418 2531 res

1829 2522 2031 2582 auferri
2071 2531 2138 2585 de
2179 2546 2368 2592 nostra
2395 2541 2661 2602 Ecclesia.
2695 2549 2806 2606 Cur
2837 2554 3012 2614 laetari
3042 2561 3334 2625 debeamus
3361 2571 3421 2630 in

1827 2613 2018 2674 diebus
2059 2621 2444 2699 Pentecostes,
2480 2635 2756 2696 abundant
2802 2651 3052 2722 exempla
3100 2665 3417 2718 sanctorum

1824 2705 2080 2781 Patrum;
2111 2732 2209 2772 cur
2242 2718 2492 2790 jejunare
2535 2745 2759 2790 necesse
2813 2738 2887 2793 sit
2928 2745 3302 2818 unusquisque
3344 2767 3415 2809 ex

1822 2802 1987 2857 corde
2030 2820 2130 2863 suo
2169 2817 2467 2882 cognoscit.
2505 2819 2676 2890 Major
2725 2829 2870 2883 enim
2906 2802 3178 2892 festivitas
3205 2802 3291 2896 est
3319 2844 3414 2900 ad-

3140 3259 3396 3279 ,τω-κη-

1813 3259 1928 3316 sive
1962 3263 2208 3325 indicens
2226 3270 2515 3344 jejunium,
2547 3290 2609 3335 ut
2637 3283 2692 3338 in
2723 3284 3018 3348 festivitate
3046 3300 3218 3353 sancti
3239 3299 3402 3356 Joan-

1812 3352 1916 3418 nis,
1942 3356 2024 3408 vel
2049 3363 2219 3415 sancti
2245 3363 2391 3420 Petri
2419 3377 2474 3422 et
2501 3369 2654 3426 Pauli
2689 3375 3309 3456 absolvaturjejunium,
3343 3403 3398 3448 et

1798 3903 2009 3963 discere
2030 3926 2061 3964 a
2084 3915 2282 3983 quibus
2307 3920 2396 3976 illa
2415 3903 2621 3995 jejunia
2649 3944 2910 4004 usurpata
2931 3903 3040 3995 sint
3065 3944 3380 4018 aliquando,
3406 4019 3409 4024 γ

1795 4002 1938 4067 quod
1965 4018 2072 4059 non
2106 4021 2173 4062 ex
2205 4017 2535 4075 necessitate
2571 4002 2858 4084 indicenda
2883 4032 2994 4088 sint
3012 4002 3221 4104 jejuniia
3243 4039 3384 4096 Pen-

1795 4098 2028 4153 tecostes
2083 4108 2356 4173 communi
2412 4110 2702 4184 Ecclesiae,
2755 4123 2850 4177 sed
2898 4125 3170 4185 voluntate
3215 4134 3380 4192 licere

1721 4231 1726 4234 .
1792 4185 2082 4260 unicuique
2112 4193 2360 4263 jejunare
2402 4204 2472 4257 ob
2505 4205 2847 4268 devotionem
2885 4231 2997 4272 suae
3036 4221 3252 4279 mentis.
3291 4226 3378 4284 Ab

1789 4276 1894 4332 ista
1923 4280 2140 4340 licentia
2181 4297 2237 4344 et
2282 4293 2350 4347 ab
2389 4294 2493 4350 ista
2529 4297 2779 4360 libertate
2826 4308 3208 4385 excluduntur,
3256 4331 3377 4392 qua:

1787 4374 2005 4442 proprie
2021 4380 2351 4448 puenitentes
2375 4386 2434 4442 in
2465 4389 2708 4451 Ecclesia
2733 4401 3036 4462 nominaut.

2319 4523 2548 4584 CAPUT
2574 4531 2834 4594 XXXVII.

2285 4633 2365 4690 De
2413 4637 2601 4695 (itania
2644 4647 2866 4717 majore.

1858 4739 2115 4813 Sequitur
2133 4762 2242 4803 una
2269 4753 2509 4811 varietas
2534 4758 2680 4814 inter
2702 4773 2925 4822 octavas
2950 4767 3174 4830 Paschae
3205 4785 3260 4832 et
3280 4779 3363 4836 vi-

1782 4830 1941 4903 gilias
1965 4835 2337 4908 Pentecostes,
2361 4845 2462 4900 hoc
2497 4856 2610 4911 est,
2636 4851 2904 4920 jejunium
2951 4861 3264 4922 triduanum
3305 4871 3361 4924 in

1779 4925 1963 4996 vigilia
1989 4930 2340 4992 Ascensionis
2368 4938 2602 4995 Domini.
2629 4943 2796 4999 Miror
2832 4956 3100 5020 quomodo
3141 4958 3363 5016 inolevit

1778 5023 2114 5080 consuetudo
2134 5028 2416 5094 praesentis
2438 5029 2634 5098 jejunii
2660 5036 2716 5089 in
2740 5049 2926 5098 nostra
2948 5044 3210 5115 Ecclesxa,
3240 5067 3361 5121 quae

1774 5111 1954 5163 tamen
1981 5127 2088 5168 non
2113 5123 2332 5174 tenetur
2356 5139 2456 5194 per
2481 5142 2672 5187 omnes
2713 5133 3016 5196 Orientales
3053 5143 3322 5202 Ecclesias
3339 5189 3356 5214 ,

1773 5213 1896 5253 cum
1925 5204 2099 5258 sancti
2127 5205 2320 5265 Patres
2349 5230 2485 5284 quos
2517 5229 2941 5284 memoravimus
2959 5272 2973 5296 ,
2999 5231 3319 5294 Ambrosius
3337 5282 3353 5308 ,

1769 5292 2123 5366 Augustinus,
2154 5301 2549 5379 Hieronymus,
2584 5315 2770 5371 dicant
2819 5292 3111 5380 relartanda
3146 5292 3352 5398 jejunia

1769 5395 2013 5459 tempore
2066 5393 2447 5470 Pentecostes,
2498 5423 2598 5463 nec
2651 5427 2758 5467 non
2805 5417 2970 5472 etiam
3019 5425 3351 5483 venerabilis

1767 5482 2058 5555 presbyter
2089 5486 2235 5544 Beda
2271 5491 2340 5548 de
2380 5496 2569 5552 eodem
2599 5507 2842 5574 tempore
2869 5507 3001 5564 dicit
3032 5510 3085 5566 in
3110 5482 3349 5573 homiliis

1701 5799 1704 5802 .
1765 5773 1920 5823 mus,
1956 5761 2026 5814 ob
2071 5769 2428 5824 reverentiam
2473 5775 2727 5834 nimirum
2771 5782 3062 5844 Dominicae
3100 5806 3346 5849 resurre-

1293 5836 1660 5912 quadragiuta.
1697 5899 1720 5902 ..

1762 5849 1978 5921 etionis,
2004 5853 2075 5910 ob
2098 5861 2415 5919 memoriam
2438 5863 2702 5927 Dominici
2733 5876 3014 5937 cnm'iclus
3038 5896 3161 5941 cum
3185 5882 3344 5942 discit
3418 5875 3419 5879 “

2865 5972 2942 6041 3’s
