3978 6450
510 375 651 438 1067

1551 369 1884 435 AMALARI!
1921 371 2363 435 PRESBYTER!
2399 369 2741 434 METENSIS

3658 377 3687 432 ί
3699 377 3810 438 068

507 497 672 571 polis.
690 493 849 554 simul
869 501 926 554 et
941 487 1016 550 ob
1039 507 1193 565 spem
1213 491 1410 558 futurae
1436 504 1637 552 nostra:
1659 491 1858 566 quietis
1879 507 1943 551 ac
1964 496 2088 550 vita:
2115 491 2167 556 Α
2193 493 2449 567 telligere,
2482 502 2536 549 et
2571 494 2677 548 tria
2707 485 3030 563 spiritualia.
3059 481 3165 546 Per
3191 495 3385 561 panem
3428 489 3630 550 milia
3663 494 3809 556 bona

508 585 852 652 immortalis.
875 585 943 643 Et
975 585 1138 656 paulo
1169 594 1331 657 post:
1362 585 1530 642 Recte
1556 587 1724 642 etiam
1759 589 2094 657 quinquage-

512 681 668 746 nario
703 681 916 738 dierum
942 695 1172 735 numeno
1219 688 1422 735 stautm
1459 680 1657 735 futura:
1689 687 1889 736 nostrai
1921 680 2093 734 beati-

514 774 718 834 tudinis
748 773 804 828 in
835 772 1068 843 imagine
1105 787 1449 838 veneramur,
1493 771 1696 841 jejunia
1734 751 1983 827 videlicet
2009 785 2093 824 re-

511 865 776 930 laxando,
805 872 862 920 et
896 862 1124 920 Alleluia
1149 865 1422 930 canendo,
1466 873 1672 920 stantes
1709 865 1944 929 orando,
1975 878 2093 932 quae

511 971 642 1020 sunt
683 960 966 1032 aptissima
1007 967 1284 1030 perpetuat
1311 958 1541 1028 quietis,
1582 957 2000 1014 resurrectionis
2037 963 2094 1012 et

510 1055 688 1112 laudis
713 1053 992 1124 praesagia.
1021 1052 1063 1106 A
1095 1068 1202 1122 quo
1233 1052 1406 1122 primo
1435 1052 1648 1107 initium
1689 1068 1933 1122 praesens
1951 1051 2092 1121 jeju-

513 1148 663 1204 nium
692 1145 944 1214 sumpsit,
975 1143 1268 1215 Gregorius
1295 1143 1630 1199 Turonensis
1660 1143 1972 1198 manil‘cstat
1992 1184 2006 1208 ,
2037 1144 2091 1198 in

512 1237 680 1310 gestis
700 1236 1036 1294 Francorum
1063 1235 1140 1290 ita
1169 1236 1355 1294 dicens
1380 1254 1393 1289 :
1423 1236 1482 1292 in
1506 1236 1591 1290 his
1619 1236 1954 1306 temporibus
1990 1235 2093 1291 fuit

515 1329 570 1384 in
615 1328 824 1384 Vienna
866 1327 1001 1383 urbe
1032 1335 1192 1383 terrai
1222 1335 1402 1382 motus
1451 1327 1720 1382 maximus
1769 1327 1860 1381 ubi
1910 1326 2094 1382 multa:

510 1417 752 1474 ecclesia:
793 1425 850 1472 et
887 1417 1080 1476 domus
1125 1415 1420 1472 multorum
1460 1431 1738 1472 concussae
1788 1415 2005 1470 fuerunt
2039 1423 2095 1471 et

511 1511 782 1568 subversae
811 1527 825 1563 :
855 1508 953 1566 ubi
985 1507 1174 1566 bestia)
1204 1507 1390 1564 multm
1420 1509 1773 1574 aberrantes,
1803 1508 1946 1577 lupi,
1979 1508 2094 1562 ursi

510 1601 691 1660 acerbi
716 1600 948 1671 ingressi
969 1615 1068 1670 per
1094 1609 1306 1671 portam
1331 1601 1568 1656 civitatis
1586 1641 1603 1665 ,
1627 1599 1954 1655 devorantcs
1975 1599 2096 1671 plu-

509 1695 698 1759 rimos,
727 1708 824 1765 per
849 1701 1021 1752 totum
1047 1707 1250 1756 annum
1269 1692 1374 1750 hoc
1399 1690 1691 1750 faciebant.
1718 1691 1856 1748 Nam
1879 1692 2095 1747 venien-

509 1794 565 1842 te
612 1784 956 1846 solemnitate
999 1783 1176 1848 sancti
1205 1782 1461 1849 Pascha,
1492 1791 1718 1840 sanctus
1759 1783 2089 1848 Mamertus,

2194 601 2313 658 quae
2341 589 2406 642 de
2433 586 2594 641 terris
2616 588 2953 649 nascuntur;
2979 599 3077 655 per
3092 583 3316 654 piscem,
3349 599 3472 656 qum
3503 587 3575 642 de
3606 589 3806 660 aquis;

2192 693 2289 750 per
2317 694 2499 742 ovum,
2533 676 2789 731 animalia
2843 690 2965 745 qua:
3005 684 3201 731 coeunt
3251 677 3430 732 simul.
3463 675 3603 732 Haec
3660 681 3805 738 enim

2195 779 2496 825 memorato
2525 779 2767 839 tempore
2791 769 2844 822 in
2871 767 3053 838 aliquo
3074 767 3318 838 profectu
3347 777 3477 822 sunt
3507 787 3518 821 :
3547 771 3806 839 germina

2194 863 2388 916 messis
2418 861 2706 932 pullulant,
2731 861 2987 916 arborum
3012 859 3220 915 fructus
3241 876 3306 915 ex
3332 860 3465 914 ﬂore
3497 862 3804 931 prodeunt,

2192 955 2366 1010 vineae
2397 963 2558 1024 atque
2587 954 2692 1009 olei
2719 953 2902 1024 liquor
2948 954 3063 1008 suis
3091 951 3157 1008 ab
3186 953 3475 1009 arboribus
3523 969 3589 1009 se
3625 969 3808 1010 erum-

2193 1047 2289 1117 pit,
2321 1045 2590 1116 puliorum
2640 1045 2938 1101 animantia
2970 1059 3192 1114 campos
3239 1033 3486 1099 tondent.
3522 1044 3803 1111 Quoniam

2195 1135 2312 1192 haec
2343 1135 2648 1191 necessaria
2679 1143 2803 1190 sunt
2831 1137 3034 1192 nostris
3084 1135 3294 1201 usibus,
3336 1137 3582 1206 petenda
3618 1148 3746 1192 sunt
3771 1153 3800 1193 a

2194 1228 2423 1284 Domino
2450 1238 2510 1283 ut
2534 1237 2943 1284 conserventur.
2978 1229 3050 1284 At
3075 1229 3399 1300 spiritualia,
3429 1232 3508 1285 ita
3535 1249 3548 1283 :
3584 1247 3691 1302 per
3714 1249 3802 1304 pa-

2194 1335 2340 1386 nem,
2390 1321 2746 1385 charitatem;
2799 1337 2897 1391 per
2949 1321 3173 1392 piscem,
3216 1321 3410 1386 fidem;
3465 1337 3568 1391 per
3619 1338 3796 1390 ovum,

2195 1427 2345 1483 spem
2380 1434 2392 1466 :
2419 1413 2618 1482 quibus
2649 1413 2825 1468 tribus
2857 1413 3054 1467 colitur
3082 1429 3111 1468 a
3145 1411 3301 1468 nobis
3345 1413 3649 1469 Divinitas.
3681 1415 3794 1470 llaec

2196 1505 2288 1560 illo
2313 1505 2366 1559 in
2415 1512 2658 1574 tempore
2702 1505 2972 1575 praecipue
3013 1505 3245 1575 petenda
3291 1514 3417 1559 sunt
3468 1522 3499 1560 a
3543 1506 3791 1573 Domino,

2197 1595 2415 1665 quando
2461 1593 2793 1649 resurrectio
2841 1593 3043 1649 Christi
3089 1603 3143 1649 et
3174 1593 3430 1649 Ecclesiae
3463 1593 3789 1660 celebratur,

2195 1696 2256 1742 ut
2283 1688 2369 1742 his
2415 1687 2676 1754 roborati,
2733 1687 2786 1739 in
2817 1687 3208 1756 justiﬁeatione
3243 1688 3637 1757 per-sistamus.
3671 1688 3793 1744 om—

2197 1780 2342 1836 cium
2368 1778 2673 1834 Romanum
2701 1788 2987 1834 cantamus
3035 1789 3092 1834 ct
3137 1787 3354 1849 tempus
3383 1783 3505 1851 ejus
3533 1784 3795 1853 praedica-

511 1878 602 1950 qui
636 1879 691 1932 in
716 1893 780 1934 ea
809 1877 945 1932 urbe
985 1884 1104 1934 erat
1141 1876 1460 1947 episcopus,
1503 1876 1632 1932 dum
1673 1877 1964 1932 missarum
2003 1889 2093 1930 so-
2121 1863 2168 1926 B
2199 1870 2362 1926 tionis
2396 1870 2881 1940 praetermittimus.
2939 1869 3194 1936 interest,
3253 1873 3552 1926 secundum
3605 1873 3796 1928 Hiero-

513 1968 712 2026 lemnia
770 1968 890 2038 ipsa
940 1967 1127 2036 vigilia
1185 1966 1528 2033 celebraret,
1574 1967 1834 2037 palatium
1881 1981 2096 2037 quoque

516 2058 697 2132 regale
735 2056 878 2129 quod
905 2057 960 2111 in
982 2072 1046 2112 ea
1072 2057 1292 2123 civitate
1317 2065 1467 2122 erat,
1500 2057 1684 2112 divino
1720 2058 1842 2126 igne
1877 2073 2098 2112 succen-

513 2164 634 2210 sum
682 2156 784 2206 est.
842 2146 1085 2218 Cumque
1134 2147 1251 2203 haec
1297 2155 1584 2217 agerentur
1636 2149 2099 2219 appropinquante

511 2243 845 2312 Ascensione
902 2242 1157 2308 Domini,
1221 2240 1415 2300 indixit
1483 2241 1748 2312 jejunium
1809 2245 1895 2299 vir
1969 2261 2096 2301 san-

512 2346 636 2402 ctus
670 2337 765 2392 Dei
799 2336 1107 2398 triduanum
1145 2336 1200 2392 in
1233 2335 1432 2407 populo
1481 2351 1606 2400 cum
1634 2336 1834 2408 gemitu
1872 2346 1929 2393 et
1964 2353 2097 2393 eon-

515 2429 760 2486 tritione.
837 2427 905 2484 Et
974 2426 1135 2498 paulo
1204 2434 1390 2496 post:
1449 2425 1602 2482 Tunc
1675 2429 1911 2483 cessavit
1982 2429 2100 2500 ipsa

516 2519 793 2582 tribulatio
849 2527 906 2578 et
963 2518 1264 2580 subversio.
1317 2517 1584 2588 Deinceps
1627 2533 1818 2576 omnes
1845 2519 2101 2577 Ecclesiae

513 2608 611 2674 Dei
645 2620 700 2670 et
737 2610 1052 2674 sacerdotes
1087 2611 1194 2667 hoc
1238 2610 1546 2682 exemplum
1595 2611 1873 2667 imitantes
1928 2628 2102 2684 usque

513 2703 582 2760 ad
600 2718 861 2774 prasens,
888 2701 1032 2774 ipsas
1076 2702 1357 2764 triduanas
1392 2702 1611 2759 litanias
1651 2702 1850 2774 ubique
1875 2703 2104 2760 celebri-

513 2804 598 2854 ter
623 2795 826 2852 colunt.
858 2794 962 2852 Ubi
991 2793 1146 2861 dicit,
1179 2809 1359 2852 omnes
1389 2793 1643 2850 Ecclesia:
1670 2795 1787 2860 Dei,
1820 2811 1928 2851 non
1947 2805 2101 2851 extra

513 2887 716 2944 Gallias
739 2900 1029 2958 possumus
1061 2899 1156 2944 eas
1195 2884 1519 2957 intelligere.
1547 2885 1649 2942 Ubi
1696 2896 1853 2944 erant
1881 2889 1948 2942 de
1982 2888 2104 2959 qui-

512 2980 618 3037 bus
653 2978 978 3036 Ambrosius
1011 2978 1170 3046 dixit,
1199 2978 1290 3047 qui
1333 2979 1573 3049 quotidie
1605 2981 1928 3036 statuissent
1974 2996 2100 3038 car-

515 3087 642 3127 nem
665 3069 930 3136 edendam
974 3085 1146 3140 usque
1170 3069 1226 3126 in
1254 3069 1635 3139 Pentecosten,
1684 3073 1759 3128 ibi
1790 3089 1902 3128 non
1940 3072 2104 3130 ﬁebat

514 3164 784 3236 jejunium
803 3165 959 3234 juxta
984 3179 1192 3228 morem
1226 3172 1495 3232 nostrum,
1522 3181 1698 3235 neque
1718 3165 1810 3224 ubi
1837 3165 2102 3236 Hierony-

2199 1979 2439 2035 nymum,
2472 1964 2690 2032 quando
2725 1977 2791 2018 ex
2831 1962 3110 2018 voluntate
3140 1979 3336 2019 munus
3383 1964 3616 2021 oll'ertur
3660 1966 3791 2036 Deo,

2199 2065 2255 2111 et
2299 2057 2516 2126 quando
2543 2071 2611 2111 ex
2648 2056 2993 2112 necessitate.
3025 2055 3318 2111 Voluntate
3353 2057 3499 2111 omni
3542 2067 3792 2129 tempore

2200 2163 2398 2202 munus
2443 2162 2732 2219 possumus
2777 2149 2831 2202 in
2882 2146 3215 2203 abstinentia
3270 2164 3441 2203 rerum
3473 2151 3796 2220 percipien-

2201 2243 2392 2299 darum
2418 2243 2617 2298 oﬂ‘erre
2648 2244 2776 2310 Deo,
2801 2243 2895 2298 sed
2923 2259 2986 2299 ex
3017 2243 3328 2300 necessitate
3350 2259 3451 2299 non
3491 2256 3748 2317 oportet.

2714 2354 2943 2411 CAPUT
2999 2352 3283 2411 XXXVII].

2654 2425 2730 2481 De
2775 2426 2952 2498 vigilia
2998 2423 3346 2482 Pentecostes.

2275 2518 2611 2575 Venicndum
2638 2528 2725 2575 est
2779 2519 2940 2573 modo
2968 2518 3036 2574 ad
3067 2519 3277 2592 vigilias
3311 2518 3687 2576 Pentecostes.
3731 2517 3795 2576 In

2202 2610 2286 2666 eis
2313 2610 2568 2681 leguntur
2597 2609 2862 2665 lectiones
2886 2616 3139 2680 quatuor,
3183 2618 3237 2664 et
3260 2620 3534 2664 canuntur
3560 2622 3795 2682 quatuor

2203 2688 2418 2760 cantica
2444 2713 2571 2759 ante
2598 2704 2855 2775 baptismi
2885 2704 3379 2771 consecrationem,
3409 2706 3553 2760 sicut
3575 2707 3627 2760 in
3655 2704 3793 2778 vigi-

2205 2795 2293 2850 liis
2323 2794 2563 2850 Pascliae.
2589 2795 2665 2849 lbi
2712 2795 2941 2867 legimus
2968 2815 2982 2849 :
3011 2793 3078 2850 In
3118 2796 3380 2867 principio
3411 2797 3608 2851 crearit
3655 2796 3790 2852 Deus

2204 2885 2389 2940 caelum
2441 2896 2490 2940 et
2537 2896 2752 2941 terrain.
2801 2886 2860 2941 ln
2914 2885 3113 2956 vigiliis
3142 2886 3525 2953 Pentecostes,
3555 2888 3785 2945 Tentat-it

2204 2977 2349 3032 Deus
2374 2979 2663 3032 Abraham.
2686 2979 2742 3032 in
2770 2978 2860 3032 illa
2893 2993 3001 3033 non
3023 2977 3270 3049 sequitur
3289 2981 3592 3044 canticum,
3615 2982 3665 3036 in
3690 2984 3788 3040 ista

2205 3073 2468 3142 sequitur.
2525 3072 2814 3129 Lectiones
2863 3074 2931 3127 ad
2962 3072 3280 3128 memoriam
3311 3075 3478 3130 nobis
3527 3075 3786 3131 adducunt

2206 3164 2340 3220 duos
2367 3174 2552 3235 patres
2579 3184 2592 3220 :
2624 3181 2791 3220 unum
2823 3166 3116 3222 secundum
3160 3182 3409 3234 carnem,
3455 3168 3682 3224 alterum
3703 3185 3786 3224 sc-

516 3226 662 3323 mus,
690 3226 865 3328 neque
886 3256 980 3313 ubi
1002 3226 1334 3328 Augustinus
1358 3226 1496 3315 erat;
1527 3226 1681 3324 Quod
1717 3258 1765 3313 si
1795 3257 1968 3324 ﬁeret,
1993 3226 2099 3312 non
2127 3226 2172 3290 C
2206 3226 2442 3310 cundum
2473 3255 2744 3325 spiritum.
2779 3257 2969 3322 Adam,
3006 3258 3096 3330 qui
3125 3259 3178 3314 in
3207 3226 3651 3330 priorc'lectione
3681 3279 3788 3318 me-

517 3359 626 3406 tam
674 3357 863 3420 aperte
894 3348 1252 3422 praedicarent
1298 3348 1689 3408 relaxationem
1731 3345 1924 3416 jejunii
1961 3347 2102 3402 intra

515 3441 908 3515 quinquaginta
930 3440 1066 3500 dies.
1092 3439 1338 3498 Romana
1378 3439 1716 3498 consuetudo
1736 3454 1900 3494 unum
1935 3438 2100 3504 diem,

514 3533 572 3592 id
599 3543 708 3600 est,
737 3532 970 3606 septimo
1000 3531 1270 3594 Kalendas
1302 3530 1444 3593 Maii,
1478 3530 1795 3600 interponit,
1817 3544 1976 3599 quem
2004 3545 2104 3586 vo-

515 3633 604 3680 cat
624 3625 680 3681 in
707 3623 895 3682 (itania
922 3623 1144 3695 majore,
1176 3639 1285 3682 nou
1314 3623 1372 3678 in
1402 3620 1616 3692 jejunio
1644 3641 1656 3677 :
1684 3622 1870 3677 [itania
1897 3632 2100 3689 autem,

516 3724 578 3772 ut
603 3716 964 3788 prmdiximus,
995 3715 1303 3786 deprecatio
1327 3722 1414 3772 est
1431 3713 1574 3783 apud
1594 3729 1717 3770 nos.
1744 3713 1930 3770 Potest
1954 3714 2100 3769 enim

515 3824 708 3864 serena
735 3823 888 3866 mens
932 3815 988 3864 et
1013 3807 1188 3868 aliena
1231 3823 1265 3864 a
1300 3807 1578 3866 voluntate
1616 3808 1790 3874 mala,
1820 3807 2102 3879 deprecari

522 3903 713 3967 Deum,
743 3901 994 3974 quamvis
1013 3900 1300 3960 manducet
1325 3901 1507 3956 sobrie
1529 3916 1750 3958 carnem
1778 3902 2025 3967 meridie,
2047 3909 2103 3956 et

517 3991 729 4046 laetetur
766 3991 832 4046 de
875 3989 1276 4058 resurrectione
1318 3988 1574 4054 Domini;
1605 3998 1800 4057 tamen
1837 3990 2101 4060 majorum

443 4148 454 4155 ί
518 4080 763 4147 Patrum,
792 4080 847 4138 id
891 4086 976 4136 est
1010 4077 1452 4150 apostolicorum,
1491 4095 1622 4140 usus
1648 4080 1954 4150 sequendus
1995 4090 2098 4138 est.

515 4173 766 4238 Forsitan
808 4190 872 4232 ex
914 4173 1032 4245 ipso
1069 4171 1252 4232 ofﬁcio
1278 4173 1579 4244 poterimus
1627 4173 1925 4245 intelligere
1970 4174 2102 4244 quid

515 4267 912 4340 deprecandum
943 4265 1017 4324 sit
1045 4264 1136 4324 tali
1165 4272 1425 4338 tempore.
1455 4263 1636 4322 Prima
1664 4265 1840 4322 oratio
1868 4264 1936 4319 ad
1969 4264 2102 4321 mis-

519 4375 632 4416 sam
685 4361 812 4416 dicit
842 4375 855 4414 :
889 4359 1114 4423 Prwsta.
1149 4375 1468 4428 quaesumus,
1503 4360 1826 4429 omnipotens
1852 4357 2016 4424 Deus,
2044 4367 2101 4414 ut

514 4452 604 4521 qui
632 4451 687 4504 in
728 4451 1001 4522 afflictione
1050 4460 1227 4504 nostra
1269 4451 1333 4504 de
1382 4460 1470 4504 tua
1511 4451 1701 4522 pietate
1751 4451 2097 4519 conﬁdimus,

516 4549 698 4593 contra
739 4541 958 4594 adversa
1012 4541 1189 4593 omnia
1242 4551 1333 4593 tua
1380 4557 1583 4610 semper
1629 4544 1945 4612 protectione
1989 4561 2100 4598 mu-

517 4629 745 4683 niamur.
793 4627 929 4681 Huic
974 4628 1270 4684 concordat
1309 4629 1675 4696 oll'ertorlum,
1726 4632 1911 4686 dicens
1953 4634 2101 4687 :Ad.

508 4723 642 4794 jura
667 4737 767 4788 me,
799 4719 1020 4776 Domine
1040 4719 1182 4775 Deus
1228 4738 1397 4788 meus,
1423 4721 1630 4780 saluum
1655 4740 1736 4780 me
1766 4724 1850 4792 [ac
1892 4735 2098 4796 propter

517 4812 930 4868 misericordiam
981 4821 1147 4870 tuam.
1179 4812 1248 4874 Et
1294 4814 1492 4872 iterum
1527 4832 1539 4868 :
1574 4813 1678 4882 Qui
1729 4815 2004 4886 insurgunt
2041 4819 2099 4873 in

513 4922 594 4964 me
621 4906 1034 4978 confundantur.
1083 4906 1162 4964 Eo
1193 4914 1458 4978 tempore,
1495 4907 1550 4964 id
1587 4915 1689 4974 est,
1731 4909 1960 4980 septimo
1991 4911 2096 4966 Ka-

513 4998 796 5054 lendarum
827 4998 974 5066 Maii,
1021 5008 1246 5070 possunt
1275 5001 1478 5060 inimici
1505 5017 1851 5062 commovere
1897 5004 2096 5061 bellum

514 5089 776 5146 adversus
819 5089 999 5146 vicina
1030 5105 1218 5167 regna,
1251 5100 1311 5150 ut
1350 5108 1494 5162 reor,
1525 5104 1686 5154 cauto
1709 5096 1949 5166 providit
1974 5114 2099 5154 san-

511 5188 599 5234 cta
627 5179 871 5236 Ecclesia
898 5179 1187 5238 Dominum
1217 5199 1411 5258 rogare
1454 5195 1513 5250 ut
1541 5187 1635 5258 qui
1673 5188 1942 5248 destruxit
1966 5191 2100 5247 olim

512 5268 798 5325 consilium
825 5268 1166 5346 Achitopbel,
1199 5289 1342 5332 nunc
1367 5275 1613 5340 destruat
1634 5280 1862 5340 consilia
1905 5298 2098 5341 eorum

510 5361 604 5429 qui
629 5359 818 5418 volunt
847 5359 1056 5418 irruere
1081 5379 1245 5444 super
1267 5381 1456 5436 pacem
1479 5368 1615 5445 ejus.
1643 5371 1878 5432 lntcndit
1903 5375 1968 5430 ad
1991 5376 2094 5433 hoc

511 5453 653 5521 quod
693 5453 825 5509 dicit
871 5453 1112 5526 Epistola
1139 5475 1150 5509 :
1179 5457 1408 5518 Multum
1445 5463 1583 5522 enim
1615 5463 1750 5520 ualet
1793 5466 2089 5536 deprecatio

503 5540 638 5611 justi
663 5545 898 5600 assidua.
943 5545 1291 5618 Evangelium
1331 5550 1558 5608 alteram
1588 5555 1902 5624 petitionem
1933 5567 2092 5614 sonat

513 5633 697 5690 dicens
729 5655 740 5688 :
773 5636 903 5710 Quis
937 5651 1110 5696 autem
1131 5657 1197 5696 ea:
1231 5642 1370 5697 vobis
1394 5654 1594 5715 patrem
1621 5647 1747 5716 petit
1784 5662 2012 5718 panem:
2035 5659 2092 5709 et

513 5725 741 5793 iterum,
774 5740 864 5781 aut
889 5733 1121 5799 piscem?
1153 5743 1207 5788 et
1239 5733 1455 5802 iterum,
1479 5748 1570 5792 aut
1603 5738 1648 5792 si
1673 5740 1876 5809 petierit
1904 5757 2086 5806 ovum;

516 5815 573 5872 in
599 5815 720 5873 istis
743 5817 926 5899 tribus
955 5823 1055 5875 tria
1093 5824 1406 5900 temporalia
1436 5827 1663 5896 petenda
1692 5844 1978 5898 possumus
2007 5831 2090 5886 in-

2203 3358 2468 3414 moratur,
2501 3350 2737 3405 carnalis
2766 3359 2849 3406 est
2876 3361 3052 3422 pater,
3088 3371 3118 3410 a
3147 3369 3256 3423 quo
3299 3356 3574 3426 originem
3603 3372 3785 3412 omnes

2201 3439 2471 3507 ducimus,
2499 3442 2591 3511 qui
2614 3443 2859 3512 peccavit
2880 3459 2988 3499 non
3026 3445 3331 3502 obediendo
3363 3456 3629 3517 praecepto
3657 3448 3778 3512 Dei,

2203 3531 2288 3586 cui
2320 3546 2427 3586 non
2457 3531 2709 3588 subditur
2733 3534 3002 3589 canticum
3024 3535 3284 3591 victoriae.
3316 3535 3783 3609 Abraham,pater

2203 3620 2521 3692 spiritualis,
2553 3623 2678 3693 quia
2703 3624 2820 3694 ejus
2847 3624 3005 3680 [idem
3033 3625 3299 3684 imitando
3346 3628 3448 3684 lilii
3483 3629 3600 3698 ejus
3618 3630 3780 3686 elﬁci-

2203 3728 2326 3768 mur
2351 3723 2406 3770 et
2431 3715 2662 3785 populus
2686 3717 2781 3771 Dei
2799 3733 3073 3774 vocamur.
3090 3717 3198 3775 Iste
3223 3723 3470 3777 restituit
3491 3724 3782 3780 obediendo

2203 3808 2258 3862 in
2299 3807 2667 3864 immolatione
2723 3811 2820 3866 lilii
2868 3813 2972 3878 sui,
3021 3816 3162 3884 quod
3191 3816 3404 3886 primus
3432 3818 3650 3873 offendit
3680 3836 3785 3875 non

2199 3899 2519 3957 obcdiendo.
2551 3901 2651 3957 Cui
2674 3905 2869 3960 merito
2899 3905 3148 3962 subditur
3176 3909 3456 3965 canticum
3501 3912 3738 3966 victoria:
3765 3928 3782 3964 :

2203 3994 2403 4049 occidit
2429 3994 2574 4048 enim
2607 3994 2798 4049 vitium
2825 3995 3220 4054 inobedicntiaa.
3271 4000 3449 4070 Ipsum
3472 4011 3624 4055 sonat
3644 4017 3780 4056 ora-

2204 4085 2281 4140 tio
2301 4087 2599 4141 sacerdotis
2621 4104 2632 4139 :
2657 4086 2818 4150 Deus,
2845 4089 2935 4158 qui
2958 4089 3014 4142 in
3036 4089 3264 4144 Abrahae
3285 4091 3476 4161 famuli
3499 4091 3575 4144 tui
3600 4110 3784 4162 opere,

2203 4173 2435 4230 humano
2461 4177 2636 4246 generi
2671 4177 2979 4232 obedientite
3009 4180 3244 4251 exempla
3293 4184 3596 4252 pra’buisti,
3626 4195 3680 4238 et
3709 4201 3785 4240 re-

2204 4267 2369 4338 liqua.
2402 4267 2525 4323 Haec
2555 4269 2714 4324 lectio
2744 4268 2809 4323 ad
2839 4270 3120 4326 historiam
3151 4276 3390 4342 pertinet
3429 4294 3440 4328 :
3473 4285 3534 4329 ut
3570 4276 3782 4346 legitur,

2202 4359 2274 4414 ita
2308 4359 2512 4414 factum
2539 4368 2640 4415 est.
2671 4359 2928 4432 Sequitur
2967 4363 3070 4417 alia
3094 4364 3250 4419 lectio
3282 4379 3298 4419 :
3326 4365 3561 4437 Scripsit
3590 4369 3782 4438 Hegias

2203 4451 2487 4504 canticum.
2514 4451 2591 4506 De
2635 4468 2742 4522 quo
2770 4454 2981 4508 cantico
3007 4454 3168 4519 dicat,
3200 4465 3393 4509 cantor
3432 4458 3545 4513 illic
3575 4460 3785 4513 demon-

2203 4549 2362 4606 strat,
2413 4543 2638 4609 scilicet,
2689 4545 2911 4599 Attende
2937 4546 3140 4601 cadum.
3174 4546 3252 4602 De
3281 4564 3388 4617 quo
3435 4551 3584 4607 Beda
3635 4567 3785 4622 super

2203 4632 2405 4688 Lucam
2435 4651 2447 4686 :
2478 4635 2561 4690 Ad
2606 4638 2924 4690 memoriam
2973 4638 3164 4706 prisca:
3209 4641 3498 4712 religionis
3521 4645 3787 4699 canticum

2202 4725 2627 4793 Deuteronomii,
2651 4729 2702 4783 in
2720 4745 2826 4799 quo
2840 4731 3128 4787 universus
3153 4735 3356 4788 veteris
3378 4737 3576 4808 populi
3601 4746 3786 4801 status,

2152 4879 2157 4882 _
2201 4822 2330 4892 quid
2358 4822 2605 4878 videlicet
2630 4821 2854 4885 oﬂ'cnso,
2893 4823 3021 4894 quid
3068 4825 3298 4894 propitio
3343 4826 3462 4881 Deo
3509 4828 3790 4892 meruerit,

2201 4915 2525 4979 continetur,
2560 4913 2830 4968 nonnullis
2857 4914 2908 4968 in
2949 4913 3081 4969 locis
3131 4915 3358 4970 sabbato
3421 4918 3606 4973 dicere
3661 4932 3795 4971 con-

2200 5008 2394 5064 suevit.
2441 5006 2694 5076 Alioquin
2753 5015 2898 5062 esset
2952 5017 3343 5078 prmposterum
3399 5019 3464 5066 ut
3518 5011 3798 5080 prioribus

2202 5101 2516 5170 septimanae
2566 5099 2758 5155 diebus
2803 5101 3191 5170 prophetarum
3236 5101 3397 5156 dictis
3451 5105 3796 5161 caminibus

2200 5189 2397 5260 Moysis
2422 5189 2670 5244 ultimum
2698 5190 2974 5246 diceretur
3000 5192 3057 5246 +.
3103 5192 3181 5246 Ac
3210 5208 3308 5264 per
3335 5192 3463 5260 hoc,
3498 5197 3637 5266 quia
3666 5213 3797 5268 pra:-

2199 5291 2482 5338 ccssernnt
2530 5281 2657 5337 boni
2691 5279 2869 5338 mores
2917 5282 2970 5337 in
3002 5283 3128 5338 liliis
3182 5284 3441 5350 Abrahae,
3495 5298 3794 5358 antequam

2197 5373 2666 5445 apprehendercnt
2697 5381 2902 5444 septem
2935 5374 3189 5431 mulieres
3220 5376 3395 5430 virum
3430 5394 3635 5446 unum,
3674 5397 3798 5453 pro.

2195 5467 2414 5536 ponitur
2462 5465 2640 5530 lectio,
2701 5464 2922 5536 Scripsit
2979 5465 3187 5537 Moyses
3239 5467 3531 5523 canticum.
3573 5471 3803 5528 Attende

2195 5559 2400 5624 cretum,
2433 5558 2522 5613 ubi
2551 5557 2724 5612 Adam
2751 5559 2822 5612 ad
2849 5559 3169 5614 memoriam
3221 5561 3527 5626 reducitur,
3564 5564 3669 5633 qui
3723 5573 3804 5620 est

2195 5651 2376 5722 imago
2409 5651 2576 5707 totius
2594 5650 2820 5706 humani
2840 5652 3074 5723 generis,
3106 5635 3162 5707 in
3185 5669 3292 5723 quo
3315 5653 3495 5726 major
3519 5669 3665 5724 pars
3687 5663 3806 5711 erat

2194 5743 2426 5798 inﬁdelis
2448 5751 2576 5797 ante
2598 5741 2802 5798 Christi
2832 5745 3143 5799 adventum.
3172 5745 3338 5799 Vinea
3368 5744 3511 5800 facta
3538 5757 3664 5814 est,
3692 5749 3804 5802 sci-

2194 5833 2318 5888 licet
2346 5842 2744 5889 sacramentum
2772 5834 2974 5892 Christi
2996 5845 3049 5892 et
3071 5835 3330 5895 Ecclesia:
3352 5839 3520 5911 (quod
3543 5844 3811 5912 pertinet
