3978 6472
199 430 330 502 1969

965 433 1054 493 DE
1089 424 1641 494 ECCLBSIAS'I‘IGS
1677 425 1966 491 01³1³10118
2003 431 2184 488 LIB!“
2217 433 2305 490 IV.
2327 461 2402 475 --
2436 431 2565 489 LIB.
2605 427 2646 490 Ι.

3291 433 3428 499 1070

193 555 256 615 τά
283 545 608 626 ﬁngam)
629 549 912 622 praecedit,
941 551 1068 621 quia
1113 550 1222 605 nisi
1263 549 1314 604 is
1336 547 1594 612 venisset,
1624 548 1752 603 boni
1778 549 1831 610 Α
1856 560 1980 601 nem
2023 559 2192 616 prope
2230 559 2326 616 per
2370 545 2785 600 inobedientiam
2810 531 2958 614 Adae,
2989 549 3129 605 sicut
3155 559 3280 607 tunc
3307 567 3428 613 erat

189 663 356 708 mores
403 647 469 701 ad
518 643 835 700 universum
887 641 1074 700 orbem
1123 653 1232 699 non
1281 641 1625 697 nausian
1673 640 1752 696 De

189 746 335 800 tertia
367 741 593 797 lectione
613 739 724 810 iam
755 739 957 797 dictum
980 747 1082 805 est,
1112 741 1166 795 in
1215 755 1321 810 qua
1364 745 1570 809 septem
1609 737 1751 792 dona

188 838 408 908 Spiritus
435 835 608 890 sancti
630 834 696 891 de
724 835 1099 890 obedientibus
1125 831 1334 888 faciunt
1361 844 1527 886 unum
1553 831 1748 896 virum,

185 930 245 984 de
269 942 370 997 quo
397 926 613 981 dicebat
639 923 860 990 Paulus,
894 925 1071 978 Donec
1119 937 1457 977 occurramus
1493 937 1670 975 omnes
1696 921 1752 975 in

181 1019 337 1074 virum
355 1017 664 1088 perfectum,
690 1025 745 1072 et
771 1016 1003 1086 reliqua.
1047 1009 1253 1083 Quarta
1301 1015 1464 1070 lectio
1491 1021 1576 1068 est
1601 1011 1754 1069 lere-

181 1111 294 1165 mizc
318 1109 610 1180 prophetzc,
642 1123 763 1179 quae
787 1109 920 1163 dicit
950 1109 1091 1162 inter
1121 1116 1313 1163 cetera
1342 1123 1356 1161 :
1394 1105 1550 1160 Disce
1573 1105 1752 1159 ubisit

177 1200 442 1270 sapientia,
482 1199 571 1254 ubi
612 1199 801 1263 virtus,
838 1198 926 1252 ubi
976 1198 1284 1269 prudentia,
1334 1207 1392 1250 ut
1423 1198 1560 1251 scias
1594 1191 1753 1250 simul

177 1291 342 1346 ubisit
370 1291 672 1362 longilurna
701 1293 807 1346 vita
835 1293 1105 1360 nactus,
1139 1291 1228 1344 ubi
1252 1291 1319 1344 sit
1369 1290 1544 1344 tamen
1572 1290 1753 1343 oculo.

176 1400 287 1439 rum
335 1394 382 1439 et
421 1401 550 1455 pax.
599 1384 967 1439 Praesentibus
1019 1384 1199 1438 verbis
1231 1383 1296 1436 ad
1339 1383 1482 1437 sitim
1513 1381 1750 1451 aliquam

172 1483 322 1531 vocat
373 1477 679 1540 audientes,
728 1475 960 1540 scilicet,
1014 1473 1314 1543 sapientitc,
1352 1472 1593 1537 virtutis,
1622 1482 1752 1540 pru-

173 1569 380 1624 dentia.
407 1570 586 1636 Quare
616 1568 756 1623 hoc?
784 1575 843 1622 ut
872 1568 1011 1622 sciat
1069 1567 1318 1630 audiens,
1363 1566 1453 1619 ubi
1493 1566 1559 1620 sit
1583 1565 1754 1636 longi-

169 1667 322 1712 luma
367 1660 494 1723 vita,
540 1657 714 1712 lumen
760 1657 1036 1711 oculorum
1071 1666 1268 1727 clpam.
1306 1655 1459 1723 Quod
1503 1655 1751 1727 praecipit

167 1744 394 1812 discere,
434 1747 502 1802 ad
529 1745 863 1802 desiderium
905 1745 1142 1815 pertinet
1196 1744 1379 1810 fontis,
1425 1745 1579 1815 juxta
1604 1743 1750 1814 quod

164 1837 458 1907 reapondet
487 1838 714 1891 audiens
744 1849 759 1890 :
785 1835 938 1892 Sicut
962 1849 1138 1889 cervus
1178 1835 1442 1888 desiderat
1472 1836 1542 1888 ad
1580 1836 1748 1904 fontes

161 1945 444 2000 aquarum,
482 1939 587 1985 etc.
636 1929 739 1985 Ubi
793 1929 1062 1984 rationem
1114 1924 1248 1983 dicit
1273 1941 1444 1998 quare
1471 1929 1747 1984 desiderat
1775 1910 1822 1969 Β

157 2017 388 2083 fontem,
425 2021 499 2075 ibi
527 2021 866 2091 superiorem
910 2021 1076 2075 vitam
1125 2021 1339 2074 intimat
1378 2015 1628 2084 dicendo,
1655 2019 1746 2075 ubi

156 2109 231 2164 sit
255 2111 569 2180 longiturna
596 2113 732 2177 vita,
760 2120 817 2167 et
842 2111 1024 2166 lumen
1066 2112 1366 2177 oculorum,
1396 2120 1452 2166 et
1474 2127 1600 2181 pax,
1625 2127 1748 2183 quae

153 2201 390 2271 pertinet
417 2203 485 2256 ad
508 2215 808 2272 anagogen.
844 2202 911 2256 Et
944 2202 1201 2257 sacerdos
1228 2201 1304 2256 ita
1352 2219 1365 2254 :
1404 2200 1745 2272 Omnipotens

153 2292 464 2362 sempiterna
511 2292 673 2358 Deus,
726 2293 820 2362 qui
855 2293 990 2346 hanc
1043 2292 1430 2348 solemnitatem
1489 2293 1744 2349 adventus

154 2383 388 2455 Spiritus
413 2386 584 2439 sancti
628 2385 966 2450 consecrasti,
1019 2385 1089 2439 da
1133 2383 1281 2438 adbis
1325 2399 1654 2455 quwsumus,
1681 2396 1740 2440 ut

152 2477 446 2533 curialibus
505 2478 781 2534 desideriis
823 2480 1030 2533 accensi
1069 2480 1266 2548 fontem
1318 2479 1434 2534 vitae
1476 2479 1742 2535 sitiamus.

154 2567 259 2625 libi
283 2569 440 2635 dicit,
473 2568 764 2624 calestilms
807 2571 1083 2625 desideriis
1125 2571 1353 2634 accensi,
1390 2571 1744 2643 anagogicum

153 2671 330 2719 sonat.
365 2662 447 2718 De
479 2663 671 2718 litania
706 2663 853 2718 circa
898 2663 1247 2734 baptismum,
1298 2672 1354 2719 et
1407 2662 1644 2730 alleluia,
1689 2673 1747 2720 et

149 2764 345 2820 tractu,
369 2755 586 2811 dictum
608 2762 710 2810 est.
738 2754 938 2810 Parum
979 2755 1111 2811 libet
1136 2756 1203 2811 de
1248 2754 1464 2809 alleluia
1489 2763 1543 2810 et
1572 2764 1744 2810 tracta

145 2843 344 2901 iterum
394 2845 700 2900 recordari.
753 2845 981 2904 Alleluia
1028 2847 1084 2902 in
1127 2847 1521 2902 memoratione
1553 2848 1744 2917 primat

145 2936 269 2992 vitm
317 2935 634 2993 innocentis
675 2936 807 2993 Adae
850 2945 1137 3004 cantatur;
1173 2939 1270 2994 sed
1291 2939 1422 3009 quia
1476 2953 1582 2994 non
1640 2939 1743 2995 fuit

141 3033 332 3088 eadem
364 3033 684 3090 innocentia
739 3035 1094 3105 sempiterna,
1126 3034 1181 3089 in
1221 3043 1450 3090 tractum
1472 3037 1743 3091 converti-

143 3130 246 3178 tur.
283 3119 457 3179 Verbi
490 3125 664 3196 gratia
703 3139 719 3180 :
763 3124 863 3182 Fui
890 3126 1314 3183 catechumenus
1355 3126 1741 3184 Constantino-

139 3213 247 3283 poli
271 3223 477 3285 captus
507 3215 913 3286 :qaaasivit’me
938 3218 1190 3274 dominus
1231 3231 1384 3275 meus
1424 3221 1740 3278 misericors

139 3314 191 3360 et
211 3305 520 3377 piissimus,
546 3308 752 3364 invenit
781 3323 871 3366 me
892 3309 1200 3380 captivum;
1228 3311 1430 3367 occidit
1466 3312 1615 3368 illum
1638 3315 1732 3384 qui

136 3411 226 3454 me
269 3400 466 3468 rapuit
487 3408 711 3470 propter
731 3413 910 3456 meam
937 3401 1224 3467 incuriam,
1275 3411 1330 3457 et
1373 3417 1460 3458 me
1503 3401 1737 3461 reddidit

131 3487 416 3555 libertati,
468 3498 529 3544 ut
578 3498 884 3546 reverteret-
931 3493 998 3547 ad
1048 3492 1282 3563 patriam
1329 3508 1525 3548 meam.
1560 3496 1736 3562 Quam

128 3579 339 3652 ingens
368 3581 548 3651 gloria
577 3582 718 3652 apud
744 3597 850 3647 me,
883 3583 1009 3652 quia
1037 3593 1227 3639 erutus
1251 3599 1370 3639 sum
1397 3599 1428 3639 a
1453 3587 1733 3654 servitute,

125 3683 185 3729 et
213 3675 475 3729 redditus
503 3674 779 3730 libertati?
801 3675 1003 3731 Tamen
1036 3677 1162 3746 quia
1192 3675 1348 3748 longa
1394 3678 1481 3732 via
1507 3686 1563 3733 et
1587 3678 1738 3734 labo—

122 3762 285 3820 riosa
310 3771 372 3818 et
387 3765 695 3833 periculosa
717 3775 888 3822 restat
906 3768 1181 3823 redeundo
1201 3770 1268 3824 ad
1290 3769 1520 3839 patriam
1536 3785 1733 3838 meam,

117 3864 258 3927 pom
285 3865 552 3924 magnam
603 3856 844 3911 laetitiam
891 3857 1074 3928 aliquo
1125 3858 1280 3914 taedio
1327 3859 1551 3916 adactus
1590 3875 1730 3926 sum,

119 3943 396 4002 nesciens
428 3955 610 4001 utrum
632 3948 1056 4018 perveniendum
1102 3949 1172 4005 sit
1202 3949 1269 4004 ad
1296 3953 1545 4021 patriam,
1578 3953 1734 4022 quasi

119 4040 193 4096 de
220 4038 426 4108 aliquo
454 4040 622 4109 gradu
647 4040 979 4095 descendens
1011 4054 1041 4094 a
1069 4041 1276 4111 majore
1302 4043 1513 4108 laetitia,
1545 4043 1598 4098 id
1627 4053 1732 4111 est,

119 4131 196 4186 ab
225 4127 493 4193 Alleluia,
517 4128 571 4183 in
594 4131 879 4196 minorem,
909 4131 1064 4200 quasi
1100 4131 1152 4186 in
1184 4141 1430 4188 tractum.
1462 4134 1736 4191 Patienter

119 4229 322 4277 tamen
358 4219 504 4286 fero,
529 4220 797 4276 laudando
825 4230 1154 4291 ereptorem,
1207 4224 1312 4278 iter
1366 4224 1665 4293 injunctum
1689 4227 1734 4281 si

122 4319 329 4389 aliquo
387 4317 553 4371 modo
581 4316 870 4386 aliquando
908 4317 1108 4372 reverti
1151 4327 1339 4388 potero
1387 4319 1453 4373 ad
1479 4321 1731 4390 patriam.

117 4411 370 4479 Insuper
394 4407 560 4461 etiam
575 4415 791 4478 ereptor
811 4421 964 4463 meus
984 4408 1150 4462 mittit
1172 4421 1380 4463 mecum
1398 4407 1733 4476 defensores,

119 4502 218 4573 qui
248 4514 350 4555 me
386 4498 681 4553 defendant
703 4499 769 4553 de
790 4496 1078 4554 barbarica
1116 4497 1286 4563 rabie,
1333 4514 1453 4568 qum
1501 4499 1735 4569 undique

116 4589 456 4646 circumdat
483 4588 590 4643 iter
613 4601 810 4643 meum.
829 4589 935 4658 Ipsi
957 4588 1270 4644 defensores
1296 4599 1420 4645 sunt
1440 4591 1734 4661 baptisma-
1759 4625 1816 4686 Β

117 4681 192 4737 lia
222 4689 608 4744 sacramenta,
632 4687 686 4733 et
710 4693 918 4744 cereus,
979 4689 1143 4752 atque
1178 4691 1465 4752 patronus,
1495 4685 1588 4753 qui
1626 4701 1737 4742 me-

114 4790 250 4831 cum
284 4780 595 4828 versantur
636 4785 806 4840 usque
853 4773 922 4827 ad
969 4775 1252 4844 septimum
1285 4776 1428 4830 diem
1454 4765 1747 4850 lavationis

115 4868 414 4923 albarum.
477 4865 716 4936 Septima
763 4865 900 4933 dies,
947 4875 1008 4921 ut
1055 4882 1197 4937 saepe
1222 4868 1426 4923 dictum
1456 4879 1558 4935 est,
1588 4873 1734 4928 illam

112 4962 389 5032 requiem
424 4959 671 5030 designat
699 4975 861 5029 quam
893 4969 1150 5015 exeuntes
1179 4961 1246 5015 de
1273 4963 1471 5016 mundo
1507 4965 1734 5034 suscipi-

111 5071 270 5121 mus,
309 5067 449 5126 quze
478 5054 594 5108 sine
619 5053 728 5107 ullo
757 5053 996 5123 periculo
1023 5055 1282 5109 manebit.
1316 5055 1395 5109 Ad
1431 5056 1733 5112 distinctio-

111 5162 249 5203 nem
313 5144 548 5201 alleluia
593 5154 649 5200 et
699 5155 920 5211 tractus,
970 5159 1130 5216 quam
1180 5145 1428 5202 volumus
1487 5149 1574 5202 hic
1633 5147 1729 5204 de.

113 5247 464 5294 monstrare
489 5237 605 5292 haec
632 5251 794 5308 parva
827 5235 956 5291 mihi
983 5235 1252 5292 suﬁiciunt
1285 5255 1297 5290 :
1324 5238 1543 5309 insuper
1565 5241 1728 5295 etiam

107 5329 310 5401 placet
341 5329 440 5385 hic
462 5328 733 5394 intimare,
765 5343 885 5398 quae
907 5328 1164 5384 distantia
1214 5329 1288 5384 sit
1310 5331 1452 5385 inter
1474 5330 1730 5388 lectiones

109 5439 244 5495 qua
271 5425 549 5496 leguntur
569 5423 623 5477 in
642 5422 841 5493 vigiliis
887 5422 1106 5477 Pascbze
1131 5431 1186 5478 et
1208 5437 1302 5478 eas
1327 5438 1447 5492 qum
1481 5423 1731 5494 leguntur

110 5517 172 5574 in
203 5517 434 5590 vigiliis
458 5513 821 5572 Pentecostes.
855 5516 1008 5583 Quod
1037 5515 1181 5571 enim
1207 5517 1373 5572 distat
1397 5517 1540 5572 inter
1556 5516 1729 5572 Adam

108 5621 171 5668 et
203 5609 529 5671 Abraham,
563 5609 667 5663 hoc
699 5616 911 5679 oportet
969 5607 1183 5665 differre
1233 5611 1375 5666 inter
1429 5609 1732 5666 doctrinam

109 5703 542 5773 magistrorum
595 5700 662 5755 ad
708 5701 1123 5756 catechumenos
1172 5704 1263 5770 qui
1310 5702 1733 5773 baptizanturin

107 5793 360 5850 Pascha
388 5792 602 5847 Domini
623 5799 680 5847 et
705 5792 760 5846 in
783 5792 1118 5848 Pentecoste.
1151 5795 1381 5849 Deberet
1412 5795 1489 5850 eis
1511 5809 1734 5851 narrare

105 5885 612 5956 perieiitationem
633 5885 856 5940 humani
886 5886 1100 5954 generis
1119 5901 1291 5956 usque
1317 5885 1383 5943 ad
1408 5886 1736 5944 internecio-

1765 3266 1810 3332 C

1853 635 2069 706 quando
2111 633 2288 691 nullus
2337 635 2615 690 hominum
2661 634 2829 692 Deum
2878 637 3109 706 colebat,
3137 642 3241 697 nisi
3283 644 3432 702 solus

1853 725 2164 792 Abraham;
2211 725 2328 795 ipsa
2384 725 2684 782 internecio
2737 728 3033 797 permansit
3079 730 3133 785 in
3177 733 3433 793 universo

1854 829 2050 890 genere
2072 819 2332 883 humano,
2353 818 2597 888 exceptis
2611 818 2695 873 bis
2717 819 2988 890 aliquibus
3005 823 3097 891 qui
3117 823 3184 877 de
3201 825 3436 883 Abt-alim

1853 910 2026 980 stirpe
2065 909 2417 979 prodierant:
2448 910 2502 965 in
2532 909 2624 966 illo
2649 911 2816 978 enim,
2863 910 2917 965 id
2967 922 3050 967 est
3088 913 3282 983 Adam,
3331 934 3435 989 per

1854 1003 2144 1058 adventum
2164 1001 2366 1057 Christi
2387 1003 2564 1072 primo
2589 1003 2804 1057 occisus
2828 1010 2910 1057 est
2938 1003 3219 1060 diabolus?
3243 1018 3436 1078 postea

1853 1109 1951 1164 per
1976 1093 2320 1150 dilectionem
2362 1104 2569 1163 septem
2614 1094 2901 1150 mulierum
2943 1097 3294 1168 coniunctum
3349 1110 3439 1156 est

1853 1186 2071 1242 Christo
2098 1202 2268 1258 genus
2295 1187 2612 1242 humanum.
2648 1187 2851 1242 Deinde
2881 1188 2949 1248 ad
2973 1188 3115 1248 bona
3160 1207 3325 1264 opera
3355 1187 3437 1248 di-

1851 1287 2060 1334 rectum
2081 1288 2188 1334 est.
2219 1279 2325 1334 iste
2366 1279 2501 1334 ordo
2548 1287 2796 1335 servatur
2842 1279 2896 1336 in
2946 1279 3146 1352 vigiliis
3190 1281 3432 1340 Paschzn.

1851 1370 2007 1426 Alter
2033 1380 2116 1426 est
2161 1372 2214 1426 in
2261 1371 2461 1439 vigiliis
2505 1370 2872 1426 Pentecostes.
2918 1369 2978 1426 in
3029 1371 3133 1427 isto
3178 1373 3437 1430 recolitur

1853 1462 2122 1532 quomodo
2146 1463 2420 1517 Abraham
2448 1462 2559 1516 Deo
2599 1460 2803 1531 placuit
2839 1475 2939 1531 per
2966 1461 3350 1531 obedientiam,
3380 1472 3437 1519 et

1853 1569 1950 1609 sua
1998 1555 2285 1624 progenies
2335 1555 2388 1608 in
2416 1554 2574 1611 bonis
2619 1554 2862 1609 moribus
2893 1554 3158 1610 delectata
3201 1556 3291 1622 sit,
3345 1557 3436 1612 cui

1853 1651 2034 1700 tamen
2063 1658 2286 1699 necesse
2325 1645 2486 1700 estin
2511 1644 2661 1700 Novo
2688 1643 3058 1712 Testamento,
3096 1658 3156 1701 ut
3179 1646 3437 1717 adiunga-

1854 1741 1944 1788 tur
1967 1749 2064 1804 per
2085 1736 2412 1805 baptismum
2429 1735 2666 1802 Christo,
2682 1745 2737 1792 et
2757 1736 2837 1792 sic
2862 1736 2918 1794 in
2935 1752 3003 1793 eo
3031 1748 3247 1794 maneat
3265 1754 3439 1811 usque

1855 1825 1981 1881 dum
2011 1828 2340 1897 perducatur
2368 1827 2435 1880 ad
2460 1826 2682 1883 caeleste
2707 1843 2955 1898 regnum.

2373 1941 2602 1997 CAPUT
2665 1941 2908 1998 XXXIX.

1989 2028 2070 2084 De
2099 2031 2432 2101 sequentibus
2462 2042 2654 2102 septem
2702 2033 2883 2089 diebus
2911 2033 3266 2094 Pentecostes.

1917 2133 2190 2197 inchoatae
2211 2142 2265 2196 in
2294 2144 2646 2214 sequentibus
2689 2141 3202 2218 diebuﬂrmsentis
3228 2149 3438 2206 hebdo-

1845 2235 2020 2290 madas
2049 2237 2176 2307 quid
2203 2252 2364 2310 agere
2413 2238 2724 2305 debeamus,
2779 2239 3029 2300 dominus
3072 2244 3217 2301 Beda
3261 2248 3435 2302 mani-

1848 2324 2014 2381 festat
2061 2328 2117 2382 in
2165 2328 2386 2383 homilia
2445 2345 2541 2385 sua
2587 2331 2812 2386 dicens:
2845 2329 3044 2388 Verum
3089 2336 3192 2390 hoc
3218 2351 3437 2406 quoque

1845 2421 1989 2490 quod
2018 2437 2126 2476 non
2153 2422 2340 2477 statim
2370 2431 2588 2494 peracta
2613 2423 2697 2479 die
2723 2423 3170 2498 quinquagesima
3195 2443 3335 2500 genu
3357 2429 3431 2485 ad

1844 2511 2109 2568 orandum
2131 2527 2438 2579 curvamus,
2465 2511 2556 2569 sed
2574 2513 2734 2569 etiiia
2757 2515 2932 2571 adhuc
2953 2513 3255 2586 septimana
3280 2525 3430 2573 stan-

1847 2611 1928 2659 tes
1958 2601 2184 2660 Domino
2209 2606 2590 2675 supplicamus,
2621 2617 2676 2662 et
2725 2606 2970 2679 quamvis
2999 2609 3308 2667 intermissa
3339 2628 3430 2668 rc-

1843 2703 2087 2767 petentes
2103 2695 2324 2768 jejunis,
2352 2708 2532 2754 tamen
2551 2693 2778 2756 Alleluia
2798 2703 3040 2774 quotidie
3050 2719 3430 2775 pcrsonamus,

1843 2799 2004 2842 nemo
2047 2789 2252 2858 absque
2297 2787 2621 2846 discretione
2676 2801 2800 2862 apta
2845 2801 2901 2848 et
2947 2796 3172 2868 congrui
3217 2797 3432 2855 ratione

1843 2880 2084 2952 mysterii
2133 2887 2285 2953 putet
2311 2883 2549 2938 aetitari.
2583 2881 2720 2951 Quia
2770 2886 2916 2941 enim
2969 2885 3206 2960 Spiritus
3245 2892 3426 2948 sancti

1843 2971 2174 3043 septiformis
2199 2980 2283 3029 est
2308 2975 2480 3047 gratia
2526 2970 2647 3044 jure
2674 2970 2990 3033 solemnitas
3020 2981 3282 3036 adventus
3309 2980 3431 3051 ejus

1841 3079 1939 3136 per
1966 3073 2170 3138 septem
2194 3065 2310 3123 dies
2356 3065 2515 3122 laude
2560 3068 2888 3140 hymnorum
2936 3071 3135 3137 debita,
3181 3073 3429 3131 simulet

1842 3156 2132 3213 missarum
2155 3157 2521 3215 celebratione
2548 3158 2762 3214 colitur.
2809 3153 2945 3228 Quia
2969 3168 3211 3232 tempore
3234 3161 3434 3221 Pente-

1842 3256 2020 3304 costes
2041 3247 2286 3305 Ecclesia
2312 3259 2422 3305 toto
2447 3248 2577 3304 orbe
2611 3263 2778 3306 novos
2825 3252 3040 3323 semper
3064 3251 3175 3309 Deo
3203 3257 3433 3327 populos

1841 3354 1939 3409 per
1972 3355 2167 3410 aquam
2193 3340 2620 3412 regenerationis
2650 3353 2946 3411 aggregare
2978 3346 3287 3412 consuevit,
3316 3362 3434 3403 me-

1840 3432 1946 3486 rito
1982 3432 2140 3486 saluti
2184 3449 2371 3488 eorum
2416 3433 2816 3502 ‘congaudentes
2873 3446 3153 3506 quousque
3184 3436 3318 3494 albis
3349 3439 3434 3495 inc

1843 3521 2078 3576 duuntur
2108 3522 2278 3590 stolis,
2312 3529 2364 3577 et
2392 3519 2620 3580 nitorem
2667 3521 2966 3592 puriﬁcatce
2995 3525 3217 3593 mentis,
3246 3526 3432 3599 Splen-

1842 3613 1971 3668 dore
1996 3611 2212 3670 habitus
2235 3614 2590 3681 demonstrat,
2633 3613 2893 3686 hymnum
2941 3613 3052 3674 Deo
3078 3616 3286 3675 devotas
3312 3617 3433 3675 ian.

1841 3702 1924 3758 dis
1949 3704 2224 3760 oderimus
2247 3705 2400 3776 juxta
2425 3711 2754 3777 praeceptum
2779 3703 2963 3776 tipsius
2992 3709 3224 3778 piissimi
3243 3720 3432 3782 pasto—

1839 3794 1916 3850 ris
1956 3813 2020 3852 ac
2074 3795 2435 3868 redemptoris
2465 3799 2661 3864 nostri,
2697 3798 2789 3870 qui
2816 3799 2890 3854 ait
2927 3817 2939 3854 :
2972 3795 3432 3872 Congratulamini

1839 3890 1989 3957 mihi,
2017 3892 2142 3963 quia
2176 3891 2347 3946 inveni
2385 3909 2529 3946 ovem
2567 3909 2755 3958 meam,
2788 3905 2905 3964 qua:
2933 3895 3180 3964 perierat.
3233 3895 3430 3953 Merito

1839 3984 2003 4039 etiam
2035 3994 2163 4040 tunc
2189 3993 2395 4040 stantes
2421 4001 2657 4048 oramus,
2692 3985 2760 4042 ob
2795 3985 3242 4057 signiﬁcationem
3273 3989 3429 4046 vide-

1839 4073 1967 4130 licet
1991 4075 2329 4130 liberationis
2351 4075 2688 4142 eorumdem,
2716 4075 2805 4146 qui
2836 4091 2934 4146 per
2963 4078 3161 4132 dontim
3194 4077 3432 4150 Spiritus

1837 4167 2010 4224 sancti
2062 4167 2129 4222 de
2175 4178 2351 4223 morte
2382 4168 2576 4223 animm
2627 4168 2695 4222 ad
2725 4169 2890 4223 vitam
2918 4171 3234 4227 resuscitari
3263 4181 3432 4242 atque

1837 4275 2123 4332 resurgere
2172 4267 2503 4315 meruerunt.
2552 4259 2719 4330 Cujus
2767 4259 2999 4316 donante
3030 4263 3224 4332 gratia,
3254 4265 3427 4320 etiam

1838 4355 2020 4409 carnis
2043 4353 2449 4410 immortalitate
2474 4369 2573 4409 nos
2605 4353 2657 4407 in
2683 4353 2972 4408 novissima
3002 4355 3086 4410 die
3117 4357 3429 4414 vestiendos

1838 4453 2001 4515 atque
2035 4445 2100 4500 ad
2132 4445 2329 4517 gaudia
2375 4445 2549 4501 beatae
2604 4444 3018 4504 resurrectionis
3052 4448 3427 4521 perducendos

1839 4554 1959 4595 esse
1981 4555 2278 4610 speramus.

2439 4631 2665 4690 CAPUT
2703 4629 2813 4690 XL.

1841 4722 2052 4806 Quanto
2074 4733 2304 4806 tempore
2339 4724 2558 4780 debeant
2581 4743 2689 4781 esse
2733 4725 3134 4806 sttb_disciplina
3163 4729 3426 4806 chrisma-

1909 4797 1974 4848 tis
1995 4797 2085 4864 qui
2101 4812 2202 4849 non
2222 4807 2605 4872 consequuntur
2626 4814 2813 4872 manus
2830 4797 3212 4868 impositionem
3227 4802 3425 4872 episco-

1906 4881 2092 4935 porum
2122 4875 2346 4936 tempore
2373 4868 2682 4936 baptisterii,
2719 4868 2809 4921 sed
2835 4878 2968 4937 post.

1908 4954 2057 5010 Solet
2107 4957 2275 5024 quaeri
2328 4956 2473 5010 inter
2516 4956 2768 5026 vulgares
2815 4966 3018 5026 quanto
3056 4967 3298 5030 tempore
3332 4961 3423 5017 de-

1837 5045 2002 5100 beant
2024 5047 2334 5101 unctionem
2367 5046 2678 5101 chrismatis
2707 5047 3000 5104 observare
3046 5049 3099 5105 in
3139 5051 3316 5120 capite
3356 5058 3420 5108 ut

1837 5151 1944 5192 non
2002 5138 2250 5192 laventur
2294 5139 2385 5207 qui
2437 5139 2710 5209 accipiunt
2765 5157 2959 5197 manus
3015 5143 3417 5213 impositionetn

1837 5230 2044 5301 absque
2094 5238 2334 5300 tempore
2382 5231 2704 5301 baptisterii.
2746 5233 2952 5300 Quibus
2979 5240 3157 5304 potest
3193 5249 3418 5306 respon-

1838 5319 1970 5386 deri,
2000 5328 2204 5392 quanto
2229 5329 2472 5392 tempore
2519 5323 2844 5394 generaliter
2886 5325 2955 5380 ab
2998 5325 3240 5382 Ecclesia
3274 5326 3420 5382 cele-

1834 5415 2026 5470 bratur
2071 5415 2338 5472 adventus
2395 5416 2630 5488 Spiritus
2677 5419 2848 5474 sancti
2899 5435 3064 5491 super
3115 5420 3413 5492 apostolos,

1834 5517 1986 5565 tanto
2040 5519 2284 5582 tempore
2309 5511 2618 5567 celebretur
2653 5514 2792 5582 apud
2841 5531 3281 5586 unumquemque
3324 5516 3420 5588 qui

1833 5617 1954 5657 eum
1980 5603 2210 5672 accepit,
2261 5604 2363 5657 hoc
2400 5610 2502 5669 est,
2534 5613 2739 5673 septem
2767 5604 2978 5662 diebus.
3005 5607 3074 5663 Et
3097 5624 3203 5663 non
3225 5609 3420 5666 imme-

1835 5697 1976 5752 rito:
2009 5697 2135 5766 quia
2162 5698 2308 5751 enim
2339 5696 2571 5766 Spiritus
2594 5708 2812 5755 sanctus
2859 5701 2912 5754 in
2941 5709 3146 5772 septem
3175 5703 3418 5761 mulieri-

1835 5791 1936 5845 bus
1963 5790 2107 5843 venit
2137 5790 2201 5841 :ul
2229 5790 2492 5858 hospite'n
2522 5808 2699 5859 suum,
2735 5793 2817 5848 fas
2856 5803 2942 5849 est
2979 5795 3270 5866 unicuique
3298 5813 3421 5852 mu-

1834 5885 1951 5941 licri
1975 5882 2280 5941 convivium
2307 5899 2462 5941 suum
2493 5894 2713 5955 paretur
2757 5903 2854 5958 per
2900 5888 3144 5958 singulos
3180 5888 3328 5956 dies,
3349 5889 3427 5948 de
