3978 6454
479 443 611 501 {071

479 555 676 630 quibus
699 544 1015 603 mulieribus
1055 536 1186 594 dicit
1211 533 1417 588 Isaias:
1451 523 1846 601 Apprehendent
1866 528 2058 591 septem
2087 517 2140 577 Α

477 611 724 704 mulieres
754 641 923 694 virum
952 646 1137 687 unum.
1171 623 1490 682 Convivium
1531 618 1746 674 illarum
1772 611 2064 669 mulierum

478 747 586 804 est,
614 734 831 808 quando
861 731 988 800 ipsa
1015 725 1081 780 de
1107 739 1165 778 se
1192 719 1391 775 satiant
1417 712 1684 784 hospitem
1715 722 1892 764 suum.
1913 702 2064 758 Talia

481 828 726 890 convivia
748 819 1041 880 exercebat
1055 814 1306 871 Christus
1327 807 1468 878 apud
1481 802 1741 860 convivas
1761 812 1908 862 suos,
1934 792 2065 848 talia

483 933 537 981 et
567 920 805 991 Spiritus
839 921 1058 970 sanctus
1079 892 1334 962 exercet.
1391 899 1601 968 Hospes
1625 892 1860 965 Spiritus
1891 883 2066 942 sancti

484 1029 639 1070 mens
669 1017 751 1065 est
795 1001 1046 1063 hominis.
1103 996 1250 1051 Mens
1299 999 1452 1046 tanto
1499 984 1732 1056 amplius
1779 979 2008 1036 satiatur
2036 988 2068 1027 a

485 1104 671 1176 sagina
707 1098 941 1170 Spiritus
969 1090 1164 1152 sancti,
1219 1093 1426 1157 quanto
1475 1080 1656 1136 minus
1696 1074 1862 1130 fuerit
1887 1069 2069 1124 dedita

487 1171 798 1254 carnalibus
822 1184 1121 1244 desideriis.
1151 1181 1230 1235 Ita
1263 1175 1535 1246 accipiens
1575 1171 1827 1225 observet
1859 1171 2070 1230 tempus

487 1290 753 1344 adventus
776 1280 1012 1350 Spiritus
1031 1274 1224 1335 sancti,
1249 1278 1309 1323 ut
1330 1266 1466 1322 solet
1491 1263 1688 1318 charus
1705 1255 1912 1312 amicus
1925 1251 2072 1306 circa

488 1380 716 1435 charum
741 1373 978 1427 amicum
1012 1368 1328 1422 observare.
1385 1355 1614 1424 Quando
1653 1352 1850 1406 cbarus
1876 1342 2074 1414 aliquis

489 1471 556 1524 ad
579 1467 812 1522 amicum
841 1463 1068 1517 charum
1086 1455 1256 1519 venit,
1282 1452 1334 1506 in
1363 1447 1511 1504 nullo
1532 1443 1649 1500 vult
1673 1441 1761 1495 ille
1774 1437 1866 1508 qui
1892 1448 2075 1490 susce-

485 1563 564 1634 pit
593 1562 741 1615 illum
763 1555 1059 1615 offendere,
1093 1549 1188 1604 sed
1237 1540 1501 1616 quidquid
1547 1536 1699 1592 novit
1743 1533 1793 1587 ei
1815 1527 2074 1600 placitum

488 1616 630 1716 esse,
661 1653 766 1704 hoc
785 1664 850 1703 ex
883 1644 1047 1701 corde
1075 1639 1309 1710 benigno
1347 1634 1397 1690 ei
1423 1630 1670 1693 adhibet;
1715 1626 1786 1678 ita
1813 1616 2077 1692 quidquid

488 1744 809 1818 cegnoverit
835 1736 1138 1806 suscipiens
1161 1729 1422 1801 Spiritum
1462 1729 1712 1780 sanctum
1743 1715 2000 1787 placitum
2027 1707 2078 1762 ei

486 1804 630 1906 esse,
667 1840 770 1893 hoc
815 1834 889 1889 illi
929 1804 1204 1891 euhibeat,
1232 1820 1472 1894 quandiu
1495 1831 1617 1872 cum
1642 1811 1734 1868 illo
1755 1816 1860 1864 est.
1887 1805 1946 1860 Si
1975 1804 2080 1858 hoc

1509 407 1844 470 AMALARII
1882 394 2319 460 PRESBYTERI
2358 385 2702 449 METENSIS

3627 372 3654 428 ῗ
3665 371 3774 427 073

2165 511 2322 575 tium,
2352 515 2412 562 et
2434 503 2564 559 facit
2585 515 2652 555 ea
2670 509 2843 553 unum
2862 506 2960 548 cor
2992 504 3114 547 esse
3155 490 3227 544 ad
3255 485 3639 543 imitationem
3664 500 3772 541 sua

2163 599 2395 673 propriae
2423 589 2762 654 substantiae,
2791 587 2897 642 hoc
2935 592 3038 649 est,
3088 590 3149 636 ut
3174 594 3343 636 unum
3391 576 3596 643 velint,
3637 575 3771 632 sicut

2165 698 2352 746 sancta
2374 685 2615 743 Trinitas
2640 695 2811 737 unum
2838 676 2972 733 vult.
2991 674 3107 730 Hoc
3126 673 3364 744 primum
3387 676 3621 740 oportet
3647 683 3769 723 eou-

2166 795 2386 839 servare
2427 777 2576 833 illum
2625 772 2719 844 qui
2752 770 2969 841 accepit
2996 766 3261 838 Spiritum
3304 771 3570 818 sanctum
3616 767 3678 813 ut
3721 759 3770 813 in

2168 871 2314 928 nullo
2359 866 2690 927 discordiam
2742 862 2946 918 habeat
2996 859 3064 914 ab
3105 857 3312 911 unitate
3355 852 3648 908 Ecclesiae.
3680 851 3770 904 De-

2168 971 2504 1024 monstratur
2526 959 2692 1014 etiam
2722 971 2820 1027 per
2848 953 3078 1008 alteram
3104 947 3508 1020 apparitionem
3539 943 3770 1012 Spiritus

2171 1056 2346 1114 sancti
2372 1055 2428 1109 in
2447 1050 2710 1109 columbae
2736 1045 2940 1117 Specie,
2971 1043 3144 1099 altero
3183 1040 3345 1096 modo
3375 1038 3580 1094 eadem
3609 1038 3767 1090 virtus

2172 1147 2476 1210 charitatis,
2529 1144 2637 1199 hoc
2684 1149 2768 1196 est
2820 1154 2918 1210 per
2948 1135 3377 1206 simplicitatem.
3417 1130 3671 1200 Simplex
3694 1138 3768 1183 est

2172 1242 2316 1298 enim
2355 1235 2554 1293 animal
2581 1232 2852 1298 columba,
2877 1239 2936 1286 et
2954 1245 2987 1284 a
3008 1228 3215 1322 malitia
3249 1225 3392 1282 fellis
3416 1224 3686 1289 alienum,
3713 1238 3767 1276 ac

2175 1336 2298 1390 ideo
2335 1346 2432 1402 per
2467 1343 2590 1384 eam
2626 1326 2799 1382 voluit
2847 1339 2908 1380 se
2955 1319 3285 1386 monstrare,
3315 1329 3380 1374 ut
3409 1319 3769 1373 innotesceret

2176 1425 2481 1496 hospitibus
2499 1422 2614 1478 suis
2643 1418 2919 1488 simplices
2943 1431 3066 1472 esse
3089 1415 3308 1470 debere.
3336 1411 3634 1479 Quomodo
3656 1409 3766 1463 sim-

2176 1521 2392 1592 plicitas
2426 1517 2622 1572 debeat
2667 1511 2973 1576 observari,
3028 1507 3323 1579 Apostolus
3351 1506 3547 1568 docet,
3579 1503 3764 1566 dicens,

2178 1617 2476 1689 prudentes
2509 1612 2564 1667 in
2599 1610 2764 1674 bono,
2809 1605 3084 1676 simplices
3110 1604 3164 1658 in
3187 1600 3357 1656 malo.
3374 1598 3496 1652 Hoc
3519 1605 3628 1662 est,
3649 1596 3763 1650 sciat

2183 1687 2285 1763 sibi
2333 1707 2434 1776 ipsi
2488 1705 2649 1758 homo
2700 1699 2960 1769 prodesse
3012 1704 3068 1751 et
3117 1693 3332 1749 caeteris
3378 1687 3679 1752 fratribus,
3721 1695 3768 1740 et

2184 1775 2391 1853 nesciat
2436 1795 2537 1850 sibi
2584 1790 2800 1846 oﬂieere
2842 1796 2898 1843 et
2924 1785 3064 1841 aliis.
3124 1781 3219 1838 ille
3243 1781 3348 1838 sibi
3385 1779 3580 1843 allicit,
3609 1777 3694 1847 qui
3718 1775 3767 1830 in

488 1873 630 1906 533C,
668 1873 770 1893 ιιυυ
817 1873 889 1889 IIII
930 1873 1204 1891 νειμ-υν--τ
1236 1873 1409 1894 -1__,__,,

488 1935 700 1997 fecerit,
726 1931 910 1984 forsan
954 1925 1113 1980 citius
1133 1917 1336 1991 poterit
1383 1913 1433 1968 ei
1463 1904 1824 1967 reconciliari,
1857 1895 2076 1969 quando
2107 1888 2154 1946 B
2185 1901 2431 1960 tempore
2483 1887 2744 1941 adventus
2795 1880 3032 1951 Spiritus
3097 1877 3272 1932 sancti
3318 1873 3536 1930 carnali
3584 1886 3768 1927 concu-

1784 1995 1795 1997 ξ
1855 1992 1864 1997 ι
2224 1984 2234 1995 ⁸
2376 1981 2436 1997 ’,⁸
2478 1981 2525 1997 2⁴
2543 1979 2793 1997 ““’²“⁸⁸““·“
2852 1973 2873 1997 Α
2894 1987 2919 1997 ι·
2951 1986 3051 1997 *Αι-
3075 1970 3175 1997 ΙνιΛΛ
3200 1983 3259 1997 an
3279 1967 3558 1997 nnnlznnol
3585 1983 3612 1997 ιι
3636 1979 3768 1997 mnu-

492 2031 672 2098 aliqua
695 2022 900 2079 offensa
930 2012 1225 2071 recesserit
1266 2010 1334 2062 ab
1375 2021 1461 2060 eo.
1494 1999 1723 2068 Quando
1751 1992 2081 2049 cbrismatus

493 2117 816 2176 recordatur
839 2109 1152 2164 unclionm
1199 2094 1512 2155 chrismatis
1553 2089 1658 2145 sibi
1705 2085 1918 2145 adesse,
1952 2088 2084 2133 tunc

491 2205 839 2282 potissimum
879 2195 1071 2254 recolit
1120 2189 1320 2246 debere
1377 2200 1437 2240 se
1491 2194 1612 2236 esse
1665 2173 1766 2230 sub
1799 2168 2084 2240 disciplina

1340 2279 1386 2282 ,_
1496 2275 1518 2282 ,
1622 2281 1627 2282 γ
1723 2270 1734 2282 ,
1882 2281 1885 2282 ν
1963 2259 2082 2282 ___:_‘

497 2259 736 2372 rSpiritus
766 2292 960 2351 sancti.
993 2285 1188 2344 Unctio
1215 2282 1306 2337 illa
1337 2279 1459 2335 ideo
1488 2275 1551 2330 fit
1574 2281 1636 2327 ut
1662 2270 1896 2326 sciamus
1955 2259 2086 2332 quid

494 2354 839 2449 idvisibiliter
898 2387 1152 2451 operetur
1203 2371 1443 2444 Spiritus
1507 2361 1846 2422 sanctus-in
1903 2354 2082 2410 nobis.

496 2484 684 2541 Oleum
717 2477 855 2535 solet
875 2474 1150 2530 fessorum
1182 2462 1428 2521 membra
1461 2457 1667 2519 fovere,
1698 2451 1973 2508 balsamus
2001 2458 2089 2499 so-

494 2577 573 2635 let
619 2570 888 2628 redolere.
937 2563 1106 2618 Fessa
1152 2565 1278 2614 sunt
1323 2551 1568 2608 membra
1620 2545 1815 2600 animae
1861 2544 2087 2600 nostrai,

498 2633 718 2742 quando
755 2659 986 2733 pmnitet
1030 2653 1090 2709 se
1130 2649 1306 2722 egisse
1334 2643 1478 2716 quod
1519 2646 1709 2696 contra
1754 2633 2090 2688 voluntatem

498 2716 600 2815 ἶ)θὶ
626 2763 730 2810 est.
753 2716 838 2806 λεὶ
863 2761 1026 2819 quam
1037 2716 1192 2799 \solet
1207 2738 1395 2804 venire
1443 2731 1680 2802 Spiritus
1722 2730 1946 2782 sanctus
1966 2726 2022 2774 et
2039 2716 2091 2772 ei

499 2853 810 2904 monstrare
834 2809 1057 2896 dimissa
1081 2836 1304 2904 peccata
1330 2826 1444 2881 sive
1484 2815 1823 2878 dimittenda.
1857 2809 2012 2867 Unde
2037 2813 2094 2862 et

503 2939 620 3009 ipse
651 2933 888 3004 Spiritus
927 2934 1150 2984 sanctus
1193 2915 1503 2975 consolator
1537 2909 1761 2966 dicitur.
1794 2904 1873 2958 De
1895 2915 2003 2971 qua
2032 2912 2095 2953 re

507 2994 723 3085 dicebat
764 3020 936 3078 David
990 3036 1002 3072 :
1053 3011 1353 3071 Secundum
1407 3001 1814 3085 multitudinem
1848 2994 2093 3049 dolorum

507 3104 746 3173 meorum
769 3113 824 3167 in
874 3107 1030 3164 corde
1071 3119 1210 3167 meo,
1248 3094 1630 3153 consolationes
1672 3084 2098 3153 tuazlwtiﬁcave-

507 3221 631 3267 runt
671 3208 904 3262 animam
939 3214 1130 3255 meam.
1167 3194 1320 3258 Hunc
1366 3188 1627 3260 Spiritum
1658 3187 1906 3237 sanctum
1943 3189 2096 3230 acce-

509 3244 630 3267 ...ηι
941 3244 1130 3255 ...ν-η--
1407 3244 1424 3260 _

505 3307 708 3374 perunt
727 3293 957 3368 apostoli
997 3292 1051 3346 in
1084 3298 1251 3349 terra,
1280 3280 1498 3354 quando
1523 3275 1772 3333 Christus
1805 3265 2100 3326 insulilavit
2126 3244 2172 3307 (ἶ

507 3366 588 3449 eis
614 3392 669 3446 in
705 3366 920 3448 faciem,
946 3392 1002 3438 et
1035 3379 1213 3436 dixit:
1251 3372 1483 3443 Accipite
1518 3366 1777 3438 Spiritum
1803 3369 2044 3416 sanctum
2077 3369 2097 3409 :

509 3498 732 3558 quorum
752 3473 1056 3533 remiseritis
1081 3477 1295 3544 peccata
1309 3464 1650 3520 remittuntur
1671 3457 1766 3512 eis.
1786 3454 1904 3510 Non
1925 3451 2101 3509 solum

510 3546 616 3631 hoc
649 3578 909 3642 operatur
936 3564 1173 3634 Spiritus
1197 3565 1442 3621 sanctus,
1469 3553 1521 3609 id
1552 3558 1636 3606 est
1654 3556 1715 3604 ut
1755 3546 2103 3603 remittantur

512 3673 760 3740 peccata,
810 3659 904 3716 sed
953 3657 1121 3712 etiam
1169 3655 1394 3723 praestat
1438 3644 1583 3698 bona
1632 3653 1818 3710 opera,
1852 3651 1972 3706 qua:
2005 3648 2105 3705 per

512 3756 826 3829 opinionem
858 3751 1057 3804 bonam
1084 3745 1138 3799 in
1164 3741 1299 3796 alios
1323 3739 1528 3792 bonum
1551 3733 1774 3788 odorem
1801 3726 2100 3796 inspirant:

524 3849 602 3904 ibi
646 3855 731 3901 est
768 3843 1063 3899 balsamus.
1119 3835 1275 3890 Hunc
1332 3829 1479 3884 enim
1525 3824 1745 3881 modum
1785 3821 2109 3888 acceperunt

519 3936 748 4010 apostoli
772 3934 858 3988 die
887 3930 1258 3989 Pentecostes,
1286 3923 1389 3976 hoc
1422 3927 1521 3983 est,
1555 3925 1616 3970 ut
1648 3914 1910 3968 virtutum
1937 3906 2108 3977 signis

519 3998 744 4106 odorem
774 4022 980 4078 notitiae
1027 4034 1137 4074 sum
1170 4014 1515 4088 porrigerent
1539 4004 1752 4078 populo.
1794 4002 1888 4056 Est
1944 3998 2109 4053 etiam

519 4096 624 4177 alia
650 4127 842 4174 natura
867 4111 995 4178 olei,
1028 4110 1081 4165 id
1109 4087 1214 4173 est,
1239 4113 1299 4160 ut
1349 4102 1529 4156 lumen
1550 4101 1790 4169 prmstet.
1823 4089 1936 4144 Hoc
1963 4087 2110 4141 enim

521 4212 756 4284 Spiritus
795 4216 1017 4264 sanctus
1046 4208 1305 4272 operatur
1333 4196 1387 4250 in
1419 4191 1658 4253 homine,
1704 4194 1764 4240 ut
1796 4184 1977 4238 lumen
2009 4180 2108 4233 ha-

519 4273 648 4363 beat
703 4296 1106 4370 intelligentim;
1158 4297 1416 4362 operatur
1464 4281 1625 4339 simul
1674 4286 1728 4331 et
1787 4273 2110 4333 balsamum,

521 4396 738 4470 quando
766 4409 863 4463 per
886 4404 984 4446 ora
1011 4383 1348 4455 loquentium
1387 4379 1592 4437 lumen,
1619 4367 1835 4441 quando
1860 4363 2115 4419 intrinse-

525 4507 623 4550 cus
681 4460 852 4549 dedit,
909 4483 975 4537 ad
1031 4489 1352 4536 caeterorum
1399 4470 1645 4526 notitiam
1698 4460 1945 4534 perducit
1992 4471 2113 4510 cum

528 4578 814 4636 dulcedine
845 4573 1066 4641 eloquii.
1094 4569 1210 4622 Non
1228 4567 1372 4620 enim
1403 4565 1603 4616 frustra
1635 4557 1870 4624 Spiritus
1894 4558 2115 4605 sanctus

2183 1981 2450 2055 piscentia
2478 1979 2814 2047 inquinatur.
2841 1973 2922 2028 Ac
2951 1986 3051 2042 per
3074 1970 3178 2026 hoc
3199 1983 3260 2024 se
3279 1967 3563 2023 contineat
3583 1983 3615 2019 a
3635 1979 3770 2018 cont-

2185 2075 2346 2148 plexu
2399 2070 2746 2131 feminarum,
2801 2065 2895 2136 qui
2943 2077 3053 2118 non
3093 2059 3375 2131 perficitur
3413 2057 3538 2113 sine
3577 2054 3770 2112 carnali

2188 2161 2652 2234 concupiscentia;
2687 2157 2956 2212 abstineat
3002 2169 3062 2208 se
3091 2168 3123 2207 a
3155 2149 3374 2220 crapula
3403 2159 3456 2204 et
3484 2149 3770 2211 ebrietate,

2189 2268 2250 2316 ut
2277 2273 2431 2314 meus
2455 2255 2733 2326 saginetur
2759 2246 2987 2320 spiritali
3014 2246 3173 2302 cibo:
3198 2244 3451 2298 abstineat
3478 2257 3539 2296 se
3559 2256 3590 2294 a
3617 2255 3774 2294 men-

2191 2353 2345 2408 dacio
2397 2358 2452 2406 et
2495 2349 2563 2403 ab
2609 2345 2759 2404 omni
2809 2339 3182 2405 simulatione,
3225 2337 3461 2408 quoniam
3513 2333 3762 2404 Spiritus

2192 2459 2354 2515 quem
2385 2439 2627 2509 suscepit
2668 2435 2812 2506 fugit
2836 2435 3044 2489 fictum.
3078 2430 3198 2486 Non
3229 2429 3372 2483 enim
3399 2440 3625 2496 parvum
3642 2437 3772 2492 pec-

2193 2544 2375 2593 catum
2391 2543 2476 2590 est
2501 2529 2880 2594 mendacium;
2914 2527 2962 2582 si
2985 2522 3494 2594 comparaverimus
3510 2517 3773 2572 luxuriam

2193 2639 2249 2687 et
2305 2629 2637 2692 castitatem,
2697 2632 2753 2680 et
2802 2620 3172 2685 mendacium,
3224 2625 3283 2672 et
3326 2613 3637 2674 veritatem,
3677 2623 3775 2663 non

2195 2722 2379 2777 minus
2411 2717 2686 2773 videbitur
2733 2726 2966 2783 peccare
3019 2709 3113 2780 qui
3167 2705 3460 2769 mentitur,
3515 2715 3670 2771 quam
3689 2698 3774 2767 qui

2194 2810 2623 2886 polluiturluxu.
2654 2806 2769 2862 Non
2797 2813 2883 2860 est
2899 2801 3074 2872 major
3094 2800 3326 2856 castitas
3341 2796 3599 2850 veritate.
3617 2791 3775 2861 ipsam

2196 2882 2294 2963 hei
2324 2903 2684 2960 substantiam
2733 2896 2968 2953 dicimus
3010 2892 3319 2948 veritatem.
3371 2886 3482 2952 Qui
3513 2882 3774 2943 mentitur,

2196 2996 2486 3051 veritatem
2503 2991 2822 3058 corrumpit,
2848 2995 3113 3056 quantum
3131 2984 3184 3036 in
3207 2997 3267 3035 se
3289 2989 3398 3034 est.
3418 2978 3478 3032 in
3496 2992 3566 3031 eo
3582 2972 3776 3029 homine

2198 3087 2290 3142 ubi
2313 3086 2418 3142 duo
2441 3083 2608 3139 corda
2633 3088 2777 3146 sunt,
2803 3094 2908 3132 non
2940 3075 3147 3130 habitat
3180 3071 3268 3126 ille
3290 3069 3531 3141 spiritus
3557 3067 3646 3136 qui
3665 3064 3776 3118 facit

2200 3177 2489 3234 unanimes
2520 3175 2577 3229 in
2617 3173 2797 3227 domo.
2833 3168 2984 3223 Multi
3005 3167 3150 3222 enim
3190 3163 3498 3233 loquuntur
3524 3157 3699 3212 verbis
3723 3151 3778 3206 ad

2203 3287 2373 3328 unum
2402 3267 2704 3331 hominem,
2730 3273 2786 3318 et
2810 3264 2878 3318 ad
2901 3261 3130 3316 alterum
3145 3257 3322 3313 oculis
3340 3252 3644 3310 innuendo.
3666 3249 3780 3303 Por-

2203 3366 2331 3438 rigit
2352 3380 2420 3420 ex
2447 3377 2558 3417 uno
2588 3358 2754 3414 corde
2790 3355 3133 3412 dulcedinem
3162 3348 3464 3404 verborum
3492 3346 3580 3400 cui
3625 3339 3781 3409 loqui-

2205 3466 2316 3526 tur,
2363 3473 2430 3513 ex
2462 3455 2637 3509 altero
2663 3451 2827 3506 corde
2877 3447 3037 3502 alteri
3079 3445 3285 3508 dolum,
3314 3458 3419 3512 per
3440 3453 3596 3510 quem
3633 3448 3780 3488 vene-

2205 3523 2336 3608 num
2365 3551 2419 3603 in
2441 3545 2608 3602 corde
2638 3541 2754 3612 ejus
2780 3539 2959 3596 fundit
2989 3536 3076 3593 cui
3117 3534 3380 3604 loquitur.
3407 3530 3515 3597 Qui
3543 3529 3643 3582 hoc
3667 3523 3782 3578 facit

2209 3644 2265 3698 in
2289 3657 2355 3697 eo
2384 3655 2494 3695 non
2525 3644 2609 3692 est
2640 3633 2883 3706 Spiritus
2905 3637 3160 3691 sanctus.
3182 3625 3283 3680 Est
3305 3624 3402 3693 qui
3436 3622 3580 3676 ridet
3607 3633 3712 3680 ore,
3738 3623 3785 3668 et

2211 3738 2378 3794 corde
2401 3732 2751 3791 machinatur
2772 3727 2976 3783 malum
2999 3725 3259 3780 adversus
3300 3734 3431 3774 eum
3455 3717 3552 3786 qui
3582 3709 3786 3785 porrigit

2211 3830 2405 3893 risum,
2462 3835 2516 3880 et
2542 3824 2646 3878 iste
2672 3820 2836 3877 habet
2881 3817 2989 3871 duo
3016 3815 3202 3877 corda,
3239 3821 3578 3881 quapmpter
3603 3821 3704 3860 non
3738 3803 3787 3856 in

2213 3935 2278 3976 eo
2298 3917 2512 3972 habitat
2533 3913 2772 3984 Spiritus
2796 3916 3039 3965 sanctus.
3069 3905 3184 3961 Hoc
3208 3903 3617 3962 vestimentum,
3639 3898 3690 3951 id
3709 3903 3790 3949 est

2214 4007 2612 4081 simplicitatis,
2631 4003 2866 4075 perdidit
2886 4000 3054 4055 miser
3068 3998 3264 4060 Adam,
3282 3996 3496 4065 quando
3513 4007 3571 4045 sc
3590 3988 3789 4043 nudum

2215 4076 2490 4171 cognovit.
2517 4097 2592 4151 De
2622 4110 2728 4164 qua
2757 4107 2818 4147 re
2845 4089 3036 4146 scribit
3082 4086 3428 4157 Augustinus
3455 4085 3505 4138 iu
3529 4081 3670 4136 libro
3693 4076 3793 4132 Gt'r

2221 4207 2420 4248 neseos
2465 4198 2656 4246 contra
2687 4184 3013 4239 Manichaeos
3051 4200 3066 4236 ε
3096 4177 3252 4246 Quod
3282 4188 3467 4232 autem
3498 4173 3626 4229 nudi
3653 4177 3795 4225 erant

2216 4285 2388 4341 Adam
2416 4293 2471 4339 et
2521 4280 2718 4336 mulier
2748 4276 2883 4345 ejus,
2929 4285 2984 4331 et
3027 4289 3133 4328 non
3163 4269 3661 4328 confundebantur,
3681 4264 3794 4316 sim—

2218 4377 2516 4448 plicitatem
2541 4372 2733 4425 anima:
2786 4367 3207 4433 castitatemque
3249 4358 3549 4430 significat.
3585 4355 3712 4408 Nam
3745 4358 3794 4403 et

2217 4467 2513 4539 Apostolus
2556 4466 2628 4519 ita
2688 4462 2865 4518 dicit:
2901 4457 3089 4529 Optavi
3133 4472 3219 4510 uos
3267 4456 3358 4507 uni
3409 4452 3524 4505 uiro
3568 4449 3794 4518 virginem

2221 4571 2421 4616 castam
2450 4559 2692 4612 exhibere
2717 4552 2946 4608 Christo.
3002 4549 3181 4602 Timeo
3218 4555 3416 4608 autem,
3452 4560 3517 4596 ne
3547 4544 3678 4595 sicas:
3703 4554 3795 4591 ser-

530 4684 692 4742 super
720 4666 992 4738 apostolos
1030 4663 1178 4717 venit
1201 4662 1255 4713 in
1286 4658 1372 4712 dic
1415 4655 1763 4708 Pentecostcs
1791 4649 1844 4699 in
1878 4651 2040 4698 vento
2063 4649 2116 4695 et
2143 4623 2195 4682 D
2222 4669 2347 4725 pen;
2397 4650 2562 4703 Evam
2594 4645 2779 4716 {creuit
2809 4646 2862 4696 in
2885 4642 3116 4696 versutia
3145 4655 3266 4701 sua,
3287 4638 3363 4690 ita
3401 4642 3800 4703 corrumpantur

531 4765 704 4837 igneis
743 4761 943 4832 linguis
993 4775 1007 4812 :
1060 4755 1229 4810 voluit
1275 4751 1470 4805 futura:
1525 4743 1781 4799 Ecclesia:
1811 4745 2118 4794 monstrare

531 4859 676 4932 quod
710 4865 1034 4928 operaturus
1084 4857 1230 4906 esset
1274 4848 1326 4901 iu
1377 4839 1632 4914 apostolis
1683 4852 1780 4908 per
1826 4834 2117 4888 adventum

533 4970 725 5019 suum;
772 4951 922 5006 venit
969 4949 1024 5002 in
1069 4953 1231 5000 vento
1258 4935 1584 4998 vehementi,
1627 4942 1687 4987 ut
1710 4929 2022 4986 ostenderet
2061 4941 2119 4979 se

535 5059 889 5102 excussurum
923 5053 1042 5095 esse
1074 5037 1142 5091 ab
1186 5031 1552 5105 apostolorum
1600 5023 1852 5082 cordibus
1903 5032 2119 5074 omnem

537 5136 887 5208 cupiditatem
919 5141 1214 5186 terrenam.
1247 5124 1400 5178 Sicut
1435 5121 1584 5174 enim
1613 5125 1808 5172 ventus
1831 5112 2126 5167 vehemens

537 5229 754 5304 proiicit
780 5227 1053 5298 pulverem
1083 5237 1113 5276 a
1143 5217 1282 5273 facie
1315 5209 1494 5278 terrae,
1543 5211 1621 5266 sic
1649 5210 1913 5263 adventus
1945 5200 2124 5272 Spiri-

542 5333 632 5378 tus
673 5321 846 5380 sancti
875 5335 904 5374 a
929 5317 1092 5374 corde
1119 5311 1355 5368 hominis
1410 5305 1560 5375 ejicit
1607 5317 1822 5357 omnem
1855 5309 2128 5353 terrenam

545 5416 912 5486 cupiditatem.
933 5411 990 5464 ln
1008 5407 1179 5480 igneis
1203 5403 1400 5474 linguis
1423 5398 1692 5470 apparuit,
1713 5403 1772 5449 ut
1792 5395 2131 5449 demonstra-

544 5517 630 5562 ret
654 5507 841 5577 quales
869 5505 1112 5560 facturus
1157 5508 1277 5557 erat
1320 5494 1687 5568 apostolorum
1738 5490 1971 5560 linguas,
2027 5487 2130 5540 hoc

547 5607 651 5661 est,
702 5599 983 5667 loquentes
1009 5603 1064 5649 et
1107 5591 1275 5664 ignita
1298 5589 1467 5644 verba
1499 5584 1841 5641 infundentes
1867 5581 1922 5634 in
1967 5580 2131 5633 corde

551 5688 905 5744 credentium.
936 5687 1062 5742 Hmc
1094 5685 1240 5741 enim
1276 5680 1442 5737 verba
1470 5680 1634 5751 ignita
1657 5679 1979 5732 consumunt
2004 5686 2130 5742 pec-

552 5788 696 5845 cata,
723 5769 778 5832 et
799 5779 1097 5832 accendunt
1127 5776 1291 5830 corda
1317 5775 1385 5827 ad
1405 5787 1645 5826 amorem
1677 5777 1890 5824 (eterna:
1917 5764 2128 5836 patrue.

554 5871 674 5933 lusa
703 5879 788 5928 est
805 5869 1043 5926 Charitas
1065 5883 1184 5939 quae
1211 5864 1528 5943 diffunditur
1551 5865 1603 5919 in
1633 5861 1884 5918 cordibus
1907 5858 2132 5917 creden-

2225 4752 2420 4798 mentcs
2450 4750 2634 4794 vestrm
2667 4757 2696 4792 ιι
2733 4735 3067 4806 simplicitate
3112 4742 3158 4786 et
3190 4732 3460 4794 castitate,
3495 4745 3617 4800 qua:
3661 4736 3728 4779 est
3755 4725 3802 4774 in

2226 4835 2456 4891 Christo.
2485 4833 2550 4886 Et
2585 4840 2707 4902 post
2728 4843 2899 4900 pauca
2922 4842 2934 4880 :
2960 4825 3244 4892 Quomodo
3265 4823 3548 4887 videbant,
3579 4821 3622 4874 si
3651 4815 3805 4872 clausi

2227 4935 2385 4982 erant
2417 4923 2594 4979 oculi?
2618 4922 2724 4976 Sed
2741 4921 2842 4975 hoc
2868 4920 3074 4974 dictum
3105 4924 3187 4972 est
3206 4924 3266 4969 ut
3285 4914 3710 4984 intelliget-emus
3731 4909 3809 4962 eis

2229 5021 2416 5077 oculos
2445 5033 2566 5074 esse
2593 5025 2834 5086 apertos,
2863 5020 3150 5083 postquam
3178 5010 3244 5065 de
3275 5009 3456 5062 fructu
3481 5007 3576 5062 illo
3601 5018 3808 5073 accepe-

2231 5119 2382 5177 runt,
2413 5110 2610 5180 quibus
2639 5122 2698 5161 se
2721 5105 2893 5161 nudos
2921 5102 3199 5166 videbant,
3232 5106 3289 5154 et
3308 5096 3674 5168 displicebant
3700 5093 3812 5156 sibi,

2232 5208 2288 5263 id
2318 5214 2422 5272 est,
2472 5203 2659 5260 oculos
2688 5201 2923 5264 astutiae,
2953 5197 3151 5267 quibus
3203 5192 3531 5262 simplicitas
3551 5188 3810 5259 displicet.

2231 5301 2369 5357 Cum
2393 5299 2539 5353 enim
2565 5295 2796 5364 quisque
2817 5289 3076 5347 ceciderit
3121 5286 3189 5342 de
3230 5285 3320 5339 illa
3349 5285 3543 5338 intima
3567 5290 3626 5336 et
3653 5293 3814 5334 scere

2236 5394 2442 5450 tissima
2469 5391 2588 5445 luce
2613 5387 2883 5452 veritatis,
2940 5382 3077 5438 nihil
3117 5388 3202 5436 est
3236 5378 3379 5434 unde
3425 5375 3563 5431 velit
3613 5374 3815 5446 placere

2236 5484 2512 5556 superbia.
2539 5481 2644 5536 nisi
2665 5476 3026 5534 fraudulentis
3044 5469 3506 5529 simulationibus.
3523 5465 3666 5522 Hinc
3679 5463 3817 5520 enim

2234 5589 2289 5636 et
2316 5576 2620 5650 hypocrisis
2649 5573 2914 5637 nascitur,
2943 5570 2998 5624 in
3027 5583 3134 5638 qua
3163 5565 3394 5621 multum
3437 5561 3542 5616 sibi
3570 5559 3819 5614 videntur

2236 5671 2470 5737 cordati,
2493 5669 2584 5740 qui
2609 5672 2903 5740 potuerunt
2931 5661 3120 5717 fallere
3161 5669 3217 5714 et
3261 5656 3516 5726 decipere
3541 5664 3707 5722 quem
3735 5661 3823 5700 vo-

2235 5763 2470 5819 luerunt.
2523 5761 2661 5830 Quia
2700 5759 2768 5815 de
2820 5754 3069 5812 convivio
3113 5751 3376 5822 superius
3406 5746 3613 5802 fuimus
3637 5739 3823 5799 locuti.

2237 5856 2385 5933 quod
2408 5855 2573 5915 debet
2590 5855 2789 5925 hospes
2811 5863 3006 5925 parare
3026 5843 3256 5922 Spiritui
3270 5847 3460 5903 sancto
3485 5851 3590 5912 per
3612 5842 3822 5907 septeni
