3978 6446
201 422 346 480 1075

991 421 1077 476 DE
1114 420 1667 479 ECCLESIASTICIS
1702 417 1988 477 OFFICIIS
2021 418 2203 477 LIBRI
2238 421 2328 479 IV.
2355 420 2574 479 —-LIB.
2615 421 2683 478 II.

3320 426 3464 483 1074

203 543 343 607 dies,
371 539 443 596 ita
472 544 652 594 tamen
679 545 742 594 ut
781 537 849 593 ab
896 540 1086 595 eodem
1141 541 1346 611 Spiritu
1391 549 1582 597 sancto
1634 547 1784 610 petat
1810 541 1863 602 Α
1888 540 1956 595 do
1983 547 2285 594 convertat.
2312 537 2379 594 In
2405 556 2582 594 amore
2607 546 2781 593 autem
2817 538 3186 610 fraternitatis,
3217 541 3470 598 'charita-

203 635 349 691 idem
373 632 678 689 convivium
708 639 763 686 et
795 633 981 687 credat
1003 648 1061 687 se
1096 634 1363 705 accipere,
1395 634 1596 688 bonum
1623 639 1706 686 est
1731 638 1791 685 ut

206 728 646 784 demonstremus
669 725 717 778 ei
751 724 879 794 quid
908 741 1006 796 per
1034 725 1274 796 singulos
1310 725 1426 779 dies
1469 723 1640 794 possit
1686 721 1789 775 mi-

205 821 444 876 nistrare
467 826 720 889 suscepto
746 817 944 886 hospiti
976 831 1093 872 suo.
1143 817 1266 872 Dies
1293 815 1534 888 singulos
1557 813 1786 868 dicimus

203 911 484 985 profectus
507 911 769 980 quosdam
791 911 1074 965 mentium.
1097 910 1239 965 Dicit
1260 909 1452 963 Petrus
1469 909 1521 961 in
1547 905 1803 980 Epistula.

205 1020 349 1060 sua:
393 1003 494 1058 Vos
535 1013 709 1057 autem
755 1021 957 1059 omnem
1013 1020 1194 1057 curam
1241 1002 1638 1072 subinferentes,
1686 1001 1787 1054 mi-

206 1096 430 1148 nistrate
456 1093 508 1147 in
529 1093 634 1163 ﬁde
657 1103 824 1147 vestra
854 1095 1115 1158 virtutem,
1142 1095 1196 1148 in
1217 1095 1404 1148 virtute
1426 1102 1598 1146 autem
1621 1090 1788 1145 scien-

205 1188 358 1252 tiam,
394 1186 448 1239 in
475 1186 698 1240 scientia
728 1195 902 1238 autem
945 1185 1331 1248 abstinentiam,
1380 1185 1435 1238 in
1470 1182 1786 1236 abstinentia

209 1286 385 1330 autent
428 1277 756 1347 patientiam,
812 1277 866 1330 in
908 1276 1162 1346 patientia
1191 1277 1453 1346 pietatem,
1499 1275 1555 1327 in
1600 1275 1788 1343 pietate

208 1378 385 1421 autem
423 1384 654 1421 amorem
702 1367 1075 1436 fraternitatis,
1116 1367 1172 1420 in
1224 1383 1400 1419 amore
1440 1365 1786 1435 fraternitatis

206 1460 539 1512 charitatem.
585 1457 830 1524 Qualiter
886 1457 975 1512 isti
1007 1458 1113 1511 cibi
1164 1456 1390 1528 parandi
1443 1463 1590 1520 sunt,
1645 1454 1787 1509 Beda

206 1550 431 1619 exponit
463 1549 514 1603 in
546 1557 780 1603 tractatu
807 1562 968 1617 super
999 1557 1203 1618 septem
1257 1547 1526 1618 Epistolas
1566 1548 1786 1602 canoni-

207 1656 322 1706 cas,
355 1642 540 1696 dicens
567 1659 578 1692 :
612 1639 880 1694 Virtutem
909 1640 1012 1694 hoc
1039 1639 1158 1693 loco
1205 1655 1314 1693 non
1345 1655 1442 1710 pro
1472 1639 1788 1696 fortitudine

205 1747 270 1788 ac
287 1733 585 1796 miraculis,
604 1732 696 1786 sed
721 1747 820 1802 pro
842 1732 1254 1786 conversatione
1281 1733 1422 1786 bona
1452 1733 1650 1803 posuit,
1669 1748 1789 1802 quae

204 1823 330 1880 fidei
367 1835 527 1880 rectae
548 1823 822 1896 jungenda
846 1832 950 1889 est,
978 1839 1046 1878 ne
1077 1826 1194 1880 sine
1235 1826 1489 1894 operibus
1517 1828 1689 1882 otiosa
1721 1828 1790 1882 sit

203 1925 262 1970 et
310 1925 545 1972 mortua.
577 1917 637 1970 In
683 1932 790 1986 quo
820 1924 966 1970 recte
993 1931 1208 1971 omnem
1264 1932 1451 1971 curam
1481 1917 1784 1973 subinferre
1815 1929 1860 1987 Β

203 2006 474 2076 praecipit,
524 2006 650 2076 quia
691 2006 782 2076 qui
809 2006 986 2061 mollis
1025 2014 1082 2060 et
1110 2006 1400 2062 dissolutus
1428 2016 1511 2062 est
1539 2008 1592 2062 in
1621 2023 1785 2078 opere

199 2111 323 2160 suo,
355 2096 524 2152 frater
548 2109 632 2152 est
658 2113 754 2153 sua
780 2115 943 2170 opera
969 2101 1320 2154 destruentis.
1359 2099 1427 2153 In
1465 2102 1655 2155 virtute
1682 2117 1782 2153 au-

197 2197 301 2243 tem
330 2189 622 2254 scientiam,
640 2189 795 2259 juxta
823 2189 952 2244 illud
976 2189 1130 2245 Isaiae
1167 2208 1180 2243 :
1204 2190 1401 2244 Discite
1439 2190 1563 2244 bene
1588 2191 1781 2260 facere,

203 2281 422 2350 quirrite
451 2280 736 2350 judicium.
766 2281 831 2336 In
862 2282 1078 2336 scientia
1107 2292 1281 2336 autem
1312 2283 1696 2348 abstinentiam,
1725 2292 1784 2338 ut

209 2389 333 2428 cum
364 2373 505 2428 bona
529 2372 708 2429 facere
729 2375 1182 2439 didicerint,mox
1211 2391 1240 2429 a
1269 2375 1427 2430 malis
1449 2375 1781 2442 abstineant,

201 2480 270 2519 ne
301 2465 355 2518 in
401 2481 636 2520 vacuum
694 2467 921 2521 scientia
965 2467 1266 2522 caelestium
1308 2467 1486 2533 cedat,
1531 2467 1577 2521 si
1609 2482 1668 2522 se
1715 2469 1784 2524 ab

195 2555 465 2611 illecebris
515 2558 861 2613 terrestribus
890 2559 1014 2628 quis
1043 2559 1325 2614 continere
1362 2559 1680 2630 neglexerit.
1715 2559 1782 2614 In

199 2645 518 2699 abstinentia
566 2656 738 2701 autem
761 2649 1105 2718 patientiam;
1151 2650 1532 2706 abstinentiam
1563 2664 1784 2706 necesse

197 2742 284 2791 est
313 2750 531 2805 semper
558 2738 820 2808 patientia
850 2740 1161 2808 comitetur,
1206 2750 1266 2796 ut
1306 2743 1614 2813 quicunque
1643 2759 1674 2797 a
1698 2758 1786 2797 vo-

195 2825 498 2898 luptatibus
526 2831 712 2884 mundi
741 2846 800 2886 se
831 2832 1114 2889 continere
1161 2834 1370 2900 didicit,
1423 2835 1539 2905 ejus
1570 2850 1783 2904 quoque

196 2919 424 2975 adversa
446 2922 608 2977 corde
631 2922 786 2979 firmo
811 2909 1096 2991 sustineat,
1127 2942 1156 2980 a
1188 2927 1394 2982 dextris
1443 2927 1697 2983 videlicet
1726 2935 1783 2982 et

197 3025 230 3064 a
259 3011 512 3078 sinistris,
549 3028 646 3083 per
676 3030 826 3069 arma
870 3016 1098 3086 justitia:
1135 3019 1395 3072 munitus.
1424 3022 1490 3072 In
1529 3020 1782 3090 patientia

194 3105 462 3174 pietatem,
491 3115 550 3160 ut
579 3122 707 3178 erga
759 3123 852 3165 eos
880 3126 1018 3180 quos
1056 3111 1326 3181 patienter
1375 3111 1570 3166 tolerat
1616 3112 1780 3167 etiam

191 3197 320 3267 pius
372 3199 587 3264 existat,
635 3198 793 3268 juxta
845 3202 972 3257 illud
1015 3202 1257 3272 Apostoli
1296 3202 1444 3257 Pauli
1481 3223 1493 3258 :
1528 3202 1775 3259 Charitas

1892 643 2013 687 tem.
2042 632 2372 687 Charitatem
2402 633 2506 688 hoc
2551 632 2670 686 loco
2727 633 2960 702 appellat
2997 635 3308 704 specialiter
3347 629 3497 693 eam.

1892 738 1998 793 qua
2029 722 2375 778 Conditorem
2403 723 2699 795 diligimus,
2723 738 2842 793 quae
2871 725 3278 794 proﬁcientibus
3300 727 3470 783 virtuv

1891 823 2006 869 tum
2035 817 2292 886 gradibus
2322 818 2519 872 merito
2543 818 2714 873 amori
2753 817 3107 895 fraternitatis
3135 821 3467 892 adjungitur,

1890 906 2015 975 quia
2046 922 2150 961 nec
2179 907 2322 962 Deus
2347 909 2463 963 sine
2489 911 2755 980 proximo,
2782 926 2880 965 nec
2906 910 3022 966 sine
3051 912 3162 967 Deo
3191 915 3470 982 proximus

1887 995 2130 1066 perfecte
2158 997 2298 1052 valet
2323 999 2515 1053 amari.
2547 999 2615 1053 Et
2642 999 2859 1069 quidem
2889 999 2985 1054 Dei
3026 1017 3179 1057 amor
3204 1004 3471 1059 excellen—

1888 1086 1999 1141 tior
2023 1094 2109 1140 est
2148 1102 2334 1143 amore
2358 1089 2752 1159 proximorum,
2783 1090 2908 1160 quia
2959 1090 3079 1147 illos
3109 1093 3250 1148 sicut
3272 1102 3472 1150 semet-

1891 1179 2056 1248 ipsos.
2089 1180 2258 1235 Deum
2285 1196 2416 1237 vero
2437 1189 2552 1237 toto
2587 1183 2770 1248 corde,
2817 1189 2929 1237 tota
2964 1184 3165 1250 anima,
3209 1194 3324 1240 tota
3361 1186 3472 1241 vir-

1892 1278 2005 1326 tute
2026 1270 2254 1344 diligere
2270 1271 2525 1342 jubemur
2565 1290 2581 1328 :
2623 1275 2717 1330 sed
2742 1284 2923 1329 tamen
2950 1277 3341 1332 consuetudine
3370 1293 3471 1334 nos

1892 1365 2094 1420 amoris
2109 1364 2338 1420 fraterni
2363 1376 2581 1437 oportet
2601 1368 2669 1422 ad
2695 1383 2936 1423 amorem
2959 1366 3266 1424 Conditoris
3285 1386 3471 1427 ascen-

1891 1456 2037 1512 dere.
2072 1456 2175 1523 Qui
2197 1458 2332 1511 enim
2378 1475 2484 1512 non
2507 1458 2676 1529 diligit
2703 1459 2922 1530 fratrem
2944 1476 3120 1527 suum,
3149 1477 3300 1531 quem
3333 1462 3468 1516 videt

1892 1549 2154 1618 quotidie,
2186 1548 2380 1615 Deum,
2417 1567 2569 1621 quem
2592 1568 2696 1605 non
2723 1552 2878 1618 videt,
2910 1553 3167 1624 quomodo
3203 1563 3365 1624 potest
3392 1555 3476 1608 di-

1893 1640 2092 1710 ligere?
2117 1639 2244 1696 Hazc
2276 1641 2420 1695 enim
2456 1642 2639 1697 omnia
2670 1643 2716 1697 si
2742 1643 3021 1698 vobiscum
3045 1643 3222 1699 adsint
3246 1654 3302 1700 et
3320 1660 3475 1718 supe-

1891 1740 2038 1798 rent,
2065 1747 2174 1787 non
2206 1747 2406 1788 vacuos
2437 1741 2494 1787 et
2514 1733 2631 1788 sine
2654 1732 2832 1789 fructu
2855 1748 2952 1789 vos
2967 1735 3318 1790 constituent.

2486 1852 2712 1909 CAPUT
2749 1853 2884 1908 XLI.

2351 1922 2430 1978 De
2454 1924 2615 1978 missa
2642 1923 3008 1978 Innocentum.

1955 2011 2233 2083 Contingit
2254 2027 2418 2068 causa
2448 2022 2510 2069 ut
2534 2029 2599 2069 ea
2628 2015 2807 2084 primo
2831 2015 3127 2069 scriberem
3155 2020 3316 2082 atque
3341 2024 3474 2081 por-

1886 2103 2142 2175 rigerem,
2196 2121 2316 2176 quas
2348 2106 2509 2160 statui
2541 2115 2867 2176 postponere
2899 2106 2954 2160 in
3008 2105 3199 2160 ordine
3225 2102 3472 2174 opusculi

1884 2200 2079 2265 nostri,
2113 2199 2167 2254 in
2198 2215 2305 2269 qua
2335 2199 2638 2271 posteriore
2667 2207 2822 2271 parte
2845 2199 3002 2269 juxta
3028 2199 3274 2254 ordinem
3299 2204 3473 2252 status

1884 2291 2206 2358 ofﬁciorum,
2236 2292 2392 2347 debui
2424 2292 2771 2361 interponere
2797 2292 2864 2346 de
2893 2291 3059 2345 missa
3087 2291 3470 2344 innocentum:

1885 2384 1979 2437 sed
2027 2382 2152 2452 quia
2187 2382 2387 2437 oblitus
2430 2397 2549 2436 sum
2583 2390 2711 2435 tunc
2745 2380 2874 2455 illud
2909 2379 3274 2443 introducere,
3324 2390 3471 2432 nunc

1884 2472 2094 2526 mstimo
2116 2487 2204 2526 me
2226 2471 2497 2526 invenisse
2530 2485 2829 2542 congruum
2859 2469 3058 2534 locum,
3093 2475 3154 2522 ut
3175 2474 3298 2538 post
3350 2464 3473 2535 Spi-

1885 2565 2048 2618 ritum
2079 2571 2347 2629 sanctum,
2374 2563 2464 2631 qui
2499 2561 2822 2617 Innocentes
2842 2560 2992 2626 facit,
3021 2559 3307 2614 veritatem
3335 2557 3472 2611 mis-

1885 2673 1958 2712 sa:
1983 2656 2334 2710 Innocentum
2393 2655 2820 2721 introducerem,
2868 2660 2932 2709 ac
2972 2653 3092 2708 ideo
3130 2651 3221 2706 llic
3268 2649 3470 2705 habeat

1888 2751 2067 2806 locum
2092 2751 2158 2806 de
2206 2750 2371 2805 missa
2401 2751 2756 2805 Innocentum
2786 2767 2798 2802 :
2832 2734 3191 2819 praetitulatur
3217 2745 3272 2800 in
3317 2742 3475 2798 Anti-'-

1885 2841 2150 2911 pbonario
2190 2841 2269 2897 sic
2300 2859 2313 2894 :
2347 2859 2366 2892 ι
2412 2839 2597 2895 Gloria
2632 2843 2689 2894 in
2719 2839 2937 2894 excelsis
2990 2838 3100 2892 Deo
3129 2852 3238 2892 non
3284 2842 3472 2890 cauta-

1887 2940 1996 2996 tur,
2024 2946 2125 2986 nec
2145 2929 2397 2996 Alleluia,
2425 2931 2517 2986 sed
2543 2930 2697 3001 quasi
2725 2931 2778 2985 in
2802 2929 3026 2984 tristitia
3048 2925 3332 2982 deducitur
3357 2924 3473 2980 dies

1885 3021 1992 3076 ille.
2026 3041 2043 3073 ι
2077 3020 2423 3091 Compositor
2447 3019 2608 3076 ollicii
2630 3021 2918 3093 praesentis
2942 3018 3194 3090 conjungi
3237 3032 3335 3072 nos
3355 3016 3473 3070 vult

1883 3113 2080 3168 animis
2109 3113 2426 3168 devotarum
2481 3113 2809 3168 feminarum
2839 3127 2959 3182 quae
3007 3111 3062 3165 in
3109 3117 3284 3164 morte
3311 3108 3472 3164 Inuo-

1884 3213 2103 3261 centum
2149 3205 2439 3261 doluerunt
2464 3214 2520 3261 et
2551 3205 2898 3277 planxerunt.
2939 3203 3093 3260 Sicut
3119 3211 3335 3274 separat
3368 3217 3469 3257 nos

193 3285 396 3355 patiens
431 3298 530 3352 est,
592 3289 809 3360 benigna
854 3301 948 3347 est.
992 3292 1060 3346 In
1109 3295 1297 3364 pietate
1337 3304 1511 3347 autem
1542 3311 1774 3348 amorem
1806 3303 1849 3364 C
1882 3299 1950 3353 ab
1980 3305 2103 3351 actu
2129 3296 2394 3353 malorum
2421 3295 2728 3351 Iudaeorum
2761 3296 2816 3349 in
2851 3295 3020 3349 Cinna
3071 3292 3317 3354 Domini,
3352 3291 3469 3345 sive

197 3375 568 3444 fraternitatis,
586 3389 642 3433 ut
670 3396 777 3434 non
803 3383 1027 3438 alterius
1053 3385 1129 3438 rei
1155 3385 1348 3437 intuitu
1371 3386 1591 3452 pietatis
1608 3400 1772 3454 Opera

194 3466 311 3520 suis
359 3469 586 3538 quisque
645 3470 972 3526 adversariis
1021 3474 1316 3540 impendat,
1368 3475 1470 3528 nisi
1520 3474 1773 3530 fraternte

190 3565 408 3613 tantum
460 3561 787 3628 dilectionis,
813 3565 915 3619 boc
944 3565 1194 3620 videlicet
1237 3575 1348 3621 tota
1380 3568 1433 3621 in
1475 3567 1774 3624 intentione

187 3662 494 3719 procurans
521 3660 580 3705 ut
621 3668 756 3721 quos
782 3654 1023 3711 docendo
1069 3656 1241 3711 soluat
1285 3657 1369 3712 vel
1398 3658 1772 3729 redarguendo

190 3738 388 3807 nequit
406 3739 473 3794 ad
505 3740 756 3798 effectum
783 3745 1023 3816 pietatis,
1049 3749 1253 3804 orando
1281 3749 1368 3804 vel
1403 3749 1542 3805 bene
1565 3749 1768 3804 facien-

1884 3388 1938 3441 in
1958 3386 2282 3450 Parasceve,
2320 3387 2434 3440 sive
2486 3386 2540 3439 in
2593 3384 2854 3449 Sabbato,
2905 3383 3206 3438 omittendo
3258 3380 3465 3446 osculo,

1881 3477 1995 3531 sive
2039 3484 2234 3530 czetera
2261 3483 2445 3540 sueta;
2497 3475 2573 3528 ita
2605 3472 2884 3544 conjungit
2910 3473 2962 3528 in
2987 3472 3238 3543 praesenti
3263 3469 3470 3526 festivi-

1880 3575 1994 3621 tate
2045 3565 2217 3621 dolori
2278 3566 2592 3621 devotarum
2650 3563 2994 3618 feminarum.
3061 3560 3235 3616 Causa
3277 3573 3465 3615 earum

1880 3659 2118 3716 tristitiae
2166 3658 2469 3714 omittimus
2509 3657 2694 3715 Gloria
2727 3659 2785 3712 in
2821 3655 3038 3713 excelsis
3068 3655 3177 3710 Deo
3224 3661 3280 3710 et
3323 3651 3467 3707 Alle-

1879 3749 2007 3804 (uia.

690 3903 3446 3928 ~—-————————————————————_—_—_——.——_

1346 4038 1650 4118 LIBER
1724 4039 2279 4120 SECUNDUS.

707 4275 932 4335 CAPUT
971 4278 1258 4338 PRIMUM.

616 4365 696 4422 De
719 4368 992 4425 duodecim
1017 4370 1341 4429 lectionibus.

257 4458 369 4516 Sex
397 4458 660 4515 lectiones
681 4459 749 4514 ab
775 4461 1012 4532 antiquis
1041 4462 1302 4519 Romanis
1329 4463 1518 4522 Graece
1553 4473 1610 4522 et
1656 4466 1764 4522 La-

182 4551 302 4605 tine
352 4550 668 4618 legebantur
718 4550 830 4622 (qui
880 4569 996 4607 mos
1046 4555 1186 4624 apud
1243 4554 1762 4629 ConstantinOpolim

181 4643 454 4710 hodieque
479 4643 767 4711 servatur),
809 4645 863 4697 ni
898 4642 1074 4707 fallor,
1106 4656 1327 4718 pr0pter
1352 4649 1487 4702 duas
1515 4665 1709 4704 causas
1745 4668 1757 4703 :

179 4749 370 4797 unam,
411 4733 537 4802 quia
590 4734 815 4787 aderant
865 4733 1059 4799 Graeci,
1092 4738 1288 4806 quibus
1329 4739 1598 4812 incognita
1642 4750 1763 4797 erat

176 4823 376 4880 Latina
422 4825 620 4896 lingua,
655 4825 987 4896 aderantque
1027 4829 1236 4893 Latini,
1263 4832 1457 4900 quibus
1490 4835 1761 4904 incognita

174 4924 303 4972 erat
331 4915 551 4980 Graeca;
594 4916 842 4980 alteram,
877 4927 1097 4986 propter
1124 4921 1527 4977 unauimitatem
1560 4929 1761 4978 utrius-

173 5021 290 5086 que
335 5008 536 5077 populi.
575 5007 868 5062 Duoiecim
919 5007 1178 5065 lectiones
1206 5021 1428 5081 prepter
1477 5013 1756 5068 duodecim

171 5093 416 5150 lectores
451 5095 721 5160 dicuntur,
783 5113 887 5152 non
917 5109 1137 5170 propter
1162 5101 1442 5158 duodecim
1469 5104 1760 5160 varietates

173 5191 571 5246 sententiarum
603 5209 616 5244 :
645 5207 738 5246 sex
787 5192 1043 5250 lectiones
1096 5205 1223 5250 sunt
1274 5200 1643 5254 tantummodo
1700 5201 1756 5255 in

171 5283 486 5338 sententiis.
538 5282 724 5353 Neque
748 5284 892 5338 enim
933 5285 977 5338 si
1007 5285 1302 5343 dixerimus
1340 5306 1514 5355 amen,
1543 5306 1751 5358 verum,

168 5383 464 5446 propterea
490 5375 622 5430 duas
667 5375 958 5430 varietates
983 5377 1282 5449 intelligere
1322 5380 1604 5448 debemus,
1658 5384 1752 5439 sed

170 5479 375 5529 unam;
407 5465 462 5520 in
515 5465 849 5535 temporibus
891 5469 1106 5536 quando
1133 5470 1342 5541 agimus
1367 5488 1443 5527 xu
1467 5471 1751 5540 lectiones,

171 5556 414 5622 solemus
451 5555 718 5626 jejunare,
775 5556 991 5614 etiamsi
1041 5561 1386 5630 provenerint
1432 5563 1488 5618 in
1542 5565 1752 5620 octavis

172 5643 546 5710 Pentecostes,
585 5644 799 5714 quando
843 5647 1146 5704 celebratur
1192 5650 1460 5709 festivitas
1498 5654 1753 5724 septifor-

167 5736 283 5792 mis
332 5734 566 5806 Spiritus
613 5743 668 5792 et
705 5739 1116 5811 neophytorum.
1148 5741 1300 5800 Unde
1333 5746 1582 5802 dominus
1607 5747 1749 5804 Beda

171 5833 313 5890 dicit
341 5833 398 5888 in
425 5833 641 5890 homilia
669 5850 765 5891 sua
793 5853 807 5891 :
836 5835 990 5904 Quod
1025 5851 1153 5892 vero
1193 5836 1336 5893 inter
1360 5837 1476 5895 lucc
1511 5839 1748 5912 jejunio-

1788 4703 1840 4762 D

1879 4303 2000 4343 rum
2027 4286 2312 4357 castigatio
2342 4286 2629 4356 repetitur,
2682 4285 2748 4340 de
2796 4285 3038 4354 ipsorum
3087 4284 3454 4356 apostolorum

1877 4377 2124 4448 exemplo
2173 4385 2448 4448 sumptum
2492 4376 2718 4432 credere
2760 4375 3039 4442 debemus,
3089 4377 3180 4446 qui
3232 4385 3456 4448 accepto

1876 4468 2102 4540 Spiritu,
2159 4485 2266 4540 quo
2314 4469 2610 4540 perfectius
2657 4483 2795 4523 nova
2842 4469 3144 4524 caelestium
3188 4469 3454 4525 bonorum

1873 4561 2140 4617 suavitate
2174 4560 2515 4626 fruebantur,
2553 4575 2620 4614 eo
2650 4560 2812 4614 altius
2848 4567 3088 4615 mentem
3120 4575 3151 4615 a
3189 4561 3454 4616 memoria

1870 4651 2182 4706 deliciarum
2213 4651 2480 4707 abstulere
2509 4651 2869 4706 terrestrium.
2900 4650 3015 4706 Jam
3046 4652 3191 4707 enim
3219 4651 3454 4710 advene-

1866 4752 1950 4796 rat
1972 4752 2186 4812 tempus
2217 4741 2343 4797 illud
2375 4743 2440 4797 de
2469 4758 2575 4811 quo
2604 4741 2865 4797 Dominus
2911 4743 3160 4813 praedixit
3188 4743 3312 4813 quia
3363 4744 3449 4798 di-

1861 4834 2075 4904 scipuli,
2108 4836 2226 4904 ipso
2255 4850 2438 4890 secum
2487 4843 2878 4898 conversante,
2905 4832 3152 4901 jejunare
3182 4849 3291 4889 non
3320 4851 3450 4904 pos-

1862 4936 2000 4987 sent,
2032 4923 2214 4978 ablato
2249 4932 2428 4977 autem
2458 4938 2523 4975 eo
2550 4921 2884 4990 jejunarent.
2926 4921 3057 4975 Nam
3108 4937 3232 4976 cum
3280 4923 3469 4998 inter-q

1862 5024 2116 5084 rogarent
2136 5029 2258 5069 eum
2275 5011 2521 5081 discipuli
2549 5010 2794 5076 Joannis,
2824 5012 3064 5068 dicentes
3096 5030 3108 5065 :
3139 5011 3319 5078 Quare
3343 5029 3446 5072 nos

1862 5117 1917 5160 et
1945 5107 2201 5161 Pharismi
2230 5103 2538 5172 jejunamus
2586 5103 2919 5176 frequenter,
2969 5104 3219 5174 discipuli
3255 5114 3438 5162 autem

1860 5195 1938 5249 tui
1987 5210 2092 5248 non
2136 5192 2420 5263 jejunant?
2472 5196 2550 5250 ait
2593 5195 2736 5251 illis:
2767 5195 3020 5264 Nunquid
3065 5204 3282 5264 possunt
3337 5196 3440 5265 filii

1859 5285 2034 5356 sponsi
2071 5284 2321 5354 jejunare
2349 5286 2582 5357 quandiu
2610 5303 2729 5340 cum
2770 5283 2874 5338 illis
2921 5293 2997 5338 est
3037 5285 3302 5354 sponsus?
3346 5283 3442 5339 Ve-

1859 5377 1997 5431 nient
2033 5386 2205 5430 autem
2237 5377 2347 5433 dies
2395 5395 2513 5432 cum
2557 5377 2827 5447 auferetur
2867 5375 2933 5429 ab
2963 5377 3036 5430 eis
3081 5393 3340 5446 sponsus,
3383 5387 3436 5434 et
3503 5393 3515 5403 ί

1856 5479 1978 5524 tunc
1992 5471 2332 5542 jejunabunt.
2352 5473 2486 5540 Quia
2507 5487 2636 5543 ergo
2657 5479 2711 5526 et
2739 5477 2864 5526 ante
2887 5471 3216 5542 passionem,
3233 5481 3288 5527 et
3310 5479 3436 5542 post

1854 5568 2310 5623 resurrectionem
2337 5566 2692 5630 Dominicam,
2734 5574 2955 5636 propter
2989 5565 3160 5636 ipsius
3212 5564 3430 5621 Domini

1852 5659 2196 5729 praesentiam
2229 5659 2412 5728 lugere
2445 5655 2767 5726 acjejunare
2794 5656 3171 5726 nequiverant,
3218 5663 3434 5711 constat

1851 5748 2094 5819 profecto
2125 5748 2250 5819 quia
2278 5757 2402 5820 post
2426 5747 2750 5804 ablationem
2773 5747 2912 5819 ejus,
2963 5745 3278 5817 spontaneis
3303 5759 3424 5801 sese

1853 5843 2210 5900 subdiderunt
2253 5841 2488 5914 jejuniis.
2541 5841 2785 5915 Namque
2811 5843 2918 5912 Iubi
2969 5841 3202 5914 Spiritus
3228 5840 3440 5901 .sancti-
