3978 6456
515 399 653 462 10ῑὸ

1544 393 1876 453 ΑΜΑιλΑιω
1914 389 2348 450 PRESBYTER]
2379 392 2721 452 METENSIS

3659 388 3803 454 ωτι

509 520 634 574 sum
664 508 973 584 acceptione
1005 492 1256 570 recreati,
1293 505 1432 562 sicut
1471 520 1500 559 a
1551 504 1763 560 caeteris
1797 501 2084 558 mundiali-
2111 503 2161 566 Α
2187 505 2398 572 gruenti
2428 519 2524 576 per
2546 503 2756 576 singula
2785 509 3033 572 tempora
3077 516 3198 573 quae
3237 501 3532 560 convenire
3555 499 3834 572 possunt'

510 604 614 662 bus
643 601 932 665 illecebris,
962 600 1041 655 sic
1068 608 1123 654 et
1147 600 1213 654 ab
1256 597 1533 667 epularum
1576 595 1818 666 appetitu
1852 601 2086 676 ruentem

508 710 736 769 prorsus
772 701 1107 758 averterant,
1158 691 1350 748 animae
1400 690 1578 762 potius
1625 703 1787 759 quam
1839 687 2088 757 corporis

510 787 768 846 alimonia
797 786 1114 862 gaudentes,
1139 793 1192 840 et
1210 800 1309 856 pro
1339 783 1596 842 memoria
1612 781 1805 854 patriai
1827 780 2086 846 caelestis,

509 881 850 937 orationibus
885 894 948 934 ac
991 878 1245 951 lacrymis
1267 877 1579 936 insistentes
1607 876 1932 934 salubribus.
1963 878 1978 896 ‘
2016 875 2087 934 De

509 977 701 1034 eodem
729 973 934 1044 jejunio
983 973 1171 1028 scribit
1227 979 1446 1028 sanctus
1500 969 1609 1024 Leo
1657 968 1975 1024 homiliam:
2017 967 2088 1023 Ut

503 1065 773 1137 jejunium
836 1065 1138 1121 celebretur
1183 1064 1237 1122 in
1286 1061 1626 1122 ordinatione
1688 1059 1827 1116 sacri
1859 1059 2086 1126 ordinis,

513 1159 804 1230 primitivaa
824 1156 1077 1212 Ecclesiae
1099 1169 1216 1212 mos
1237 1154 1492 1212 obtinuit.
1519 1152 1611 1208 Sic
1651 1151 1798 1206 enim
1827 1150 2087 1218 scriptum

507 1251 671 1309 est-in
692 1249 916 1306 Actibus
946 1247 1310 1319 apostolorum
1338 1264 1354 1304 :
1382 1245 1552 1300 Erant
1585 1253 1758 1300 autem
1796 1243 1849 1296 in
1869 1240 2089 1300 ecclesia

509 1364 626 1420 qua:
653 1355 765 1402 erat
799 1345 1091 1408 Antiochia:
1133 1343 1397 1414 prophetae
1433 1350 1483 1398 et
1527 1341 1786 1405 doctores,
1812 1339 1866 1396 in
1901 1337 2088 1410 quibus

510 1435 790 1494 Barnabas
831 1447 880 1491 et
930 1433 1175 1507 Symeon,
1203 1433 1294 1505 qui
1321 1431 1603 1490 vocabatur
1636 1430 1822 1500 Niger.
1869 1429 1938 1486 Et
1965 1435 2088 1502 post

503 1540 718 1598 pauca:
753 1525 1177 1592 Ministrautibus
1206 1533 1382 1590 autem
1431 1523 1537 1577 illis
1590 1521 1818 1588 Domino
1860 1529 1907 1578 et
1943 1520 2092 1591 jeju-

505 1618 774 1684 nantibus,
811 1619 943 1678 dixit
970 1615 1200 1688 Spiritus
1224 1625 1435 1674 sanctus
1461 1629 1479 1668 :
1513 1614 1767 1685 Separate
1802 1613 1930 1668 mihi
1955 1611 2092 1676 Bap

505 1712 701 1776 nabant
727 1722 778 1768 et
826 1710 1050 1770 Saulum
1082 1711 1139 1764 in
1184 1726 1318 1780 opus
1355 1726 1457 1781 quo
1506 1707 1768 1778 assumpsi
1801 1723 1910 1766 eos.
1946 1704 2090 1774 Tunc

495 1802 803 1874 jejunantes
830 1811 879 1857 et
932 1811 1165 1867 orantes,
1201 1803 1624 1871 impatientesque
1653 1799 1727 1852 eis
1757 1814 1965 1861 manus,
2008 1796 2089 1849 di-

2194 595 2481 651 virtutibus
2504 603 2557 651 et
2575 594 3118 666 interpretationibus
3141 595 3588 665 patriarcharum
3628 595 3726 666 qui
3745 597 3797 660 in

2191 687 2433 744 articulis
2477 686 2807 757 genealogize
2850 687 3015 757 positi
3064 694 3210 752 sunt,
3257 688 3614 742 consecratio
3653 687 3791 742 cele-

2189 778 2397 833 bratur.
2425 777 2529 834 Per
2561 789 2674 835 tres
2697 777 3172 855 τισσαραδέκαδιας
3199 779 3460 836 annuales
3493 777 3644 834 lium
3671 780 3792 836 heb-

2189 870 2428 928 domadas
2454 870 2807 941 quadraginta
2843 869 2984 926 duas.
3039 868 3141 924 Tot
3165 870 3547 940 generationes
3601 885 3792 924 secum

2189 964 2315 1020 dum
2348 961 2660 1020 Matthmum
2705 963 2908 1020 Christi
2937 972 3064 1020 sunt
3116 977 3240 1018 cum
3290 962 3427 1032 ipso.
3484 960 3598 1018 Tot
3628 963 3788 1022 etiam

2188 1055 2537 1114 hebdomada:
2565 1055 2913 1110 inveniuntur
2933 1071 2962 1109 a
2992 1054 3169 1124 primo
3191 1053 3418 1110 sabbato
3447 1053 3622 1123 primi
3647 1067 3788 1108 nien-

2189 1149 2265 1208 sis
2289 1163 2458 1217 usque
2482 1147 2552 1203 ad
2581 1156 2834 1218 quartum
2861 1148 3148 1202 sabbatum
3173 1147 3368 1202 decimi
3392 1146 3628 1202 mensis.
3657 1145 3786 1200 Coa-

2187 1239 2422 1298 secratio
2448 1238 2626 1308 prima
2665 1237 2975 1294 celebratur
2998 1237 3176 1318 primo
3193 1236 3420 1292 sabbato
3439 1237 3616 1307 primi
3649 1253 3786 1291 men-

2188 1329 2288 1396 sis,
2329 1344 2449 1399 quas
2498 1328 2650 1400 quasi
2703 1329 2759 1386 in
2794 1327 2914 1384 loco
2949 1326 3184 1384 Abrahae
3230 1335 3458 1399 generat
3483 1325 3779 1382 Christum.

2187 1421 2465 1484 Abraham
2493 1423 2883 1496 interpretatur
2902 1430 3057 1492 pater
3083 1419 3380 1476 multarum
3400 1420 3676 1490 gentium,
3698 1420 3778 1480 cui

2189 1513 2393 1574 dictum
2423 1520 2509 1570 est
2538 1527 2554 1567 :
2579 1512 2648 1568 In
2683 1512 2878 1570 semin
2906 1521 2994 1566 tuo
3045 1511 3417 1570 benedicentur
3440 1527 3628 1566 omnes
3661 1528 3778 1582 gen-

2191 1613 2288 1664 tes.
2318 1603 2377 1666 Si
2421 1604 2543 1674 quis
2589 1611 2941 1662 consecratus
2985 1611 3095 1664 stat
3141 1605 3196 1658 in
3230 1602 3441 1658 semine
3497 1601 3778 1658 multorum

2193 1697 2628 1760 convertentium
2678 1711 2775 1770 per
2803 1711 2902 1758 sua
2947 1694 3192 1764 exempla
3243 1694 3312 1750 ad
3364 1693 3678 1759 Dominum,
3706 1705 3780 1754 est

2192 1785 2368 1860 primo.
2402 1785 2740 1858 patriarcha,
2765 1785 3042 1844 Abraham
3086 1785 3324 1856 genitus,
3353 1792 3439 1844 est
3470 1784 3649 1856 ipsum
3696 1801 3779 1840 se-

503 1896 758 1950 miserunt
786 1895 926 1961 illos,
952 1905 998 1949 et
1027 1895 1128 1966 ipsi
1153 1894 1363 1965 quidem
1390 1893 1536 1950 missi
1579 1910 1614 1950 α
1641 1890 1846 1960 Spiritu
1879 1898 2085 1956 sancto,

2192 1893 2317 1937 men
2351 1877 2626 1942 Christus,
2653 1878 2708 1935 in
2739 1893 2847 1947 quo
2878 1877 3083 1936 semine
3111 1875 3444 1946 promissum
3491 1886 3577 1934 est
3614 1875 3780 1932 Abra-

505 1989 750 2046 abierunt
793 1987 1107 2044 Seleuciam.
1137 1988 1204 2044 Et
1239 1987 1295 2044 in
1315 1987 1423 2042 alio
1461 1986 1580 2050 loco
1609 2003 1622 2040 :
1661 1984 1730 2046 Et
1754 2001 1875 2042 cum
1896 1984 2088 2044 consti-

506 2081 723 2136 tuissent
747 2079 854 2135 illis
876 2096 968 2150 per
980 2078 1217 2150 singulas
1236 2077 1482 2133 ecclesias
1501 2076 1848 2146 presbyteros,
1873 2085 1921 2130 et
1942 2091 2091 2134 oras-

504 2180 619 2229 cent
641 2188 760 2226 cum
780 2171 1030 2243 jejuniis,
1081 2169 1571 2228 commendaverunt
1601 2184 1688 2222 eos
1730 2165 1984 2233 Domino,
2033 2168 2091 2228 in

503 2281 659 2336 quem
689 2263 1042 2319 crediderunt.
1073 2261 1330 2330 Quamvis
1351 2269 1407 2319 et
1429 2262 1808 2326 continuatum.
1824 2259 2090 2334 jejunium

502 2370 605 2426 per
655 2354 872 2424 aliquod
901 2355 1133 2426 Spatium
1179 2353 1352 2424 possit
1377 2352 1602 2423 intelligi
1655 2352 1711 2408 in
1763 2352 2090 2423 supradictis

502 2446 684 2506 verbis
725 2446 941 2502 Domini
987 2445 1174 2511 Bedse,
1225 2453 1410 2506 tamen
1443 2460 1550 2500 nou
1596 2444 1906 2502 excluditur
1947 2443 2092 2515 jeju-

502 2541 655 2598 nium
681 2554 782 2610 pro
805 2540 1140 2596 ordinandis.
1184 2539 1252 2596 Et
1281 2540 1410 2609 quia
1437 2538 1642 2594 mentio
1669 2546 1753 2594 est
1778 2538 2090 2594 introducta

504 2633 570 2692 de
594 2632 878 2690 duodecim
930 2632 1272 2697 lectionibus,
1329 2640 1547 2702 oportet
1593 2647 1713 2686 eam
1756 2632 2014 2688 inchoare
2056 2647 2091 2690 a

502 2734 748 2798 tempore
768 2725 928 2797 primi
954 2726 1177 2782 mensis.
1207 2724 1267 2780 In
1297 2725 1580 2782 duodecim
1608 2723 1932 2782 lectionibus
1961 2739 2090 2782 cou-

505 2821 746 2876 secratio
770 2835 1048 2878 sacrorum
1104 2819 1354 2876 ordinum
1399 2819 1726 2876 celebratur.
1779 2817 1900 2888 ipsa
1944 2818 2090 2874 enim

505 2911 915 2969 consecratione
938 2910 1040 2970 hoc
1067 2909 1247 2982 agitur
1289 2917 1350 2966 ut
1371 2909 1537 2966 homo
1565 2909 1677 2965 Deo
1705 2907 2088 2980 coniungatur,

504 3009 846 3062 monstrante
872 3001 978 3061 hoc
996 3011 1189 3060 sancto
1224 3000 1489 3074 Gregorio
1509 3002 1578 3060 ad
1605 3001 2090 3072 interrogationem

503 3091 793 3163 Augustini
815 3092 1114 3164 Anglorum
1155 3095 1412 3164 episcopi,
1465 3095 1684 3165 quando
1733 3095 2091 3165 interrogavit

505 3185 552 3242 si
577 3185 724 3242 solus
745 3187 1057 3262 episcopum
1088 3187 1341 3250 ordinare
1366 3195 1569 3258 posset,
1598 3187 1690 3242 illo
1702 3188 2088 3258 respondente,

507 3277 556 3334 si
585 3277 868 3337 difﬁcultas
901 3287 1046 3336 esset
1077 3279 1308 3338 aliorum
1354 3279 1735 3350 episcoporum
1775 3293 1956 3349 posse,
2003 3278 2088 3336 sin

506 3377 715 3436 autem,
752 3379 935 3428 essent
968 3379 1077 3429 tres
1119 3380 1212 3430 aut
1236 3380 1488 3440 quatuor.
1543 3370 1660 3438 Qua
1708 3370 1778 3427 de
1813 3385 1976 3430 causa
2011 3370 2090 3428 ita

506 3459 725 3530 inquit:
758 3461 892 3518 Nam
941 3463 996 3518 in
1034 3462 1165 3532 ipsis
1188 3465 1352 3522 rebus
1380 3461 1734 3533 spiritalibus,
1765 3470 1826 3516 ut
1870 3461 2088 3531 sapien-

506 3559 594 3608 ter
616 3562 671 3607 et
702 3562 914 3610 mature
945 3553 1321 3623 disponantur,
1345 3553 1651 3624 exemplum
1678 3553 1896 3609 trahere
1925 3568 1954 3606 a
2002 3567 2093 3610 re-

508 3645 613 3702 bus
633 3646 948 3703 carnalibus
973 3662 1279 3716 possumus.
1305 3645 1467 3704 Certe
1494 3646 1642 3701 enim
1691 3646 1817 3702 dum
1841 3643 2092 3716 conjugia

506 3735 563 3790 in
596 3736 796 3791 mundo
826 3737 1191 3803 celebrantur,
1241 3737 1509 3807 conjugati
1541 3739 1743 3808 quique
1794 3746 2093 3804 vocantur,

505 3836 568 3880 ut
605 3828 696 3896 qui
721 3829 774 3882 in
797 3829 882 3882 via
908 3827 1020 3897 jam
1055 3830 1288 3900 coniugii
1319 3838 1735 3899 praecesserunt,
1790 3829 1845 3883 in
1898 3829 2088 3884 subse-

508 3919 724 3986 quentis
753 3934 969 3989 quoque
999 3921 1203 3990 cepulae
1231 3921 1426 3991 gaudio
1453 3921 1806 3976 misceantur.
1841 3920 1950 3976 Cur
1983 3937 2092 3978 non

507 4023 639 4079 ergo
660 4017 715 4063 et
748 4008 931 4064 uthac
962 4011 1191 4078 spiritali
1216 4011 1580 4076 ordinatione,
1607 4027 1713 4080 qua
1756 4027 1855 4082 per
1875 4027 2093 4070 sacrum

506 4098 872 4154 ministerium
925 4101 1086 4156 homo
1134 4101 1244 4156 Deo
1294 4101 1662 4174 coniungitur,
1715 4103 1851 4158 tales
1898 4120 2094 4161 conve-

506 4192 680 4256 niant,
741 4192 832 4262 qui
862 4192 948 4245 vel
1003 4193 1056 4246 in
1106 4193 1349 4263 profectu
1388 4194 1624 4248 ordinati
1675 4195 1912 4266 episcopi
1958 4210 2091 4267 gau-

510 4282 692 4345 deant,
724 4282 810 4337 vel
836 4297 938 4353 pro
959 4283 1076 4354 ejus
1103 4283 1348 4339 custodia
1375 4285 1737 4355 omnipotenti
1765 4287 1878 4350 Deo
1902 4301 2095 4355 preces

505 4374 713 4443 pariter
762 4372 1010 4430 fundant.
1040 4373 1209 4428 Primi
1237 4375 1466 4444 apostoli
1495 4391 1712 4446 semper
1762 4377 1816 4430 in
1869 4376 2097 4436 Decem-

505 4463 632 4518 brio
683 4477 886 4525 mense.
928 4464 986 4518 in
1032 4479 1139 4533 quo
1180 4466 1437 4521 nativitas
1484 4466 1696 4526 Domini
1749 4468 1926 4526 nostri
1966 4466 2097 4530 heu

2191 1969 2274 2034 ha:
2300 1969 2547 2028 benedici
2575 1985 2762 2030 omnes
2788 1975 2994 2038 gentes.
3026 1966 3148 2038 ipsa
3167 1968 3511 2024 consecratio
3541 1977 3780 2041 tempore

2189 2075 2358 2120 verno
2386 2061 2708 2126 celebratur,
2749 2060 2894 2134 quod
2934 2068 3144 2134 tempus
3176 2059 3360 2116 habile
3405 2069 3489 2116 est
3524 2075 3779 2130 procrea-

2192 2152 2448 2212 tionibus.
2505 2152 2638 2212 Nam
2681 2159 2736 2208 et
2780 2149 3055 2214 Abraham
3103 2151 3266 2210 tertia
3306 2160 3462 2212 actate
3489 2151 3594 2206 fuit
3619 2150 3783 2220 hujus

2191 2243 2398 2307 mundi,
2429 2258 2548 2316 quae
2573 2250 2703 2296 aetas
2733 2249 3083 2316 comparatur
3109 2241 3488 2306 adolescentiae,
3512 2259 3638 2312 qua:
3671 2244 3784 2302 ha-

2189 2331 2314 2392 bilis
2342 2341 2427 2388 est
2460 2332 2794 2405 generationi
2846 2332 3098 2396 ﬁliorum.
3147 2331 3376 2390 Secunda
3418 2334 3776 2390 consecratio

2190 2431 2274 2479 est
2305 2422 2358 2480 in
2407 2432 2601 2498 quarto
2627 2440 2812 2482 mense
2839 2423 3079 2485 secundo
3107 2425 3349 2490 sabbato,
3373 2425 3512 2494 quod
3534 2432 3618 2479 est
3665 2423 3781 2482 ini-

2191 2515 2328 2574 tium
2359 2516 2583 2578 secundi
2609 2515 2839 2590 catalogi
2863 2517 3274 2586 Quatuordecim
3291 2517 3777 2574 hebdomadarum.

2191 2609 2316 2668 litec
2339 2611 2629 2681 deputatur
2656 2610 2710 2666 in
2739 2609 2857 2666 loco
2887 2609 3061 2672 David
3103 2609 3360 2670 ﬁliorum.
3394 2609 3566 2665 David
3611 2610 3775 2666 inter-

2190 2710 2435 2778 pretatur
2459 2701 2613 2762 fortis
2641 2717 2826 2766 manu,
2849 2701 2962 2774 ipse
3007 2700 3304 2774 prostravit
3330 2699 3566 2764 Goliam,
3592 2700 3643 2755 id
3672 2709 3775 2768 est,

2191 2795 2476 2854 humilitas
2524 2794 2854 2864 superbiam.
2899 2793 3000 2863 Qui
3033 2801 3445 2856 consecrantur,
3497 2801 3774 2863 propterea

2192 2897 2601 2954 consecrantur,
2633 2895 2692 2942 ut
2723 2885 2891 2942 fortes
2926 2886 3033 2946 sint
3063 2900 3159 2956 per
3188 2884 3580 2948 humilitatem,
3609 2896 3664 2939 et
3689 2900 3772 2942 su-

2189 2979 2436 3052 perbiam
2462 2977 2740 3050 dejiciant.
2773 2975 2892 3047 ipsa
2941 2975 3253 3032 celebratur
3293 2975 3350 3032 in
3379 2972 3548 3032 Junio
3574 2989 3770 3041 mense,

2191 3069 2407 3142 quando
2437 3069 2619 3128 fervor
2660 3084 2886 3142 magnus
2913 3067 3042 3123 solis
3074 3076 3158 3122 est
3195 3082 3359 3137 super
3392 3076 3618 3128 terram.
3651 3066 3768 3123 Om-

2191 3161 2350 3220 nibus
2419 3168 2606 3222 notum
2670 3169 2756 3216 est
2824 3159 2994 3214 David
3060 3157 3379 3214 bellicosum
3447 3157 3619 3216 fuisse
3649 3200 3662 3223 ,
3721 3165 3772 3216 et

2191 3253 2345 3312 valde
2373 3253 2573 3314 arsisse
2607 3253 2661 3308 in
2686 3250 2876 3308 Marte.
2907 3251 3143 3320 Tempus
3167 3248 3313 3304 Junii
3347 3258 3540 3320 aptum
3565 3259 3646 3304 est
3675 3247 3776 3303 bel-

2191 3345 2278 3404 lis.
2334 3345 2518 3401 Tertia
2550 3344 2891 3404 consecratio
2941 3342 3246 3400 celebratur
3303 3343 3358 3398 in
3420 3342 3772 3412 Septembrio,

2194 3439 2354 3495 tertio
2383 3439 2630 3502 sabbato,
2655 3439 2798 3506 quod
2818 3447 2903 3493 est
2932 3436 3144 3494 initium
3177 3437 3324 3492 tertii
3373 3437 3621 3506 catalogi.
3647 3435 3772 3492 Haec

2193 3533 2484 3603 deputatur
2504 3529 2839 3600 generationi
2866 3529 3158 3588 Jechoniae.
3200 3527 3500 3592 Jechunias
3521 3531 3774 3598 interpre-

2192 3631 2341 3682 tatur
2363 3622 2687 3692 praeparatio
2715 3622 2946 3682 Domini.
2979 3621 3227 3694 Nullique
3266 3623 3496 3682 dubium
3526 3624 3572 3678 si
3590 3635 3770 3678 omnes

2191 3721 2404 3786 oportet
2419 3714 2706 3786 praeparari
2730 3714 2780 3772 in
2799 3714 3030 3772 adventu
3043 3713 3268 3778 Christi,
3285 3715 3424 3786 quin
3442 3715 3774 3790 potissimum

2194 3818 2288 3858 eos
2335 3804 2427 3874 qui
2450 3815 2860 3871 consecrantur,
2889 3821 3010 3875 qua:
3030 3808 3372 3861 consecratio
3403 3808 3567 3862 habet
3619 3808 3775 3861 ﬁnem

2193 3899 2246 3954 in
2274 3901 2388 3970 ipsa
2419 3902 2702 3956 nativitate
2731 3900 2973 3967 Christi,
3015 3915 3136 3970 quas
3165 3901 3463 3970 aliquando
3514 3902 3567 3955 in
3617 3900 3774 3954 tertia

2193 3993 2531 4052 hebdomada
2566 3992 2752 4052 ﬁnitur
2805 4001 3026 4064 propter
3074 3993 3514 4062 anticipationem
3564 3991 3775 4044 dierum

2192 4085 2490 4141 nativitatis
2523 4085 2758 4150 Domini,
2791 4093 2846 4140 et
2870 4086 3032 4140 habet
3078 4084 3340 4140 tredecim
3372 4082 3740 4138 hebdomadas
3760 4122 3776 4145 ,

2193 4177 2484 4248 aliquando
2511 4178 2564 4231 in
2581 4185 2774 4247 quarta
2791 4186 3013 4246 propter
3037 4176 3370 4238 tarditatem,
3397 4185 3457 4230 et
3481 4175 3646 4230 habet
3663 4190 3782 4245 qua-

2194 4271 2512 4327 tuordecim.
2541 4269 2727 4339 Neque
2753 4271 2857 4326 hoc
2876 4270 2996 4330 sine
3030 4269 3239 4331 ratione
3265 4277 3371 4332 est,
3400 4270 3534 4339 quia
3567 4270 3616 4322 si
3641 4283 3780 4322 οοωο

2192 4370 2412 4431 putatur
2459 4360 2738 4430 catalogus
2767 4359 3080 4420 novissima
3120 4359 3588 4421 tesseradecadis.
3612 4371 3668 4413 et
3705 4371 3779 4412 se-

2193 4454 2300 4509 mel
2337 4461 2680 4523 computetur
2703 4451 3017 4518 inchoatas,
3062 4467 3170 4511 non
3214 4451 3456 4522 amplius
3505 4451 3781 4512 interim-

507 4549 712 4608 Chricti
737 4553 1063 4617 celebratur,
1090 4555 1531 4610 consecrationes
1557 4555 1962 4621 ministrabant,
1998 4573 2092 4612 us-
2115 4584 2168 4643 D
2196 4557 2284 4604 tur
2313 4563 2440 4604 cum
2478 4547 2595 4616 ipse
2621 4545 2838 4604 Christo
2863 4561 3024 4616 quam
3073 4543 3335 4643 tredfcitn
3361 4545 3782 4614 W015;

509 4643 704 4713 quoad
742 4642 1102 4714 Simplicium,
1132 4646 1222 4713 qui
1255 4646 1356 4699 fuit
1383 4661 1414 4699 ι
1444 4647 1503 4701 Β.
1535 4647 1696 4702 Petro
1737 4648 2092 4718 quadragesi-

506 4749 630 4790 mus
659 4748 854 4802 nonus.
886 4733 1007 4804 ipse
1033 4734 1242 4804 prunus
1287 4735 1521 4790 sacravit
1572 4736 1628 4790 in
1673 4736 1992 4803 Februario,
2035 4739 2091 4794 ni

506 4835 668 4892 fallor
693 4834 899 4890 nullam
922 4835 994 4890 ob
1020 4832 1182 4893 aliam
1211 4849 1428 4890 causam
1479 4835 1584 4891 nisi
1615 4837 1916 4894 iutimando
1963 4854 2093 4894 con-

500 4927 808 5002 iungendas
849 4926 1202 4998 propinquius
1247 4925 1448 4984 Christi
1475 4929 1712 4998 corpori,
1750 4929 1842 4999 qui
1873 4943 1971 4999 per
1999 4945 2092 4986 sa-

505 5033 663 5078 crum
695 5019 1054 5075 ministerium
1095 5020 1486 5089 provehantur.
1536 5020 1690 5088 Quod
1732 5021 1879 5076 nullo
1931 5024 2093 5079 modo

506 5113 677 5169 satius
709 5112 825 5166 ﬁcri
854 5117 1031 5181 potest
1072 5124 1236 5179 quam
1266 5110 1311 5168 si
1345 5126 1444 5182 per
1469 5126 1566 5166 eos
1605 5112 1968 5182 patriarchas,
2021 5129 2091 5169 ex

507 5207 706 5278 quibus
725 5205 976 5262 Christus
1001 5212 1160 5260 natus
1189 5214 1292 5268 est,
1321 5211 1665 5276 generentur.
1698 5206 1852 5274 Quod
1886 5209 2092 5278 impos—

506 5299 664 5354 sibile
689 5305 772 5354 est
816 5295 1114 5352 secundum
1139 5309 1378 5359 carnem,
1417 5297 1711 5351 secundum
1759 5312 1890 5354 vero
1934 5299 2095 5369 spiri-

508 5397 623 5444 tum
647 5390 870 5460 dignum
889 5396 944 5442 et
964 5386 1141 5442 habile
1165 5387 1268 5442 hoc
1295 5394 1398 5450 est,
1414 5395 1474 5441 ut
1493 5402 1590 5457 per
1613 5389 2123 5459 interpretationes,

508 5480 944 5552 patriarcharum
993 5478 1274 5534 nominum
1293 5489 1588 5535 nascantur
1632 5489 1836 5544 mente,
1886 5480 1978 5550 qui
2004 5495 2095 5551 go-

511 5573 767 5644 nealogiaa
787 5575 988 5632 Christi
1015 5577 1269 5632 videntur
1290 5575 1612 5632 familiarius
1635 5577 1844 5632 ascisci.
1878 5577 1944 5631 Et
1966 5579 2093 5647 quia

510 5666 866 5735 incongruum
895 5676 979 5724 est
1005 5669 1145 5723 sicut
1167 5669 1457 5738 unicuique
1479 5670 1816 5742 generationi
1852 5670 2094 5741 singula-

512 5756 588 5810 ris
639 5756 974 5814 hebdomada
1021 5759 1345 5828 deputatur,
1396 5760 1468 5815 ita
1518 5777 1618 5831 per
1659 5775 2098 5832 unamquamque

515 5845 908 5903 hebdomadam
942 5851 1407 5908 consecrationem
1436 5853 1723 5921 celebrari,
1750 5869 1914 5911 causa
1965 5871 2099 5912 cono

2196 4636 2242 4692 si
2270 4637 2384 4706 ipse
2424 4635 2509 4692 his
2532 4643 2893 4705 computetur,
2949 4633 3361 4704 quatuordeeim
3407 4634 3783 4696 iamut.

2822 4747 3052 4803 CAPUT
3089 4747 3152 4803 ll.

2403 4837 2482 4892 De
2502 4838 2710 4908 jejunio
2747 4855 2922 4892 annuo
2954 4837 3200 4904 Quatuor
3228 4837 3573 4911 Temperavit.

2264 4928 2511 4984 Diximus
2533 4929 2602 4984 de
2635 4928 2846 5000 jejunio
2871 4929 3016 4998 quod
3043 4929 3103 4984 iit
3129 4930 3184 4984 in
3209 4929 3508 4987 duodecim
3549 4930 3796 4988 Decumi-

2192 5023 2294 5077 bus
2318 5037 2421 5092 pro
2444 5021 2529 5075 bis
2553 5021 2646 5090 qui
2672 5022 2744 5075 ad
2764 5020 3162 5075 ordinationem
3179 5022 3480 5087 accedunt;
3516 5022 3796 5079 docuera-

2193 5131 2314 5172 mus
2341 5116 2385 5170 si
2414 5114 2672 5168 Dominus
2695 5111 2922 5177 dederit,
2961 5111 3116 5180 cujus
3143 5113 3356 5167 muneri
3385 5114 3650 5185 ingratus
3679 5113 3796 5168 nui-

2194 5207 2276 5261 lus
2305 5204 2464 5260 debet
2490 5217 2630 5267 esse,
2681 5219 2782 5258 nec
2835 5204 3006 5267 dives,
3037 5217 3138 5258 nec
3184 5219 3414 5274 pauper,
3443 5221 3512 5260 ex
3571 5208 3799 5261 demon-

2194 5299 2454 5354 stratione
2503 5297 2678 5351 sancti
2729 5293 3015 5365 Augustini
3064 5303 3369 5350 monstrare
3423 5299 3796 5353 meﬁeamin

2186 5389 2381 5460 jejunii
2407 5390 2648 5456 Quatuor
2677 5388 3001 5458 Temporum
3033 5405 3047 5441 :
3075 5387 3220 5457 quod
3240 5389 3496 5457 quamvis
3519 5391 3804 5446 ordinatio

2194 5484 2252 5541 in
2273 5482 2586 5538 memoratis
2610 5482 2949 5551 temporibus
2986 5496 3094 5536 non
3134 5480 3469 5545 celebretur,
3526 5483 3680 5537 sicut
3705 5493 3804 5536 nec

2196 5594 2228 5632 a
2273 5578 2462 5649 primis
2493 5577 2765 5648 episcopis
2791 5575 3062 5632 celebrata
3104 5575 3225 5638 fuit,
3258 5581 3444 5629 tamen
3474 5575 3804 5632 necessario

2194 5676 2446 5739 oportere
2473 5674 2672 5722 nostrae
2701 5665 2948 5737 religioni
2994 5675 3232 5736 quatuor
3253 5664 3462 5737 jejuni:
3509 5666 3804 5719 annmtim

2196 5762 2490 5818 celebrare.
2531 5761 2646 5828 Qua
2672 5762 2737 5816 de
2769 5773 2827 5815 re
2858 5760 3036 5829 cogite
3072 5760 3200 5828 quia
3246 5758 3334 5814 illa
3360 5765 3804 5827 praecesserunt.

2197 5853 2254 5910 in
2278 5855 2366 5910 his
2388 5853 2674 5910 duodecim
2703 5851 2965 5910 lectiones
2991 5858 3402 5916 stantum,
3429 5857 3490 5904 et
3519 5864 3644 5904 non
3668 5846 3810 5920 jeju-
