3978 6460
189 417 332 476 ΙΟΊἸ

946 409 1036 466 DE
1075 401 1638 466 ECCLESlAB’fIClS
1676 401 1965 460 OFFlCllS
2002 401 2182 459 LIBRI
2219 401 2310 460 Ν.
2346 431 2418 444 -
2455 401 2586 458 LIB.
2626 402 2688 458 ll.

3317 399 3456 458 4078

187 536 341 593 nium
366 538 594 603 propter
625 531 794 602 ipsas,
820 529 913 585 sed
941 528 1087 600 ipsas
1110 537 1331 598 propter
1348 523 1612 593 jejunium
1641 536 1776 591 prae-
1801 521 1852 594 Α
1880 526 2001 572 tura
2024 533 2155 572 vero
2178 517 2372 586 partim
2395 525 2478 572 est
2507 517 2794 576 invisibilis
2821 518 2962 576 sicut
2985 520 3231 588 animus;
3258 522 3460 592 partim

185 626 412 683 cedens.
443 623 624 692 Atque
665 622 779 692 ipsa
811 628 1046 690 quatuor
1073 617 1276 688 jejunis
1328 616 1616 684 opinamur
1654 627 1776 675 esse

185 717 410 778 initium
441 711 928 785 quadragesimalis
965 710 1241 780 temporis.
1288 707 1554 764 Denarius
1583 720 1775 760 nume-

189 825 285 864 rus
309 816 484 862 totam
509 806 853 876 disciplinam
882 811 1127 859 nostram
1167 802 1426 858 continet.
1459 797 1654 854 Nostra
1701 796 1781 853 dio

186 901 418 971 sciplina
472 899 598 955 talis
649 906 769 962 est,
823 906 890 952 ut
943 905 1190 951 creatura
1247 892 1452 949 serviat
1506 888 1776 946 Creatori.

186 993 423 1048 Creator
448 992 596 1048 Deus
642 991 698 1047 in
739 990 916 1046 tribus
943 987 1193 1059 personis
1215 986 1433 1043 colitur.
1462 983 1671 1040 Colitur
1711 982 1780 1039 ab

189 1087 394 1150 animo,
429 1087 522 1156 qui
553 1101 679 1140 einn
707 1085 883 1157 diligit
903 1095 972 1138 ex
999 1091 1112 1138 toto
1137 1081 1322 1144 corde,
1345 1095 1414 1135 ex
1443 1087 1556 1134 tota
1577 1078 1778 1143 anima,

187 1196 256 1235 ex
296 1189 412 1235 tota
452 1181 659 1235 virtute
691 1194 707 1234 :
735 1180 820 1234 cui
852 1176 1136 1246 subiicitur
1171 1185 1370 1245 corpus
1389 1173 1458 1228 ad
1485 1171 1781 1244 regendum

189 1287 255 1326 ea
283 1278 530 1341 quatuor
550 1271 854 1336 elementis,
885 1270 941 1325 id
961 1278 1064 1335 est,
1097 1266 1294 1334 calido,
1343 1267 1509 1332 sicco,
1559 1263 1781 1334 frigido,
1807 1323 1813 1328 ,

190 1361 436 1418 huniido.
477 1363 632 1430 Quod
677 1363 722 1418 si
747 1363 886 1418 bene
934 1362 1175 1424 rexerit,
1210 1359 1265 1414 id
1309 1367 1414 1424 est,
1443 1358 1546 1413 tria
1574 1364 1628 1412 et
1653 1371 1784 1426 qua-

187 1463 336 1520 tuor,
365 1471 492 1525 quae
520 1455 658 1510 dunt
710 1465 940 1527 septem,
965 1455 1318 1511 devotissime
1341 1453 1594 1508 subditur
1620 1453 1784 1507 homo

185 1544 467 1611 Creatori,
498 1554 556 1602 et
584 1554 712 1602 sunt
739 1547 946 1602 decem.
977 1545 1221 1612 Quatuor
1250 1545 1587 1615 temporibus
1609 1557 1786 1598 annus

186 1633 434 1690 solvitur
463 1653 476 1688 :
505 1647 652 1700 vere,
694 1641 903 1699 testate,
927 1642 1210 1699 autumno,
1240 1633 1440 1689 hieme.
1479 1632 1605 1688 liae
1653 1647 1788 1702 qua.

189 1735 318 1783 tuor
342 1735 594 1798 tempora
620 1726 800 1782 solent
823 1739 923 1782 nos
959 1741 1059 1797 per
1084 1725 1482 1781 delectamenta
1510 1737 1608 1780 sua
1638 1738 1791 1780 revo-

185 1833 321 1875 care
350 1821 424 1876 ab
454 1835 643 1875 amore
667 1819 964 1884 Creatoris,
991 1834 1098 1889 qua
1132 1817 1200 1872 de
1236 1834 1297 1872 re
1318 1815 1678 1886 jejunaudum
1703 1824 1788 1872 est

1876 610 2124 676 visibilis,
2147 612 2288 667 sicut
2313 627 2527 680 corpus.
2545 611 2892 668 invisibiliter
2908 617 3180 672 ternarias
3202 631 3464 674 numerus

1877 703 2153 768 tribuitur,
2167 718 2270 773 qua
2300 703 2367 758 de
2393 717 2453 758 re
2467 702 2690 772 diligere
2703 703 2872 760 Deum
2887 705 3172 774 tripliciter
3183 705 3461 776 jubemur,

1879 811 1944 852 ex
1973 803 2086 850 toto
2101 795 2286 860 corde,
2303 804 2359 850 et
2384 810 2452 852 ex
2468 803 2580 851 tota
2593 796 2793 861 anima,
2807 804 2868 852 et
2887 811 2956 852 ex
2979 805 3089 856 tota
3113 807 3327 856 mente:
3345 815 3465 856 cor-

1879 889 1996 958 pori
2024 888 2428 958 quaternarius,
2464 896 2688 958 propter
2717 888 3182 950 evidentissimam
3211 899 3466 951 naturam

1879 983 2018 1053 ejus,
2043 982 2096 1038 id
2116 990 2222 1047 est,
2246 981 2478 1040 calidam
2499 991 2553 1038 et
2573 981 2848 1055 frigidam,
2867 984 3144 1042 humidam
3162 991 3218 1040 et
3237 984 3464 1042 siccam.

1883 1072 2164 1132 Universae
2191 1087 2323 1143 ergo
2362 1081 2631 1134 creaturae
2660 1081 2746 1129 est
2795 1075 3135 1143 septenarius
3179 1089 3464 1136 numerus.

1882 1162 2223 1235 Quapropter
2255 1165 2434 1220 omnis
2473 1164 2758 1236 disciplina
2804 1166 3130 1238 dignoscens
3169 1175 3226 1226 et
3261 1168 3470 1226 discer-

1882 1271 2021 1312 nens
2055 1254 2372 1316 Creatorem
2417 1263 2579 1325 atque
2630 1265 2938 1318 creaturam
2969 1258 3196 1318 denario
3241 1275 3470 1322 numero

1882 1347 2207 1404 insinuatur.
2235 1349 2306 1404 Et
2324 1349 2521 1406 iterum
2542 1348 2598 1404 in
2627 1349 2768 1412 libro
2789 1349 2858 1408 de
2880 1349 3137 1408 Doctrina
3158 1348 3470 1408 Christiana

1885 1442 2123 1500 secundo
2153 1460 2166 1495 :
2202 1441 2564 1508 Quaternario
2586 1455 2822 1512 namque
2851 1457 3077 1503 numero
3105 1450 3161 1498 et
3195 1441 3388 1498 diurna
3417 1449 3474 1498 et

1886 1551 2062 1592 annua
2111 1535 2381 1592 curricula
2410 1544 2747 1607 peraguntur
2783 1553 2796 1591 ε
2839 1535 3055 1600 diurna,
3087 1534 3373 1596 matutinis
3415 1543 3472 1592 et

1885 1625 2223 1691 meridianis,
2260 1625 2586 1695 vespertinis
2629 1625 3017 1696 nocturnisque
3051 1626 3311 1684 horarum
3347 1639 3472 1696 spa.

1886 1718 2010 1784 tiis;
2060 1733 2240 1774 annua
2271 1717 2480 1784 vernis,
2509 1717 2734 1784 aestivis,
2778 1718 3187 1776 autumnalibus
3227 1716 3476 1774 hiemaliv

1887 1811 2099 1882 busque
2147 1811 2448 1868 mensibus.
2501 1809 2547 1866 Δ
2581 1819 2886 1881 temporum
2931 1819 3115 1867 autem
3161 1809 3475 1882 dilectione.

187 1913 248 1970 in
271 1927 608 1984 unoquoque
626 1921 887 1983 tempore,
932 1885 1372 1982 ut—castigcntur
1419 1919 1605 1966 nostra
1651 1925 1787 1981 qna-
1814 1885 1864 1947 Β
1892 1906 2020 1962 dum
2067 1905 2123 1960 in
2150 1904 2486 1975 temporibus
2512 1904 2768 1970 vivimus,
2813 1912 3035 1974 propter
3069 1904 3432 1962 aeternitatem
3453 1944 3472 1972 ,

187 2011 320 2060 tuor
340 2004 640 2070 elementa,
674 2017 742 2058 ne
765 2003 1137 2073 subripiantur
1159 2017 1190 2056 a
1213 2001 1664 2056 delectationibus
1691 1999 1790 2072 [dii-

187 2093 455 2166 lectione]
479 2095 684 2150 mundi.
700 2095 818 2164 ipsa
840 2095 986 2150 enim
1013 2102 1247 2163 quatuor
1268 2093 1536 2147 elementa
1564 2090 1790 2161 conjun-

189 2195 284 2244 cta
309 2187 525 2243 suntin
573 2203 668 2242 sua
703 2196 898 2242 natura
944 2195 1178 2257 quatuor
1227 2187 1561 2256 temporibus
1617 2187 1785 2241 anni:

191 2293 289 2334 ver
315 2286 404 2334 est
428 2278 666 2334 calidum
713 2287 770 2333 et
795 2278 1097 2342 humidum,
1147 2278 1204 2332 in
1243 2293 1310 2332 eo
1343 2275 1574 2332 iacimus
1620 2291 1787 2333 unum

187 2369 485 2442 jejunium,
525 2379 587 2427 ut
612 2372 944 2428 elementum
992 2371 1239 2426 humoris
1289 2371 1346 2426 in
1375 2371 1531 2425 nobis
1561 2371 1789 2442 castige-

195 2473 322 2528 tur,
375 2477 448 2517 ne
503 2463 812 2518 consentiat
861 2460 1011 2516 falsa:
1054 2459 1446 2530 pulchritudini
1495 2461 1659 2515 veris.
1710 2459 1791 2515 Ea

194 2555 426 2611 humore
449 2563 511 2610 et
538 2555 720 2610 calore
748 2555 990 2610 nascitur
1026 2553 1376 2624 pulchritudo
1403 2562 1581 2608 terras.
1631 2552 1790 2609 Alias

196 2645 341 2701 sicca
369 2654 457 2701 est
485 2653 543 2700 et
585 2645 782 2712 calida,
815 2646 874 2700 in
915 2659 1023 2714 qua
1069 2644 1299 2699 alterum
1341 2643 1611 2714 jejunium
1659 2643 1793 2699 fuci-

197 2753 340 2805 mus,
379 2747 438 2794 ut
492 2739 793 2810 castigctur
825 2738 1154 2793 elementum
1187 2737 1387 2792 caloris
1413 2737 1466 2791 in
1502 2736 1659 2792 nobis
1683 2777 1698 2802 ,
1724 2750 1793 2792 ne

197 2833 514 2888 consentiat
536 2833 786 2888 incendio
810 2829 1039 2887 carnali.
1074 2830 1316 2886 Tertium
1335 2830 1602 2902 jejunium
1649 2828 1712 2883 fit
1736 2829 1793 2884 in

198 2932 484 2988 autumno,
511 2923 605 2995 qui
625 2931 711 2979 est
735 2922 991 2978 humidus
1005 2930 1062 2978 et
1094 2921 1297 2988 siccus,
1342 2937 1414 2976 ne
1459 2921 1642 2990 aliquo
1678 2921 1795 2974 lan-

198 3029 367 3084 gnere
389 3014 560 3069 animi
589 3027 904 3069 arescamus
924 3027 988 3068 ac
1016 3011 1334 3078 deﬂeamus,
1362 3021 1420 3067 et
1451 3012 1794 3076 inveniamur

200 3103 320 3160 sine
339 3104 673 3176 pinguedine
709 3103 842 3160 oleae
862 3105 917 3160 in
943 3111 1150 3161 interno
1182 3104 1554 3160 tabernaculo.
1581 3103 1793 3158 Etenim

201 3196 294 3251 illo
323 3204 568 3266 tenipore
614 3209 1008 3269 congregamus
1069 3209 1176 3266 quo
1211 3196 1458 3251 fruamur
1495 3195 1550 3250 in
1591 3195 1792 3250 futuro.

202 3285 469 3354 Quartum
485 3286 746 3358 jejunium
766 3288 825 3344 fit
845 3289 902 3343 in
930 3288 1130 3355 hieme,
1159 3304 1280 3358 qua:
1307 3297 1391 3343 est
1415 3288 1611 3358 frigida
1624 3295 1680 3342 et
1701 3287 1798 3342 hu-

205 3381 352 3434 mida
370 3395 386 3434 :
403 3394 473 3434 ne
487 3381 728 3435 membra
743 3388 928 3435 nostra
945 3379 1092 3434 lium
1105 3389 1268 3448 atque
1289 3381 1416 3434 luxu
1448 3381 1726 3434 solvantur
1742 3380 1797 3434 in

204 3487 452 3528 comesse
460 3472 694 3527 tionibus
710 3480 765 3526 et
783 3471 1172 3542 potationibus,
1189 3488 1252 3527 ac
1269 3487 1363 3542 per
1380 3473 1486 3526 hoc
1499 3471 1799 3543 negligatur

207 3577 363 3620 amor
389 3564 509 3619 Dei.
533 3564 602 3618 At
623 3552 1010 3635 quia'quatuor
1039 3570 1282 3633 tempora
1295 3575 1560 3618 annorum
1585 3579 1684 3618 nos
1705 3564 1801 3618 im-

207 3653 439 3723 pediunt
463 3653 534 3708 ab
565 3667 748 3708 amore
776 3651 897 3718 Dei,
927 3659 1160 3722 quatuor
1188 3651 1386 3721 jejunia
1424 3653 1674 3718 facimus,
1703 3669 1801 3724 per

204 3741 424 3811 singula
452 3749 932 3813 quoque-tempora
961 3756 1121 3796 suum
1144 3739 1431 3812 jejunium,
1458 3744 1801 3812 unumquodq-

205 3846 318 3902 que
333 3830 600 3902 jejunium
627 3847 728 3904 pro
751 3847 850 3888 suo
881 3841 1144 3902 tempore.
1179 3831 1354 3888 Simili
1391 3833 1552 3888 modo
1603 3833 1799 3890 diurna

204 3927 480 3983 curricula
497 3937 732 4000 quatuor
745 3943 846 3986 nos
870 3928 1171 4000 impediunt
1189 3930 1258 3985 ab
1276 3943 1459 3984 amore
1473 3929 1797 3996 caelestium,

207 4019 442 4086 scilicet,
473 4023 820 4091 matutinum,
848 4021 1236 4088 meridianum,
1264 4023 1656 4094 vespertinum,
1704 4039 1802 4078 no-

209 4117 498 4179 cturnum;
529 4129 626 4186 per
651 4115 768 4171 haec
792 4113 959 4171 etiam
988 4117 1228 4186 quotidie
1257 4118 1326 4172 ab
1360 4131 1546 4172 amore
1572 4126 1803 4174 aeterno-

211 4217 334 4258 rum
384 4207 736 4261 retrabinmr.
789 4205 844 4261 in
897 4217 1226 4279 unoquoque
1279 4206 1487 4278 jejunio
1521 4217 1635 4263 tres
1687 4209 1803 4266 dies

213 4303 364 4362 sunt,
407 4297 533 4366 quia
577 4298 999 4368 unumquodque
1042 4307 1254 4368 tempus
1297 4306 1407 4353 tres
1453 4307 1670 4354 menses
1707 4297 1805 4353 ha-

213 4388 332 4453 bet,
361 4403 462 4460 pro
484 4403 810 4461 unoquoque
840 4401 1028 4446 mense
1063 4387 1258 4462 singuli
1303 4389 1419 4446 dies
1442 4389 1652 4461 jejunio
1677 4406 1805 4446 con-

217 4488 521 4537 secrantur.
562 4482 661 4538 Ast
689 4495 820 4538 vero
847 4483 975 4554 quia
1007 4483 1323 4554 quotidiana
1354 4491 1579 4554 peccata
1608 4499 1803 4555 aggra-

1892 1997 1950 2054 in
1976 2011 2084 2066 qua
2118 1997 2300 2056 vivere
2326 1994 2597 2059 volumus,
2633 1995 3017 2054 abstinendum
3040 2002 3097 2050 et
3119 1993 3479 2065 jejunandutlt

1891 2094 1996 2152 est,
2027 2087 2278 2155 quamvis
2298 2093 2605 2155 temporum
2629 2086 2882 2142 cursibus
2917 2085 3034 2157 ipsa
3064 2086 3221 2143 nobis
3241 2087 3483 2144 insinue-

1892 2187 1982 2236 tur
2027 2181 2274 2240 doctrina
2304 2179 2826 2238 contemnendorum
2867 2186 3196 2250 temporum,
3232 2186 3290 2235 et
3315 2193 3482 2251 appe-

1893 2274 2178 2334 tendorum
2208 2281 2558 2334 aeternorum.
2585 2271 2759 2330 Porro
2782 2279 2965 2330 autem
2997 2273 3257 2333 denarius
3284 2287 3481 2330 nume-r

1893 2380 1989 2422 rus
2029 2364 2306 2420 Creatoris
2347 2371 2510 2434 atque
2561 2372 2829 2424 creatum
2856 2363 3127 2435 significat
3170 2365 3479 2422 scientiam.

1892 2455 2030 2512 Nam
2077 2456 2296 2511 trinitas
2321 2454 2606 2516 Creatoris
2631 2462 2738 2520 est,
2770 2455 3110 2524 septenarius
3159 2464 3344 2512 autem
3372 2472 3480 2514 nuo

1895 2561 2078 2610 merus
2105 2555 2416 2604 creaturam
2459 2546 2662 2610 indicat
2703 2555 2924 2616 propter
2965 2547 3134 2604 vitam
3162 2556 3220 2606 et
3248 2563 3480 2620 corpus;

1894 2656 2022 2696 nam
2038 2639 2128 2696 illa
2160 2639 2264 2694 tria
2292 2648 2421 2696 sunt
2446 2657 2458 2692 :
2491 2639 2635 2702 unde
2663 2641 2829 2698 etiam
2856 2647 2974 2696 toto
3001 2640 3184 2705 corde,
3214 2647 3332 2698 tota
3359 2640 3484 2697 ani-

1895 2749 2010 2800 ma,
2041 2741 2156 2788 tota
2184 2740 2370 2788 mente
2400 2731 2704 2804 diligendus
2728 2741 2814 2795 est
2841 2735 2982 2795 Deus
3009 2752 3023 2788 :
3056 2734 3112 2790 in
3138 2747 3369 2805 corpore
3393 2748 3487 2789 au.-

1897 2833 2008 2881 tem
2038 2823 2482 2886 manifestissima
2512 2833 2747 2895 quatuor
2779 2833 3064 2897 apparent,
3117 2825 3318 2898 quibus
3352 2840 3486 2883 con-

1831 2992 1838 2998 .
1896 2926 2030 2985 stat,
2068 2917 2359 2976 elementa.
2390 2917 2450 2976 in
2479 2919 2586 2976 hoc
2611 2934 2744 2990 ergo
2769 2921 2996 2978 denario
3029 2921 3158 2976 dum
3181 2917 3489 2990 temporali-

1898 3017 1982 3066 ter
2004 3009 2161 3066 nobis
2190 3010 2517 3076 insinuatur,
2551 3010 2605 3066 id
2633 3018 2738 3076 est,
2767 3019 2964 3081 quater
2989 3011 3226 3075 ducitur,
3256 3017 3409 3069 caste
3427 3017 3490 3069 et

1898 3101 2242 3156 continenter
2269 3116 2300 3156 a
2330 3109 2634 3172 temporum
2679 3101 2967 3159 dilectione
3004 3103 3209 3168 vivere,
3256 3102 3363 3160 hoc
3403 3108 3492 3160 ea

1860 3255 1869 3278 ε
1902 3192 2268 3264 quadraginta
2312 3193 2502 3254 diebus
2524 3191 2794 3263 ieiunare.
2843 3194 3050 3262 Quibus
3080 3194 3271 3254 diebus
3295 3195 3487 3252 eadem

1897 3285 2104 3358 jejunia
2128 3286 2471 3344 celebrentur
2491 3297 2705 3358 oportet
2727 3288 3042 3353 memorari,
3067 3287 3274 3344 scilicet
3293 3295 3490 3360 quarta

1901 3379 2039 3434 feria
2071 3389 2224 3434 sexta
2255 3387 2312 3434 et
2353 3381 2604 3448 septima.
2639 3378 2866 3446 Quarta,
2912 3381 3040 3449 quia
3070 3380 3124 3434 in
3150 3395 3215 3436 ea
3241 3379 3490 3436 fecerunt

1900 3471 2072 3528 Judaei
2102 3471 2386 3527 consilium
2415 3479 2476 3526 ut
2501 3472 2814 3526 occiderent
2843 3470 3122 3528 Christum
3139 3512 3154 3536 ,
3186 3478 3342 3528 sexta
3363 3487 3491 3534 eum

1903 3564 2251 3627 occiderunt;
2304 3561 2570 3633 septima,
2627 3561 2998 3619 Romanorum
3055 3578 3236 3628 more,
3276 3561 3487 3633 jejunio

1902 3656 2248 3712 concluditur
2276 3663 2496 3726 propter
2519 3655 2805 3711 tristitiam
2827 3655 3198 3725 apostolorum
3223 3656 3291 3712 de
3313 3664 3490 3720 morte

1904 3747 2140 3811 Domini,
2169 3754 2230 3802 ut
2255 3746 2608 3803 innocentius
2627 3753 2823 3802 narrat
2848 3745 2902 3801 in
2936 3745 3328 3802 Decretalibus.
3348 3743 3492 3802 Sab-

1903 3841 2051 3906 bato,
2105 3839 2296 3908 inquit,
2339 3837 2702 3907 jejunandum
2738 3852 2858 3894 esse
2899 3837 3038 3893 ratio
3082 3836 3492 3893 evidentissima

1905 3935 2266 3991 demonstrat.
2301 3931 2438 3988 Nam
2464 3933 2512 3989 si
2561 3933 2708 3988 diem
2734 3931 3077 3988 Dominicum
3123 3938 3180 3986 et
3207 3929 3494 3988 venerahiw

1903 4028 2015 4084 lem
2044 4027 2500 4083 resurrectionem
2534 4027 2747 4082 Domini
2776 4027 2949 4083 nostri
2975 4024 3104 4083 Jesu
3133 4025 3356 4093 Christi,
3379 4041 3490 4081 non

1906 4117 2080 4174 solum
2115 4117 2172 4172 in
2210 4116 2421 4172 Pascha
2451 4115 2810 4180 celebramus,
2839 4131 3031 4171 verum
3053 4115 3220 4170 etiam
3247 4130 3348 4185 per
3375 4114 3492 4169 sin-

1905 4211 2062 4283 gulos
2085 4208 2319 4264 circulos
2345 4206 2813 4263 hebdomadarum
2841 4207 3010 4275 ipsius
3056 4207 3163 4261 diei
3201 4205 3494 4277 imaginem

1853 4349 1857 4352 λ
1909 4302 2340 4372 frequentamus,
2371 4315 2436 4356 ac
2464 4299 2510 4356 si
2559 4307 2717 4355 sexta
2755 4296 2895 4354 feria
2933 4304 3157 4369 propter
3183 4295 3496 4367 passionem

1907 4395 2121 4453 Domini
2140 4392 2470 4465 jejunamus,
2501 4392 2786 4447 sabbatum
2814 4388 3234 4461 pratermittere
3259 4401 3370 4443 non
3399 4385 3495 4444 de-

1909 4489 2122 4554 bemus,
2151 4488 2244 4559 qni
2271 4487 2417 4541 inter
2443 4485 2724 4541 tristitiam
2753 4493 2918 4554 atque
2944 4482 3186 4539 laetitiam
3229 4481 3495 4554 temporis

213 4581 365 4637 vani,
399 4587 510 4628 non
549 4571 745 4630 sufﬁcit
771 4583 938 4630 unum
961 4567 1228 4647 jejunium
1261 4590 1359 4647 per
1378 4580 1806 4650 unumquodque
1832 4611 1886 4672 D
1912 4579 2058 4637 illius
2087 4579 2302 4636 videtur
2335 4577 2598 4633 inclusos.
2639 4575 2681 4646 -ι-
2710 4575 2823 4631 Cur
2865 4576 2920 4640 in
2949 4590 3014 4630 ea
3040 4574 3383 4672 potissimum
3407 4572 3497 4630 die

220 4674 466 4739 tempus,
497 4683 559 4724 ac
587 4683 686 4739 per
716 4669 819 4724 hoc
860 4670 1328 4742 (pladragcsimale
1370 4679 1605 4742 tempus,
1648 4673 1807 4728 indu-

223 4757 427 4827 cimus,
461 4775 570 4830 quo
617 4759 928 4828 quotidiana
984 4773 1208 4830 peccata
1250 4761 1582 4832 afﬂiguntur.
1631 4765 1810 4820 Dena-

223 4849 356 4915 rius,
407 4851 502 4921 qui
526 4851 764 4921 pertinet
798 4851 868 4903 ad
913 4850 1259 4920 disciplinam.
1297 4862 1561 4917 nostram,
1617 4866 1811 4925 quater

223 4939 442 5006 ductus,
477 4941 838 5012 quadraginta
870 4941 1017 4995 facit.
1048 4941 1104 4994 In
1150 4942 1268 5011 ipso
1291 4942 1516 4997 denario
1556 4947 1812 5014 praesidet

222 5042 412 5090 sancta
466 5035 561 5090 Dei
592 5034 849 5101 Trinitas,
877 5040 931 5088 et
983 5034 1122 5104 regit
1163 5041 1472 5089 creaturam
1519 5051 1702 5102 suam,
1748 5045 1810 5092 ut

224 5124 395 5180 aliena
433 5124 504 5179 sit
552 5139 582 5179 a
631 5123 946 5194 deceptione
1000 5124 1162 5194 primi
1212 5126 1481 5194 parentis;
1523 5127 1666 5195 quod
1708 5142 1807 5184 nos

226 5215 346 5271 boni
397 5217 647 5281 facimus,
696 5217 809 5286 ipse
854 5215 984 5271 facit
1030 5215 1085 5270 in
1138 5217 1312 5272 nobis.
1361 5217 1518 5274 Modo
1541 5233 1807 5288 ponamus

228 5308 385 5362 verba
418 5307 587 5362 sancti
625 5306 934 5376 Augustini.
982 5307 1124 5364 Dicit
1149 5309 1203 5364 in
1237 5308 1374 5363 libro
1400 5309 1801 5379 Quaestionum,

231 5410 343 5466 cap.
389 5398 462 5452 83
488 5416 502 5453 :
543 5396 731 5453 Omnis
759 5399 1028 5468 sapientia
1055 5407 1111 5454 et
1133 5400 1418 5472 disciplina
1447 5411 1550 5468 est,
1579 5419 1698 5474 quae
1738 5407 1805 5462 ad

232 5485 478 5546 homiries
506 5489 829 5545 erudiendos
853 5492 1108 5561 pertinet,
1127 5489 1446 5548 Creatorem
1477 5503 1808 5551 creaturam-

234 5594 334 5650 que
378 5583 720 5655 dignoscere,
752 5592 808 5639 et
830 5583 981 5638 illum
1011 5585 1192 5640 colere
1224 5587 1619 5653 dominantem,
1648 5589 1805 5643 istam

236 5674 528 5744 subjectam
562 5675 742 5731 fateri.
787 5675 885 5731 Est
925 5684 1105 5731 autem
1137 5687 1352 5732 creator
1402 5678 1566 5743 Deus,
1597 5693 1664 5732 ex
1701 5694 1809 5749 quo

238 5765 412 5819 omnia
447 5774 502 5821 et
541 5783 639 5837 per
682 5781 844 5838 quem
878 5767 1081 5831 omnia,
1116 5766 1170 5821 in
1215 5781 1324 5838 quo
1353 5767 1534 5822 omnia
1559 5785 1572 5821 :
1601 5777 1656 5822 et
1689 5768 1809 5824 ideo

243 5849 494 5924 Trinitas,
515 5857 698 5928 Pater,
717 5866 777 5916 et
793 5857 984 5926 Filius,
1009 5865 1066 5916 et
1101 5858 1338 5935 Spiritus
1375 5869 1618 5918 sanctus.
1648 5859 1811 5918 Crea-

1912 4671 2256 4728 conseeratio
2279 4669 2603 4733 celebretur,
2625 4667 2966 4739 Augustinus
2985 4666 3176 4724 scribit
3204 4665 3273 4720 ad
3295 4663 3498 4722 alann-

1912 4767 2055 4821 rium
2085 4783 2097 4818 :
2131 4763 2430 4819 Sabbatum
2453 4761 2892 4817 commendatum
2914 4767 2999 4814 est
3024 4759 3198 4829 priori
3223 4757 3499 4828 pop-lein

1913 4860 2028 4916 otio
2059 4857 2414 4928 corporaliter
2439 4855 2785 4918 celebrando,
2815 4860 2878 4906 ut
2906 4851 3080 4921 figura
3106 4859 3255 4905 esset
3284 4851 3501 4905 sanata

1918 4949 2191 5005 iicationis
2217 4948 2271 5001 in
2305 4945 2494 5014 requie
2545 4943 2782 5013 Spiritus
2813 4941 3006 4996 sancti.
3042 4939 3336 5010 Nunquam
3352 4941 3501 4995 enim

1915 5041 2147 5111 legimus
2172 5039 2225 5092 in
2261 5035 2459 5091 Genesi
2490 5033 2974 5090 sanctiﬁcationem
3000 5049 3100 5104 per
3125 5041 3317 5088 omnes
3353 5033 3502 5102 prio-

1917 5148 2006 5187 res
2037 5131 2178 5196 dies,
2221 5130 2314 5184 sed
2343 5129 2410 5183 de
2438 5128 2552 5183 sole
2596 5128 2824 5184 sabbato
2868 5127 3072 5183 dictum
3099 5134 3223 5181 est:
3250 5124 3501 5194 Sanctiﬁ-

1915 5222 2049 5276 cavit
2081 5221 2222 5274 Deus
2268 5219 2406 5273 diem
2449 5219 2744 5290 septimum.
2782 5217 2921 5285 Quia
2958 5233 3092 5288 ergo
3130 5216 3368 5272 enutritus
3400 5216 3502 5273 Dei

1916 5313 2113 5383 diffusa
2138 5321 2214 5366 est
2243 5312 2297 5366 in
2324 5312 2569 5366 cordibus
2603 5311 2798 5365 nostris
2825 5326 2917 5380 per
2945 5308 3198 5380 Spiritum
3221 5319 3466 5368 summ
3483 5351 3499 5377 ,

1914 5405 2005 5476 qui
2031 5404 2188 5458 datus
2213 5412 2291 5458 est
2317 5403 2484 5469 nobis,
2526 5402 2648 5456 ideo
2693 5400 3050 5456 sanctificatio
3073 5401 3128 5456 in
3159 5402 3389 5471 septimo
3410 5403 3499 5458 die

1911 5503 2334 5554 commemorata
2363 5503 2464 5560 est,
2493 5493 2585 5548 ubi
2609 5493 2825 5563 requies
2848 5491 3280 5550 commendatur.
3309 5495 3349 5565 ᾧ
3369 5492 3496 5567 Epi-

1912 5588 2060 5659 scopi
2090 5585 2438 5643 consecratio
2475 5584 2671 5640 transit
2713 5583 2786 5639 ad
2811 5582 3151 5640 Dominieum
3181 5585 3342 5641 diem.
3375 5586 3494 5656 ipse

1910 5689 1998 5736 est
2027 5680 2268 5734 vicarius
2294 5676 2686 5749 apostolorum,
2715 5678 2826 5733 imo
2856 5677 3022 5733 etiam
3051 5677 3276 5740 Christi.
3303 5678 3386 5734 Eo
3413 5679 3503 5738 die

1915 5771 2112 5841 accipit
2140 5771 2340 5825 donum
2371 5768 2609 5839 Spiritus
2648 5770 2845 5837 sancti,
2884 5785 2991 5841 qua
3019 5769 3110 5826 die
3135 5771 3394 5843 dignatus
3418 5776 3504 5827 est

1915 5864 2191 5919 illustrare
2215 5861 2386 5920 corda
2409 5860 2797 5934 apostolorum.
