  <div class='ocr_page' id='page_1' title='image "/cluster/home/n/w/nwhite01/storage/ocr_20150623/105/hvd.32044021109350/543.png"; bbox 0 0 3978 6450; ppageno 0'>
   <div class='ocr_carea' id='block_1_1' title="bbox 538 371 679 429">
    <p class='ocr_par' dir='ltr' id='par_1_1' title="bbox 538 371 679 429">
     <span class='ocr_line' id='line_1_1' title="bbox 538 371 679 429; baseline 0.007 -1"><span class='ocrx_word' id='word_1_1' title='bbox 538 371 679 429; x_wconf 71' lang='grc'>1079</span> 
     </span>
    </p>
   </div>
   <div class='ocr_carea' id='block_1_2' title="bbox 1153 484 1500 543">
    <p class='ocr_par' dir='ltr' id='par_1_2' title="bbox 1153 484 1500 543">
     <span class='ocr_line' id='line_1_2' title="bbox 1153 484 1500 543; baseline 0.003 -2"><span class='ocrx_word' id='word_1_2' title='bbox 1153 484 1379 543; x_wconf 85' lang='lat' dir='ltr'><strong>CAPUT</strong></span> <span class='ocrx_word' id='word_1_3' title='bbox 1416 486 1500 543; x_wconf 83' lang='grc' dir='ltr'>ΙΙΙ.</span> 
     </span>
    </p>
   </div>
   <div class='ocr_carea' id='block_1_3' title="bbox 624 573 2012 646">
    <p class='ocr_par' dir='ltr' id='par_1_3' title="bbox 624 573 2012 646">
     <span class='ocr_line' id='line_1_3' title="bbox 624 573 2012 646; baseline 0.002 -16"><span class='ocrx_word' id='word_1_4' title='bbox 624 576 704 630; x_wconf 90' lang='lat' dir='ltr'><strong>De</strong></span> <span class='ocrx_word' id='word_1_5' title='bbox 735 590 951 629; x_wconf 87' lang='lat' dir='ltr'><strong>numero</strong></span> <span class='ocrx_word' id='word_1_6' title='bbox 981 573 1261 629; x_wconf 78' lang='lat' dir='ltr'><strong>lectionum</strong></span> <span class='ocrx_word' id='word_1_7' title='bbox 1290 594 1383 646; x_wconf 89' lang='lat' dir='ltr'><strong>per</strong></span> <span class='ocrx_word' id='word_1_8' title='bbox 1407 587 1510 632; x_wconf 87' lang='lat' dir='ltr'><strong>tres</strong></span> <span class='ocrx_word' id='word_1_9' title='bbox 1535 587 1851 635; x_wconf 88' lang='lat' dir='ltr'><strong>memoratos</strong></span> <span class='ocrx_word' id='word_1_10' title='bbox 1881 579 2012 633; x_wconf 88' lang='lat' dir='ltr'><strong>dies.</strong></span> 
     </span>
    </p>
   </div>
   <div class='ocr_carea' id='block_1_4' title="bbox 1565 373 2745 434">
    <p class='ocr_par' dir='ltr' id='par_1_4' title="bbox 1565 373 2745 434">
     <span class='ocr_line' id='line_1_4' title="bbox 1565 373 2745 434; baseline 0.002 -3"><span class='ocrx_word' id='word_1_11' title='bbox 1565 374 1897 432; x_wconf 78' lang='lat' dir='ltr'><strong>AMALARII</strong></span> <span class='ocrx_word' id='word_1_12' title='bbox 1933 373 2368 434; x_wconf 80' lang='lat' dir='ltr'><strong>PRESBYTERI</strong></span> <span class='ocrx_word' id='word_1_13' title='bbox 2406 374 2745 433; x_wconf 80' lang='lat' dir='ltr'><strong>METENSIS</strong></span> 
     </span>
    </p>
   </div>
   <div class='ocr_carea' id='block_1_5' title="bbox 2140 490 3797 564">
    <p class='ocr_par' dir='ltr' id='par_1_5' title="bbox 2140 490 3797 564">
     <span class='ocr_line' id='line_1_5' title="bbox 2140 490 3797 564; baseline 0.011 -23"><span class='ocrx_word' id='word_1_14' title='bbox 2140 491 2190 553; x_wconf 77' lang='grc' dir='ltr'><strong>Α</strong></span> <span class='ocrx_word' id='word_1_15' title='bbox 2216 503 2336 559; x_wconf 58' lang='lat' dir='ltr'><strong>qua</strong></span> <span class='ocrx_word' id='word_1_16' title='bbox 2364 490 2408 544; x_wconf 87' lang='lat' dir='ltr'><strong>si</strong></span> <span class='ocrx_word' id='word_1_17' title='bbox 2437 492 2605 547; x_wconf 81' lang='lat' dir='ltr'><strong>secuti</strong></span> <span class='ocrx_word' id='word_1_18' title='bbox 2631 491 2854 558; x_wconf 98' lang='lat' dir='ltr'><strong>fuerint,</strong></span> <span class='ocrx_word' id='word_1_19' title='bbox 2886 500 3144 561; x_wconf 89' lang='lat' dir='ltr'><strong>poterunt</strong></span> <span class='ocrx_word' id='word_1_20' title='bbox 3169 494 3371 550; x_wconf 88' lang='lat' dir='ltr'><strong>habere</strong></span> <span class='ocrx_word' id='word_1_21' title='bbox 3398 504 3630 564; x_wconf 83' lang='lat' dir='ltr'><strong>partem</strong></span> <span class='ocrx_word' id='word_1_22' title='bbox 3681 515 3797 559; x_wconf 79' lang='lat' dir='ltr'><strong>cum</strong></span> 
     </span>
    </p>
   </div>
   <div class='ocr_carea' id='block_1_6' title="bbox 3670 383 3803 443">
    <p class='ocr_par' dir='ltr' id='par_1_6' title="bbox 3670 383 3803 443">
     <span class='ocr_line' id='line_1_6' title="bbox 3670 383 3803 443; baseline 0.038 -5"><span class='ocrx_word' id='word_1_23' title='bbox 3670 383 3803 443; x_wconf 72' lang='lat'><strong>{080</strong></span> 
     </span>
    </p>
   </div>
   <div class='ocr_carea' id='block_1_7' title="bbox 2218 579 3798 655">
    <p class='ocr_par' dir='ltr' id='par_1_7' title="bbox 2218 579 3798 655">
     <span class='ocr_line' id='line_1_7' title="bbox 2218 579 3798 655; baseline 0.01 -21"><span class='ocrx_word' id='word_1_24' title='bbox 2218 580 2298 635; x_wconf 88' lang='lat' dir='ltr'><strong>eis</strong></span> <span class='ocrx_word' id='word_1_25' title='bbox 2330 579 2682 639; x_wconf 89' lang='lat' dir='ltr'><strong>benedicendi</strong></span> <span class='ocrx_word' id='word_1_26' title='bbox 2712 583 2965 650; x_wconf 89' lang='lat' dir='ltr'><strong>Domino,</strong></span> <span class='ocrx_word' id='word_1_27' title='bbox 2997 584 3111 640; x_wconf 85' lang='lat' dir='ltr'><strong>sive</strong></span> <span class='ocrx_word' id='word_1_28' title='bbox 3151 586 3295 655; x_wconf 92' lang='lat' dir='ltr'><strong>quod</strong></span> <span class='ocrx_word' id='word_1_29' title='bbox 3317 587 3645 645; x_wconf 82' lang='lat' dir='ltr'><strong>benedictio</strong></span> <span class='ocrx_word' id='word_1_30' title='bbox 3690 591 3798 651; x_wconf 85' lang='lat' dir='ltr'><strong>illo-</strong></span> 
     </span>
    </p>
   </div>
   <div class='ocr_carea' id='block_1_8' title="bbox 605 665 3788 750">
    <p class='ocr_par' dir='ltr' id='par_1_8' title="bbox 605 665 3788 750">
     <span class='ocr_line' id='line_1_8' title="bbox 605 665 3788 750; baseline 0.007 -29"><span class='ocrx_word' id='word_1_31' title='bbox 605 666 811 734; x_wconf 85' lang='lat' dir='ltr'><strong>Quarta</strong></span> <span class='ocrx_word' id='word_1_32' title='bbox 867 665 1008 723; x_wconf 87' lang='lat' dir='ltr'><strong>feria</strong></span> <span class='ocrx_word' id='word_1_33' title='bbox 1049 667 1305 737; x_wconf 88' lang='lat' dir='ltr'><strong>leguntur</strong></span> <span class='ocrx_word' id='word_1_34' title='bbox 1354 669 1474 724; x_wconf 86' lang='lat' dir='ltr'><strong>duae</strong></span> <span class='ocrx_word' id='word_1_35' title='bbox 1524 671 1804 737; x_wconf 83' lang='lat' dir='ltr'><strong>lectiones,</strong></span> <span class='ocrx_word' id='word_1_36' title='bbox 1855 669 2112 741; x_wconf 90' lang='lat' dir='ltr'><strong>quoniam</strong></span> <span class='ocrx_word' id='word_1_37' title='bbox 2214 685 2333 726; x_wconf 88' lang='lat' dir='ltr'><strong>rum</strong></span> <span class='ocrx_word' id='word_1_38' title='bbox 2365 686 2528 742; x_wconf 84' lang='lat' dir='ltr'><strong>super</strong></span> <span class='ocrx_word' id='word_1_39' title='bbox 2570 688 2665 729; x_wconf 92' lang='lat' dir='ltr'><strong>eos</strong></span> <span class='ocrx_word' id='word_1_40' title='bbox 2697 675 2902 730; x_wconf 88' lang='lat' dir='ltr'><strong>veniat.</strong></span> <span class='ocrx_word' id='word_1_41' title='bbox 2942 675 3022 730; x_wconf 86' lang='lat' dir='ltr'><strong>Ex</strong></span> <span class='ocrx_word' id='word_1_42' title='bbox 3060 675 3383 733; x_wconf 74' lang='lat' dir='ltr'><strong>lectionibus</strong></span> <span class='ocrx_word' id='word_1_43' title='bbox 3423 684 3788 750; x_wconf 66' lang='lat' dir='ltr'><strong>praesentibus</strong></span> 
     </span>
    </p>
   </div>
   <div class='ocr_carea' id='block_1_9' title="bbox 533 756 2110 826">
    <p class='ocr_par' dir='ltr' id='par_1_9' title="bbox 533 756 2110 826">
     <span class='ocr_line' id='line_1_9' title="bbox 533 756 2110 826; baseline 0.004 -15"><span class='ocrx_word' id='word_1_44' title='bbox 533 757 732 812; x_wconf 90' lang='lat' dir='ltr'><strong>debent</strong></span> <span class='ocrx_word' id='word_1_45' title='bbox 760 757 816 812; x_wconf 88' lang='lat' dir='ltr'><strong>hi</strong></span> <span class='ocrx_word' id='word_1_46' title='bbox 846 756 938 826; x_wconf 88' lang='lat' dir='ltr'><strong>qui</strong></span> <span class='ocrx_word' id='word_1_47' title='bbox 970 758 1040 812; x_wconf 86' lang='lat' dir='ltr'><strong>ad</strong></span> <span class='ocrx_word' id='word_1_48' title='bbox 1067 772 1282 812; x_wconf 89' lang='lat' dir='ltr'><strong>sacrum</strong></span> <span class='ocrx_word' id='word_1_49' title='bbox 1312 759 1560 814; x_wconf 83' lang='lat' dir='ltr'><strong>ordinem</strong></span> <span class='ocrx_word' id='word_1_50' title='bbox 1587 768 1898 824; x_wconf 89' lang='lat' dir='ltr'><strong>transeunt,</strong></span> <span class='ocrx_word' id='word_1_51' title='bbox 1925 765 2110 817; x_wconf 90' lang='lat' dir='ltr'><strong>admo-</strong></span> 
     </span>
    </p>
   </div>
   <div class='ocr_carea' id='block_1_10' title="bbox 528 847 2104 924">
    <p class='ocr_par' dir='ltr' id='par_1_10' title="bbox 528 847 2104 924">
     <span class='ocr_line' id='line_1_10' title="bbox 528 847 2104 924; baseline 0.005 -22"><span class='ocrx_word' id='word_1_52' title='bbox 528 847 670 912; x_wconf 86' lang='lat' dir='ltr'><strong>neri,</strong></span> <span class='ocrx_word' id='word_1_53' title='bbox 723 855 784 902; x_wconf 88' lang='lat' dir='ltr'><strong>ut</strong></span> <span class='ocrx_word' id='word_1_54' title='bbox 831 847 1068 902; x_wconf 84' lang='lat' dir='ltr'><strong>habeant</strong></span> <span class='ocrx_word' id='word_1_55' title='bbox 1115 849 1364 904; x_wconf 84' lang='lat' dir='ltr'><strong>notitiam</strong></span> <span class='ocrx_word' id='word_1_56' title='bbox 1412 849 1546 922; x_wconf 92' lang='lat' dir='ltr'><strong>legis</strong></span> <span class='ocrx_word' id='word_1_57' title='bbox 1598 859 1654 907; x_wconf 89' lang='lat' dir='ltr'><strong>et</strong></span> <span class='ocrx_word' id='word_1_58' title='bbox 1695 855 2104 924; x_wconf 87' lang='lat' dir='ltr'><strong>prophetarum.</strong></span> 
     </span>
    </p>
   </div>
   <div class='ocr_carea' id='block_1_11' title="bbox 529 939 2102 1016">
    <p class='ocr_par' dir='ltr' id='par_1_11' title="bbox 529 939 2102 1016">
     <span class='ocr_line' id='line_1_11' title="bbox 529 939 2102 1016; baseline 0.004 -24"><span class='ocrx_word' id='word_1_59' title='bbox 529 939 734 1006; x_wconf 78' lang='lat' dir='ltr'><strong>Quarta</strong></span> <span class='ocrx_word' id='word_1_60' title='bbox 783 946 944 992; x_wconf 61' lang='lat' dir='ltr'><strong>astate</strong></span> <span class='ocrx_word' id='word_1_61' title='bbox 986 939 1190 1004; x_wconf 91' lang='lat' dir='ltr'><strong>mundi,</strong></span> <span class='ocrx_word' id='word_1_62' title='bbox 1228 939 1314 994; x_wconf 82' lang='lat' dir='ltr'><strong>lex</strong></span> <span class='ocrx_word' id='word_1_63' title='bbox 1360 948 1416 994; x_wconf 91' lang='lat' dir='ltr'><strong>et</strong></span> <span class='ocrx_word' id='word_1_64' title='bbox 1465 943 1745 1013; x_wconf 83' lang='lat' dir='ltr'><strong>prophetae</strong></span> <span class='ocrx_word' id='word_1_65' title='bbox 1793 944 2102 1016; x_wconf 86' lang='lat' dir='ltr'><strong>viguerunt.</strong></span> 
     </span>
    </p>
   </div>
   <div class='ocr_carea' id='block_1_12' title="bbox 525 1029 2101 1100">
    <p class='ocr_par' dir='ltr' id='par_1_12' title="bbox 525 1029 2101 1100">
     <span class='ocr_line' id='line_1_12' title="bbox 525 1029 2101 1100; baseline 0.006 -17"><span class='ocrx_word' id='word_1_66' title='bbox 525 1029 816 1100; x_wconf 81' lang='lat' dir='ltr'><strong>Apostolus</strong></span> <span class='ocrx_word' id='word_1_67' title='bbox 853 1031 1107 1086; x_wconf 88' lang='lat' dir='ltr'><strong>admonet</strong></span> <span class='ocrx_word' id='word_1_68' title='bbox 1135 1032 1201 1086; x_wconf 90' lang='lat' dir='ltr'><strong>de</strong></span> <span class='ocrx_word' id='word_1_69' title='bbox 1248 1032 1517 1100; x_wconf 89' lang='lat' dir='ltr'><strong>doctrina,</strong></span> <span class='ocrx_word' id='word_1_70' title='bbox 1549 1034 1738 1090; x_wconf 89' lang='lat' dir='ltr'><strong>dicens</strong></span> <span class='ocrx_word' id='word_1_71' title='bbox 1767 1035 1835 1089; x_wconf 92' lang='lat' dir='ltr'><strong>ad</strong></span> <span class='ocrx_word' id='word_1_72' title='bbox 1871 1035 2053 1091; x_wconf 91' lang='lat' dir='ltr'><strong>Titum</strong></span> <span class='ocrx_word' id='word_1_73' title='bbox 2088 1056 2101 1092; x_wconf 93' lang='lat'><strong>:</strong></span> 
     </span>
    </p>
   </div>
   <div class='ocr_carea' id='block_1_13' title="bbox 525 1121 2106 1199">
    <p class='ocr_par' dir='ltr' id='par_1_13' title="bbox 525 1121 2106 1199">
     <span class='ocr_line' id='line_1_13' title="bbox 525 1121 2106 1199; baseline 0.006 -25"><span class='ocrx_word' id='word_1_74' title='bbox 525 1121 928 1192; x_wconf 84' lang='lat' dir='ltr'><strong>Amplectentem</strong></span> <span class='ocrx_word' id='word_1_75' title='bbox 975 1140 1092 1177; x_wconf 89' lang='lat' dir='ltr'><strong>eum</strong></span> <span class='ocrx_word' id='word_1_76' title='bbox 1122 1125 1211 1194; x_wconf 91' lang='lat' dir='ltr'><strong>qui</strong></span> <span class='ocrx_word' id='word_1_77' title='bbox 1239 1125 1526 1180; x_wconf 89' lang='lat' dir='ltr'><strong>secundum</strong></span> <span class='ocrx_word' id='word_1_78' title='bbox 1576 1127 1870 1181; x_wconf 74' lang='lat' dir='ltr'><strong>doctrinam</strong></span> <span class='ocrx_word' id='word_1_79' title='bbox 1913 1137 2008 1195; x_wconf 91' lang='lat' dir='ltr'><strong>est,</strong></span> <span class='ocrx_word' id='word_1_80' title='bbox 2040 1130 2106 1199; x_wconf 75' lang='lat' dir='ltr'><strong>ﬁ-</strong></span> 
     </span>
    </p>
   </div>
   <div class='ocr_carea' id='block_1_14' title="bbox 525 1212 2103 1287">
    <p class='ocr_par' dir='ltr' id='par_1_14' title="bbox 525 1212 2103 1287">
     <span class='ocr_line' id='line_1_14' title="bbox 525 1212 2103 1287; baseline 0.006 -21"><span class='ocrx_word' id='word_1_81' title='bbox 525 1212 692 1269; x_wconf 89' lang='lat' dir='ltr'><strong>delem</strong></span> <span class='ocrx_word' id='word_1_82' title='bbox 722 1231 1034 1282; x_wconf 77' lang='lat' dir='ltr'><strong>sermonem,</strong></span> <span class='ocrx_word' id='word_1_83' title='bbox 1065 1225 1123 1269; x_wconf 90' lang='lat' dir='ltr'><strong>ut</strong></span> <span class='ocrx_word' id='word_1_84' title='bbox 1149 1225 1331 1287; x_wconf 88' lang='lat' dir='ltr'><strong>potens</strong></span> <span class='ocrx_word' id='word_1_85' title='bbox 1360 1220 1428 1272; x_wconf 91' lang='lat' dir='ltr'><strong>sit</strong></span> <span class='ocrx_word' id='word_1_86' title='bbox 1459 1218 1730 1273; x_wconf 66' lang='lat' dir='ltr'><strong>eat/tortari</strong></span> <span class='ocrx_word' id='word_1_87' title='bbox 1760 1220 1816 1274; x_wconf 89' lang='lat' dir='ltr'><strong>in</strong></span> <span class='ocrx_word' id='word_1_88' title='bbox 1861 1221 2103 1277; x_wconf 79' lang='lat' dir='ltr'><strong>doctrina</strong></span> 
     </span>
    </p>
   </div>
   <div class='ocr_carea' id='block_1_15' title="bbox 522 1305 2103 1383">
    <p class='ocr_par' dir='ltr' id='par_1_15' title="bbox 522 1305 2103 1383">
     <span class='ocr_line' id='line_1_15' title="bbox 522 1305 2103 1383; baseline 0.005 -22"><span class='ocrx_word' id='word_1_89' title='bbox 522 1325 679 1374; x_wconf 89' lang='lat' dir='ltr'><strong>sana,</strong></span> <span class='ocrx_word' id='word_1_90' title='bbox 712 1317 761 1362; x_wconf 90' lang='lat' dir='ltr'><strong>et</strong></span> <span class='ocrx_word' id='word_1_91' title='bbox 779 1326 870 1374; x_wconf 75' lang='lat' dir='ltr'><strong>eos</strong></span> <span class='ocrx_word' id='word_1_92' title='bbox 896 1310 984 1380; x_wconf 91' lang='lat' dir='ltr'><strong>qui</strong></span> <span class='ocrx_word' id='word_1_93' title='bbox 1013 1311 1281 1375; x_wconf 87' lang='lat' dir='ltr'><strong>resistunt,</strong></span> <span class='ocrx_word' id='word_1_94' title='bbox 1316 1305 1655 1383; x_wconf 74' lang='lat' dir='ltr'><strong>redarguere.</strong></span> <span class='ocrx_word' id='word_1_95' title='bbox 1681 1312 1836 1379; x_wconf 84' lang='lat' dir='ltr'><strong>Quod</strong></span> <span class='ocrx_word' id='word_1_96' title='bbox 1865 1314 1938 1368; x_wconf 89' lang='lat' dir='ltr'><strong>ita</strong></span> <span class='ocrx_word' id='word_1_97' title='bbox 1976 1314 2103 1369; x_wconf 85' lang='lat' dir='ltr'><strong>Hie-</strong></span> 
     </span>
    </p>
   </div>
   <div class='ocr_carea' id='block_1_16' title="bbox 522 1399 2106 1477">
    <p class='ocr_par' dir='ltr' id='par_1_16' title="bbox 522 1399 2106 1477">
     <span class='ocr_line' id='line_1_16' title="bbox 522 1399 2106 1477; baseline 0.006 -25"><span class='ocrx_word' id='word_1_98' title='bbox 522 1414 780 1469; x_wconf 89' lang='lat' dir='ltr'><strong>ronymus</strong></span> <span class='ocrx_word' id='word_1_99' title='bbox 825 1399 880 1454; x_wconf 89' lang='lat' dir='ltr'><strong>in</strong></span> <span class='ocrx_word' id='word_1_100' title='bbox 911 1401 1148 1471; x_wconf 87' lang='lat' dir='ltr'><strong>Epistula</strong></span> <span class='ocrx_word' id='word_1_101' title='bbox 1177 1402 1244 1456; x_wconf 88' lang='lat' dir='ltr'><strong>ad</strong></span> <span class='ocrx_word' id='word_1_102' title='bbox 1277 1402 1456 1457; x_wconf 90' lang='lat' dir='ltr'><strong>Titum</strong></span> <span class='ocrx_word' id='word_1_103' title='bbox 1506 1421 1519 1456; x_wconf 89' lang='lat'><strong>:</strong></span> <span class='ocrx_word' id='word_1_104' title='bbox 1557 1403 1803 1458; x_wconf 83' lang='lat' dir='ltr'><strong>Obtineat</strong></span> <span class='ocrx_word' id='word_1_105' title='bbox 1847 1422 1968 1458; x_wconf 88' lang='lat' dir='ltr'><strong>eum</strong></span> <span class='ocrx_word' id='word_1_106' title='bbox 2011 1407 2106 1477; x_wconf 86' lang='lat' dir='ltr'><strong>qui</strong></span> 
     </span>
    </p>
   </div>
   <div class='ocr_carea' id='block_1_17' title="bbox 518 1489 2096 1566">
    <p class='ocr_par' dir='ltr' id='par_1_17' title="bbox 518 1489 2096 1566">
     <span class='ocr_line' id='line_1_17' title="bbox 518 1489 2096 1566; baseline 0.007 -24"><span class='ocrx_word' id='word_1_107' title='bbox 518 1489 804 1542; x_wconf 81' lang='lat' dir='ltr'><strong>secundum</strong></span> <span class='ocrx_word' id='word_1_108' title='bbox 835 1489 1130 1545; x_wconf 80' lang='lat' dir='ltr'><strong>doctrinam</strong></span> <span class='ocrx_word' id='word_1_109' title='bbox 1160 1501 1258 1558; x_wconf 91' lang='lat' dir='ltr'><strong>est,</strong></span> <span class='ocrx_word' id='word_1_110' title='bbox 1283 1492 1489 1561; x_wconf 85' lang='lat' dir='ltr'><strong>ﬁdelem</strong></span> <span class='ocrx_word' id='word_1_111' title='bbox 1518 1489 1832 1560; x_wconf 83' lang='lat' dir='ltr'><strong>sermonem,</strong></span> <span class='ocrx_word' id='word_1_112' title='bbox 1871 1504 1931 1549; x_wconf 86' lang='lat' dir='ltr'><strong>ut</strong></span> <span class='ocrx_word' id='word_1_113' title='bbox 1959 1512 2096 1566; x_wconf 79' lang='lat' dir='ltr'><strong>quo-</strong></span> 
     </span>
    </p>
   </div>
   <div class='ocr_carea' id='block_1_18' title="bbox 515 1581 2100 1658">
    <p class='ocr_par' dir='ltr' id='par_1_18' title="bbox 515 1581 2100 1658">
     <span class='ocr_line' id='line_1_18' title="bbox 515 1581 2100 1658; baseline 0.006 -24"><span class='ocrx_word' id='word_1_114' title='bbox 515 1581 678 1636; x_wconf 89' lang='lat' dir='ltr'><strong>modo</strong></span> <span class='ocrx_word' id='word_1_115' title='bbox 703 1598 875 1637; x_wconf 92' lang='lat' dir='ltr'><strong>sermo</strong></span> <span class='ocrx_word' id='word_1_116' title='bbox 901 1583 1000 1636; x_wconf 90' lang='lat' dir='ltr'><strong>Dei</strong></span> <span class='ocrx_word' id='word_1_117' title='bbox 1026 1582 1200 1652; x_wconf 79' lang='lat' dir='ltr'><strong>ﬁdelis</strong></span> <span class='ocrx_word' id='word_1_118' title='bbox 1221 1593 1270 1638; x_wconf 90' lang='lat' dir='ltr'><strong>et</strong></span> <span class='ocrx_word' id='word_1_119' title='bbox 1297 1586 1437 1639; x_wconf 87' lang='lat' dir='ltr'><strong>omni</strong></span> <span class='ocrx_word' id='word_1_120' title='bbox 1462 1585 1758 1657; x_wconf 85' lang='lat' dir='ltr'><strong>acceptione</strong></span> <span class='ocrx_word' id='word_1_121' title='bbox 1784 1587 1999 1658; x_wconf 88' lang='lat' dir='ltr'><strong>dignus,</strong></span> <span class='ocrx_word' id='word_1_122' title='bbox 2021 1589 2100 1644; x_wconf 89' lang='lat' dir='ltr'><strong>sic</strong></span> 
     </span>
    </p>
   </div>
   <div class='ocr_carea' id='block_1_19' title="bbox 515 1672 2097 1750">
    <p class='ocr_par' dir='ltr' id='par_1_19' title="bbox 515 1672 2097 1750">
     <span class='ocr_line' id='line_1_19' title="bbox 515 1672 2097 1750; baseline 0.005 -21"><span class='ocrx_word' id='word_1_123' title='bbox 515 1680 572 1729; x_wconf 87' lang='lat' dir='ltr'><strong>et</strong></span> <span class='ocrx_word' id='word_1_124' title='bbox 603 1672 689 1726; x_wconf 91' lang='lat' dir='ltr'><strong>ille</strong></span> <span class='ocrx_word' id='word_1_125' title='bbox 721 1675 882 1728; x_wconf 90' lang='lat' dir='ltr'><strong>talem</strong></span> <span class='ocrx_word' id='word_1_126' title='bbox 912 1691 971 1731; x_wconf 89' lang='lat' dir='ltr'><strong>se</strong></span> <span class='ocrx_word' id='word_1_127' title='bbox 996 1677 1254 1746; x_wconf 67' lang='lat' dir='ltr'><strong>praebeat,</strong></span> <span class='ocrx_word' id='word_1_128' title='bbox 1283 1687 1343 1731; x_wconf 90' lang='lat' dir='ltr'><strong>ut</strong></span> <span class='ocrx_word' id='word_1_129' title='bbox 1366 1692 1524 1733; x_wconf 90' lang='lat' dir='ltr'><strong>omne</strong></span> <span class='ocrx_word' id='word_1_130' title='bbox 1551 1681 1696 1748; x_wconf 90' lang='lat' dir='ltr'><strong>quod</strong></span> <span class='ocrx_word' id='word_1_131' title='bbox 1726 1679 1969 1750; x_wconf 86' lang='lat' dir='ltr'><strong>loquitur</strong></span> <span class='ocrx_word' id='word_1_132' title='bbox 1991 1681 2097 1737; x_wconf 87' lang='lat' dir='ltr'><strong>ﬁde</strong></span> 
     </span>
    </p>
   </div>
   <div class='ocr_carea' id='block_1_20' title="bbox 515 1762 2096 1843">
    <p class='ocr_par' dir='ltr' id='par_1_20' title="bbox 515 1762 2096 1843">
     <span class='ocr_line' id='line_1_20' title="bbox 515 1762 2096 1843; baseline 0.008 -26"><span class='ocrx_word' id='word_1_133' title='bbox 515 1762 739 1835; x_wconf 86' lang='lat' dir='ltr'><strong>dignum</strong></span> <span class='ocrx_word' id='word_1_134' title='bbox 765 1766 1130 1832; x_wconf 85' lang='lat' dir='ltr'><strong>existimetur,</strong></span> <span class='ocrx_word' id='word_1_135' title='bbox 1163 1776 1218 1822; x_wconf 89' lang='lat' dir='ltr'><strong>et</strong></span> <span class='ocrx_word' id='word_1_136' title='bbox 1238 1768 1403 1823; x_wconf 88' lang='lat' dir='ltr'><strong>verba</strong></span> <span class='ocrx_word' id='word_1_137' title='bbox 1433 1770 1602 1839; x_wconf 90' lang='lat' dir='ltr'><strong>ipsius</strong></span> <span class='ocrx_word' id='word_1_138' title='bbox 1641 1771 1752 1826; x_wconf 90' lang='lat' dir='ltr'><strong>sint</strong></span> <span class='ocrx_word' id='word_1_139' title='bbox 1781 1772 1968 1843; x_wconf 86' lang='lat' dir='ltr'><strong>regula</strong></span> <span class='ocrx_word' id='word_1_140' title='bbox 2005 1789 2096 1829; x_wconf 79' lang='lat' dir='ltr'><strong>ve-</strong></span> 
     </span>
    </p>
   </div>
   <div class='ocr_carea' id='block_1_21' title="bbox 2205 758 3790 844">
    <p class='ocr_par' dir='ltr' id='par_1_21' title="bbox 2205 758 3790 844">
     <span class='ocr_line' id='line_1_21' title="bbox 2205 758 3790 844; baseline 0.011 -29"><span class='ocrx_word' id='word_1_141' title='bbox 2205 758 2394 828; x_wconf 86' lang='lat' dir='ltr'><strong>jejunii</strong></span> <span class='ocrx_word' id='word_1_142' title='bbox 2421 763 2581 831; x_wconf 88' lang='lat' dir='ltr'><strong>primi</strong></span> <span class='ocrx_word' id='word_1_143' title='bbox 2613 773 2734 835; x_wconf 90' lang='lat' dir='ltr'><strong>post</strong></span> <span class='ocrx_word' id='word_1_144' title='bbox 2758 765 3118 822; x_wconf 89' lang='lat' dir='ltr'><strong>Pentecosten</strong></span> <span class='ocrx_word' id='word_1_145' title='bbox 3145 768 3526 835; x_wconf 89' lang='lat' dir='ltr'><strong>discamus,.si</strong></span> <span class='ocrx_word' id='word_1_146' title='bbox 3568 784 3790 844; x_wconf 83' lang='lat' dir='ltr'><strong>quatuor</strong></span> 
     </span>
    </p>
   </div>
   <div class='ocr_carea' id='block_1_22' title="bbox 2212 853 3786 926">
    <p class='ocr_par' dir='ltr' id='par_1_22' title="bbox 2212 853 3786 926">
     <span class='ocr_line' id='line_1_22' title="bbox 2212 853 3786 926; baseline 0.012 -22"><span class='ocrx_word' id='word_1_147' title='bbox 2212 853 2435 907; x_wconf 88' lang='lat' dir='ltr'><strong>ordines</strong></span> <span class='ocrx_word' id='word_1_148' title='bbox 2477 856 2761 910; x_wconf 82' lang='lat' dir='ltr'><strong>memorati</strong></span> <span class='ocrx_word' id='word_1_149' title='bbox 2805 867 3044 926; x_wconf 88' lang='lat' dir='ltr'><strong>quatuor</strong></span> <span class='ocrx_word' id='word_1_150' title='bbox 3093 858 3417 917; x_wconf 89' lang='lat' dir='ltr'><strong>lectionibus</strong></span> <span class='ocrx_word' id='word_1_151' title='bbox 3443 867 3786 923; x_wconf 76' lang='lat' dir='ltr'><strong>conveniant.</strong></span> 
     </span>
    </p>
   </div>
   <div class='ocr_carea' id='block_1_23' title="bbox 2211 944 3790 1030">
    <p class='ocr_par' dir='ltr' id='par_1_23' title="bbox 2211 944 3790 1030">
     <span class='ocr_line' id='line_1_23' title="bbox 2211 944 3790 1030; baseline 0.009 -31"><span class='ocrx_word' id='word_1_152' title='bbox 2211 944 2392 1001; x_wconf 90' lang='lat' dir='ltr'><strong>Prima</strong></span> <span class='ocrx_word' id='word_1_153' title='bbox 2431 947 2593 1002; x_wconf 91' lang='lat' dir='ltr'><strong>lectio</strong></span> <span class='ocrx_word' id='word_1_154' title='bbox 2623 949 2754 1003; x_wconf 87' lang='lat' dir='ltr'><strong>dicit</strong></span> <span class='ocrx_word' id='word_1_155' title='bbox 2783 969 2796 1002; x_wconf 86' lang='lat'><strong>:</strong></span> <span class='ocrx_word' id='word_1_156' title='bbox 2831 948 3122 1020; x_wconf 71' lang='lat' dir='ltr'><strong>Effundam</strong></span> <span class='ocrx_word' id='word_1_157' title='bbox 3159 953 3405 1022; x_wconf 76' lang='lat' dir='ltr'><strong>spiritum</strong></span> <span class='ocrx_word' id='word_1_158' title='bbox 3436 973 3627 1011; x_wconf 83' lang='lat' dir='ltr'><strong>meum</strong></span> <span class='ocrx_word' id='word_1_159' title='bbox 3648 975 3790 1030; x_wconf 80' lang='lat' dir='ltr'><strong>super</strong></span> 
     </span>
    </p>
   </div>
   <div class='ocr_carea' id='block_1_24' title="bbox 2210 1042 3786 1122">
    <p class='ocr_par' dir='ltr' id='par_1_24' title="bbox 2210 1042 3786 1122">
     <span class='ocr_line' id='line_1_24' title="bbox 2210 1042 3786 1122; baseline 0.011 -30"><span class='ocrx_word' id='word_1_160' title='bbox 2210 1055 2414 1093; x_wconf 90' lang='lat' dir='ltr'><strong>omnem</strong></span> <span class='ocrx_word' id='word_1_161' title='bbox 2438 1057 2667 1106; x_wconf 85' lang='lat' dir='ltr'><strong>carnem,</strong></span> <span class='ocrx_word' id='word_1_162' title='bbox 2697 1050 2752 1096; x_wconf 88' lang='lat' dir='ltr'><strong>et</strong></span> <span class='ocrx_word' id='word_1_163' title='bbox 2773 1042 3000 1113; x_wconf 87' lang='lat' dir='ltr'><strong>reliqua.</strong></span> <span class='ocrx_word' id='word_1_164' title='bbox 3024 1044 3082 1099; x_wconf 92' lang='lat' dir='ltr'><strong>In</strong></span> <span class='ocrx_word' id='word_1_165' title='bbox 3109 1047 3194 1101; x_wconf 92' lang='lat' dir='ltr'><strong>his</strong></span> <span class='ocrx_word' id='word_1_166' title='bbox 3209 1048 3390 1103; x_wconf 84' lang='lat' dir='ltr'><strong>verbis</strong></span> <span class='ocrx_word' id='word_1_167' title='bbox 3411 1056 3470 1104; x_wconf 84' lang='lat' dir='ltr'><strong>et</strong></span> <span class='ocrx_word' id='word_1_168' title='bbox 3494 1049 3558 1104; x_wconf 87' lang='lat' dir='ltr'><strong>in</strong></span> <span class='ocrx_word' id='word_1_169' title='bbox 3578 1066 3786 1122; x_wconf 83' lang='lat' dir='ltr'><strong>sequen-</strong></span> 
     </span>
    </p>
   </div>
   <div class='ocr_carea' id='block_1_25' title="bbox 2207 1130 3782 1205">
    <p class='ocr_par' dir='ltr' id='par_1_25' title="bbox 2207 1130 3782 1205">
     <span class='ocr_line' id='line_1_25' title="bbox 2207 1130 3782 1205; baseline 0.01 -21"><span class='ocrx_word' id='word_1_170' title='bbox 2207 1130 2353 1185; x_wconf 87' lang='lat' dir='ltr'><strong>tibus</strong></span> <span class='ocrx_word' id='word_1_171' title='bbox 2398 1133 2797 1188; x_wconf 86' lang='lat' dir='ltr'><strong>demonstratur</strong></span> <span class='ocrx_word' id='word_1_172' title='bbox 2847 1136 3172 1205; x_wconf 80' lang='lat' dir='ltr'><strong>generaliter</strong></span> <span class='ocrx_word' id='word_1_173' title='bbox 3201 1139 3396 1194; x_wconf 89' lang='lat' dir='ltr'><strong>domus</strong></span> <span class='ocrx_word' id='word_1_174' title='bbox 3441 1139 3645 1196; x_wconf 82' lang='lat' dir='ltr'><strong>Israel.</strong></span> <span class='ocrx_word' id='word_1_175' title='bbox 3673 1143 3782 1200; x_wconf 82' lang='lat' dir='ltr'><strong>&#39;Se-</strong></span> 
     </span>
    </p>
   </div>
   <div class='ocr_carea' id='block_1_26' title="bbox 2206 1223 3782 1301">
    <p class='ocr_par' dir='ltr' id='par_1_26' title="bbox 2206 1223 3782 1301">
     <span class='ocr_line' id='line_1_26' title="bbox 2206 1223 3782 1301; baseline 0.009 -24"><span class='ocrx_word' id='word_1_176' title='bbox 2206 1238 2376 1292; x_wconf 88' lang='lat' dir='ltr'><strong>quens</strong></span> <span class='ocrx_word' id='word_1_177' title='bbox 2404 1223 2564 1279; x_wconf 91' lang='lat' dir='ltr'><strong>lectio</strong></span> <span class='ocrx_word' id='word_1_178' title='bbox 2595 1225 2762 1280; x_wconf 86' lang='lat' dir='ltr'><strong>dicit:</strong></span> <span class='ocrx_word' id='word_1_179' title='bbox 2805 1225 3052 1296; x_wconf 69' lang='lat' dir='ltr'><strong>Oﬁ‘eretis</strong></span> <span class='ocrx_word' id='word_1_180' title='bbox 3079 1231 3406 1301; x_wconf 81' lang='lat' dir='ltr'><strong>sacri/icium</strong></span> <span class='ocrx_word' id='word_1_181' title='bbox 3445 1250 3650 1288; x_wconf 81' lang='lat' dir='ltr'><strong>norunt</strong></span> <span class='ocrx_word' id='word_1_182' title='bbox 3689 1236 3782 1291; x_wconf 85' lang='lat' dir='ltr'><strong>Do-</strong></span> 
     </span>
    </p>
   </div>
   <div class='ocr_carea' id='block_1_27' title="bbox 2206 1315 3779 1399">
    <p class='ocr_par' dir='ltr' id='par_1_27' title="bbox 2206 1315 3779 1399">
     <span class='ocr_line' id='line_1_27' title="bbox 2206 1315 3779 1399; baseline 0.011 -32"><span class='ocrx_word' id='word_1_183' title='bbox 2206 1315 2345 1368; x_wconf 89' lang='lat' dir='ltr'><strong>mino</strong></span> <span class='ocrx_word' id='word_1_184' title='bbox 2384 1333 2449 1370; x_wconf 78' lang='lat' dir='ltr'><strong>ea:</strong></span> <span class='ocrx_word' id='word_1_185' title='bbox 2474 1318 2710 1373; x_wconf 87' lang='lat' dir='ltr'><strong>omnibus</strong></span> <span class='ocrx_word' id='word_1_186' title='bbox 2737 1319 3051 1378; x_wconf 84' lang='lat' dir='ltr'><strong>habitaculis</strong></span> <span class='ocrx_word' id='word_1_187' title='bbox 3083 1326 3288 1390; x_wconf 86' lang='lat' dir='ltr'><strong>vestris,</strong></span> <span class='ocrx_word' id='word_1_188' title='bbox 3338 1343 3514 1396; x_wconf 85' lang='lat' dir='ltr'><strong>panes</strong></span> <span class='ocrx_word' id='word_1_189' title='bbox 3540 1331 3779 1399; x_wconf 71' lang='lat' dir='ltr'><strong>primitia—</strong></span> 
     </span>
    </p>
   </div>
   <div class='ocr_carea' id='block_1_28' title="bbox 2205 1407 3774 1488">
    <p class='ocr_par' dir='ltr' id='par_1_28' title="bbox 2205 1407 3774 1488">
     <span class='ocr_line' id='line_1_28' title="bbox 2205 1407 3774 1488; baseline 0.013 -30"><span class='ocrx_word' id='word_1_190' title='bbox 2205 1421 2321 1459; x_wconf 88' lang='lat' dir='ltr'><strong>rum</strong></span> <span class='ocrx_word' id='word_1_191' title='bbox 2350 1407 2481 1463; x_wconf 91' lang='lat' dir='ltr'><strong>duos</strong></span> <span class='ocrx_word' id='word_1_192' title='bbox 2506 1410 2571 1464; x_wconf 89' lang='lat' dir='ltr'><strong>de</strong></span> <span class='ocrx_word' id='word_1_193' title='bbox 2593 1410 2799 1465; x_wconf 87' lang='lat' dir='ltr'><strong>duabus</strong></span> <span class='ocrx_word' id='word_1_194' title='bbox 2841 1413 3079 1480; x_wconf 88' lang='lat' dir='ltr'><strong>decimis,</strong></span> <span class='ocrx_word' id='word_1_195' title='bbox 3125 1434 3252 1488; x_wconf 88' lang='lat' dir='ltr'><strong>quos</strong></span> <span class='ocrx_word' id='word_1_196' title='bbox 3292 1418 3522 1475; x_wconf 81' lang='lat' dir='ltr'><strong>elevabit</strong></span> <span class='ocrx_word' id='word_1_197' title='bbox 3555 1425 3774 1478; x_wconf 80' lang='lat' dir='ltr'><strong>sacerdos</strong></span> 
     </span>
    </p>
   </div>
   <div class='ocr_carea' id='block_1_29' title="bbox 2204 1499 3770 1583">
    <p class='ocr_par' dir='ltr' id='par_1_29' title="bbox 2204 1499 3770 1583">
     <span class='ocr_line' id='line_1_29' title="bbox 2204 1499 3770 1583; baseline 0.013 -33"><span class='ocrx_word' id='word_1_198' title='bbox 2204 1513 2381 1553; x_wconf 89' lang='lat' dir='ltr'><strong>coram</strong></span> <span class='ocrx_word' id='word_1_199' title='bbox 2427 1499 2671 1556; x_wconf 89' lang='lat' dir='ltr'><strong>Domino.</strong></span> <span class='ocrx_word' id='word_1_200' title='bbox 2723 1503 2993 1562; x_wconf 85' lang='lat' dir='ltr'><strong>Sacerdos</strong></span> <span class='ocrx_word' id='word_1_201' title='bbox 3043 1511 3364 1578; x_wconf 72' lang='lat' dir='ltr'><strong>pra-positos</strong></span> <span class='ocrx_word' id='word_1_202' title='bbox 3408 1513 3770 1583; x_wconf 81' lang='lat' dir='ltr'><strong>demonstrat,</strong></span> 
     </span>
    </p>
   </div>
   <div class='ocr_carea' id='block_1_30' title="bbox 2203 1590 3771 1676">
    <p class='ocr_par' dir='ltr' id='par_1_30' title="bbox 2203 1590 3771 1676">
     <span class='ocr_line' id='line_1_30' title="bbox 2203 1590 3771 1676; baseline 0.013 -33"><span class='ocrx_word' id='word_1_203' title='bbox 2203 1590 2345 1658; x_wconf 90' lang='lat' dir='ltr'><strong>quod</strong></span> <span class='ocrx_word' id='word_1_204' title='bbox 2373 1601 2457 1647; x_wconf 91' lang='lat' dir='ltr'><strong>est</strong></span> <span class='ocrx_word' id='word_1_205' title='bbox 2483 1593 2674 1650; x_wconf 91' lang='lat' dir='ltr'><strong>domus</strong></span> <span class='ocrx_word' id='word_1_206' title='bbox 2701 1595 2902 1652; x_wconf 84' lang='lat' dir='ltr'><strong>Aaron.</strong></span> <span class='ocrx_word' id='word_1_207' title='bbox 2937 1600 3119 1655; x_wconf 85' lang='lat' dir='ltr'><strong>Tertia</strong></span> <span class='ocrx_word' id='word_1_208' title='bbox 3147 1594 3308 1658; x_wconf 87' lang='lat' dir='ltr'><strong>lectio</strong></span> <span class='ocrx_word' id='word_1_209' title='bbox 3335 1605 3474 1660; x_wconf 89' lang='lat' dir='ltr'><strong>dicit</strong></span> <span class='ocrx_word' id='word_1_210' title='bbox 3503 1627 3516 1659; x_wconf 75' lang='grc' dir='ltr'>ε</span> <span class='ocrx_word' id='word_1_211' title='bbox 3549 1609 3771 1676; x_wconf 52' lang='lat' dir='ltr'><strong>xit-cedes-</strong></span> 
     </span>
    </p>
   </div>
   <div class='ocr_carea' id='block_1_31' title="bbox 2200 1684 3766 1760">
    <p class='ocr_par' dir='ltr' id='par_1_31' title="bbox 2200 1684 3766 1760">
     <span class='ocr_line' id='line_1_31' title="bbox 2200 1684 3766 1760; baseline 0.013 -25"><span class='ocrx_word' id='word_1_212' title='bbox 2200 1699 2300 1752; x_wconf 90' lang='lat' dir='ltr'><strong>que</strong></span> <span class='ocrx_word' id='word_1_213' title='bbox 2324 1684 2393 1737; x_wconf 86' lang='lat' dir='ltr'><strong>ad</strong></span> <span class='ocrx_word' id='word_1_214' title='bbox 2421 1687 2739 1740; x_wconf 89' lang='lat' dir='ltr'><strong>sacerdotem</strong></span> <span class='ocrx_word' id='word_1_215' title='bbox 2773 1691 2861 1759; x_wconf 91' lang='lat' dir='ltr'><strong>qui</strong></span> <span class='ocrx_word' id='word_1_216' title='bbox 2888 1691 3045 1759; x_wconf 81' lang='lat' dir='ltr'><strong>fuerit</strong></span> <span class='ocrx_word' id='word_1_217' title='bbox 3071 1693 3125 1746; x_wconf 92' lang='lat' dir='ltr'><strong>in</strong></span> <span class='ocrx_word' id='word_1_218' title='bbox 3163 1694 3346 1750; x_wconf 84' lang='lat' dir='ltr'><strong>diebus</strong></span> <span class='ocrx_word' id='word_1_219' title='bbox 3387 1697 3525 1760; x_wconf 87' lang='lat' dir='ltr'><strong>illis,</strong></span> <span class='ocrx_word' id='word_1_220' title='bbox 3557 1709 3607 1753; x_wconf 85' lang='lat' dir='ltr'><strong>et</strong></span> <span class='ocrx_word' id='word_1_221' title='bbox 3645 1702 3766 1756; x_wconf 80' lang='lat' dir='ltr'><strong>dices</strong></span> 
     </span>
    </p>
   </div>
   <div class='ocr_carea' id='block_1_32' title="bbox 2201 1773 3768 1852">
    <p class='ocr_par' dir='ltr' id='par_1_32' title="bbox 2201 1773 3768 1852">
     <span class='ocr_line' id='line_1_32' title="bbox 2201 1773 3768 1852; baseline 0.012 -26"><span class='ocrx_word' id='word_1_222' title='bbox 2201 1773 2271 1826; x_wconf 90' lang='lat' dir='ltr'><strong>ad</strong></span> <span class='ocrx_word' id='word_1_223' title='bbox 2298 1773 2449 1828; x_wconf 87' lang='lat' dir='ltr'><strong>illum</strong></span> <span class='ocrx_word' id='word_1_224' title='bbox 2476 1795 2488 1829; x_wconf 90' lang='lat'>:</span> <span class='ocrx_word' id='word_1_225' title='bbox 2521 1775 2785 1846; x_wconf 83' lang='lat' dir='ltr'><strong>Proﬁteor</strong></span> <span class='ocrx_word' id='word_1_226' title='bbox 2809 1780 2966 1834; x_wconf 86' lang='lat' dir='ltr'><strong>hodie</strong></span> <span class='ocrx_word' id='word_1_227' title='bbox 2993 1800 3170 1838; x_wconf 89' lang='lat' dir='ltr'><strong>coram</strong></span> <span class='ocrx_word' id='word_1_228' title='bbox 3200 1785 3428 1840; x_wconf 89' lang='lat' dir='ltr'><strong>Domino</strong></span> <span class='ocrx_word' id='word_1_229' title='bbox 3455 1787 3568 1843; x_wconf 90' lang='lat' dir='ltr'><strong>Deo</strong></span> <span class='ocrx_word' id='word_1_230' title='bbox 3593 1801 3676 1844; x_wconf 81' lang='lat' dir='ltr'><strong>tuo</strong></span> <span class='ocrx_word' id='word_1_231' title='bbox 3693 1796 3768 1852; x_wconf 71' lang='lat' dir='ltr'><strong>qui</strong></span> 
     </span>
    </p>
   </div>
   <div class='ocr_carea' id='block_1_33' title="bbox 512 1855 3763 1952">
    <p class='ocr_par' dir='ltr' id='par_1_33' title="bbox 512 1855 3763 1952">
     <span class='ocr_line' id='line_1_33' title="bbox 512 1855 3763 1952; baseline 0.008 -40"><span class='ocrx_word' id='word_1_232' title='bbox 512 1856 713 1912; x_wconf 82' lang='lat' dir='ltr'><strong>ritatis.</strong></span> <span class='ocrx_word' id='word_1_233' title='bbox 745 1856 946 1913; x_wconf 89' lang='lat' dir='ltr'><strong>Potens</strong></span> <span class='ocrx_word' id='word_1_234' title='bbox 973 1876 1187 1931; x_wconf 84' lang='lat' dir='ltr'><strong>quoque</strong></span> <span class='ocrx_word' id='word_1_235' title='bbox 1225 1863 1296 1917; x_wconf 91' lang='lat' dir='ltr'><strong>sit</strong></span> <span class='ocrx_word' id='word_1_236' title='bbox 1330 1877 1423 1918; x_wconf 92' lang='lat' dir='ltr'><strong>eos</strong></span> <span class='ocrx_word' id='word_1_237' title='bbox 1451 1864 1543 1934; x_wconf 90' lang='lat' dir='ltr'><strong>qui</strong></span> <span class='ocrx_word' id='word_1_238' title='bbox 1574 1865 1756 1919; x_wconf 63' lang='lat' dir='ltr'><strong>saaculi</strong></span> <span class='ocrx_word' id='word_1_239' title='bbox 1785 1867 1945 1937; x_wconf 86' lang='lat' dir='ltr'><strong>hujus</strong></span> <span class='ocrx_word' id='word_1_240' title='bbox 1982 1875 2098 1922; x_wconf 86' lang='lat' dir='ltr'><strong>tur—</strong></span> <span class='ocrx_word' id='word_1_241' title='bbox 2125 1855 2173 1915; x_wconf 91' lang='grc' dir='ltr'><strong>Β</strong></span> <span class='ocrx_word' id='word_1_242' title='bbox 2198 1867 2464 1923; x_wconf 75' lang='lat' dir='ltr'><strong>exaudivit</strong></span> <span class='ocrx_word' id='word_1_243' title='bbox 2493 1886 2607 1924; x_wconf 91' lang='lat' dir='ltr'><strong>nos.</strong></span> <span class='ocrx_word' id='word_1_244' title='bbox 2640 1871 2708 1924; x_wconf 84' lang='lat' dir='ltr'><strong>Et</strong></span> <span class='ocrx_word' id='word_1_245' title='bbox 2733 1883 2855 1942; x_wconf 90' lang='lat' dir='ltr'><strong>post</strong></span> <span class='ocrx_word' id='word_1_246' title='bbox 2878 1889 3047 1943; x_wconf 84' lang='lat' dir='ltr'><strong>pauca</strong></span> <span class='ocrx_word' id='word_1_247' title='bbox 3071 1895 3084 1930; x_wconf 89' lang='lat'><strong>:</strong></span> <span class='ocrx_word' id='word_1_248' title='bbox 3120 1876 3186 1930; x_wconf 84' lang='lat' dir='ltr'><strong>Et</strong></span> <span class='ocrx_word' id='word_1_249' title='bbox 3207 1879 3418 1933; x_wconf 86' lang='lat' dir='ltr'><strong>idcirco</strong></span> <span class='ocrx_word' id='word_1_250' title='bbox 3451 1898 3591 1936; x_wconf 86' lang='lat' dir='ltr'><strong>nunc</strong></span> <span class='ocrx_word' id='word_1_251' title='bbox 3615 1886 3763 1952; x_wconf 68' lang='lat' dir='ltr'><strong>oﬂ&#39;m</strong></span> 
     </span>
    </p>
   </div>
   <div class='ocr_carea' id='block_1_34' title="bbox 509 1945 2095 2028">
    <p class='ocr_par' dir='ltr' id='par_1_34' title="bbox 509 1945 2095 2028">
     <span class='ocr_line' id='line_1_34' title="bbox 509 1945 2095 2028; baseline 0.01 -27"><span class='ocrx_word' id='word_1_252' title='bbox 509 1945 731 2004; x_wconf 89' lang='lat' dir='ltr'><strong>binibus</strong></span> <span class='ocrx_word' id='word_1_253' title='bbox 761 1952 1108 2021; x_wconf 82' lang='lat' dir='ltr'><strong>exagitantur</strong></span> <span class='ocrx_word' id='word_1_254' title='bbox 1136 1947 1441 2023; x_wconf 86' lang='lat' dir='ltr'><strong>consolari,</strong></span> <span class='ocrx_word' id='word_1_255' title='bbox 1479 1965 1534 2012; x_wconf 89' lang='lat' dir='ltr'><strong>et</strong></span> <span class='ocrx_word' id='word_1_256' title='bbox 1563 1973 1661 2028; x_wconf 90' lang='lat' dir='ltr'><strong>per</strong></span> <span class='ocrx_word' id='word_1_257' title='bbox 1689 1975 1842 2014; x_wconf 91' lang='lat' dir='ltr'><strong>suam</strong></span> <span class='ocrx_word' id='word_1_258' title='bbox 1888 1962 2095 2017; x_wconf 86' lang='lat' dir='ltr'><strong>doctri-</strong></span> 
     </span>
    </p>
   </div>
   <div class='ocr_carea' id='block_1_35' title="bbox 508 2042 2092 2118">
    <p class='ocr_par' dir='ltr' id='par_1_35' title="bbox 508 2042 2092 2118">
     <span class='ocr_line' id='line_1_35' title="bbox 508 2042 2092 2118; baseline 0.009 -22"><span class='ocrx_word' id='word_1_259' title='bbox 508 2057 640 2097; x_wconf 86' lang='lat' dir='ltr'><strong>nam</strong></span> <span class='ocrx_word' id='word_1_260' title='bbox 680 2042 898 2099; x_wconf 85' lang='lat' dir='ltr'><strong>inﬁrma</strong></span> <span class='ocrx_word' id='word_1_261' title='bbox 943 2055 1214 2118; x_wconf 64' lang='lat' dir='ltr'><strong>praecepta</strong></span> <span class='ocrx_word' id='word_1_262' title='bbox 1243 2049 1546 2106; x_wconf 86' lang='lat' dir='ltr'><strong>destruere.</strong></span> <span class='ocrx_word' id='word_1_263' title='bbox 1607 2050 1751 2106; x_wconf 87' lang='lat' dir='ltr'><strong>Sana</strong></span> <span class='ocrx_word' id='word_1_264' title='bbox 1781 2062 1963 2108; x_wconf 90' lang='lat' dir='ltr'><strong>autem</strong></span> <span class='ocrx_word' id='word_1_265' title='bbox 1994 2055 2092 2110; x_wconf 79' lang='lat' dir='ltr'><strong>do-</strong></span> 
     </span>
    </p>
   </div>
   <div class='ocr_carea' id='block_1_36' title="bbox 509 2137 2090 2216">
    <p class='ocr_par' dir='ltr' id='par_1_36' title="bbox 509 2137 2090 2216">
     <span class='ocr_line' id='line_1_36' title="bbox 509 2137 2090 2216; baseline 0.008 -24"><span class='ocrx_word' id='word_1_266' title='bbox 509 2137 685 2194; x_wconf 87' lang='lat' dir='ltr'><strong>ctrina</strong></span> <span class='ocrx_word' id='word_1_267' title='bbox 727 2139 927 2195; x_wconf 90' lang='lat' dir='ltr'><strong>dicitur</strong></span> <span class='ocrx_word' id='word_1_268' title='bbox 970 2142 1038 2196; x_wconf 94' lang='lat' dir='ltr'><strong>ad</strong></span> <span class='ocrx_word' id='word_1_269' title='bbox 1067 2143 1471 2200; x_wconf 88' lang='lat' dir='ltr'><strong>distinctionem</strong></span> <span class='ocrx_word' id='word_1_270' title='bbox 1519 2145 1788 2216; x_wconf 66' lang='lat' dir='ltr'><strong>languidae</strong></span> <span class='ocrx_word' id='word_1_271' title='bbox 1834 2148 2090 2205; x_wconf 81' lang='lat' dir='ltr'><strong>inﬁrmae-</strong></span> 
     </span>
    </p>
   </div>
   <div class='ocr_carea' id='block_1_37' title="bbox 507 2229 2092 2305">
    <p class='ocr_par' dir='ltr' id='par_1_37' title="bbox 507 2229 2092 2305">
     <span class='ocr_line' id='line_1_37' title="bbox 507 2229 2092 2305; baseline 0.009 -24"><span class='ocrx_word' id='word_1_272' title='bbox 507 2243 614 2298; x_wconf 89' lang='lat' dir='ltr'><strong>que</strong></span> <span class='ocrx_word' id='word_1_273' title='bbox 656 2229 934 2286; x_wconf 70' lang='lat' dir='ltr'><strong>doctrinre.</strong></span> <span class='ocrx_word' id='word_1_274' title='bbox 987 2233 1130 2289; x_wconf 89' lang='lat' dir='ltr'><strong>Talis</strong></span> <span class='ocrx_word' id='word_1_275' title='bbox 1161 2250 1376 2305; x_wconf 90' lang='lat' dir='ltr'><strong>quoque</strong></span> <span class='ocrx_word' id='word_1_276' title='bbox 1420 2237 1510 2302; x_wconf 88' lang='lat' dir='ltr'><strong>sit,</strong></span> <span class='ocrx_word' id='word_1_277' title='bbox 1542 2245 1602 2291; x_wconf 89' lang='lat' dir='ltr'><strong>ut</strong></span> <span class='ocrx_word' id='word_1_278' title='bbox 1649 2239 2092 2297; x_wconf 88' lang='lat' dir='ltr'><strong>contradicentes</strong></span> 
     </span>
    </p>
   </div>
   <div class='ocr_carea' id='block_1_38' title="bbox 505 2323 2091 2395">
    <p class='ocr_par' dir='ltr' id='par_1_38' title="bbox 505 2323 2091 2395">
     <span class='ocr_line' id='line_1_38' title="bbox 505 2323 2091 2395; baseline 0.006 -17"><span class='ocrx_word' id='word_1_279' title='bbox 505 2330 702 2391; x_wconf 83' lang='lat' dir='ltr'><strong>arguat</strong></span> <span class='ocrx_word' id='word_1_280' title='bbox 736 2323 1040 2392; x_wconf 72' lang='lat' dir='ltr'><strong>haereticos,</strong></span> <span class='ocrx_word' id='word_1_281' title='bbox 1073 2327 1188 2382; x_wconf 84' lang='lat' dir='ltr'><strong>sive</strong></span> <span class='ocrx_word' id='word_1_282' title='bbox 1235 2327 1472 2395; x_wconf 78' lang='lat' dir='ltr'><strong>Judznos,</strong></span> <span class='ocrx_word' id='word_1_283' title='bbox 1516 2337 1571 2383; x_wconf 90' lang='lat' dir='ltr'><strong>et</strong></span> <span class='ocrx_word' id='word_1_284' title='bbox 1602 2331 1784 2385; x_wconf 64' lang='lat' dir='ltr'><strong>seaculi</strong></span> <span class='ocrx_word' id='word_1_285' title='bbox 1832 2331 1975 2387; x_wconf 90' lang='lat' dir='ltr'><strong>illius</strong></span> <span class='ocrx_word' id='word_1_286' title='bbox 2005 2348 2091 2387; x_wconf 88' lang='lat' dir='ltr'><strong>sa-</strong></span> 
     </span>
    </p>
   </div>
   <div class='ocr_carea' id='block_1_39' title="bbox 503 2414 2088 2494">
    <p class='ocr_par' dir='ltr' id='par_1_39' title="bbox 503 2414 2088 2494">
     <span class='ocr_line' id='line_1_39' title="bbox 503 2414 2088 2494; baseline 0.007 -26"><span class='ocrx_word' id='word_1_287' title='bbox 503 2414 732 2485; x_wconf 89' lang='lat' dir='ltr'><strong>pientes.</strong></span> <span class='ocrx_word' id='word_1_288' title='bbox 760 2417 827 2471; x_wconf 91' lang='lat' dir='ltr'><strong>Et</strong></span> <span class='ocrx_word' id='word_1_289' title='bbox 855 2420 1132 2489; x_wconf 88' lang='lat' dir='ltr'><strong>superiora</strong></span> <span class='ocrx_word' id='word_1_290' title='bbox 1159 2422 1380 2491; x_wconf 91' lang='lat' dir='ltr'><strong>quidem</strong></span> <span class='ocrx_word' id='word_1_291' title='bbox 1410 2438 1531 2493; x_wconf 66' lang='lat' dir='ltr'><strong>qum</strong></span> <span class='ocrx_word' id='word_1_292' title='bbox 1557 2422 1612 2476; x_wconf 89' lang='lat' dir='ltr'><strong>in</strong></span> <span class='ocrx_word' id='word_1_293' title='bbox 1640 2424 1882 2494; x_wconf 88' lang='lat' dir='ltr'><strong>episcopi</strong></span> <span class='ocrx_word' id='word_1_294' title='bbox 1914 2425 2088 2480; x_wconf 86' lang='lat' dir='ltr'><strong>virtu-</strong></span> 
     </span>
    </p>
   </div>
   <div class='ocr_carea' id='block_1_40' title="bbox 503 2505 2086 2587">
    <p class='ocr_par' dir='ltr' id='par_1_40' title="bbox 503 2505 2086 2587">
     <span class='ocr_line' id='line_1_40' title="bbox 503 2505 2086 2587; baseline 0.009 -29"><span class='ocrx_word' id='word_1_295' title='bbox 503 2505 653 2560; x_wconf 84' lang='lat' dir='ltr'><strong>tibus</strong></span> <span class='ocrx_word' id='word_1_296' title='bbox 677 2509 880 2576; x_wconf 88' lang='lat' dir='ltr'><strong>posuit,</strong></span> <span class='ocrx_word' id='word_1_297' title='bbox 906 2511 974 2564; x_wconf 90' lang='lat' dir='ltr'><strong>ad</strong></span> <span class='ocrx_word' id='word_1_298' title='bbox 1000 2511 1164 2566; x_wconf 89' lang='lat' dir='ltr'><strong>vitam</strong></span> <span class='ocrx_word' id='word_1_299' title='bbox 1192 2514 1467 2582; x_wconf 88' lang='lat' dir='ltr'><strong>pertinent</strong></span> <span class='ocrx_word' id='word_1_300' title='bbox 1497 2534 1509 2567; x_wconf 87' lang='lat'><strong>:</strong></span> <span class='ocrx_word' id='word_1_301' title='bbox 1537 2515 1640 2570; x_wconf 90' lang='lat' dir='ltr'><strong>hoc</strong></span> <span class='ocrx_word' id='word_1_302' title='bbox 1670 2531 1800 2572; x_wconf 86' lang='lat' dir='ltr'><strong>vero</strong></span> <span class='ocrx_word' id='word_1_303' title='bbox 1821 2518 1965 2587; x_wconf 91' lang='lat' dir='ltr'><strong>quod</strong></span> <span class='ocrx_word' id='word_1_304' title='bbox 1989 2518 2086 2584; x_wconf 89' lang='lat' dir='ltr'><strong>ait,</strong></span> 
     </span>
    </p>
   </div>
   <div class='ocr_carea' id='block_1_41' title="bbox 500 2602 2089 2675">
    <p class='ocr_par' dir='ltr' id='par_1_41' title="bbox 500 2602 2089 2675">
     <span class='ocr_line' id='line_1_41' title="bbox 500 2602 2089 2675; baseline 0.012 -26"><span class='ocrx_word' id='word_1_305' title='bbox 500 2605 561 2648; x_wconf 85' lang='lat' dir='ltr'><strong>ut</strong></span> <span class='ocrx_word' id='word_1_306' title='bbox 586 2607 769 2665; x_wconf 89' lang='lat' dir='ltr'><strong>potens</strong></span> <span class='ocrx_word' id='word_1_307' title='bbox 798 2602 866 2653; x_wconf 87' lang='lat' dir='ltr'><strong>sit</strong></span> <span class='ocrx_word' id='word_1_308' title='bbox 895 2603 1166 2658; x_wconf 89' lang='lat' dir='ltr'><strong>consolari</strong></span> <span class='ocrx_word' id='word_1_309' title='bbox 1195 2605 1250 2658; x_wconf 89' lang='lat' dir='ltr'><strong>in</strong></span> <span class='ocrx_word' id='word_1_310' title='bbox 1281 2605 1523 2660; x_wconf 90' lang='lat' dir='ltr'><strong>doctrina</strong></span> <span class='ocrx_word' id='word_1_311' title='bbox 1550 2625 1705 2675; x_wconf 87' lang='lat' dir='ltr'><strong>sana,</strong></span> <span class='ocrx_word' id='word_1_312' title='bbox 1739 2619 1793 2664; x_wconf 90' lang='lat' dir='ltr'><strong>et</strong></span> <span class='ocrx_word' id='word_1_313' title='bbox 1816 2613 2089 2668; x_wconf 86' lang='lat' dir='ltr'><strong>contradi-</strong></span> 
     </span>
    </p>
   </div>
   <div class='ocr_carea' id='block_1_42' title="bbox 499 2693 2086 2774">
    <p class='ocr_par' dir='ltr' id='par_1_42' title="bbox 499 2693 2086 2774">
     <span class='ocr_line' id='line_1_42' title="bbox 499 2693 2086 2774; baseline 0.011 -32"><span class='ocrx_word' id='word_1_314' title='bbox 499 2696 690 2744; x_wconf 87' lang='lat' dir='ltr'><strong>centes</strong></span> <span class='ocrx_word' id='word_1_315' title='bbox 717 2706 968 2760; x_wconf 80' lang='lat' dir='ltr'><strong>arguere,</strong></span> <span class='ocrx_word' id='word_1_316' title='bbox 997 2693 1345 2750; x_wconf 86' lang='lat' dir='ltr'><strong>rel&#39;erendum</strong></span> <span class='ocrx_word' id='word_1_317' title='bbox 1375 2705 1458 2752; x_wconf 90' lang='lat' dir='ltr'><strong>est</strong></span> <span class='ocrx_word' id='word_1_318' title='bbox 1489 2699 1558 2753; x_wconf 95' lang='lat' dir='ltr'><strong>ad</strong></span> <span class='ocrx_word' id='word_1_319' title='bbox 1601 2700 1885 2757; x_wconf 87' lang='lat' dir='ltr'><strong>scientiam</strong></span> <span class='ocrx_word' id='word_1_320' title='bbox 1913 2721 1926 2757; x_wconf 90' lang='lat'><strong>:</strong></span> <span class='ocrx_word' id='word_1_321' title='bbox 1959 2706 2086 2774; x_wconf 89' lang='lat' dir='ltr'><strong>quia</strong></span> 
     </span>
    </p>
   </div>
   <div class='ocr_carea' id='block_1_43' title="bbox 502 2780 2087 2866">
    <p class='ocr_par' dir='ltr' id='par_1_43' title="bbox 502 2780 2087 2866">
     <span class='ocr_line' id='line_1_43' title="bbox 502 2780 2087 2866; baseline 0.012 -31"><span class='ocrx_word' id='word_1_322' title='bbox 502 2780 550 2835; x_wconf 89' lang='lat' dir='ltr'><strong>si</strong></span> <span class='ocrx_word' id='word_1_323' title='bbox 599 2783 839 2855; x_wconf 87' lang='lat' dir='ltr'><strong>episcopi</strong></span> <span class='ocrx_word' id='word_1_324' title='bbox 895 2794 1104 2841; x_wconf 91' lang='lat' dir='ltr'><strong>tantum</strong></span> <span class='ocrx_word' id='word_1_325' title='bbox 1157 2797 1344 2844; x_wconf 91' lang='lat' dir='ltr'><strong>sancta</strong></span> <span class='ocrx_word' id='word_1_326' title='bbox 1390 2794 1460 2845; x_wconf 91' lang='lat' dir='ltr'><strong>sit</strong></span> <span class='ocrx_word' id='word_1_327' title='bbox 1488 2791 1620 2858; x_wconf 78' lang='lat' dir='ltr'><strong>vita,</strong></span> <span class='ocrx_word' id='word_1_328' title='bbox 1677 2795 1779 2849; x_wconf 85' lang='lat' dir='ltr'><strong>sibi</strong></span> <span class='ocrx_word' id='word_1_329' title='bbox 1829 2797 2087 2866; x_wconf 89' lang='lat' dir='ltr'><strong>prodesse</strong></span> 
     </span>
    </p>
   </div>
   <div class='ocr_carea' id='block_1_44' title="bbox 499 2876 2085 2948">
    <p class='ocr_par' dir='ltr' id='par_1_44' title="bbox 499 2876 2085 2948">
     <span class='ocr_line' id='line_1_44' title="bbox 499 2876 2085 2948; baseline 0.012 -23"><span class='ocrx_word' id='word_1_330' title='bbox 499 2881 682 2942; x_wconf 86' lang='lat' dir='ltr'><strong>potest</strong></span> <span class='ocrx_word' id='word_1_331' title='bbox 712 2876 791 2930; x_wconf 91' lang='lat' dir='ltr'><strong>sic</strong></span> <span class='ocrx_word' id='word_1_332' title='bbox 833 2877 1052 2943; x_wconf 82' lang='lat' dir='ltr'><strong>vivens;</strong></span> <span class='ocrx_word' id='word_1_333' title='bbox 1086 2893 1250 2948; x_wconf 90' lang='lat' dir='ltr'><strong>porro</strong></span> <span class='ocrx_word' id='word_1_334' title='bbox 1280 2881 1326 2934; x_wconf 92' lang='lat' dir='ltr'><strong>si</strong></span> <span class='ocrx_word' id='word_1_335' title='bbox 1353 2889 1409 2935; x_wconf 92' lang='lat' dir='ltr'><strong>et</strong></span> <span class='ocrx_word' id='word_1_336' title='bbox 1453 2883 1700 2939; x_wconf 88' lang='lat' dir='ltr'><strong>doctrina</strong></span> <span class='ocrx_word' id='word_1_337' title='bbox 1750 2895 1806 2941; x_wconf 91' lang='lat' dir='ltr'><strong>et</strong></span> <span class='ocrx_word' id='word_1_338' title='bbox 1835 2903 2085 2944; x_wconf 88' lang='lat' dir='ltr'><strong>sermone</strong></span> 
     </span>
    </p>
   </div>
   <div class='ocr_carea' id='block_1_45' title="bbox 496 2961 2086 3046">
    <p class='ocr_par' dir='ltr' id='par_1_45' title="bbox 496 2961 2086 3046">
     <span class='ocr_line' id='line_1_45' title="bbox 496 2961 2086 3046; baseline 0.012 -30"><span class='ocrx_word' id='word_1_339' title='bbox 496 2961 667 3018; x_wconf 73' lang='lat' dir='ltr'><strong>fuerit</strong></span> <span class='ocrx_word' id='word_1_340' title='bbox 689 2967 952 3034; x_wconf 90' lang='lat' dir='ltr'><strong>eruditus,</strong></span> <span class='ocrx_word' id='word_1_341' title='bbox 982 2977 1166 3038; x_wconf 87' lang='lat' dir='ltr'><strong>potest</strong></span> <span class='ocrx_word' id='word_1_342' title='bbox 1202 2980 1426 3028; x_wconf 85' lang='lat' dir='ltr'><strong>caeteros</strong></span> <span class='ocrx_word' id='word_1_343' title='bbox 1456 2989 1670 3045; x_wconf 91' lang='lat' dir='ltr'><strong>quoque</strong></span> <span class='ocrx_word' id='word_1_344' title='bbox 1702 2970 1995 3046; x_wconf 88' lang='lat' dir='ltr'><strong>instruere,</strong></span> <span class='ocrx_word' id='word_1_345' title='bbox 2031 2989 2086 3034; x_wconf 88' lang='lat' dir='ltr'><strong>et</strong></span> 
     </span>
    </p>
   </div>
   <div class='ocr_carea' id='block_1_46' title="bbox 496 3056 2086 3141">
    <p class='ocr_par' dir='ltr' id='par_1_46' title="bbox 496 3056 2086 3141">
     <span class='ocr_line' id='line_1_46' title="bbox 496 3056 2086 3141; baseline 0.01 -31"><span class='ocrx_word' id='word_1_346' title='bbox 496 3069 609 3110; x_wconf 86' lang='lat' dir='ltr'><strong>non</strong></span> <span class='ocrx_word' id='word_1_347' title='bbox 643 3056 814 3112; x_wconf 91' lang='lat' dir='ltr'><strong>solum</strong></span> <span class='ocrx_word' id='word_1_348' title='bbox 847 3059 1042 3115; x_wconf 90' lang='lat' dir='ltr'><strong>docere</strong></span> <span class='ocrx_word' id='word_1_349' title='bbox 1075 3076 1220 3126; x_wconf 91' lang='lat' dir='ltr'><strong>suos,</strong></span> <span class='ocrx_word' id='word_1_350' title='bbox 1251 3064 1345 3118; x_wconf 91' lang='lat' dir='ltr'><strong>sed</strong></span> <span class='ocrx_word' id='word_1_351' title='bbox 1373 3073 1428 3120; x_wconf 92' lang='lat' dir='ltr'><strong>et</strong></span> <span class='ocrx_word' id='word_1_352' title='bbox 1458 3066 1799 3124; x_wconf 89' lang='lat' dir='ltr'><strong>adversarios</strong></span> <span class='ocrx_word' id='word_1_353' title='bbox 1829 3085 2086 3141; x_wconf 86' lang='lat' dir='ltr'><strong>repercu-</strong></span> 
     </span>
    </p>
   </div>
   <div class='ocr_carea' id='block_1_47' title="bbox 497 3149 2083 3229">
    <p class='ocr_par' dir='ltr' id='par_1_47' title="bbox 497 3149 2083 3229">
     <span class='ocr_line' id='line_1_47' title="bbox 497 3149 2083 3229; baseline 0.011 -29"><span class='ocrx_word' id='word_1_354' title='bbox 497 3153 640 3212; x_wconf 82' lang='lat' dir='ltr'><strong>tere,</strong></span> <span class='ocrx_word' id='word_1_355' title='bbox 681 3149 774 3218; x_wconf 92' lang='lat' dir='ltr'><strong>qui</strong></span> <span class='ocrx_word' id='word_1_356' title='bbox 808 3151 911 3206; x_wconf 91' lang='lat' dir='ltr'><strong>nisi</strong></span> <span class='ocrx_word' id='word_1_357' title='bbox 958 3153 1221 3209; x_wconf 87' lang='lat' dir='ltr'><strong>confutati</strong></span> <span class='ocrx_word' id='word_1_358' title='bbox 1269 3156 1473 3212; x_wconf 82' lang='lat' dir='ltr'><strong>fuerint</strong></span> <span class='ocrx_word' id='word_1_359' title='bbox 1507 3167 1672 3229; x_wconf 91' lang='lat' dir='ltr'><strong>atque</strong></span> <span class='ocrx_word' id='word_1_360' title='bbox 1700 3163 1958 3226; x_wconf 85' lang='lat' dir='ltr'><strong>convicti,</strong></span> <span class='ocrx_word' id='word_1_361' title='bbox 2001 3163 2083 3217; x_wconf 88' lang='lat' dir='ltr'><strong>fa-</strong></span> 
     </span>
    </p>
   </div>
   <div class='ocr_carea' id='block_1_48' title="bbox 2197 1960 3766 2037">
    <p class='ocr_par' dir='ltr' id='par_1_48' title="bbox 2197 1960 3766 2037">
     <span class='ocr_line' id='line_1_48' title="bbox 2197 1960 3766 2037; baseline 0.013 -26"><span class='ocrx_word' id='word_1_362' title='bbox 2197 1960 2459 2029; x_wconf 88' lang='lat' dir='ltr'><strong>primitias</strong></span> <span class='ocrx_word' id='word_1_363' title='bbox 2489 1961 2702 2034; x_wconf 86' lang='lat' dir='ltr'><strong>frugum</strong></span> <span class='ocrx_word' id='word_1_364' title='bbox 2732 1972 2906 2030; x_wconf 67' lang='lat' dir='ltr'><strong>terrm,</strong></span> <span class='ocrx_word' id='word_1_365' title='bbox 2955 1985 3112 2037; x_wconf 88' lang='lat' dir='ltr'><strong>quam</strong></span> <span class='ocrx_word' id='word_1_366' title='bbox 3158 1968 3420 2024; x_wconf 84' lang='lat' dir='ltr'><strong>Dominus</strong></span> <span class='ocrx_word' id='word_1_367' title='bbox 3452 1974 3597 2028; x_wconf 84' lang='lat' dir='ltr'><strong>dedit</strong></span> <span class='ocrx_word' id='word_1_368' title='bbox 3631 1978 3766 2033; x_wconf 65' lang='lat' dir='ltr'><strong>mihi.</strong></span> 
     </span>
    </p>
   </div>
   <div class='ocr_carea' id='block_1_49' title="bbox 2196 2049 3769 2130">
    <p class='ocr_par' dir='ltr' id='par_1_49' title="bbox 2196 2049 3769 2130">
     <span class='ocr_line' id='line_1_49' title="bbox 2196 2049 3769 2130; baseline 0.013 -28"><span class='ocrx_word' id='word_1_369' title='bbox 2196 2049 2266 2103; x_wconf 86' lang='lat' dir='ltr'><strong>Et</strong></span> <span class='ocrx_word' id='word_1_370' title='bbox 2294 2052 2522 2108; x_wconf 87' lang='lat' dir='ltr'><strong>dimittes</strong></span> <span class='ocrx_word' id='word_1_371' title='bbox 2553 2071 2640 2108; x_wconf 88' lang='lat' dir='ltr'><strong>eas</strong></span> <span class='ocrx_word' id='word_1_372' title='bbox 2676 2056 2730 2109; x_wconf 89' lang='lat' dir='ltr'><strong>in</strong></span> <span class='ocrx_word' id='word_1_373' title='bbox 2771 2068 3045 2127; x_wconf 88' lang='lat' dir='ltr'><strong>conspectu</strong></span> <span class='ocrx_word' id='word_1_374' title='bbox 3073 2060 3291 2115; x_wconf 86' lang='lat' dir='ltr'><strong>Domini</strong></span> <span class='ocrx_word' id='word_1_375' title='bbox 3319 2061 3418 2117; x_wconf 86' lang='lat' dir='ltr'><strong>Dei</strong></span> <span class='ocrx_word' id='word_1_376' title='bbox 3443 2067 3541 2130; x_wconf 88' lang='lat' dir='ltr'><strong>tui,</strong></span> <span class='ocrx_word' id='word_1_377' title='bbox 3593 2076 3644 2121; x_wconf 85' lang='lat' dir='ltr'><strong>et</strong></span> <span class='ocrx_word' id='word_1_378' title='bbox 3682 2069 3769 2122; x_wconf 84' lang='lat' dir='ltr'><strong>ad-</strong></span> 
     </span>
    </p>
   </div>
   <div class='ocr_carea' id='block_1_50' title="bbox 2197 2143 3761 2220">
    <p class='ocr_par' dir='ltr' id='par_1_50' title="bbox 2197 2143 3761 2220">
     <span class='ocr_line' id='line_1_50' title="bbox 2197 2143 3761 2220; baseline 0.014 -26"><span class='ocrx_word' id='word_1_379' title='bbox 2197 2151 2345 2195; x_wconf 89' lang='lat' dir='ltr'><strong>orato</strong></span> <span class='ocrx_word' id='word_1_380' title='bbox 2371 2143 2598 2199; x_wconf 88' lang='lat' dir='ltr'><strong>Domino</strong></span> <span class='ocrx_word' id='word_1_381' title='bbox 2628 2145 2737 2201; x_wconf 87' lang='lat' dir='ltr'><strong>Deo</strong></span> <span class='ocrx_word' id='word_1_382' title='bbox 2764 2157 2874 2213; x_wconf 91' lang='lat' dir='ltr'><strong>tuo,</strong></span> <span class='ocrx_word' id='word_1_383' title='bbox 2905 2149 3199 2220; x_wconf 84' lang='lat' dir='ltr'><strong>epulaberis</strong></span> <span class='ocrx_word' id='word_1_384' title='bbox 3233 2155 3288 2207; x_wconf 91' lang='lat' dir='ltr'><strong>in</strong></span> <span class='ocrx_word' id='word_1_385' title='bbox 3327 2158 3564 2212; x_wconf 75' lang='lat' dir='ltr'><strong>omnibus</strong></span> <span class='ocrx_word' id='word_1_386' title='bbox 3594 2160 3761 2216; x_wconf 80' lang='lat' dir='ltr'><strong>bonis.</strong></span> 
     </span>
    </p>
   </div>
   <div class='ocr_carea' id='block_1_51' title="bbox 2194 2231 3762 2312">
    <p class='ocr_par' dir='ltr' id='par_1_51' title="bbox 2194 2231 3762 2312">
     <span class='ocr_line' id='line_1_51' title="bbox 2194 2231 3762 2312; baseline 0.015 -26"><span class='ocrx_word' id='word_1_387' title='bbox 2194 2231 2296 2288; x_wconf 85' lang='lat' dir='ltr'><strong>Hic</strong></span> <span class='ocrx_word' id='word_1_388' title='bbox 2329 2249 2436 2289; x_wconf 91' lang='lat' dir='ltr'><strong>non</strong></span> <span class='ocrx_word' id='word_1_389' title='bbox 2484 2236 2721 2292; x_wconf 81' lang='lat' dir='ltr'><strong>refertur</strong></span> <span class='ocrx_word' id='word_1_390' title='bbox 2759 2239 2828 2294; x_wconf 90' lang='lat' dir='ltr'><strong>de</strong></span> <span class='ocrx_word' id='word_1_391' title='bbox 2880 2241 3153 2298; x_wconf 88' lang='lat' dir='ltr'><strong>oblatione</strong></span> <span class='ocrx_word' id='word_1_392' title='bbox 3205 2248 3503 2312; x_wconf 86' lang='lat' dir='ltr'><strong>sacerdotis,</strong></span> <span class='ocrx_word' id='word_1_393' title='bbox 3550 2253 3647 2306; x_wconf 88' lang='lat' dir='ltr'><strong>sed</strong></span> <span class='ocrx_word' id='word_1_394' title='bbox 3693 2255 3762 2309; x_wconf 89' lang='lat' dir='ltr'><strong>de</strong></span> 
     </span>
    </p>
   </div>
   <div class='ocr_carea' id='block_1_52' title="bbox 2192 2326 3762 2405">
    <p class='ocr_par' dir='ltr' id='par_1_52' title="bbox 2192 2326 3762 2405">
     <span class='ocr_line' id='line_1_52' title="bbox 2192 2326 3762 2405; baseline 0.013 -25"><span class='ocrx_word' id='word_1_395' title='bbox 2192 2326 2445 2382; x_wconf 90' lang='lat' dir='ltr'><strong>ministro</strong></span> <span class='ocrx_word' id='word_1_396' title='bbox 2493 2329 2586 2399; x_wconf 91' lang='lat' dir='ltr'><strong>qui</strong></span> <span class='ocrx_word' id='word_1_397' title='bbox 2615 2345 2733 2384; x_wconf 90' lang='lat' dir='ltr'><strong>eam</strong></span> <span class='ocrx_word' id='word_1_398' title='bbox 2781 2334 3054 2402; x_wconf 90' lang='lat' dir='ltr'><strong>portavit,</strong></span> <span class='ocrx_word' id='word_1_399' title='bbox 3104 2351 3264 2405; x_wconf 89' lang='lat' dir='ltr'><strong>quem</strong></span> <span class='ocrx_word' id='word_1_400' title='bbox 3298 2340 3524 2396; x_wconf 81' lang='lat' dir='ltr'><strong>continet</strong></span> <span class='ocrx_word' id='word_1_401' title='bbox 3569 2344 3762 2401; x_wconf 83' lang='lat' dir='ltr'><strong>tertius</strong></span> 
     </span>
    </p>
   </div>
   <div class='ocr_carea' id='block_1_53' title="bbox 2191 2421 3762 2503">
    <p class='ocr_par' dir='ltr' id='par_1_53' title="bbox 2191 2421 3762 2503">
     <span class='ocr_line' id='line_1_53' title="bbox 2191 2421 3762 2503; baseline 0.009 -29"><span class='ocrx_word' id='word_1_402' title='bbox 2191 2423 2325 2476; x_wconf 89' lang='lat' dir='ltr'><strong>ordo</strong></span> <span class='ocrx_word' id='word_1_403' title='bbox 2350 2421 2803 2478; x_wconf 89' lang='lat' dir='ltr'><strong>benedicentium.</strong></span> <span class='ocrx_word' id='word_1_404' title='bbox 2842 2425 3044 2492; x_wconf 88' lang='lat' dir='ltr'><strong>Quarta</strong></span> <span class='ocrx_word' id='word_1_405' title='bbox 3073 2427 3232 2484; x_wconf 92' lang='lat' dir='ltr'><strong>lectio</strong></span> <span class='ocrx_word' id='word_1_406' title='bbox 3260 2431 3389 2485; x_wconf 88' lang='lat' dir='ltr'><strong>dicit</strong></span> <span class='ocrx_word' id='word_1_407' title='bbox 3411 2451 3427 2484; x_wconf 87' lang='lat'>:</span> <span class='ocrx_word' id='word_1_408' title='bbox 3460 2431 3519 2487; x_wconf 87' lang='lat' dir='ltr'><strong>Si</strong></span> <span class='ocrx_word' id='word_1_409' title='bbox 3545 2433 3601 2487; x_wconf 86' lang='lat' dir='ltr'><strong>in</strong></span> <span class='ocrx_word' id='word_1_410' title='bbox 3625 2451 3762 2503; x_wconf 77' lang='lat' dir='ltr'><strong>pra:-</strong></span> 
     </span>
    </p>
   </div>
   <div class='ocr_carea' id='block_1_54' title="bbox 2191 2515 3767 2586">
    <p class='ocr_par' dir='ltr' id='par_1_54' title="bbox 2191 2515 3767 2586">
     <span class='ocr_line' id='line_1_54' title="bbox 2191 2515 3767 2586; baseline 0.008 -19"><span class='ocrx_word' id='word_1_411' title='bbox 2191 2515 2350 2585; x_wconf 88' lang='lat' dir='ltr'><strong>ceptis</strong></span> <span class='ocrx_word' id='word_1_412' title='bbox 2379 2517 2510 2570; x_wconf 90' lang='lat' dir='ltr'><strong>meis</strong></span> <span class='ocrx_word' id='word_1_413' title='bbox 2540 2517 2954 2586; x_wconf 80' lang='lat' dir='ltr'><strong>ambulaveritis,</strong></span> <span class='ocrx_word' id='word_1_414' title='bbox 2996 2529 3046 2574; x_wconf 90' lang='lat' dir='ltr'><strong>et</strong></span> <span class='ocrx_word' id='word_1_415' title='bbox 3077 2521 3331 2576; x_wconf 86' lang='lat' dir='ltr'><strong>mandata</strong></span> <span class='ocrx_word' id='word_1_416' title='bbox 3372 2541 3489 2578; x_wconf 87' lang='lat' dir='ltr'><strong>mea</strong></span> <span class='ocrx_word' id='word_1_417' title='bbox 3517 2527 3767 2580; x_wconf 81' lang='lat' dir='ltr'><strong>custodie-</strong></span> 
     </span>
    </p>
   </div>
   <div class='ocr_carea' id='block_1_55' title="bbox 2191 2605 3765 2685">
    <p class='ocr_par' dir='ltr' id='par_1_55' title="bbox 2191 2605 3765 2685">
     <span class='ocr_line' id='line_1_55' title="bbox 2191 2605 3765 2685; baseline 0.009 -27"><span class='ocrx_word' id='word_1_418' title='bbox 2191 2605 2328 2671; x_wconf 90' lang='lat' dir='ltr'><strong>ritis,</strong></span> <span class='ocrx_word' id='word_1_419' title='bbox 2356 2613 2413 2660; x_wconf 89' lang='lat' dir='ltr'><strong>et</strong></span> <span class='ocrx_word' id='word_1_420' title='bbox 2432 2607 2663 2682; x_wconf 77' lang='lat' dir='ltr'><strong>reliqua,</strong></span> <span class='ocrx_word' id='word_1_421' title='bbox 2692 2608 2931 2679; x_wconf 90' lang='lat' dir='ltr'><strong>nullique</strong></span> <span class='ocrx_word' id='word_1_422' title='bbox 2965 2611 3183 2666; x_wconf 87' lang='lat' dir='ltr'><strong>dubium</strong></span> <span class='ocrx_word' id='word_1_423' title='bbox 3214 2615 3345 2683; x_wconf 91' lang='lat' dir='ltr'><strong>quin</strong></span> <span class='ocrx_word' id='word_1_424' title='bbox 3376 2615 3432 2668; x_wconf 90' lang='lat' dir='ltr'><strong>hi</strong></span> <span class='ocrx_word' id='word_1_425' title='bbox 3467 2617 3558 2685; x_wconf 91' lang='lat' dir='ltr'><strong>qui</strong></span> <span class='ocrx_word' id='word_1_426' title='bbox 3585 2618 3765 2672; x_wconf 86' lang='lat' dir='ltr'><strong>timent</strong></span> 
     </span>
    </p>
   </div>
   <div class='ocr_carea' id='block_1_56' title="bbox 2189 2697 3763 2772">
    <p class='ocr_par' dir='ltr' id='par_1_56' title="bbox 2189 2697 3763 2772">
     <span class='ocr_line' id='line_1_56' title="bbox 2189 2697 3763 2772; baseline 0.007 -21"><span class='ocrx_word' id='word_1_427' title='bbox 2189 2697 2496 2764; x_wconf 91' lang='lat' dir='ltr'><strong>Dominum,</strong></span> <span class='ocrx_word' id='word_1_428' title='bbox 2529 2699 2784 2754; x_wconf 88' lang='lat' dir='ltr'><strong>mandata</strong></span> <span class='ocrx_word' id='word_1_429' title='bbox 2811 2702 2928 2772; x_wconf 89' lang='lat' dir='ltr'><strong>ejus</strong></span> <span class='ocrx_word' id='word_1_430' title='bbox 2957 2704 3284 2758; x_wconf 87' lang='lat' dir='ltr'><strong>custodiant.</strong></span> <span class='ocrx_word' id='word_1_431' title='bbox 3331 2705 3592 2761; x_wconf 78' lang='lat' dir='ltr'><strong>Proxima</strong></span> <span class='ocrx_word' id='word_1_432' title='bbox 3620 2708 3763 2762; x_wconf 81' lang='lat' dir='ltr'><strong>lectio</strong></span> 
     </span>
    </p>
   </div>
   <div class='ocr_carea' id='block_1_57' title="bbox 2188 2787 3762 2865">
    <p class='ocr_par' dir='ltr' id='par_1_57' title="bbox 2188 2787 3762 2865">
     <span class='ocr_line' id='line_1_57' title="bbox 2188 2787 3762 2865; baseline 0.006 -25"><span class='ocrx_word' id='word_1_433' title='bbox 2188 2787 2517 2843; x_wconf 90' lang='lat' dir='ltr'><strong>ordinationi</strong></span> <span class='ocrx_word' id='word_1_434' title='bbox 2537 2789 2604 2843; x_wconf 88' lang='lat' dir='ltr'><strong>de</strong></span> <span class='ocrx_word' id='word_1_435' title='bbox 2625 2791 2838 2845; x_wconf 91' lang='lat' dir='ltr'><strong>camino</strong></span> <span class='ocrx_word' id='word_1_436' title='bbox 2861 2790 3004 2861; x_wconf 85' lang='lat' dir='ltr'><strong>ignis</strong></span> <span class='ocrx_word' id='word_1_437' title='bbox 3023 2792 3240 2864; x_wconf 83' lang='lat' dir='ltr'><strong>legitur.</strong></span> <span class='ocrx_word' id='word_1_438' title='bbox 3264 2793 3383 2848; x_wconf 88' lang='lat' dir='ltr'><strong>Non</strong></span> <span class='ocrx_word' id='word_1_439' title='bbox 3412 2806 3592 2865; x_wconf 87' lang='lat' dir='ltr'><strong>potest</strong></span> <span class='ocrx_word' id='word_1_440' title='bbox 3615 2796 3762 2850; x_wconf 84' lang='lat' dir='ltr'><strong>homo</strong></span> 
     </span>
    </p>
   </div>
   <div class='ocr_carea' id='block_1_58' title="bbox 2188 2876 3763 2956">
    <p class='ocr_par' dir='ltr' id='par_1_58' title="bbox 2188 2876 3763 2956">
     <span class='ocr_line' id='line_1_58' title="bbox 2188 2876 3763 2956; baseline 0.006 -24"><span class='ocrx_word' id='word_1_441' title='bbox 2188 2876 2292 2933; x_wconf 89' lang='lat' dir='ltr'><strong>rite</strong></span> <span class='ocrx_word' id='word_1_442' title='bbox 2319 2881 2580 2936; x_wconf 87' lang='lat' dir='ltr'><strong>accedere</strong></span> <span class='ocrx_word' id='word_1_443' title='bbox 2605 2883 2672 2935; x_wconf 87' lang='lat' dir='ltr'><strong>ad</strong></span> <span class='ocrx_word' id='word_1_444' title='bbox 2696 2883 3188 2948; x_wconf 84' lang='lat' dir='ltr'><strong>consecrationem,</strong></span> <span class='ocrx_word' id='word_1_445' title='bbox 3216 2886 3321 2940; x_wconf 91' lang='lat' dir='ltr'><strong>nisi</strong></span> <span class='ocrx_word' id='word_1_446' title='bbox 3350 2887 3512 2956; x_wconf 87' lang='lat' dir='ltr'><strong>prius</strong></span> <span class='ocrx_word' id='word_1_447' title='bbox 3543 2898 3763 2942; x_wconf 84' lang='lat' dir='ltr'><strong>transeat</strong></span> 
     </span>
    </p>
   </div>
   <div class='ocr_carea' id='block_1_59' title="bbox 2185 2969 3756 3044">
    <p class='ocr_par' dir='ltr' id='par_1_59' title="bbox 2185 2969 3756 3044">
     <span class='ocr_line' id='line_1_59' title="bbox 2185 2969 3756 3044; baseline 0.004 -21"><span class='ocrx_word' id='word_1_448' title='bbox 2185 2984 2283 3039; x_wconf 89' lang='lat' dir='ltr'><strong>per</strong></span> <span class='ocrx_word' id='word_1_449' title='bbox 2309 2969 2586 3028; x_wconf 87' lang='lat' dir='ltr'><strong>fornacem</strong></span> <span class='ocrx_word' id='word_1_450' title='bbox 2633 2980 2797 3044; x_wconf 88' lang='lat' dir='ltr'><strong>atque</strong></span> <span class='ocrx_word' id='word_1_451' title='bbox 2826 2975 2880 3029; x_wconf 92' lang='lat' dir='ltr'><strong>in</strong></span> <span class='ocrx_word' id='word_1_452' title='bbox 2928 2974 3146 3030; x_wconf 88' lang='lat' dir='ltr'><strong>fornace</strong></span> <span class='ocrx_word' id='word_1_453' title='bbox 3194 2977 3490 3032; x_wconf 86' lang='lat' dir='ltr'><strong>benedicat</strong></span> <span class='ocrx_word' id='word_1_454' title='bbox 3531 2977 3756 3032; x_wconf 88' lang='lat' dir='ltr'><strong>Domino.</strong></span> 
     </span>
    </p>
   </div>
   <div class='ocr_carea' id='block_1_60' title="bbox 2185 3062 3754 3138">
    <p class='ocr_par' dir='ltr' id='par_1_60' title="bbox 2185 3062 3754 3138">
     <span class='ocr_line' id='line_1_60' title="bbox 2185 3062 3754 3138; baseline 0.004 -22"><span class='ocrx_word' id='word_1_455' title='bbox 2185 3062 2328 3118; x_wconf 92' lang='lat' dir='ltr'><strong>Dicit</strong></span> <span class='ocrx_word' id='word_1_456' title='bbox 2353 3063 2634 3137; x_wconf 10' lang='lat' dir='ltr'><strong>Sapientia,</strong></span> <span class='ocrx_word' id='word_1_457' title='bbox 2662 3085 2674 3120; x_wconf 89' lang='lat'><strong>:</strong></span> <span class='ocrx_word' id='word_1_458' title='bbox 2717 3064 2857 3120; x_wconf 85' lang='lat' dir='ltr'><strong>Vasa</strong></span> <span class='ocrx_word' id='word_1_459' title='bbox 2883 3066 3030 3137; x_wconf 87' lang='lat' dir='ltr'><strong>ﬁguli</strong></span> <span class='ocrx_word' id='word_1_460' title='bbox 3061 3067 3243 3138; x_wconf 81' lang='lat' dir='ltr'><strong>probat</strong></span> <span class='ocrx_word' id='word_1_461' title='bbox 3273 3068 3496 3137; x_wconf 69' lang='lat' dir='ltr'><strong>fornax,</strong></span> <span class='ocrx_word' id='word_1_462' title='bbox 3532 3080 3579 3124; x_wconf 90' lang='lat' dir='ltr'><strong>et</strong></span> <span class='ocrx_word' id='word_1_463' title='bbox 3606 3071 3754 3123; x_wconf 72' lang='lat' dir='ltr'><strong>Itoni-</strong></span> 
     </span>
    </p>
   </div>
   <div class='ocr_carea' id='block_1_61' title="bbox 2185 3156 3755 3226">
    <p class='ocr_par' dir='ltr' id='par_1_61' title="bbox 2185 3156 3755 3226">
     <span class='ocr_line' id='line_1_61' title="bbox 2185 3156 3755 3226; baseline 0.003 -17"><span class='ocrx_word' id='word_1_464' title='bbox 2185 3172 2274 3210; x_wconf 87' lang='lat' dir='ltr'><strong>nes</strong></span> <span class='ocrx_word' id='word_1_465' title='bbox 2314 3156 2490 3226; x_wconf 84' lang='lat' dir='ltr'><strong>justas</strong></span> <span class='ocrx_word' id='word_1_466' title='bbox 2530 3158 2748 3212; x_wconf 89' lang='lat' dir='ltr'><strong>tentatio</strong></span> <span class='ocrx_word' id='word_1_467' title='bbox 2796 3157 3171 3221; x_wconf 85' lang='lat' dir='ltr'><strong>tribulationis,</strong></span> <span class='ocrx_word' id='word_1_468' title='bbox 3198 3161 3504 3216; x_wconf 88' lang='lat' dir='ltr'><strong>secundum</strong></span> <span class='ocrx_word' id='word_1_469' title='bbox 3550 3160 3755 3216; x_wconf 82' lang='lat' dir='ltr'><strong>Paulum</strong></span> 
     </span>
    </p>
   </div>
   <div class='ocr_carea' id='block_1_62' title="bbox 497 3239 2083 3320">
    <p class='ocr_par' dir='ltr' id='par_1_62' title="bbox 497 3239 2076 3319">
     <span class='ocr_line' id='line_1_62' title="bbox 497 3239 2076 3319; baseline 0.011 -27"><span class='ocrx_word' id='word_1_470' title='bbox 497 3239 600 3293; x_wconf 91' lang='lat' dir='ltr'><strong>cile</strong></span> <span class='ocrx_word' id='word_1_471' title='bbox 625 3251 830 3309; x_wconf 89' lang='lat' dir='ltr'><strong>queunt</strong></span> <span class='ocrx_word' id='word_1_472' title='bbox 859 3244 1185 3315; x_wconf 90' lang='lat' dir='ltr'><strong>simplicium</strong></span> <span class='ocrx_word' id='word_1_473' title='bbox 1214 3248 1376 3303; x_wconf 89' lang='lat' dir='ltr'><strong>corda</strong></span> <span class='ocrx_word' id='word_1_474' title='bbox 1416 3260 1748 3319; x_wconf 85' lang='lat' dir='ltr'><strong>pervertere.</strong></span> <span class='ocrx_word' id='word_1_475' title='bbox 1781 3252 1879 3307; x_wconf 86' lang='lat' dir='ltr'><strong>Hic</strong></span> <span class='ocrx_word' id='word_1_476' title='bbox 1925 3253 2076 3310; x_wconf 92' lang='lat' dir='ltr'><strong>locus</strong></span> 
     </span>
    </p>
   </div>
   <div class='ocr_carea' id='block_1_63' title="bbox 2188 3239 3749 3320">
    <p class='ocr_par' dir='ltr' id='par_1_63' title="bbox 2188 3246 3749 3320">
     <span class='ocr_line' id='line_1_63' title="bbox 2188 3246 3749 3320; baseline 0.005 -21"><span class='ocrx_word' id='word_1_477' title='bbox 2188 3246 2272 3316; x_wconf 84' lang='lat' dir='ltr'><strong>qui</strong></span> <span class='ocrx_word' id='word_1_478' title='bbox 2303 3246 2435 3301; x_wconf 88' lang='lat' dir='ltr'><strong>dicit</strong></span> <span class='ocrx_word' id='word_1_479' title='bbox 2461 3265 2474 3300; x_wconf 91' lang='lat'><strong>:</strong></span> <span class='ocrx_word' id='word_1_480' title='bbox 2509 3246 2579 3300; x_wconf 86' lang='lat' dir='ltr'><strong>Et</strong></span> <span class='ocrx_word' id='word_1_481' title='bbox 2605 3248 2660 3301; x_wconf 83' lang='lat' dir='ltr'><strong>hi</strong></span> <span class='ocrx_word' id='word_1_482' title='bbox 2697 3249 2982 3318; x_wconf 83' lang='lat' dir='ltr'><strong>probentur</strong></span> <span class='ocrx_word' id='word_1_483' title='bbox 3009 3252 3201 3320; x_wconf 86' lang='lat' dir='ltr'><strong>primo,</strong></span> <span class='ocrx_word' id='word_1_484' title='bbox 3247 3261 3296 3305; x_wconf 84' lang='lat' dir='ltr'><strong>et</strong></span> <span class='ocrx_word' id='word_1_485' title='bbox 3327 3253 3404 3305; x_wconf 89' lang='lat' dir='ltr'><strong>sic</strong></span> <span class='ocrx_word' id='word_1_486' title='bbox 3450 3254 3749 3318; x_wconf 72' lang='lat' dir='ltr'><strong>ministrent,</strong></span> 
     </span>
    </p>
   </div>
   <div class='ocr_carea' id='block_1_64' title="bbox 493 3329 2086 3408">
    <p class='ocr_par' dir='ltr' id='par_1_64' title="bbox 493 3329 2086 3408">
     <span class='ocr_line' id='line_1_64' title="bbox 493 3329 2086 3408; baseline 0.01 -23"><span class='ocrx_word' id='word_1_487' title='bbox 493 3329 760 3388; x_wconf 84' lang='lat' dir='ltr'><strong>adversus</strong></span> <span class='ocrx_word' id='word_1_488' title='bbox 787 3350 881 3391; x_wconf 91' lang='lat' dir='ltr'><strong>eos</strong></span> <span class='ocrx_word' id='word_1_489' title='bbox 904 3335 1037 3392; x_wconf 86' lang='lat' dir='ltr'><strong>facit</strong></span> <span class='ocrx_word' id='word_1_490' title='bbox 1063 3339 1155 3408; x_wconf 92' lang='lat' dir='ltr'><strong>qui</strong></span> <span class='ocrx_word' id='word_1_491' title='bbox 1185 3341 1395 3396; x_wconf 62' lang='lat' dir='ltr'><strong>inertiae</strong></span> <span class='ocrx_word' id='word_1_492' title='bbox 1425 3357 1483 3397; x_wconf 89' lang='lat' dir='ltr'><strong>se</strong></span> <span class='ocrx_word' id='word_1_493' title='bbox 1510 3351 1566 3398; x_wconf 88' lang='lat' dir='ltr'><strong>et</strong></span> <span class='ocrx_word' id='word_1_494' title='bbox 1597 3345 1708 3400; x_wconf 91' lang='lat' dir='ltr'><strong>otio</strong></span> <span class='ocrx_word' id='word_1_495' title='bbox 1735 3361 1926 3400; x_wconf 87' lang='lat' dir='ltr'><strong>somno</strong></span> <span class='ocrx_word' id='word_1_496' title='bbox 1951 3346 2086 3402; x_wconf 90' lang='lat' dir='ltr'><strong>dan-</strong></span> 
     </span>
    </p>
   </div>
   <div class='ocr_carea' id='block_1_65' title="bbox 498 3428 2083 3506">
    <p class='ocr_par' dir='ltr' id='par_1_65' title="bbox 498 3428 2083 3506">
     <span class='ocr_line' id='line_1_65' title="bbox 498 3428 2083 3506; baseline 0.01 -31"><span class='ocrx_word' id='word_1_497' title='bbox 498 3428 603 3487; x_wconf 89' lang='lat' dir='ltr'><strong>tes,</strong></span> <span class='ocrx_word' id='word_1_498' title='bbox 635 3432 828 3492; x_wconf 87' lang='lat' dir='ltr'><strong>putant</strong></span> <span class='ocrx_word' id='word_1_499' title='bbox 852 3437 1143 3496; x_wconf 87' lang='lat' dir='ltr'><strong>peccatum</strong></span> <span class='ocrx_word' id='word_1_500' title='bbox 1173 3444 1294 3485; x_wconf 88' lang='lat' dir='ltr'><strong>esse</strong></span> <span class='ocrx_word' id='word_1_501' title='bbox 1327 3431 1374 3485; x_wconf 90' lang='lat' dir='ltr'><strong>si</strong></span> <span class='ocrx_word' id='word_1_502' title='bbox 1406 3431 1719 3502; x_wconf 88' lang='lat' dir='ltr'><strong>Scripturas</strong></span> <span class='ocrx_word' id='word_1_503' title='bbox 1745 3435 1996 3506; x_wconf 88' lang='lat' dir='ltr'><strong>legerint,</strong></span> <span class='ocrx_word' id='word_1_504' title='bbox 2029 3445 2083 3492; x_wconf 91' lang='lat' dir='ltr'><strong>et</strong></span> 
     </span>
    </p>
   </div>
   <div class='ocr_carea' id='block_1_66' title="bbox 492 3513 2080 3597">
    <p class='ocr_par' dir='ltr' id='par_1_66' title="bbox 492 3513 2080 3597">
     <span class='ocr_line' id='line_1_66' title="bbox 492 3513 2080 3597; baseline 0.011 -31"><span class='ocrx_word' id='word_1_505' title='bbox 492 3527 590 3568; x_wconf 89' lang='lat' dir='ltr'><strong>eos</strong></span> <span class='ocrx_word' id='word_1_506' title='bbox 615 3513 706 3584; x_wconf 88' lang='lat' dir='ltr'><strong>qui</strong></span> <span class='ocrx_word' id='word_1_507' title='bbox 733 3516 788 3571; x_wconf 90' lang='lat' dir='ltr'><strong>in</strong></span> <span class='ocrx_word' id='word_1_508' title='bbox 811 3516 928 3588; x_wconf 88' lang='lat' dir='ltr'><strong>lege</strong></span> <span class='ocrx_word' id='word_1_509' title='bbox 951 3517 1161 3574; x_wconf 91' lang='lat' dir='ltr'><strong>Domini</strong></span> <span class='ocrx_word' id='word_1_510' title='bbox 1184 3522 1516 3576; x_wconf 89' lang='lat' dir='ltr'><strong>meditantur</strong></span> <span class='ocrx_word' id='word_1_511' title='bbox 1539 3525 1626 3579; x_wconf 90' lang='lat' dir='ltr'><strong>die</strong></span> <span class='ocrx_word' id='word_1_512' title='bbox 1654 3541 1718 3580; x_wconf 91' lang='lat' dir='ltr'><strong>ac</strong></span> <span class='ocrx_word' id='word_1_513' title='bbox 1741 3535 1902 3582; x_wconf 91' lang='lat' dir='ltr'><strong>nocte</strong></span> <span class='ocrx_word' id='word_1_514' title='bbox 1925 3528 2080 3597; x_wconf 89' lang='lat' dir='ltr'><strong>quasi</strong></span> 
     </span>
    </p>
   </div>
   <div class='ocr_carea' id='block_1_67' title="bbox 492 3607 2081 3680">
    <p class='ocr_par' dir='ltr' id='par_1_67' title="bbox 492 3607 2081 3680">
     <span class='ocr_line' id='line_1_67' title="bbox 492 3607 2081 3680; baseline 0.011 -22"><span class='ocrx_word' id='word_1_515' title='bbox 492 3607 742 3676; x_wconf 84' lang='lat' dir='ltr'><strong>garrulas</strong></span> <span class='ocrx_word' id='word_1_516' title='bbox 762 3609 1086 3680; x_wconf 88' lang='lat' dir='ltr'><strong>inutilesque</strong></span> <span class='ocrx_word' id='word_1_517' title='bbox 1105 3621 1482 3677; x_wconf 90' lang='lat' dir='ltr'><strong>contemnunt,</strong></span> <span class='ocrx_word' id='word_1_518' title='bbox 1504 3631 1610 3670; x_wconf 92' lang='lat' dir='ltr'><strong>non</strong></span> <span class='ocrx_word' id='word_1_519' title='bbox 1635 3617 2081 3674; x_wconf 88' lang='lat' dir='ltr'><strong>animadverten-</strong></span> 
     </span>
    </p>
   </div>
   <div class='ocr_carea' id='block_1_68' title="bbox 496 3698 2079 3783">
    <p class='ocr_par' dir='ltr' id='par_1_68' title="bbox 496 3698 2079 3783">
     <span class='ocr_line' id='line_1_68' title="bbox 496 3698 2079 3783; baseline 0.011 -32"><span class='ocrx_word' id='word_1_520' title='bbox 496 3705 580 3752; x_wconf 88' lang='lat' dir='ltr'><strong>tes</strong></span> <span class='ocrx_word' id='word_1_521' title='bbox 606 3698 917 3768; x_wconf 82' lang='lat' dir='ltr'><strong>Apostolum</strong></span> <span class='ocrx_word' id='word_1_522' title='bbox 965 3714 1088 3771; x_wconf 91' lang='lat' dir='ltr'><strong>post</strong></span> <span class='ocrx_word' id='word_1_523' title='bbox 1141 3705 1447 3777; x_wconf 90' lang='lat' dir='ltr'><strong>catalogum</strong></span> <span class='ocrx_word' id='word_1_524' title='bbox 1497 3712 1924 3767; x_wconf 87' lang='lat' dir='ltr'><strong>conversationis</strong></span> <span class='ocrx_word' id='word_1_525' title='bbox 1964 3714 2079 3783; x_wconf 85' lang='lat' dir='ltr'><strong>cpi-</strong></span> 
     </span>
    </p>
   </div>
   <div class='ocr_carea' id='block_1_69' title="bbox 493 3790 2080 3873">
    <p class='ocr_par' dir='ltr' id='par_1_69' title="bbox 493 3790 2080 3873">
     <span class='ocr_line' id='line_1_69' title="bbox 493 3790 2080 3873; baseline 0.012 -32"><span class='ocrx_word' id='word_1_526' title='bbox 493 3790 666 3857; x_wconf 88' lang='lat' dir='ltr'><strong>scopi,</strong></span> <span class='ocrx_word' id='word_1_527' title='bbox 697 3793 861 3847; x_wconf 89' lang='lat' dir='ltr'><strong>etiam</strong></span> <span class='ocrx_word' id='word_1_528' title='bbox 915 3795 1216 3851; x_wconf 87' lang='lat' dir='ltr'><strong>doctrinam</strong></span> <span class='ocrx_word' id='word_1_529' title='bbox 1257 3798 1510 3853; x_wconf 84' lang='lat' dir='ltr'><strong>similiter</strong></span> <span class='ocrx_word' id='word_1_530' title='bbox 1543 3803 1889 3873; x_wconf 66' lang='lat' dir='ltr'><strong>praicepisse.</strong></span> <span class='ocrx_word' id='word_1_531' title='bbox 1954 3803 2080 3860; x_wconf 64' lang='lat' dir='ltr'><strong>Haec</strong></span> 
     </span>
    </p>
   </div>
   <div class='ocr_carea' id='block_1_70' title="bbox 493 3884 2078 3954">
    <p class='ocr_par' dir='ltr' id='par_1_70' title="bbox 493 3884 2078 3954">
     <span class='ocr_line' id='line_1_70' title="bbox 493 3884 2078 3954; baseline 0.013 -24"><span class='ocrx_word' id='word_1_532' title='bbox 493 3890 752 3947; x_wconf 63' lang='lat' dir='ltr'><strong>pecterca</strong></span> <span class='ocrx_word' id='word_1_533' title='bbox 805 3884 1103 3954; x_wconf 88' lang='lat' dir='ltr'><strong>interposui</strong></span> <span class='ocrx_word' id='word_1_534' title='bbox 1137 3899 1196 3943; x_wconf 90' lang='lat' dir='ltr'><strong>ut</strong></span> <span class='ocrx_word' id='word_1_535' title='bbox 1246 3892 1514 3946; x_wconf 90' lang='lat' dir='ltr'><strong>intentum</strong></span> <span class='ocrx_word' id='word_1_536' title='bbox 1563 3892 1795 3949; x_wconf 81' lang='lat' dir='ltr'><strong>facerem</strong></span> <span class='ocrx_word' id='word_1_537' title='bbox 1823 3895 2078 3950; x_wconf 87' lang='lat' dir='ltr'><strong>ordinan-</strong></span> 
     </span>
    </p>
   </div>
   <div class='ocr_carea' id='block_1_71' title="bbox 494 3975 2077 4055">
    <p class='ocr_par' dir='ltr' id='par_1_71' title="bbox 494 3975 2077 4055">
     <span class='ocr_line' id='line_1_71' title="bbox 494 3975 2077 4055; baseline 0.012 -34"><span class='ocrx_word' id='word_1_538' title='bbox 494 3988 620 4024; x_wconf 70' lang='lat' dir='ltr'><strong>mtm</strong></span> <span class='ocrx_word' id='word_1_539' title='bbox 657 3975 724 4026; x_wconf 87' lang='lat' dir='ltr'><strong>ad</strong></span> <span class='ocrx_word' id='word_1_540' title='bbox 755 3976 1003 4030; x_wconf 86' lang='lat' dir='ltr'><strong>notitiam</strong></span> <span class='ocrx_word' id='word_1_541' title='bbox 1035 3980 1192 4051; x_wconf 88' lang='lat' dir='ltr'><strong>chis</strong></span> <span class='ocrx_word' id='word_1_542' title='bbox 1218 3992 1273 4037; x_wconf 92' lang='lat' dir='ltr'><strong>et</strong></span> <span class='ocrx_word' id='word_1_543' title='bbox 1302 3987 1706 4055; x_wconf 81' lang='lat' dir='ltr'><strong>prophetarum.</strong></span> <span class='ocrx_word' id='word_1_544' title='bbox 1744 3985 1909 4040; x_wconf 82' lang='lat' dir='ltr'><strong>Sexta</strong></span> <span class='ocrx_word' id='word_1_545' title='bbox 1945 3986 2077 4040; x_wconf 81' lang='lat' dir='ltr'><strong>feria</strong></span> 
     </span>
    </p>
   </div>
   <div class='ocr_carea' id='block_1_72' title="bbox 495 4066 2076 4146">
    <p class='ocr_par' dir='ltr' id='par_1_72' title="bbox 495 4066 2076 4146">
     <span class='ocr_line' id='line_1_72' title="bbox 495 4066 2076 4146; baseline 0.011 -30"><span class='ocrx_word' id='word_1_546' title='bbox 495 4080 597 4116; x_wconf 73' lang='lat' dir='ltr'><strong>um</strong></span> <span class='ocrx_word' id='word_1_547' title='bbox 633 4066 846 4134; x_wconf 76' lang='lat' dir='ltr'><strong>legitur.</strong></span> <span class='ocrx_word' id='word_1_548' title='bbox 879 4067 1117 4139; x_wconf 82' lang='lat' dir='ltr'><strong>Apparet</strong></span> <span class='ocrx_word' id='word_1_549' title='bbox 1161 4074 1287 4144; x_wconf 85' lang='lat' dir='ltr'><strong>quia</strong></span> <span class='ocrx_word' id='word_1_550' title='bbox 1316 4075 1400 4130; x_wconf 81' lang='lat' dir='ltr'><strong>lex</strong></span> <span class='ocrx_word' id='word_1_551' title='bbox 1447 4085 1499 4130; x_wconf 90' lang='lat' dir='ltr'><strong>et</strong></span> <span class='ocrx_word' id='word_1_552' title='bbox 1539 4078 1818 4146; x_wconf 86' lang='lat' dir='ltr'><strong>prophetia</strong></span> <span class='ocrx_word' id='word_1_553' title='bbox 1869 4078 1923 4131; x_wconf 92' lang='lat' dir='ltr'><strong>in</strong></span> <span class='ocrx_word' id='word_1_554' title='bbox 1968 4093 2076 4133; x_wconf 91' lang='lat' dir='ltr'><strong>uno</strong></span> 
     </span>
    </p>
   </div>
   <div class='ocr_carea' id='block_1_73' title="bbox 495 4156 2076 4238">
    <p class='ocr_par' dir='ltr' id='par_1_73' title="bbox 495 4156 2076 4238">
     <span class='ocr_line' id='line_1_73' title="bbox 495 4156 2076 4238; baseline 0.01 -30"><span class='ocrx_word' id='word_1_555' title='bbox 495 4156 784 4226; x_wconf 73' lang='lat' dir='ltr'><strong>Evangelia</strong></span> <span class='ocrx_word' id='word_1_556' title='bbox 809 4163 1250 4231; x_wconf 76' lang='lat' dir='ltr'><strong>recapitulantur.</strong></span> <span class='ocrx_word' id='word_1_557' title='bbox 1270 4168 1412 4237; x_wconf 91' lang='lat' dir='ltr'><strong>quod</strong></span> <span class='ocrx_word' id='word_1_558' title='bbox 1439 4168 1636 4238; x_wconf 83' lang='lat' dir='ltr'><strong>legitur</strong></span> <span class='ocrx_word' id='word_1_559' title='bbox 1663 4169 1716 4222; x_wconf 92' lang='lat' dir='ltr'><strong>in</strong></span> <span class='ocrx_word' id='word_1_560' title='bbox 1741 4179 1892 4223; x_wconf 78' lang='lat' dir='ltr'><strong>sexta</strong></span> <span class='ocrx_word' id='word_1_561' title='bbox 1916 4177 2076 4224; x_wconf 61' lang='lat' dir='ltr'><strong>astate</strong></span> 
     </span>
    </p>
   </div>
   <div class='ocr_carea' id='block_1_74' title="bbox 493 4251 2075 4323">
    <p class='ocr_par' dir='ltr' id='par_1_74' title="bbox 493 4251 2075 4323">
     <span class='ocr_line' id='line_1_74' title="bbox 493 4251 2075 4323; baseline 0.01 -23"><span class='ocrx_word' id='word_1_562' title='bbox 493 4251 692 4303; x_wconf 89' lang='lat' dir='ltr'><strong>mundi.</strong></span> <span class='ocrx_word' id='word_1_563' title='bbox 729 4251 802 4304; x_wconf 87' lang='lat' dir='ltr'><strong>De</strong></span> <span class='ocrx_word' id='word_1_564' title='bbox 829 4258 1189 4323; x_wconf 82' lang='lat' dir='ltr'><strong>responsoriis</strong></span> <span class='ocrx_word' id='word_1_565' title='bbox 1219 4275 1325 4314; x_wconf 90' lang='lat' dir='ltr'><strong>non</strong></span> <span class='ocrx_word' id='word_1_566' title='bbox 1351 4269 1436 4315; x_wconf 90' lang='lat' dir='ltr'><strong>est</strong></span> <span class='ocrx_word' id='word_1_567' title='bbox 1461 4275 1690 4315; x_wconf 88' lang='lat' dir='ltr'><strong>necesse</strong></span> <span class='ocrx_word' id='word_1_568' title='bbox 1716 4260 1804 4315; x_wconf 88' lang='lat' dir='ltr'><strong>hic</strong></span> <span class='ocrx_word' id='word_1_569' title='bbox 1830 4261 1973 4317; x_wconf 89' lang='lat' dir='ltr'><strong>aliud</strong></span> <span class='ocrx_word' id='word_1_570' title='bbox 1995 4261 2075 4316; x_wconf 84' lang='lat' dir='ltr'><strong>di-</strong></span> 
     </span>
    </p>
   </div>
   <div class='ocr_carea' id='block_1_75' title="bbox 487 4347 2075 4424">
    <p class='ocr_par' dir='ltr' id='par_1_75' title="bbox 487 4347 2075 4424">
     <span class='ocr_line' id='line_1_75' title="bbox 487 4347 2075 4424; baseline 0.008 -30"><span class='ocrx_word' id='word_1_571' title='bbox 487 4353 614 4394; x_wconf 83' lang='lat' dir='ltr'><strong>cere</strong></span> <span class='ocrx_word' id='word_1_572' title='bbox 643 4357 801 4418; x_wconf 85' lang='lat' dir='ltr'><strong>quam</strong></span> <span class='ocrx_word' id='word_1_573' title='bbox 833 4347 975 4413; x_wconf 85' lang='lat' dir='ltr'><strong>quod</strong></span> <span class='ocrx_word' id='word_1_574' title='bbox 1010 4349 1238 4419; x_wconf 90' lang='lat' dir='ltr'><strong>singulis</strong></span> <span class='ocrx_word' id='word_1_575' title='bbox 1266 4350 1590 4407; x_wconf 88' lang='lat' dir='ltr'><strong>lectionibus</strong></span> <span class='ocrx_word' id='word_1_576' title='bbox 1624 4352 1820 4423; x_wconf 87' lang='lat' dir='ltr'><strong>singuli</strong></span> <span class='ocrx_word' id='word_1_577' title='bbox 1853 4368 2075 4424; x_wconf 83' lang='lat' dir='ltr'><strong>rcSpon—</strong></span> 
     </span>
    </p>
   </div>
   <div class='ocr_carea' id='block_1_76' title="bbox 486 4430 2074 4501">
    <p class='ocr_par' dir='ltr' id='par_1_76' title="bbox 486 4430 2074 4501">
     <span class='ocr_line' id='line_1_76' title="bbox 486 4430 2074 4501; baseline 0.012 -20"><span class='ocrx_word' id='word_1_578' title='bbox 486 4430 621 4482; x_wconf 89' lang='lat' dir='ltr'><strong>sorii</strong></span> <span class='ocrx_word' id='word_1_579' title='bbox 652 4435 1030 4501; x_wconf 81' lang='lat' dir='ltr'><strong>reSpondeant,</strong></span> <span class='ocrx_word' id='word_1_580' title='bbox 1079 4447 1139 4492; x_wconf 90' lang='lat' dir='ltr'><strong>ut</strong></span> <span class='ocrx_word' id='word_1_581' title='bbox 1166 4456 1285 4496; x_wconf 91' lang='lat' dir='ltr'><strong>mos</strong></span> <span class='ocrx_word' id='word_1_582' title='bbox 1314 4451 1419 4497; x_wconf 88' lang='lat' dir='ltr'><strong>est.</strong></span> <span class='ocrx_word' id='word_1_583' title='bbox 1454 4444 1512 4498; x_wconf 91' lang='lat' dir='ltr'><strong>In</strong></span> <span class='ocrx_word' id='word_1_584' title='bbox 1543 4444 1724 4498; x_wconf 88' lang='lat' dir='ltr'><strong>futuro</strong></span> <span class='ocrx_word' id='word_1_585' title='bbox 1750 4460 1850 4500; x_wconf 88' lang='lat' dir='ltr'><strong>eos</strong></span> <span class='ocrx_word' id='word_1_586' title='bbox 1895 4459 2074 4500; x_wconf 87' lang='lat' dir='ltr'><strong>reser-</strong></span> 
     </span>
    </p>
   </div>
   <div class='ocr_carea' id='block_1_77' title="bbox 487 4520 2074 4603">
    <p class='ocr_par' dir='ltr' id='par_1_77' title="bbox 487 4520 2074 4603">
     <span class='ocr_line' id='line_1_77' title="bbox 487 4520 2074 4603; baseline 0.013 -35"><span class='ocrx_word' id='word_1_587' title='bbox 487 4531 696 4576; x_wconf 80' lang='lat' dir='ltr'><strong>vamus.</strong></span> <span class='ocrx_word' id='word_1_588' title='bbox 721 4520 779 4572; x_wconf 91' lang='lat' dir='ltr'><strong>ln</strong></span> <span class='ocrx_word' id='word_1_589' title='bbox 799 4522 1026 4577; x_wconf 86' lang='lat' dir='ltr'><strong>sabbato</strong></span> <span class='ocrx_word' id='word_1_590' title='bbox 1054 4530 1272 4594; x_wconf 93' lang='lat' dir='ltr'><strong>quando</strong></span> <span class='ocrx_word' id='word_1_591' title='bbox 1301 4531 1608 4586; x_wconf 88' lang='lat' dir='ltr'><strong>benedictio</strong></span> <span class='ocrx_word' id='word_1_592' title='bbox 1630 4534 1812 4598; x_wconf 89' lang='lat' dir='ltr'><strong>datur,</strong></span> <span class='ocrx_word' id='word_1_593' title='bbox 1837 4543 2074 4603; x_wconf 88' lang='lat' dir='ltr'><strong>quatuor</strong></span> 
     </span>
    </p>
   </div>
   <div class='ocr_carea' id='block_1_78' title="bbox 2184 3337 3756 3413">
    <p class='ocr_par' dir='ltr' id='par_1_78' title="bbox 2184 3337 3756 3413">
     <span class='ocr_line' id='line_1_78' title="bbox 2184 3337 3756 3413; baseline 0.005 -23"><span class='ocrx_word' id='word_1_594' title='bbox 2184 3337 2397 3406; x_wconf 89' lang='lat' dir='ltr'><strong>probati</strong></span> <span class='ocrx_word' id='word_1_595' title='bbox 2420 3352 2542 3392; x_wconf 87' lang='lat' dir='ltr'><strong>esse</strong></span> <span class='ocrx_word' id='word_1_596' title='bbox 2565 3338 2763 3395; x_wconf 89' lang='lat' dir='ltr'><strong>debent</strong></span> <span class='ocrx_word' id='word_1_597' title='bbox 2785 3355 2883 3409; x_wconf 90' lang='lat' dir='ltr'><strong>per</strong></span> <span class='ocrx_word' id='word_1_598' title='bbox 2904 3339 3198 3406; x_wconf 76' lang='lat' dir='ltr'><strong>fornacem,</strong></span> <span class='ocrx_word' id='word_1_599' title='bbox 3225 3341 3277 3395; x_wconf 94' lang='lat' dir='ltr'><strong>id</strong></span> <span class='ocrx_word' id='word_1_600' title='bbox 3304 3351 3409 3404; x_wconf 85' lang='lat' dir='ltr'><strong>est,</strong></span> <span class='ocrx_word' id='word_1_601' title='bbox 3457 3357 3557 3413; x_wconf 87' lang='lat' dir='ltr'><strong>per</strong></span> <span class='ocrx_word' id='word_1_602' title='bbox 3581 3343 3756 3398; x_wconf 82' lang='lat' dir='ltr'><strong>multas</strong></span> 
     </span>
    </p>
   </div>
   <div class='ocr_carea' id='block_1_79' title="bbox 2187 3427 3752 3498">
    <p class='ocr_par' dir='ltr' id='par_1_79' title="bbox 2187 3427 3752 3498">
     <span class='ocr_line' id='line_1_79' title="bbox 2187 3427 3752 3498; baseline 0.004 -17"><span class='ocrx_word' id='word_1_603' title='bbox 2187 3427 2584 3492; x_wconf 87' lang='lat' dir='ltr'><strong>tribulationes,</strong></span> <span class='ocrx_word' id='word_1_604' title='bbox 2613 3429 2704 3498; x_wconf 90' lang='lat' dir='ltr'><strong>qui</strong></span> <span class='ocrx_word' id='word_1_605' title='bbox 2732 3431 3005 3485; x_wconf 88' lang='lat' dir='ltr'><strong>accessuri</strong></span> <span class='ocrx_word' id='word_1_606' title='bbox 3033 3440 3160 3485; x_wconf 91' lang='lat' dir='ltr'><strong>sunt</strong></span> <span class='ocrx_word' id='word_1_607' title='bbox 3199 3432 3265 3486; x_wconf 88' lang='lat' dir='ltr'><strong>ad</strong></span> <span class='ocrx_word' id='word_1_608' title='bbox 3289 3433 3650 3488; x_wconf 83' lang='lat' dir='ltr'><strong>ministerium</strong></span> <span class='ocrx_word' id='word_1_609' title='bbox 3675 3448 3752 3487; x_wconf 80' lang='lat' dir='ltr'><strong>sa-</strong></span> 
     </span>
    </p>
   </div>
   <div class='ocr_carea' id='block_1_80' title="bbox 2182 3519 3746 3593">
    <p class='ocr_par' dir='ltr' id='par_1_80' title="bbox 2182 3519 3746 3593">
     <span class='ocr_line' id='line_1_80' title="bbox 2182 3519 3746 3593; baseline 0.002 -18"><span class='ocrx_word' id='word_1_610' title='bbox 2182 3535 2354 3575; x_wconf 89' lang='lat' dir='ltr'><strong>crum.</strong></span> <span class='ocrx_word' id='word_1_611' title='bbox 2387 3519 2773 3576; x_wconf 85' lang='lat' dir='ltr'><strong>Probationem</strong></span> <span class='ocrx_word' id='word_1_612' title='bbox 2816 3530 3140 3591; x_wconf 64' lang='lat' dir='ltr'><strong>praesentem</strong></span> <span class='ocrx_word' id='word_1_613' title='bbox 3184 3522 3487 3593; x_wconf 83' lang='lat' dir='ltr'><strong>Apostolus</strong></span> <span class='ocrx_word' id='word_1_614' title='bbox 3532 3526 3746 3580; x_wconf 83' lang='lat' dir='ltr'><strong>ostendit</strong></span> 
     </span>
    </p>
   </div>
   <div class='ocr_carea' id='block_1_81' title="bbox 2179 3611 3752 3686">
    <p class='ocr_par' dir='ltr' id='par_1_81' title="bbox 2179 3611 3752 3686">
     <span class='ocr_line' id='line_1_81' title="bbox 2179 3611 3752 3686; baseline 0.001 -19"><span class='ocrx_word' id='word_1_615' title='bbox 2179 3627 2244 3668; x_wconf 79' lang='lat' dir='ltr'><strong>ex</strong></span> <span class='ocrx_word' id='word_1_616' title='bbox 2271 3611 2510 3681; x_wconf 83' lang='lat' dir='ltr'><strong>Epistula</strong></span> <span class='ocrx_word' id='word_1_617' title='bbox 2537 3615 2604 3667; x_wconf 83' lang='lat' dir='ltr'><strong>ad</strong></span> <span class='ocrx_word' id='word_1_618' title='bbox 2629 3613 2870 3676; x_wconf 88' lang='lat' dir='ltr'><strong>missam,</strong></span> <span class='ocrx_word' id='word_1_619' title='bbox 2900 3613 3083 3668; x_wconf 89' lang='lat' dir='ltr'><strong>dicens</strong></span> <span class='ocrx_word' id='word_1_620' title='bbox 3111 3631 3123 3666; x_wconf 91' lang='lat'>:</span> <span class='ocrx_word' id='word_1_621' title='bbox 3157 3612 3391 3669; x_wconf 87' lang='lat' dir='ltr'><strong>Scientes</strong></span> <span class='ocrx_word' id='word_1_622' title='bbox 3419 3618 3567 3686; x_wconf 83' lang='lat' dir='ltr'><strong>quod</strong></span> <span class='ocrx_word' id='word_1_623' title='bbox 3601 3618 3752 3669; x_wconf 74' lang='lat' dir='ltr'><strong>tribu-</strong></span> 
     </span>
    </p>
   </div>
   <div class='ocr_carea' id='block_1_82' title="bbox 2181 3706 3752 3779">
    <p class='ocr_par' dir='ltr' id='par_1_82' title="bbox 2181 3706 3752 3779">
     <span class='ocr_line' id='line_1_82' title="bbox 2181 3706 3752 3779; baseline 0 -19"><span class='ocrx_word' id='word_1_624' title='bbox 2181 3706 2308 3760; x_wconf 89' lang='lat' dir='ltr'><strong>latio</strong></span> <span class='ocrx_word' id='word_1_625' title='bbox 2338 3707 2650 3777; x_wconf 87' lang='lat' dir='ltr'><strong>patientiam</strong></span> <span class='ocrx_word' id='word_1_626' title='bbox 2697 3718 2966 3777; x_wconf 85' lang='lat' dir='ltr'><strong>operatur,</strong></span> <span class='ocrx_word' id='word_1_627' title='bbox 2993 3707 3248 3777; x_wconf 87' lang='lat' dir='ltr'><strong>patientia</strong></span> <span class='ocrx_word' id='word_1_628' title='bbox 3284 3717 3465 3762; x_wconf 82' lang='lat' dir='ltr'><strong>autent</strong></span> <span class='ocrx_word' id='word_1_629' title='bbox 3509 3709 3752 3779; x_wconf 77' lang='lat' dir='ltr'><strong>probatio-</strong></span> 
     </span>
    </p>
   </div>
   <div class='ocr_carea' id='block_1_83' title="bbox 2180 3801 3750 3871">
    <p class='ocr_par' dir='ltr' id='par_1_83' title="bbox 2180 3801 3750 3871">
     <span class='ocr_line' id='line_1_83' title="bbox 2180 3801 3750 3871; baseline -0.002 -16"><span class='ocrx_word' id='word_1_630' title='bbox 2180 3816 2317 3864; x_wconf 87' lang='lat' dir='ltr'><strong>nem,</strong></span> <span class='ocrx_word' id='word_1_631' title='bbox 2363 3801 2599 3871; x_wconf 89' lang='lat' dir='ltr'><strong>probatio</strong></span> <span class='ocrx_word' id='word_1_632' title='bbox 2631 3817 2747 3854; x_wconf 84' lang='lat' dir='ltr'><strong>vero</strong></span> <span class='ocrx_word' id='word_1_633' title='bbox 2774 3817 2937 3870; x_wconf 85' lang='lat' dir='ltr'><strong>spem,</strong></span> <span class='ocrx_word' id='word_1_634' title='bbox 2968 3816 3084 3870; x_wconf 87' lang='lat' dir='ltr'><strong>spes</strong></span> <span class='ocrx_word' id='word_1_635' title='bbox 3127 3810 3302 3855; x_wconf 89' lang='lat' dir='ltr'><strong>autem</strong></span> <span class='ocrx_word' id='word_1_636' title='bbox 3335 3817 3441 3854; x_wconf 89' lang='lat' dir='ltr'><strong>non</strong></span> <span class='ocrx_word' id='word_1_637' title='bbox 3473 3801 3750 3870; x_wconf 77' lang='lat' dir='ltr'><strong>confundit,</strong></span> 
     </span>
    </p>
   </div>
   <div class='ocr_carea' id='block_1_84' title="bbox 2179 3889 3748 3959">
    <p class='ocr_par' dir='ltr' id='par_1_84' title="bbox 2179 3889 3748 3959">
     <span class='ocr_line' id='line_1_84' title="bbox 2179 3889 3748 3959; baseline -0.001 -15"><span class='ocrx_word' id='word_1_638' title='bbox 2179 3899 2234 3944; x_wconf 90' lang='lat' dir='ltr'><strong>et</strong></span> <span class='ocrx_word' id='word_1_639' title='bbox 2257 3890 2480 3959; x_wconf 88' lang='lat' dir='ltr'><strong>reliqua.</strong></span> <span class='ocrx_word' id='word_1_640' title='bbox 2507 3889 2841 3945; x_wconf 86' lang='lat' dir='ltr'><strong>Gravitatem</strong></span> <span class='ocrx_word' id='word_1_641' title='bbox 2869 3905 3035 3959; x_wconf 90' lang='lat' dir='ltr'><strong>quam</strong></span> <span class='ocrx_word' id='word_1_642' title='bbox 3069 3889 3232 3945; x_wconf 90' lang='lat' dir='ltr'><strong>debet</strong></span> <span class='ocrx_word' id='word_1_643' title='bbox 3263 3897 3516 3944; x_wconf 87' lang='lat' dir='ltr'><strong>sacratus</strong></span> <span class='ocrx_word' id='word_1_644' title='bbox 3542 3904 3748 3944; x_wconf 84' lang='lat' dir='ltr'><strong>servare</strong></span> 
     </span>
    </p>
   </div>
   <div class='ocr_carea' id='block_1_85' title="bbox 2181 3981 3745 4050">
    <p class='ocr_par' dir='ltr' id='par_1_85' title="bbox 2181 3981 3745 4050">
     <span class='ocr_line' id='line_1_85' title="bbox 2181 3981 3745 4050; baseline -0.003 -14"><span class='ocrx_word' id='word_1_645' title='bbox 2181 3990 2383 4036; x_wconf 86' lang='lat' dir='ltr'><strong>tractus</strong></span> <span class='ocrx_word' id='word_1_646' title='bbox 2407 3981 2742 4036; x_wconf 85' lang='lat' dir='ltr'><strong>demonstrat</strong></span> <span class='ocrx_word' id='word_1_647' title='bbox 2771 4000 2782 4034; x_wconf 91' lang='lat'>:</span> <span class='ocrx_word' id='word_1_648' title='bbox 2819 3981 3056 4036; x_wconf 83' lang='lat' dir='ltr'><strong>Laudate</strong></span> <span class='ocrx_word' id='word_1_649' title='bbox 3085 3981 3415 4045; x_wconf 69' lang='lat' dir='ltr'><strong>Dominum,’</strong></span> <span class='ocrx_word' id='word_1_650' title='bbox 3438 3998 3602 4034; x_wconf 63' lang='lat' dir='ltr'><strong>omnes</strong></span> <span class='ocrx_word' id='word_1_651' title='bbox 3625 3997 3745 4050; x_wconf 51' lang='lat' dir='ltr'><strong>gen.</strong></span> 
     </span>
    </p>
   </div>
   <div class='ocr_carea' id='block_1_86' title="bbox 2177 4072 3748 4144">
    <p class='ocr_par' dir='ltr' id='par_1_86' title="bbox 2177 4072 3748 4144">
     <span class='ocr_line' id='line_1_86' title="bbox 2177 4072 3748 4144; baseline 0 -18"><span class='ocrx_word' id='word_1_652' title='bbox 2177 4081 2269 4134; x_wconf 89' lang='lat' dir='ltr'><strong>tes,</strong></span> <span class='ocrx_word' id='word_1_653' title='bbox 2309 4088 2378 4128; x_wconf 90' lang='lat' dir='ltr'><strong>ne</strong></span> <span class='ocrx_word' id='word_1_654' title='bbox 2424 4074 2478 4127; x_wconf 90' lang='lat' dir='ltr'><strong>in</strong></span> <span class='ocrx_word' id='word_1_655' title='bbox 2522 4074 2832 4144; x_wconf 88' lang='lat' dir='ltr'><strong>superbiam</strong></span> <span class='ocrx_word' id='word_1_656' title='bbox 2859 4073 3055 4137; x_wconf 86' lang='lat' dir='ltr'><strong>elatus,</strong></span> <span class='ocrx_word' id='word_1_657' title='bbox 3098 4073 3152 4128; x_wconf 89' lang='lat' dir='ltr'><strong>in</strong></span> <span class='ocrx_word' id='word_1_658' title='bbox 3190 4072 3463 4144; x_wconf 83' lang='lat' dir='ltr'><strong>judicium</strong></span> <span class='ocrx_word' id='word_1_659' title='bbox 3487 4081 3539 4128; x_wconf 86' lang='lat' dir='ltr'><strong>et</strong></span> <span class='ocrx_word' id='word_1_660' title='bbox 3575 4074 3632 4128; x_wconf 88' lang='lat' dir='ltr'><strong>in</strong></span> <span class='ocrx_word' id='word_1_661' title='bbox 3667 4072 3748 4127; x_wconf 59' lang='lat' dir='ltr'><strong>la-</strong></span> 
     </span>
    </p>
   </div>
   <div class='ocr_carea' id='block_1_87' title="bbox 2177 4162 3756 4233">
    <p class='ocr_par' dir='ltr' id='par_1_87' title="bbox 2177 4162 3756 4233">
     <span class='ocr_line' id='line_1_87' title="bbox 2177 4162 3756 4233; baseline -0.001 -16"><span class='ocrx_word' id='word_1_662' title='bbox 2177 4178 2374 4232; x_wconf 90' lang='lat' dir='ltr'><strong>queum</strong></span> <span class='ocrx_word' id='word_1_663' title='bbox 2408 4163 2609 4218; x_wconf 88' lang='lat' dir='ltr'><strong>incidat</strong></span> <span class='ocrx_word' id='word_1_664' title='bbox 2639 4163 2856 4218; x_wconf 89' lang='lat' dir='ltr'><strong>diaboli.</strong></span> <span class='ocrx_word' id='word_1_665' title='bbox 2888 4162 3120 4218; x_wconf 88' lang='lat' dir='ltr'><strong>Tractus</strong></span> <span class='ocrx_word' id='word_1_666' title='bbox 3157 4173 3404 4233; x_wconf 88' lang='lat' dir='ltr'><strong>tempore</strong></span> <span class='ocrx_word' id='word_1_667' title='bbox 3441 4162 3756 4220; x_wconf 86' lang='lat' dir='ltr'><strong>humilitatis</strong></span> 
     </span>
    </p>
   </div>
   <div class='ocr_carea' id='block_1_88' title="bbox 2177 4253 3750 4326">
    <p class='ocr_par' dir='ltr' id='par_1_88' title="bbox 2177 4253 3750 4326">
     <span class='ocr_line' id='line_1_88' title="bbox 2177 4253 3750 4326; baseline -0.001 -17"><span class='ocrx_word' id='word_1_668' title='bbox 2177 4253 2314 4309; x_wconf 90' lang='lat' dir='ltr'><strong>solet</strong></span> <span class='ocrx_word' id='word_1_669' title='bbox 2342 4253 2605 4310; x_wconf 90' lang='lat' dir='ltr'><strong>celebrari</strong></span> <span class='ocrx_word' id='word_1_670' title='bbox 2636 4263 2690 4308; x_wconf 92' lang='lat' dir='ltr'><strong>et</strong></span> <span class='ocrx_word' id='word_1_671' title='bbox 2716 4269 2931 4324; x_wconf 88' lang='lat' dir='ltr'><strong>semper</strong></span> <span class='ocrx_word' id='word_1_672' title='bbox 2960 4255 3014 4308; x_wconf 90' lang='lat' dir='ltr'><strong>in</strong></span> <span class='ocrx_word' id='word_1_673' title='bbox 3039 4269 3207 4310; x_wconf 87' lang='lat' dir='ltr'><strong>causa</strong></span> <span class='ocrx_word' id='word_1_674' title='bbox 3245 4255 3574 4310; x_wconf 85' lang='lat' dir='ltr'><strong>humilitatis</strong></span> <span class='ocrx_word' id='word_1_675' title='bbox 3605 4254 3750 4326; x_wconf 84' lang='lat' dir='ltr'><strong>poni-</strong></span> 
     </span>
    </p>
   </div>
   <div class='ocr_carea' id='block_1_89' title="bbox 2179 4345 3752 4418">
    <p class='ocr_par' dir='ltr' id='par_1_89' title="bbox 2179 4345 3752 4418">
     <span class='ocr_line' id='line_1_89' title="bbox 2179 4345 3752 4418; baseline -0.001 -17"><span class='ocrx_word' id='word_1_676' title='bbox 2179 4355 2269 4402; x_wconf 87' lang='lat' dir='ltr'><strong>tur</strong></span> <span class='ocrx_word' id='word_1_677' title='bbox 2296 4365 2308 4400; x_wconf 92' lang='lat'><strong>:</strong></span> <span class='ocrx_word' id='word_1_678' title='bbox 2333 4362 2432 4418; x_wconf 90' lang='lat' dir='ltr'><strong>per</strong></span> <span class='ocrx_word' id='word_1_679' title='bbox 2462 4345 2703 4417; x_wconf 89' lang='lat' dir='ltr'><strong>singulas</strong></span> <span class='ocrx_word' id='word_1_680' title='bbox 2732 4347 3008 4402; x_wconf 88' lang='lat' dir='ltr'><strong>orationes</strong></span> <span class='ocrx_word' id='word_1_681' title='bbox 3037 4348 3092 4400; x_wconf 88' lang='lat' dir='ltr'><strong>in</strong></span> <span class='ocrx_word' id='word_1_682' title='bbox 3114 4346 3398 4402; x_wconf 84' lang='lat' dir='ltr'><strong>duodecim</strong></span> <span class='ocrx_word' id='word_1_683' title='bbox 3441 4346 3752 4401; x_wconf 82' lang='lat' dir='ltr'><strong>lectionibus</strong></span> 
     </span>
    </p>
   </div>
   <div class='ocr_carea' id='block_1_90' title="bbox 2175 4435 3754 4508">
    <p class='ocr_par' dir='ltr' id='par_1_90' title="bbox 2175 4435 3754 4508">
     <span class='ocr_line' id='line_1_90' title="bbox 2175 4435 3754 4508; baseline -0.002 -13"><span class='ocrx_word' id='word_1_684' title='bbox 2175 4438 2412 4495; x_wconf 88' lang='lat' dir='ltr'><strong>solemus</strong></span> <span class='ocrx_word' id='word_1_685' title='bbox 2427 4438 2628 4493; x_wconf 89' lang='lat' dir='ltr'><strong>mentis</strong></span> <span class='ocrx_word' id='word_1_686' title='bbox 2651 4437 3011 4492; x_wconf 90' lang='lat' dir='ltr'><strong>humilitatem</strong></span> <span class='ocrx_word' id='word_1_687' title='bbox 3031 4452 3130 4508; x_wconf 92' lang='lat' dir='ltr'><strong>per</strong></span> <span class='ocrx_word' id='word_1_688' title='bbox 3143 4435 3581 4506; x_wconf 82' lang='lat' dir='ltr'><strong>genuflexionem</strong></span> <span class='ocrx_word' id='word_1_689' title='bbox 3591 4447 3754 4493; x_wconf 63' lang='lat' dir='ltr'><strong>(sten-</strong></span> 
     </span>
    </p>
   </div>
   <div class='ocr_carea' id='block_1_91' title="bbox 2177 4531 3750 4605">
    <p class='ocr_par' dir='ltr' id='par_1_91' title="bbox 2177 4531 3750 4605">
     <span class='ocr_line' id='line_1_91' title="bbox 2177 4531 3750 4605; baseline -0.002 -15"><span class='ocrx_word' id='word_1_690' title='bbox 2177 4536 2326 4601; x_wconf 89' lang='lat' dir='ltr'><strong>dere,</strong></span> <span class='ocrx_word' id='word_1_691' title='bbox 2353 4542 2581 4605; x_wconf 84' lang='lat' dir='ltr'><strong>excepto</strong></span> <span class='ocrx_word' id='word_1_692' title='bbox 2604 4535 2658 4588; x_wconf 92' lang='lat' dir='ltr'><strong>in</strong></span> <span class='ocrx_word' id='word_1_693' title='bbox 2694 4534 2900 4589; x_wconf 86' lang='lat' dir='ltr'><strong>octavis</strong></span> <span class='ocrx_word' id='word_1_694' title='bbox 2926 4532 3293 4589; x_wconf 88' lang='lat' dir='ltr'><strong>Pentecostes.</strong></span> <span class='ocrx_word' id='word_1_695' title='bbox 3327 4531 3387 4588; x_wconf 90' lang='lat' dir='ltr'><strong>In</strong></span> <span class='ocrx_word' id='word_1_696' title='bbox 3417 4532 3540 4589; x_wconf 85' lang='lat' dir='ltr'><strong>sola</strong></span> <span class='ocrx_word' id='word_1_697' title='bbox 3567 4534 3635 4587; x_wconf 89' lang='lat' dir='ltr'><strong>de</strong></span> <span class='ocrx_word' id='word_1_698' title='bbox 3671 4546 3750 4587; x_wconf 77' lang='lat' dir='ltr'><strong>ca-</strong></span> 
     </span>
    </p>
   </div>
   <div class='ocr_carea' id='block_1_92' title="bbox 486 4606 3755 4695">
    <p class='ocr_par' dir='ltr' id='par_1_92' title="bbox 486 4606 3755 4695">
     <span class='ocr_line' id='line_1_92' title="bbox 486 4606 3755 4695; baseline 0.006 -35"><span class='ocrx_word' id='word_1_699' title='bbox 486 4606 756 4677; x_wconf 88' lang='lat' dir='ltr'><strong>leguntur.</strong></span> <span class='ocrx_word' id='word_1_700' title='bbox 789 4611 1034 4676; x_wconf 88' lang='lat' dir='ltr'><strong>Quatuor</strong></span> <span class='ocrx_word' id='word_1_701' title='bbox 1061 4619 1283 4672; x_wconf 91' lang='lat' dir='ltr'><strong>ordines</strong></span> <span class='ocrx_word' id='word_1_702' title='bbox 1310 4631 1435 4673; x_wconf 91' lang='lat' dir='ltr'><strong>sunt</strong></span> <span class='ocrx_word' id='word_1_703' title='bbox 1477 4623 1915 4678; x_wconf 88' lang='lat' dir='ltr'><strong>benedicentium</strong></span> <span class='ocrx_word' id='word_1_704' title='bbox 1958 4625 2070 4682; x_wconf 91' lang='lat' dir='ltr'><strong>Do-</strong></span> <span class='ocrx_word' id='word_1_705' title='bbox 2099 4613 2150 4672; x_wconf 86' lang='grc' dir='ltr'><strong>Ῑ)</strong></span> <span class='ocrx_word' id='word_1_706' title='bbox 2175 4627 2323 4683; x_wconf 90' lang='lat' dir='ltr'><strong>mino</strong></span> <span class='ocrx_word' id='word_1_707' title='bbox 2353 4627 2493 4694; x_wconf 79' lang='lat' dir='ltr'><strong>ignis</strong></span> <span class='ocrx_word' id='word_1_708' title='bbox 2539 4641 2644 4680; x_wconf 92' lang='lat' dir='ltr'><strong>non</strong></span> <span class='ocrx_word' id='word_1_709' title='bbox 2675 4625 2946 4680; x_wconf 83' lang='lat' dir='ltr'><strong>ﬂectimus</strong></span> <span class='ocrx_word' id='word_1_710' title='bbox 2980 4640 3176 4695; x_wconf 89' lang='lat' dir='ltr'><strong>genua,</strong></span> <span class='ocrx_word' id='word_1_711' title='bbox 3228 4623 3450 4693; x_wconf 90' lang='lat' dir='ltr'><strong>quando</strong></span> <span class='ocrx_word' id='word_1_712' title='bbox 3476 4623 3755 4679; x_wconf 81' lang='lat' dir='ltr'><strong>Nabucho-</strong></span> 
     </span>
    </p>
   </div>
   <div class='ocr_carea' id='block_1_93' title="bbox 463 4697 2074 4779">
    <p class='ocr_par' dir='ltr' id='par_1_93' title="bbox 463 4697 2074 4779">
     <span class='ocr_line' id='line_1_93' title="bbox 463 4697 2074 4779; baseline 0.014 -28"><span class='ocrx_word' id='word_1_713' title='bbox 463 4697 718 4766; x_wconf 17' lang='lat' dir='ltr'><strong>iminum,</strong></span> <span class='ocrx_word' id='word_1_714' title='bbox 753 4717 888 4771; x_wconf 88' lang='lat' dir='ltr'><strong>quos</strong></span> <span class='ocrx_word' id='word_1_715' title='bbox 915 4703 1202 4763; x_wconf 87' lang='lat' dir='ltr'><strong>Psalmista</strong></span> <span class='ocrx_word' id='word_1_716' title='bbox 1228 4722 1651 4779; x_wconf 89' lang='lat' dir='ltr'><strong>commemorat,</strong></span> <span class='ocrx_word' id='word_1_717' title='bbox 1692 4713 1917 4772; x_wconf 91' lang='lat' dir='ltr'><strong>dicens:</strong></span> <span class='ocrx_word' id='word_1_718' title='bbox 1963 4718 2074 4773; x_wconf 88' lang='lat' dir='ltr'><strong>Do-</strong></span> 
     </span>
    </p>
   </div>
   <div class='ocr_carea' id='block_1_94' title="bbox 458 4792 2070 4873">
    <p class='ocr_par' dir='ltr' id='par_1_94' title="bbox 458 4792 2070 4873">
     <span class='ocr_line' id='line_1_94' title="bbox 458 4792 2070 4873; baseline 0.013 -28"><span class='ocrx_word' id='word_1_719' title='bbox 458 4808 608 4847; x_wconf 84' lang='lat' dir='ltr'><strong>-mus</strong></span> <span class='ocrx_word' id='word_1_720' title='bbox 634 4792 827 4861; x_wconf 85' lang='lat' dir='ltr'><strong>Israel,</strong></span> <span class='ocrx_word' id='word_1_721' title='bbox 857 4798 1142 4855; x_wconf 85' lang='lat' dir='ltr'><strong>benedicite</strong></span> <span class='ocrx_word' id='word_1_722' title='bbox 1171 4802 1428 4868; x_wconf 90' lang='lat' dir='ltr'><strong>Domino;</strong></span> <span class='ocrx_word' id='word_1_723' title='bbox 1461 4805 1648 4861; x_wconf 89' lang='lat' dir='ltr'><strong>domus</strong></span> <span class='ocrx_word' id='word_1_724' title='bbox 1686 4807 1888 4873; x_wconf 83' lang='lat' dir='ltr'><strong>Aaron,</strong></span> <span class='ocrx_word' id='word_1_725' title='bbox 1917 4810 2070 4866; x_wconf 87' lang='lat' dir='ltr'><strong>bene—</strong></span> 
     </span>
    </p>
   </div>
   <div class='ocr_carea' id='block_1_95' title="bbox 483 4884 2070 4974">
    <p class='ocr_par' dir='ltr' id='par_1_95' title="bbox 483 4884 2070 4974">
     <span class='ocr_line' id='line_1_95' title="bbox 483 4884 2070 4974; baseline 0.012 -37"><span class='ocrx_word' id='word_1_726' title='bbox 483 4884 645 4939; x_wconf 84' lang='lat' dir='ltr'><strong>dicite</strong></span> <span class='ocrx_word' id='word_1_727' title='bbox 670 4887 938 4944; x_wconf 88' lang='lat' dir='ltr'><strong>Domino:</strong></span> <span class='ocrx_word' id='word_1_728' title='bbox 969 4893 1156 4947; x_wconf 86' lang='lat' dir='ltr'><strong>domus</strong></span> <span class='ocrx_word' id='word_1_729' title='bbox 1196 4893 1338 4958; x_wconf 87' lang='lat' dir='ltr'><strong>Levi,</strong></span> <span class='ocrx_word' id='word_1_730' title='bbox 1371 4895 1655 4952; x_wconf 84' lang='lat' dir='ltr'><strong>benedicite</strong></span> <span class='ocrx_word' id='word_1_731' title='bbox 1685 4899 1911 4954; x_wconf 88' lang='lat' dir='ltr'><strong>Domino</strong></span> <span class='ocrx_word' id='word_1_732' title='bbox 1935 4916 1953 4953; x_wconf 88' lang='lat'><strong>.&#39;</strong></span> <span class='ocrx_word' id='word_1_733' title='bbox 1980 4904 2070 4974; x_wconf 89' lang='lat' dir='ltr'><strong>qui</strong></span> 
     </span>
    </p>
   </div>
   <div class='ocr_carea' id='block_1_96' title="bbox 455 4978 2070 5050">
    <p class='ocr_par' dir='ltr' id='par_1_96' title="bbox 455 4978 2070 5050">
     <span class='ocr_line' id='line_1_96' title="bbox 455 4978 2070 5050; baseline 0.012 -19"><span class='ocrx_word' id='word_1_734' title='bbox 455 4978 679 5032; x_wconf 86' lang='lat' dir='ltr'><strong>-timetis</strong></span> <span class='ocrx_word' id='word_1_735' title='bbox 734 4980 1036 5048; x_wconf 88' lang='lat' dir='ltr'><strong>Dominum,</strong></span> <span class='ocrx_word' id='word_1_736' title='bbox 1073 4985 1356 5041; x_wconf 84' lang='lat' dir='ltr'><strong>benedicite</strong></span> <span class='ocrx_word' id='word_1_737' title='bbox 1395 4987 1641 5044; x_wconf 81' lang='lat' dir='ltr'><strong>Domino.</strong></span> <span class='ocrx_word' id='word_1_738' title='bbox 1682 4991 1806 5046; x_wconf 88' lang='lat' dir='ltr'><strong>Illas</strong></span> <span class='ocrx_word' id='word_1_739' title='bbox 1849 4993 2070 5050; x_wconf 87' lang='lat' dir='ltr'><strong>benedi-</strong></span> 
     </span>
    </p>
   </div>
   <div class='ocr_carea' id='block_1_97' title="bbox 457 5070 2062 5148">
    <p class='ocr_par' dir='ltr' id='par_1_97' title="bbox 457 5070 2062 5148">
     <span class='ocr_line' id='line_1_97' title="bbox 457 5070 2062 5148; baseline 0.011 -23"><span class='ocrx_word' id='word_1_740' title='bbox 457 5109 460 5111; x_wconf 48' lang='grc' dir='ltr'>λ</span> <span class='ocrx_word' id='word_1_741' title='bbox 481 5070 693 5126; x_wconf 86' lang='lat' dir='ltr'><strong>ctiones</strong></span> <span class='ocrx_word' id='word_1_742' title='bbox 714 5073 791 5127; x_wconf 90' lang='lat' dir='ltr'><strong>ita</strong></span> <span class='ocrx_word' id='word_1_743' title='bbox 816 5075 1072 5145; x_wconf 85' lang='lat' dir='ltr'><strong>explanat</strong></span> <span class='ocrx_word' id='word_1_744' title='bbox 1091 5077 1427 5148; x_wconf 84' lang='lat' dir='ltr'><strong>Augustinus</strong></span> <span class='ocrx_word' id='word_1_745' title='bbox 1452 5081 1507 5134; x_wconf 89' lang='lat' dir='ltr'><strong>in</strong></span> <span class='ocrx_word' id='word_1_746' title='bbox 1533 5081 1672 5138; x_wconf 89' lang='lat' dir='ltr'><strong>libro</strong></span> <span class='ocrx_word' id='word_1_747' title='bbox 1687 5082 2028 5142; x_wconf 88' lang='lat' dir='ltr'><strong>Psalmorum</strong></span> <span class='ocrx_word' id='word_1_748' title='bbox 2049 5107 2062 5143; x_wconf 74' lang='grc' dir='ltr'>ε</span> 
     </span>
    </p>
   </div>
   <div class='ocr_carea' id='block_1_98' title="bbox 457 5159 2066 5238">
    <p class='ocr_par' dir='ltr' id='par_1_98' title="bbox 457 5159 2066 5238">
     <span class='ocr_line' id='line_1_98' title="bbox 457 5159 2066 5238; baseline 0.011 -23"><span class='ocrx_word' id='word_1_749' title='bbox 457 5169 459 5172; x_wconf 75' lang='lat'><em>‘</em></span> <span class='ocrx_word' id='word_1_750' title='bbox 484 5159 806 5229; x_wconf 86' lang='lat' dir='ltr'><strong>Benedicite,</strong></span> <span class='ocrx_word' id='word_1_751' title='bbox 836 5166 1036 5237; x_wconf 90' lang='lat' dir='ltr'><strong>populi,</strong></span> <span class='ocrx_word' id='word_1_752' title='bbox 1088 5167 1397 5236; x_wconf 88' lang='lat' dir='ltr'><strong>Dominum,</strong></span> <span class='ocrx_word' id='word_1_753' title='bbox 1422 5172 1526 5226; x_wconf 90' lang='lat' dir='ltr'><strong>hoc</strong></span> <span class='ocrx_word' id='word_1_754' title='bbox 1553 5181 1654 5238; x_wconf 88' lang='lat' dir='ltr'><strong>est,</strong></span> <span class='ocrx_word' id='word_1_755' title='bbox 1682 5174 1875 5233; x_wconf 89' lang='lat' dir='ltr'><strong>domus</strong></span> <span class='ocrx_word' id='word_1_756' title='bbox 1901 5178 2066 5234; x_wconf 91' lang='lat' dir='ltr'><strong>Israel</strong></span> 
     </span>
    </p>
   </div>
   <div class='ocr_carea' id='block_1_99' title="bbox 457 5255 2065 5332">
    <p class='ocr_par' dir='ltr' id='par_1_99' title="bbox 457 5255 2065 5332">
     <span class='ocr_line' id='line_1_99' title="bbox 457 5255 2065 5332; baseline 0.01 -22"><span class='ocrx_word' id='word_1_757' title='bbox 457 5255 842 5324; x_wconf 78' lang='lat' dir='ltr'><strong>generaliter;</strong></span> <span class='ocrx_word' id='word_1_758' title='bbox 877 5259 1178 5316; x_wconf 89' lang='lat' dir='ltr'><strong>benedicite</strong></span> <span class='ocrx_word' id='word_1_759' title='bbox 1228 5263 1527 5332; x_wconf 83' lang='lat' dir='ltr'><strong>praepositi,</strong></span> <span class='ocrx_word' id='word_1_760' title='bbox 1582 5264 1686 5320; x_wconf 91' lang='lat' dir='ltr'><strong>hoc</strong></span> <span class='ocrx_word' id='word_1_761' title='bbox 1725 5276 1828 5332; x_wconf 91' lang='lat' dir='ltr'><strong>est,</strong></span> <span class='ocrx_word' id='word_1_762' title='bbox 1872 5270 2065 5327; x_wconf 90' lang='lat' dir='ltr'><strong>domus</strong></span> 
     </span>
    </p>
   </div>
   <div class='ocr_carea' id='block_1_100' title="bbox 479 5342 2062 5423">
    <p class='ocr_par' dir='ltr' id='par_1_100' title="bbox 479 5342 2062 5423">
     <span class='ocr_line' id='line_1_100' title="bbox 479 5342 2062 5423; baseline 0.011 -26"><span class='ocrx_word' id='word_1_763' title='bbox 479 5342 695 5411; x_wconf 82' lang='lat' dir='ltr'><strong>Aaron;</strong></span> <span class='ocrx_word' id='word_1_764' title='bbox 749 5347 1073 5416; x_wconf 87' lang='lat' dir='ltr'><strong>benedicite,</strong></span> <span class='ocrx_word' id='word_1_765' title='bbox 1130 5351 1363 5406; x_wconf 90' lang='lat' dir='ltr'><strong>ministri</strong></span> <span class='ocrx_word' id='word_1_766' title='bbox 1416 5352 1535 5421; x_wconf 92' lang='lat' dir='ltr'><strong>Dei,</strong></span> <span class='ocrx_word' id='word_1_767' title='bbox 1583 5355 1686 5410; x_wconf 89' lang='lat' dir='ltr'><strong>hoc</strong></span> <span class='ocrx_word' id='word_1_768' title='bbox 1715 5367 1832 5423; x_wconf 91' lang='lat' dir='ltr'><strong>est,</strong></span> <span class='ocrx_word' id='word_1_769' title='bbox 1872 5360 2062 5416; x_wconf 92' lang='lat' dir='ltr'><strong>domus</strong></span> 
     </span>
    </p>
   </div>
   <div class='ocr_carea' id='block_1_101' title="bbox 480 5433 2058 5517">
    <p class='ocr_par' dir='ltr' id='par_1_101' title="bbox 480 5433 2058 5517">
     <span class='ocr_line' id='line_1_101' title="bbox 480 5433 2058 5517; baseline 0.01 -25"><span class='ocrx_word' id='word_1_770' title='bbox 480 5433 649 5502; x_wconf 86' lang='lat' dir='ltr'><strong>Levi;</strong></span> <span class='ocrx_word' id='word_1_771' title='bbox 683 5439 776 5510; x_wconf 91' lang='lat' dir='ltr'><strong>qui</strong></span> <span class='ocrx_word' id='word_1_772' title='bbox 807 5440 872 5496; x_wconf 90' lang='lat' dir='ltr'><strong>de</strong></span> <span class='ocrx_word' id='word_1_773' title='bbox 900 5443 1115 5499; x_wconf 64' lang='lat' dir='ltr'><strong>caneris</strong></span> <span class='ocrx_word' id='word_1_774' title='bbox 1141 5445 1453 5501; x_wconf 89' lang='lat' dir='ltr'><strong>nationibus</strong></span> <span class='ocrx_word' id='word_1_775' title='bbox 1491 5447 1706 5514; x_wconf 89' lang='lat' dir='ltr'><strong>timetis</strong></span> <span class='ocrx_word' id='word_1_776' title='bbox 1750 5436 2058 5517; x_wconf 73' lang='lat' dir='ltr'><strong>Dominum,</strong></span> 
     </span>
    </p>
   </div>
   <div class='ocr_carea' id='block_1_102' title="bbox 481 5527 2063 5608">
    <p class='ocr_par' dir='ltr' id='par_1_102' title="bbox 481 5527 2063 5608">
     <span class='ocr_line' id='line_1_102' title="bbox 481 5527 2063 5608; baseline 0.009 -27"><span class='ocrx_word' id='word_1_777' title='bbox 481 5527 786 5587; x_wconf 89' lang='lat' dir='ltr'><strong>benedicite</strong></span> <span class='ocrx_word' id='word_1_778' title='bbox 814 5532 1062 5588; x_wconf 91' lang='lat' dir='ltr'><strong>Domino.</strong></span> <span class='ocrx_word' id='word_1_779' title='bbox 1095 5534 1455 5607; x_wconf 86' lang='lat' dir='ltr'><strong>Omnes&#39;ergo</strong></span> <span class='ocrx_word' id='word_1_780' title='bbox 1485 5554 1591 5593; x_wconf 91' lang='lat' dir='ltr'><strong>una</strong></span> <span class='ocrx_word' id='word_1_781' title='bbox 1637 5555 1770 5594; x_wconf 90' lang='lat' dir='ltr'><strong>voce</strong></span> <span class='ocrx_word' id='word_1_782' title='bbox 1800 5540 2063 5608; x_wconf 89' lang='lat' dir='ltr'><strong>dicamus,</strong></span> 
     </span>
    </p>
   </div>
   <div class='ocr_carea' id='block_1_103' title="bbox 481 5619 2070 5702">
    <p class='ocr_par' dir='ltr' id='par_1_103' title="bbox 481 5619 2070 5702">
     <span class='ocr_line' id='line_1_103' title="bbox 481 5619 2070 5702; baseline 0.013 -34"><span class='ocrx_word' id='word_1_783' title='bbox 481 5619 624 5688; x_wconf 85' lang='lat' dir='ltr'><strong>quod</strong></span> <span class='ocrx_word' id='word_1_784' title='bbox 637 5624 881 5690; x_wconf 90' lang='lat' dir='ltr'><strong>sequitur</strong></span> <span class='ocrx_word' id='word_1_785' title='bbox 898 5643 909 5676; x_wconf 90' lang='lat'><strong>:</strong></span> <span class='ocrx_word' id='word_1_786' title='bbox 925 5625 1236 5682; x_wconf 87' lang='lat' dir='ltr'><strong>Benedictus</strong></span> <span class='ocrx_word' id='word_1_787' title='bbox 1249 5629 1508 5685; x_wconf 89' lang='lat' dir='ltr'><strong>Dominus</strong></span> <span class='ocrx_word' id='word_1_788' title='bbox 1521 5648 1587 5686; x_wconf 81' lang='lat' dir='ltr'><strong>ex</strong></span> <span class='ocrx_word' id='word_1_789' title='bbox 1598 5630 1751 5697; x_wconf 88' lang='lat' dir='ltr'><strong>Sion,</strong></span> <span class='ocrx_word' id='word_1_790' title='bbox 1765 5625 1854 5702; x_wconf 82' lang='lat' dir='ltr'><strong>qui</strong></span> <span class='ocrx_word' id='word_1_791' title='bbox 1868 5633 2070 5688; x_wconf 76' lang='lat' dir='ltr'><strong>habita-</strong></span> 
     </span>
    </p>
   </div>
   <div class='ocr_carea' id='block_1_104' title="bbox 449 5708 2062 5780">
    <p class='ocr_par' dir='ltr' id='par_1_104' title="bbox 449 5708 2062 5780">
     <span class='ocr_line' id='line_1_104' title="bbox 449 5708 2062 5780; baseline 0.011 -16"><span class='ocrx_word' id='word_1_792' title='bbox 449 5759 454 5764; x_wconf 85' lang='lat'><strong>.</strong></span> <span class='ocrx_word' id='word_1_793' title='bbox 481 5708 569 5763; x_wconf 86' lang='lat' dir='ltr'><strong>bat</strong></span> <span class='ocrx_word' id='word_1_794' title='bbox 596 5710 650 5764; x_wconf 89' lang='lat' dir='ltr'><strong>in</strong></span> <span class='ocrx_word' id='word_1_795' title='bbox 664 5710 980 5770; x_wconf 82' lang='lat' dir='ltr'><strong>Jerusalem.</strong></span> <span class='ocrx_word' id='word_1_796' title='bbox 1000 5717 1060 5771; x_wconf 88' lang='lat' dir='ltr'><strong>In</strong></span> <span class='ocrx_word' id='word_1_797' title='bbox 1086 5717 1207 5773; x_wconf 84' lang='lat' dir='ltr'><strong>istis</strong></span> <span class='ocrx_word' id='word_1_798' title='bbox 1234 5719 1555 5778; x_wconf 88' lang='lat' dir='ltr'><strong>lectionibus</strong></span> <span class='ocrx_word' id='word_1_799' title='bbox 1583 5723 1896 5780; x_wconf 87' lang='lat' dir='ltr'><strong>imbuuntur</strong></span> <span class='ocrx_word' id='word_1_800' title='bbox 1916 5725 2062 5780; x_wconf 87' lang='lat' dir='ltr'><strong>ordi-</strong></span> 
     </span>
    </p>
   </div>
   <div class='ocr_carea' id='block_1_105' title="bbox 478 5803 2062 5886">
    <p class='ocr_par' dir='ltr' id='par_1_105' title="bbox 478 5803 2062 5886">
     <span class='ocr_line' id='line_1_105' title="bbox 478 5803 2062 5886; baseline 0.011 -28"><span class='ocrx_word' id='word_1_801' title='bbox 478 5803 645 5858; x_wconf 80' lang='lat' dir='ltr'><strong>nandi</strong></span> <span class='ocrx_word' id='word_1_802' title='bbox 660 5805 726 5860; x_wconf 87' lang='lat' dir='ltr'><strong>ad</strong></span> <span class='ocrx_word' id='word_1_803' title='bbox 739 5808 980 5877; x_wconf 84' lang='lat' dir='ltr'><strong>exempla</strong></span> <span class='ocrx_word' id='word_1_804' title='bbox 994 5818 1303 5866; x_wconf 87' lang='lat' dir='ltr'><strong>sanctorum</strong></span> <span class='ocrx_word' id='word_1_805' title='bbox 1315 5823 1548 5884; x_wconf 89' lang='lat' dir='ltr'><strong>quatuor</strong></span> <span class='ocrx_word' id='word_1_806' title='bbox 1556 5817 1805 5874; x_wconf 89' lang='lat' dir='ltr'><strong>ordinum</strong></span> <span class='ocrx_word' id='word_1_807' title='bbox 1819 5817 2062 5886; x_wconf 87' lang='lat' dir='ltr'><strong>Patrum,</strong></span> 
     </span>
    </p>
   </div>
   <div class='ocr_carea' id='block_1_106' title="bbox 2175 4715 3754 4788">
    <p class='ocr_par' dir='ltr' id='par_1_106' title="bbox 2175 4715 3754 4788">
     <span class='ocr_line' id='line_1_106' title="bbox 2175 4715 3754 4788; baseline -0.001 -15"><span class='ocrx_word' id='word_1_808' title='bbox 2175 4719 2410 4773; x_wconf 88' lang='lat' dir='ltr'><strong>donosor</strong></span> <span class='ocrx_word' id='word_1_809' title='bbox 2432 4717 2787 4788; x_wconf 87' lang='lat' dir='ltr'><strong>compellebat</strong></span> <span class='ocrx_word' id='word_1_810' title='bbox 2817 4715 3071 4788; x_wconf 89' lang='lat' dir='ltr'><strong>populum</strong></span> <span class='ocrx_word' id='word_1_811' title='bbox 3103 4725 3162 4771; x_wconf 92' lang='lat' dir='ltr'><strong>ut</strong></span> <span class='ocrx_word' id='word_1_812' title='bbox 3188 4716 3487 4771; x_wconf 87' lang='lat' dir='ltr'><strong>adorarent</strong></span> <span class='ocrx_word' id='word_1_813' title='bbox 3526 4726 3754 4772; x_wconf 82' lang='lat' dir='ltr'><strong>statuam</strong></span> 
     </span>
    </p>
   </div>
   <div class='ocr_carea' id='block_1_107' title="bbox 2150 4806 3751 4880">
    <p class='ocr_par' dir='ltr' id='par_1_107' title="bbox 2150 4806 3751 4880">
     <span class='ocr_line' id='line_1_107' title="bbox 2150 4806 3751 4880; baseline -0.003 -16"><span class='ocrx_word' id='word_1_814' title='bbox 2150 4825 2331 4880; x_wconf 83' lang='lat' dir='ltr'><strong>quam</strong></span> <span class='ocrx_word' id='word_1_815' title='bbox 2366 4809 2512 4874; x_wconf 86' lang='lat' dir='ltr'><strong>fecit,</strong></span> <span class='ocrx_word' id='word_1_816' title='bbox 2546 4818 2606 4864; x_wconf 91' lang='lat' dir='ltr'><strong>ut</strong></span> <span class='ocrx_word' id='word_1_817' title='bbox 2631 4817 2879 4878; x_wconf 84' lang='lat' dir='ltr'><strong>separata</strong></span> <span class='ocrx_word' id='word_1_818' title='bbox 2903 4809 2974 4863; x_wconf 90' lang='lat' dir='ltr'><strong>sit</strong></span> <span class='ocrx_word' id='word_1_819' title='bbox 3002 4816 3128 4863; x_wconf 91' lang='lat' dir='ltr'><strong>nota</strong></span> <span class='ocrx_word' id='word_1_820' title='bbox 3163 4808 3365 4873; x_wconf 82' lang='lat' dir='ltr'><strong>oratio,</strong></span> <span class='ocrx_word' id='word_1_821' title='bbox 3400 4824 3528 4879; x_wconf 67' lang='lat' dir='ltr'><strong>quas</strong></span> <span class='ocrx_word' id='word_1_822' title='bbox 3556 4819 3644 4864; x_wconf 88' lang='lat' dir='ltr'><strong>est</strong></span> <span class='ocrx_word' id='word_1_823' title='bbox 3688 4806 3751 4861; x_wconf 81' lang='lat' dir='ltr'><strong>ad</strong></span> 
     </span>
    </p>
   </div>
   <div class='ocr_carea' id='block_1_108' title="bbox 2149 4898 3749 4970">
    <p class='ocr_par' dir='ltr' id='par_1_108' title="bbox 2149 4898 3749 4970">
     <span class='ocr_line' id='line_1_108' title="bbox 2149 4898 3749 4970; baseline -0.001 -18"><span class='ocrx_word' id='word_1_824' title='bbox 2149 4913 2336 4959; x_wconf 37' lang='lat' dir='ltr'><strong>.unum</strong></span> <span class='ocrx_word' id='word_1_825' title='bbox 2358 4914 2547 4954; x_wconf 89' lang='lat' dir='ltr'><strong>verum</strong></span> <span class='ocrx_word' id='word_1_826' title='bbox 2575 4899 2768 4964; x_wconf 89' lang='lat' dir='ltr'><strong>Deum,</strong></span> <span class='ocrx_word' id='word_1_827' title='bbox 2796 4899 2864 4953; x_wconf 84' lang='lat' dir='ltr'><strong>ab</strong></span> <span class='ocrx_word' id='word_1_828' title='bbox 2886 4913 3070 4954; x_wconf 87' lang='lat' dir='ltr'><strong>errore</strong></span> <span class='ocrx_word' id='word_1_829' title='bbox 3092 4898 3395 4970; x_wconf 87' lang='lat' dir='ltr'><strong>gentilium.</strong></span> <span class='ocrx_word' id='word_1_830' title='bbox 3418 4899 3483 4954; x_wconf 93' lang='lat' dir='ltr'><strong>In</strong></span> <span class='ocrx_word' id='word_1_831' title='bbox 3512 4899 3620 4954; x_wconf 78' lang='lat' dir='ltr'><strong>sola</strong></span> <span class='ocrx_word' id='word_1_832' title='bbox 3651 4899 3749 4952; x_wconf 78' lang='lat' dir='ltr'><strong>ista</strong></span> 
     </span>
    </p>
   </div>
   <div class='ocr_carea' id='block_1_109' title="bbox 2171 4991 3754 5061">
    <p class='ocr_par' dir='ltr' id='par_1_109' title="bbox 2171 4991 3754 5061">
     <span class='ocr_line' id='line_1_109' title="bbox 2171 4991 3754 5061; baseline -0.002 -14"><span class='ocrx_word' id='word_1_833' title='bbox 2171 4992 2418 5047; x_wconf 83' lang='lat' dir='ltr'><strong>oratione</strong></span> <span class='ocrx_word' id='word_1_834' title='bbox 2437 5007 2542 5060; x_wconf 89' lang='lat' dir='ltr'><strong>qua</strong></span> <span class='ocrx_word' id='word_1_835' title='bbox 2569 4991 2924 5061; x_wconf 88' lang='lat' dir='ltr'><strong>deprecamur</strong></span> <span class='ocrx_word' id='word_1_836' title='bbox 2945 4992 3079 5060; x_wconf 91' lang='lat' dir='ltr'><strong>eripi</strong></span> <span class='ocrx_word' id='word_1_837' title='bbox 3105 4991 3174 5046; x_wconf 91' lang='lat' dir='ltr'><strong>ab</strong></span> <span class='ocrx_word' id='word_1_838' title='bbox 3195 4991 3450 5048; x_wconf 89' lang='lat' dir='ltr'><strong>incendio</strong></span> <span class='ocrx_word' id='word_1_839' title='bbox 3479 4993 3754 5054; x_wconf 88' lang='lat' dir='ltr'><strong>vitiorum,</strong></span> 
     </span>
    </p>
   </div>
   <div class='ocr_carea' id='block_1_110' title="bbox 2173 5082 3760 5154">
    <p class='ocr_par' dir='ltr' id='par_1_110' title="bbox 2173 5082 3760 5154">
     <span class='ocr_line' id='line_1_110' title="bbox 2173 5082 3760 5154; baseline -0.001 -16"><span class='ocrx_word' id='word_1_840' title='bbox 2173 5084 2316 5139; x_wconf 88' lang='lat' dir='ltr'><strong>sicut</strong></span> <span class='ocrx_word' id='word_1_841' title='bbox 2339 5091 2448 5138; x_wconf 91' lang='lat' dir='ltr'><strong>tres</strong></span> <span class='ocrx_word' id='word_1_842' title='bbox 2473 5083 2625 5153; x_wconf 90' lang='lat' dir='ltr'><strong>pueri</strong></span> <span class='ocrx_word' id='word_1_843' title='bbox 2653 5083 2824 5154; x_wconf 91' lang='lat' dir='ltr'><strong>erepti</strong></span> <span class='ocrx_word' id='word_1_844' title='bbox 2856 5091 2983 5138; x_wconf 89' lang='lat' dir='ltr'><strong>sunt</strong></span> <span class='ocrx_word' id='word_1_845' title='bbox 3009 5083 3075 5139; x_wconf 86' lang='lat' dir='ltr'><strong>de</strong></span> <span class='ocrx_word' id='word_1_846' title='bbox 3101 5082 3318 5138; x_wconf 85' lang='lat' dir='ltr'><strong>camino</strong></span> <span class='ocrx_word' id='word_1_847' title='bbox 3342 5083 3510 5154; x_wconf 83' lang='lat' dir='ltr'><strong>ignis,</strong></span> <span class='ocrx_word' id='word_1_848' title='bbox 3541 5090 3760 5154; x_wconf 68' lang='lat' dir='ltr'><strong>praeter-</strong></span> 
     </span>
    </p>
   </div>
   <div class='ocr_carea' id='block_1_111' title="bbox 2173 5172 2919 5244">
    <p class='ocr_par' dir='ltr' id='par_1_111' title="bbox 2173 5172 2919 5244">
     <span class='ocr_line' id='line_1_111' title="bbox 2173 5172 2919 5244; baseline 0 -16"><span class='ocrx_word' id='word_1_849' title='bbox 2173 5172 2438 5228; x_wconf 90' lang='lat' dir='ltr'><strong>mittimus</strong></span> <span class='ocrx_word' id='word_1_850' title='bbox 2471 5173 2919 5244; x_wconf 77' lang='lat' dir='ltr'><strong>genuflexionem.</strong></span> 
     </span>
    </p>
   </div>
   <div class='ocr_carea' id='block_1_112' title="bbox 2791 5283 3142 5341">
    <p class='ocr_par' dir='ltr' id='par_1_112' title="bbox 2791 5283 3142 5341">
     <span class='ocr_line' id='line_1_112' title="bbox 2791 5283 3142 5341; baseline -0.003 -1"><span class='ocrx_word' id='word_1_851' title='bbox 2791 5283 3020 5341; x_wconf 86' lang='lat' dir='ltr'><strong>CAPUT</strong></span> <span class='ocrx_word' id='word_1_852' title='bbox 3053 5283 3142 5339; x_wconf 84' lang='lat' dir='ltr'><strong>IV.</strong></span> 
     </span>
    </p>
   </div>
   <div class='ocr_carea' id='block_1_113' title="bbox 2240 5373 3684 5447">
    <p class='ocr_par' dir='ltr' id='par_1_113' title="bbox 2240 5373 3684 5447">
     <span class='ocr_line' id='line_1_113' title="bbox 2240 5373 3684 5447; baseline -0.002 -16"><span class='ocrx_word' id='word_1_853' title='bbox 2240 5375 2318 5431; x_wconf 90' lang='lat' dir='ltr'><strong>De</strong></span> <span class='ocrx_word' id='word_1_854' title='bbox 2345 5373 2564 5441; x_wconf 87' lang='lat' dir='ltr'><strong>clericis,</strong></span> <span class='ocrx_word' id='word_1_855' title='bbox 2597 5393 2698 5447; x_wconf 89' lang='lat' dir='ltr'><strong>quo</strong></span> <span class='ocrx_word' id='word_1_856' title='bbox 2731 5377 2935 5430; x_wconf 89' lang='lat' dir='ltr'><strong>nomine</strong></span> <span class='ocrx_word' id='word_1_857' title='bbox 2963 5375 3383 5446; x_wconf 85' lang='lat' dir='ltr'><strong>generaliternos</strong></span> <span class='ocrx_word' id='word_1_858' title='bbox 3409 5391 3684 5429; x_wconf 71' lang='lat' dir='ltr'><strong>vocamur.</strong></span> 
     </span>
    </p>
   </div>
   <div class='ocr_carea' id='block_1_114' title="bbox 2242 5463 3756 5537">
    <p class='ocr_par' dir='ltr' id='par_1_114' title="bbox 2242 5463 3756 5537">
     <span class='ocr_line' id='line_1_114' title="bbox 2242 5463 3756 5537; baseline 0.001 -20"><span class='ocrx_word' id='word_1_859' title='bbox 2242 5464 2382 5518; x_wconf 91' lang='lat' dir='ltr'><strong>Dicit</strong></span> <span class='ocrx_word' id='word_1_860' title='bbox 2413 5464 2773 5535; x_wconf 85' lang='lat' dir='ltr'><strong>Hieronymus</strong></span> <span class='ocrx_word' id='word_1_861' title='bbox 2799 5464 2865 5519; x_wconf 90' lang='lat' dir='ltr'><strong>ad</strong></span> <span class='ocrx_word' id='word_1_862' title='bbox 2894 5465 3254 5536; x_wconf 82' lang='lat' dir='ltr'><strong>Nepotianum</strong></span> <span class='ocrx_word' id='word_1_863' title='bbox 3282 5466 3670 5537; x_wconf 83' lang='lat' dir='ltr'><strong>presbyterum</strong></span> <span class='ocrx_word' id='word_1_864' title='bbox 3686 5463 3756 5519; x_wconf 85' lang='lat' dir='ltr'><strong>de</strong></span> 
     </span>
    </p>
   </div>
   <div class='ocr_carea' id='block_1_115' title="bbox 2171 5553 3756 5627">
    <p class='ocr_par' dir='ltr' id='par_1_115' title="bbox 2171 5553 3756 5627">
     <span class='ocr_line' id='line_1_115' title="bbox 2171 5553 3756 5627; baseline 0.004 -18"><span class='ocrx_word' id='word_1_865' title='bbox 2171 5553 2292 5609; x_wconf 74' lang='lat' dir='ltr'><strong>Vita</strong></span> <span class='ocrx_word' id='word_1_866' title='bbox 2319 5554 2639 5609; x_wconf 89' lang='lat' dir='ltr'><strong>clericorum</strong></span> <span class='ocrx_word' id='word_1_867' title='bbox 2665 5555 2749 5611; x_wconf 87' lang='lat' dir='ltr'><strong>vel</strong></span> <span class='ocrx_word' id='word_1_868' title='bbox 2779 5556 3170 5611; x_wconf 89' lang='lat' dir='ltr'><strong>monachorum</strong></span> <span class='ocrx_word' id='word_1_869' title='bbox 3199 5574 3214 5610; x_wconf 89' lang='lat'><strong>:</strong></span> <span class='ocrx_word' id='word_1_870' title='bbox 3245 5555 3492 5611; x_wconf 86' lang='lat' dir='ltr'><strong>Clericus</strong></span> <span class='ocrx_word' id='word_1_871' title='bbox 3518 5563 3628 5616; x_wconf 76' lang='lat' dir='ltr'><strong>est.</strong></span> <span class='ocrx_word' id='word_1_872' title='bbox 3661 5555 3756 5627; x_wconf 77' lang='lat' dir='ltr'><strong>qui</strong></span> 
     </span>
    </p>
   </div>
   <div class='ocr_carea' id='block_1_116' title="bbox 2171 5640 3757 5719">
    <p class='ocr_par' dir='ltr' id='par_1_116' title="bbox 2171 5640 3757 5719">
     <span class='ocr_line' id='line_1_116' title="bbox 2171 5640 3757 5719; baseline 0.004 -22"><span class='ocrx_word' id='word_1_873' title='bbox 2171 5640 2373 5698; x_wconf 89' lang='lat' dir='ltr'><strong>Christi</strong></span> <span class='ocrx_word' id='word_1_874' title='bbox 2402 5645 2570 5698; x_wconf 84' lang='lat' dir='ltr'><strong>servit</strong></span> <span class='ocrx_word' id='word_1_875' title='bbox 2596 5644 2868 5701; x_wconf 63' lang='lat' dir='ltr'><strong>Ecclesiae.</strong></span> <span class='ocrx_word' id='word_1_876' title='bbox 2894 5647 3288 5716; x_wconf 89' lang='lat' dir='ltr'><strong>lnterpretetur</strong></span> <span class='ocrx_word' id='word_1_877' title='bbox 3308 5648 3548 5719; x_wconf 88' lang='lat' dir='ltr'><strong>primum</strong></span> <span class='ocrx_word' id='word_1_878' title='bbox 3593 5662 3757 5703; x_wconf 72' lang='lat' dir='ltr'><strong>voca-</strong></span> 
     </span>
    </p>
   </div>
   <div class='ocr_carea' id='block_1_117' title="bbox 2167 5731 3758 5810">
    <p class='ocr_par' dir='ltr' id='par_1_117' title="bbox 2167 5731 3758 5810">
     <span class='ocr_line' id='line_1_117' title="bbox 2167 5731 3758 5810; baseline 0.003 -22"><span class='ocrx_word' id='word_1_879' title='bbox 2167 5731 2352 5788; x_wconf 91' lang='lat' dir='ltr'><strong>bulum</strong></span> <span class='ocrx_word' id='word_1_880' title='bbox 2381 5749 2561 5800; x_wconf 88' lang='lat' dir='ltr'><strong>suum,</strong></span> <span class='ocrx_word' id='word_1_881' title='bbox 2599 5745 2654 5790; x_wconf 90' lang='lat' dir='ltr'><strong>et</strong></span> <span class='ocrx_word' id='word_1_882' title='bbox 2679 5736 2915 5790; x_wconf 90' lang='lat' dir='ltr'><strong>nominis</strong></span> <span class='ocrx_word' id='word_1_883' title='bbox 2942 5736 3264 5794; x_wconf 83' lang='lat' dir='ltr'><strong>dillinitione</strong></span> <span class='ocrx_word' id='word_1_884' title='bbox 3287 5737 3512 5810; x_wconf 60' lang='lat' dir='ltr'><strong>praelata</strong></span> <span class='ocrx_word' id='word_1_885' title='bbox 3540 5737 3758 5792; x_wconf 75' lang='lat' dir='ltr'><strong>nitatur</strong></span> 
     </span>
    </p>
   </div>
   <div class='ocr_carea' id='block_1_118' title="bbox 2167 5826 3753 5898">
    <p class='ocr_par' dir='ltr' id='par_1_118' title="bbox 2167 5826 3753 5898">
     <span class='ocr_line' id='line_1_118' title="bbox 2167 5826 3753 5898; baseline 0.001 -17"><span class='ocrx_word' id='word_1_886' title='bbox 2167 5837 2288 5881; x_wconf 88' lang='lat' dir='ltr'><strong>esse</strong></span> <span class='ocrx_word' id='word_1_887' title='bbox 2333 5826 2476 5896; x_wconf 90' lang='lat' dir='ltr'><strong>quod</strong></span> <span class='ocrx_word' id='word_1_888' title='bbox 2506 5826 2722 5884; x_wconf 89' lang='lat' dir='ltr'><strong>dicitur.</strong></span> <span class='ocrx_word' id='word_1_889' title='bbox 2756 5826 2845 5887; x_wconf 89' lang='lat' dir='ltr'><strong>Sic</strong></span> <span class='ocrx_word' id='word_1_890' title='bbox 2887 5828 3030 5886; x_wconf 87' lang='lat' dir='ltr'><strong>enim</strong></span> <span class='ocrx_word' id='word_1_891' title='bbox 3059 5828 3240 5886; x_wconf 87' lang='lat' dir='ltr'><strong>clerus</strong></span> <span class='ocrx_word' id='word_1_892' title='bbox 3285 5844 3406 5886; x_wconf 88' lang='lat' dir='ltr'><strong>sors</strong></span> <span class='ocrx_word' id='word_1_893' title='bbox 3428 5828 3628 5884; x_wconf 79' lang='lat' dir='ltr'><strong>Latine</strong></span> <span class='ocrx_word' id='word_1_894' title='bbox 3651 5841 3753 5898; x_wconf 79' lang='lat' dir='ltr'><strong>sp-</strong></span> 
     </span>
    </p>
   </div>
   <div class='ocr_carea' id='block_1_119' title="bbox 3459 5239 3485 5254">
    <p class='ocr_par' dir='ltr' id='par_1_119' title="bbox 3459 5239 3485 5254">
     <span class='ocr_line' id='line_1_119' title="bbox 3459 5239 3485 5254; baseline 0 0"><span class='ocrx_word' id='word_1_895' title='bbox 3459 5239 3485 5254; x_wconf 61' lang='grc' dir='ltr'><em>θ</em></span> 
     </span>
    </p>
   </div>
  </div>
