3978 6450
217 415 341 474 1081

942 408 1031 464 DE
1069 407 1618 467 ECCLESIASTICIS
1654 407 1942 466 OFFICIIS
1977 406 2155 464 LIBRI
2192 408 2280 464 IV.
2319 437 2394 450 -—
2425 407 2554 466 LIB.
2598 410 2660 465 Π.

3289 414 3430 472 1082

211 529 461 604 pellatur;
510 529 794 595 propterea
838 533 1100 578 vocantur
1144 524 1352 589 clerici,
1403 523 1488 578 vel
1531 523 1658 594 quia
1705 523 1770 576 de
1796 524 1848 584 Α
1874 536 2016 592 saepe
2043 520 2304 577 suﬁ‘oeare
2345 524 2568 578 verbum
2610 522 2957 580 seminantcs.
2996 524 3146 583 Unde
3175 524 3436 584 Dominus

209 629 348 678 sorte
374 623 499 672 sunt
528 615 760 678 Domini,
790 614 876 668 vel
903 614 1030 684 quia
1072 614 1331 670 Dominus
1362 615 1477 685 ipse
1523 629 1663 679 sors,
1715 613 1770 668 id

207 718 304 773 est,
346 721 472 778 pars
499 704 822 760 clericorum
867 714 970 759 est.
1005 704 1107 771 Qui
1154 715 1332 761 autem
1368 705 1453 760 vel
1497 705 1612 776 ipse
1642 719 1771 775 pars

206 800 412 860 Domini
461 807 562 860 est,
595 797 677 852 vel
705 797 992 852 Dominum
1024 809 1230 868 partem
1275 799 1455 863 habet,
1501 797 1664 851 talem
1711 811 1771 851 se

204 890 452 948 exhibere
480 888 658 950 debet,
686 895 745 941 ut
768 887 1042 958 possideat
1070 889 1378 955 Dominum,
1408 896 1462 944 et
1499 888 1614 957 ipse
1650 903 1772 960 pos-

203 981 438 1038 sideatur
464 993 494 1033 a
523 977 770 1031 Domino.
799 977 900 1045 Qui
946 979 1231 1034 Dominum
1272 979 1536 1050 possidet,
1567 988 1622 1034 et
1642 995 1768 1035 eum

201 1069 462 1139 Propheta
498 1067 652 1132 dicit,
686 1065 823 1121 Pars
853 1083 967 1122 mea
1018 1067 1293 1134 Dominus,
1327 1067 1459 1123 nihil
1483 1076 1636 1122 extra
1664 1069 1769 1124 Do-

201 1162 398 1218 minum
427 1159 628 1213 habere
679 1165 873 1228 potest.
906 1157 1061 1224 Quod
1089 1158 1135 1212 si
1176 1158 1453 1228 quippiam
1483 1158 1630 1212 aliud
1671 1159 1768 1213 ha-

198 1252 370 1308 buerit
400 1259 598 1319 praeter
624 1247 933 1312 Dominum,
981 1263 1107 1318 pars
1145 1249 1261 1318 ejus
1308 1265 1414 1303 non
1446 1250 1551 1302 erit
1591 1250 1770 1304 Domi-

199 1358 322 1407 nus;
354 1341 504 1396 verbi
537 1340 708 1411 gratia
732 1379 749 1404 ,
791 1339 837 1394 si
881 1354 1094 1403 aurum,
1142 1339 1188 1393 si
1223 1347 1530 1409 argentum,
1559 1339 1604 1394 si
1639 1356 1767 1410 pos-

197 1432 476 1492 sessiones,
509 1440 564 1484 et
591 1438 806 1494 caetera,
845 1429 958 1484 sive
986 1438 1254 1493 comatus,
1296 1430 1411 1484 sive
1438 1445 1577 1500 papa
1602 1431 1694 1496 sit,
1722 1432 1768 1486 si

196 1524 440 1579 habuerit
463 1522 662 1592 aliquid
687 1531 886 1594 praeter
911 1523 1219 1588 Dominum,
1267 1521 1500 1578 clericus
1527 1539 1634 1578 non
1661 1533 1765 1580 est.

812 1635 1040 1691 CAPUT
1080 1637 1144 1690 ν.

814 1705 892 1760 De
929 1716 1165 1760 tonsura.

259 1799 689 1871 Caputnostrum
718 1799 988 1870 signiﬁcat
1007 1799 1301 1868 principale
1322 1800 1518 1854 mentis
1542 1809 1762 1867 nostrae,

1872 613 2004 668 dicit
2026 614 2080 667 in
2104 613 2392 685 Evangelio
2419 631 2432 668 :
2465 614 2618 680 Quod
2649 625 2824 670 autem
2849 618 3033 671 cecidit
3065 619 3120 672 in
3144 620 3306 689 spinis
3326 621 3358 684 ,'
3382 621 3440 673 hi

1869 711 1988 757 sunt
2014 705 2104 773 qui
2131 703 2436 769 audierunt,
2465 714 2513 758 et
2544 723 2575 759 a
2601 705 3041 762 sollicitudinibus
3063 719 3112 762 et
3157 709 3350 765 divitiis
3391 720 3445 764 et

1867 794 2218 866 voluptatibus
2248 797 2366 851 vita:
2393 806 2572 851 euntes
2597 799 2947 868 su/focantur,
2977 809 3026 852 et
3061 816 3164 854 non
3202 801 3440 871 referunt

1869 886 2119 956 fructum.
2168 887 2450 943 Discamus
2484 889 2647 942 etiam
2676 903 2742 944 ex
2781 890 2962 944 verbis
2991 890 3163 945 sancti
3191 889 3444 962 Gregorii

1868 976 1996 1046 quid
2048 975 2178 1031 illud
2207 978 2474 1047 signiﬁcet
2518 980 2662 1048 quod
2692 981 2744 1034 in
2785 988 3027 1050 tempore
3067 981 3258 1052 ieiunii
3285 992 3440 1037 extra

1868 1079 2076 1120 morem
2117 1066 2337 1120 solitum
2381 1067 2608 1137 capillos
2634 1068 2873 1138 occipitii
2900 1071 3014 1124 sive
3059 1070 3286 1126 barbam
3316 1086 3445 1141 per-

1869 1157 2137 1212 mittimus
2166 1173 2434 1214 crescere.
2465 1159 2611 1214 Idem
2637 1161 2691 1215 in
2715 1162 2905 1216 eodem
2935 1178 3042 1232 quo
3068 1178 3232 1234 supra
3257 1182 3270 1218 :
3297 1162 3442 1230 Quid

1869 1256 1953 1304 est
1977 1249 2123 1304 enim
2153 1251 2299 1320 quod
2323 1250 2564 1306 Nazaraei
2592 1252 2814 1322 capillos
2839 1256 3106 1320 nutriunt,
3147 1257 3252 1310 nisi
3295 1255 3444 1325 quod

1867 1354 1967 1410 per
1994 1341 2162 1395 vitam
2210 1357 2422 1411 magnae
2451 1344 2800 1398 continentiae
2825 1345 3310 1415 praesumptionum
3351 1362 3449 1402 co-

1869 1431 2156 1502 gitationes
2201 1441 2473 1488 crescunt.
2526 1433 2635 1489 Sed
2686 1435 2820 1504 quid
2843 1444 2929 1490 est
2969 1437 3112 1506 quod
3156 1439 3450 1494 devotione

1867 1524 2155 1592 completa,
2179 1535 2342 1594 caput
2368 1524 2660 1581 Nazarams
2682 1527 2873 1582 radere
2889 1528 3221 1599 capillosque
3240 1529 3294 1583 in
3317 1529 3450 1600 igne

1869 1615 2120 1669 sacriﬁcii
2166 1631 2372 1685 ponere
2412 1617 2654 1687 iubetur,
2682 1619 2787 1674 nisi
2810 1619 2953 1689 quod
2998 1628 3126 1676 tunc
3152 1620 3222 1674 ad
3262 1619 3448 1691 perfe-

1868 1704 2067 1758 ctionis
2112 1721 2376 1759 summam
2403 1708 2785 1778 pertingimus,
2814 1725 2937 1764 cum
2963 1709 3042 1764 sic
3077 1710 3345 1765 exteriora
3369 1709 3448 1764 vi-

1871 1794 1945 1848 tia
1967 1795 2253 1862 vincimus,
2285 1805 2346 1850 ut
2366 1797 2530 1852 etiam
2553 1799 2910 1869 cogitationes
2932 1800 3233 1870 superﬂuas
3259 1809 3452 1856 mente

187 1895 278 1947 ubi
330 1894 535 1963 agnitio
571 1894 660 1947 Dei
690 1902 791 1948 est,
820 1894 1036 1962 Agnitio
1079 1896 1284 1949 Deiest
1313 1896 1365 1949 in
1397 1904 1596 1960 mente,
1622 1894 1764 1964 quod
1797 1899 1840 1958 Β
1869 1890 2220 1943 resecemus?
2265 1891 2410 1956 Quas
2454 1893 2712 1947 nimirum
2759 1893 3011 1948 sacriﬁcii
3059 1895 3182 1965 igne
3217 1909 3450 1950 concre-

183 1991 266 2036 est
294 1992 456 2052 caput
482 1993 746 2037 nostrum.
778 1982 968 2052 Capilli
1001 1983 1055 2037 in
1087 1985 1262 2053 capite
1290 1969 1598 2054 significant
1621 1984 1764 2054 cogi-

185 2077 419 2128 tationes
450 2075 502 2128 in
536 2082 735 2129 mente.
763 2073 890 2128 Duae
921 2084 1046 2129 sunt
1080 2084 1264 2144 partes
1294 2075 1481 2139 animi,
1514 2075 1764 2144 superior

183 2173 237 2218 et
263 2162 508 2218 inferior.
561 2164 818 2233 Superior
843 2172 928 2219 est
974 2179 1149 2230 mens,
1200 2165 1253 2218 in
1285 2181 1390 2234 qua
1425 2173 1509 2220 est
1557 2165 1761 2235 agnitio

181 2254 310 2319 Dei;
342 2253 489 2307 illam
524 2255 712 2308 radere
743 2255 1000 2308 debemus
1029 2270 1059 2308 a
1100 2254 1386 2324 superﬁuis
1418 2256 1763 2326 cogitationi-

181 2342 298 2406 bus,
333 2351 391 2395 ut
435 2342 623 2397 oculus
668 2343 974 2398 intellectus
1016 2345 1186 2399 nostri
1231 2355 1432 2400 aeterna
1482 2345 1652 2414 possit
1679 2346 1762 2400 in-

182 2433 338 2487 tueri.
396 2435 474 2488 De
522 2449 629 2503 qua
685 2449 744 2488 re
791 2435 923 2489 dicit
967 2435 1266 2506 Gregorius
1304 2437 1358 2490 in
1410 2437 1701 2492 Moralibus
1743 2455 1757 2490 :

181 2523 314 2592 Quid
343 2540 476 2580 vero
500 2541 597 2595 per
624 2535 800 2594 caput,
839 2526 942 2580 nisi
983 2541 1048 2581 ea
1091 2543 1210 2596 quae
1236 2528 1534 2598 principale
1575 2530 1764 2584 unius-

179 2614 438 2685 cujusque
453 2616 686 2670 actionis
709 2631 862 2671 mens
883 2617 1000 2686 ipsa
1019 2618 1298 2689 signatur?
1317 2619 1384 2674 Et
1403 2628 1526 2690 post
1553 2635 1725 2689 pauca
1744 2639 1756 2675 :

177 2705 350 2775 Caput
399 2722 531 2776 ergo
581 2707 805 2762 tondere
849 2716 935 2763 est
977 2709 1336 2778 cogitationes
1378 2709 1679 2779 superﬂuas
1729 2727 1760 2767 a

177 2807 356 2854 mente
386 2814 656 2854 resecare.
685 2799 1064 2855 lnferiorvero
1093 2816 1218 2871 pars
1247 2801 1408 2858 habet
1435 2803 1679 2873 capillos,
1707 2803 1760 2858 id

176 2898 294 2954 est,
351 2889 646 2944 multiﬁdas
708 2877 1104 2962 cogitationes,
1167 2893 1220 2946 in
1261 2909 1368 2964 qua
1411 2894 1646 2950 solemus
1695 2896 1761 2950 de

178 2984 566 3052 temporalibus
597 3000 737 3052 saepe
782 2985 1038 3052 cogitare.
1085 2985 1381 3058 Quaepars
1433 3003 1539 3042 non
1567 2996 1652 3043 est
1694 2988 1762 3043 ad

177 3073 466 3146 imaginem
505 3075 619 3140 Dei,
659 3083 716 3129 ut
766 3076 1101 3146 Augustinus
1150 3079 1203 3131 in
1235 3077 1372 3133 libro
1394 3079 1461 3134 de
1492 3079 1758 3134 Trinitate

175 3164 516 3229 duodecimo,
548 3164 703 3221 titulo
743 3167 994 3237 septimo.
1036 3165 1140 3221 Sed
1171 3169 1298 3237 quia
1331 3183 1463 3223 sexu
1503 3167 1686 3223 diﬂ‘ert
1725 3183 1756 3222 a

1864 1990 2035 2042 mare,
2087 1987 2169 2032 est
2215 1978 2431 2035 ﬂamma
2479 1997 2574 2036 eas
2611 1981 2782 2037 divini
2823 1985 3026 2038 amoris
3067 1983 3360 2039 incendere
3395 1985 3438 2038 ‘.

1861 2070 1986 2124 Pias
2039 2072 2394 2141 cogitationes
2461 2090 2581 2143 quae
2609 2075 2786 2130 solent
2831 2090 3146 2132 accrescere
3192 2085 3440 2145 tempore

1861 2159 2201 2216 abstinentiae
2231 2201 2246 2227 ,
2304 2161 2482 2218 nullus
2530 2163 2819 2233 prohibere
2877 2163 3082 2229 debet‘;
3141 2164 3235 2220 sed
3295 2172 3423 2219 ante

1861 2265 2024 2318 quam
2063 2251 2361 2319 perducant
2409 2263 2651 2308 nostram
2699 2253 3045 2325 fragilitatem
3086 2256 3155 2310 ad
3201 2255 3437 2325 aliquam

1859 2340 2218 2410 periculosam
2249 2344 2746 2413 praesumptionem,
2795 2346 2985 2400 radere
3028 2360 3123 2400 eas
3156 2345 3435 2402 debemus.

1860 2432 2231 2504 lnterrogatur
2257 2435 2326 2489 ab
2354 2435 2626 2504 aliquibus
2654 2437 2777 2505 quis
2805 2436 3015 2505 primus
3050 2445 3240 2491 tonsus
3269 2437 3345 2491 sit
3382 2438 3446 2492 in

1860 2531 2051 2577 nostro
2085 2539 2256 2580 more.
2289 2524 2419 2595 Legi
2464 2525 2519 2580 in
2565 2525 2792 2595 epistola
2840 2527 3124 2597 cuiusdam
3173 2527 3299 2592 viri,
3334 2525 3442 2580 Pe-

1862 2622 2013 2679 trus;
2047 2616 2142 2670 sed
2171 2617 2297 2687 quia
2329 2633 2436 2672 non
2466 2625 2628 2672 tantae
2658 2619 3005 2674 auctoritatis
3029 2627 3136 2685 est,
3169 2626 3226 2672 ut
3251 2634 3318 2672 ex
3343 2619 3444 2672 illa

1862 2703 2080 2760 ﬁrmare
2129 2706 2406 2762 valeamus
2463 2717 2706 2764 nostram
2768 2710 3116 2774 sententiam,
3169 2708 3442 2764 malumus

1861 2812 1979 2852 eam
2011 2798 2226 2854 silentio
2255 2801 2552 2870 praeterire.
2579 2800 2698 2856 Non
2725 2810 2902 2856 tamen
2930 2801 3000 2856 ab
3027 2815 3085 2854 re
3113 2809 3198 2856 est
3217 2801 3262 2855 si
3287 2801 3442 2854 dixe-

1860 2889 2031 2942 rimus
2075 2889 2225 2944 illum
2275 2899 2368 2945 aut
2417 2891 2652 2962 aliquem
2703 2907 3074 2947 successorem
3115 2893 3233 2962 eius
3261 2893 3438 2962 primo

1860 2977 2027 3034 fuisse
2054 2990 2268 3036 tonsum
2296 2991 2484 3038 nostro
2509 2998 2680 3050 more,
2710 2985 2966 3054 quoniam
3007 2987 3074 3039 ab
3121 2983 3211 3038 illa
3252 2984 3441 3039 Eccle-

1859 3071 1938 3126 sia
1971 3081 2216 3142 sumptus
2247 3083 2331 3128 est
2360 3075 2485 3130 talis
2513 3091 2642 3131 usus
2668 3076 2723 3130 in
2753 3091 2859 3145 qua
2889 3075 2965 3130 illi
3003 3075 3282 3130 sederunt.
3333 3073 3442 3130 Sed

1858 3165 1990 3236 quid
2020 3168 2087 3219 ad
2128 3181 2248 3233 nos,
2287 3183 2409 3221 cum
2452 3167 2618 3224 multa
2668 3183 2892 3239 agamus
2934 3183 3001 3222 ex
3047 3166 3444 3222 consuetudine

173 3261 292 3316 visu
321 3262 593 3332 corporis,
621 3263 750 3332 quin
780 3262 973 3318 mulier
1001 3264 1104 3318 rite
1135 3266 1314 3334 potuit
1339 3265 1393 3319 in
1421 3263 1538 3333 eius
1567 3280 1760 3335 corpo-
1786 3261 1830 3324 C
1862 3261 2150 3329 praesentis
2183 3260 2464 3325 Ecclesiae,
2494 3277 2726 3330 quorum
2754 3270 3003 3316 auctores
3026 3274 3132 3314 non
3157 3259 3445 3328 proferun-

176 3353 274 3408 rali
312 3354 617 3410 velamento
665 3354 884 3425 ﬁgurari
913 3371 1040 3425 pars
1087 3356 1175 3410 illa
1220 3358 1468 3420 rationis,
1518 3373 1641 3426 quae
1688 3357 1758 3411 ad

173 3445 496 3514 temporalia
525 3445 874 3515 gubernanda
919 3445 1248 3511 deﬂectitur,
1284 3456 1345 3500 ut
1392 3463 1500 3501 non
1543 3456 1762 3502 maneat

173 3533 355 3605 imago
385 3535 505 3600 Dei,
535 3535 641 3590 nisi
671 3550 739 3590 ex
767 3551 872 3604 qua
901 3545 1058 3604 parte
1087 3551 1240 3590 mens
1276 3537 1514 3591 hominis
1540 3537 1760 3592 aeternis

167 3627 481 3682 rationibus
492 3626 886 3697 conspiciendis
908 3627 991 3681 vel
1004 3627 1351 3684 consulendis
1371 3629 1695 3690 adhaerescit
1713 3635 1754 3684 '.

160 3718 284 3774 Non
311 3719 466 3774 enim
491 3721 804 3791 praecipitur
828 3719 1149 3792 Christiano
1180 3737 1248 3777 ne
1279 3723 1576 3793 aliquando
1606 3724 1757 3795 cogi-

161 3820 241 3867 tet
281 3812 351 3867 de
379 3813 796 3884 temporalibus,
830 3815 948 3870 sine
990 3815 1188 3884 quibus
1216 3831 1458 3885 praesens
1505 3816 1616 3870 vita
1646 3832 1756 3871 non

161 3901 516 3972 transigitur,
546 3903 640 3958 sed
661 3918 781 3959 esse
809 3903 1006 3960 debere
1032 3910 1241 3974 partem
1263 3907 1459 3961 animae
1483 3921 1604 3977 quae
1623 3915 1758 3961 tem-

158 3993 375 4066 poralia
405 3995 544 4066 regit
572 3995 844 4051 subditam
870 3997 1059 4060 menti,
1089 3999 1231 4053 sicut
1272 3997 1468 4052 mulier
1497 4005 1582 4053 est
1612 3997 1752 4052 viro.

162 4083 514 4156 Quapropter
537 4087 720 4157 capilli
750 4087 802 4142 in
831 4087 1076 4144 inferiori
1100 4098 1257 4159 parte
1279 4091 1475 4160 capitis
1502 4097 1749 4144 manent.

165 4175 426 4232 Circulus
472 4192 603 4234 vero
633 4179 954 4248 capillorum
982 4181 1239 4236 virtutem
1293 4181 1624 4251 aequalitatis
1664 4195 1754 4236 ra-

163 4267 302 4322 tioni
358 4267 596 4336 undique
625 4269 1053 4324 consentientem
1101 4269 1431 4340 signiﬁcat'.
1465 4270 1617 4325 Tunc
1661 4287 1758 4342 gu-

164 4357 474 4413 bernantur
487 4357 624 4413 bene
639 4373 728 4413 res
741 4360 1150 4428 temporariae,si
1170 4361 1366 4414 rationi
1380 4361 1751 4416 convenerint.

167 4446 246 4501 De
270 4462 381 4516 qua
410 4461 469 4502 re
494 4448 718 4518 protulit
738 4449 880 4503 idem
910 4449 1001 4518 qui
1023 4465 1204 4520 supra,
1228 4451 1281 4504 in
1298 4449 1438 4504 libro
1458 4450 1524 4505 de
1541 4449 1757 4519 quanti-

1863 3360 1952 3404 tur
1982 3351 2316 3419 specialiter,
2347 3354 2487 3406 sicut
2515 3368 2618 3406 nec
2643 3353 3049 3407 observationes
3094 3351 3443 3423 quadragesi-

1861 3441 2020 3496 malis
2048 3443 2308 3512 temporis
2341 3451 2465 3496 ante
2492 3443 2736 3499 Pascha?
2763 3444 2976 3500 Scimus
3005 3453 3208 3511 tamen,
3242 3461 3311 3501 ex
3347 3445 3440 3500 de-

1861 3529 2253 3584 monstratione
2291 3531 2460 3585 sancti
2498 3530 2802 3601 Augustini,
2848 3533 3204 3588 consensione
3243 3532 3437 3589 Eccle-

1861 3620 1957 3675 siae
1981 3635 2099 3674 eam
2122 3637 2240 3676 esse
2265 3623 2593 3694 roboratam.
2612 3623 2702 3679 Sic
2717 3631 2770 3679 et
2785 3640 2883 3679 nos
2903 3625 3132 3680 dicimus
3156 3634 3435 3682 tonsuram

1862 3720 2102 3768 nostram
2130 3729 2194 3768 ex
2223 3715 2548 3770 auctoritate
2567 3726 2623 3771 et
2642 3718 3032 3772 consuetudine
3049 3717 3306 3773 Romanae
3336 3719 3438 3774 Ec-

1859 3803 2039 3859 clesiae
2078 3821 2197 3860 esse
2245 3807 2588 3880 roboratam._
2627 3807 2884 3864 Dicamus
2931 3809 3075 3878 quod
3142 3809 3437 3880 Gregorius

1860 3894 1990 3949 dicit
2032 3895 2085 3948 in
2111 3895 2402 3952 Moralibus
2427 3897 2492 3953 de
2515 3899 2777 3969 scriptore
2810 3898 2932 3955 libri
2955 3898 3070 3966 ,Job
3111 3916 3127 3955 :
3175 3901 3283 3956 Sed
3306 3902 3429 3972 quis

1859 3984 1976 4040 haec
2019 3987 2320 4056 scripserit,
2353 3987 2508 4044 valde
2535 4005 2868 4060 supervacue
2895 3993 3178 4062 quaeritur,
3207 4007 3327 4047 cum
3355 4001 3430 4048 ta-

1858 4093 1981 4132 men
2017 4088 2208 4134 auctor
2233 4079 2356 4135 libri
2386 4080 2623 4152 Spiritus
2651 4091 2869 4140 sanctns
2891 4084 3123 4141 ﬁdeliter
3141 4087 3432 4142 credatur:

1861 4170 1941 4225 sic
1981 4179 2037 4225 et
2062 4173 2218 4228 nobis
2245 4189 2354 4227 non
2391 4189 2717 4245 magnopere
2744 4177 3044 4231 curandum
3077 4177 3148 4231 sit
3175 4178 3299 4247 quis
3325 4179 3436 4250 pri-

1861 4275 1982 4314 mus
2009 4261 2230 4316 schema
2256 4266 2560 4320 stemmatis
2584 4265 2745 4335 capiti
2778 4266 3144 4337 imposuisset,
3171 4285 3296 4324 cum
3332 4271 3438 4326 sci-

1858 4366 1980 4406 mus
2010 4353 2268 4422 magistra
2299 4353 2509 4411 ratione
2535 4357 2896 4426 compositum
2923 4372 3064 4412 esse.

2487 4464 2713 4522 CAPUT
2743 4465 2829 4522 Vl.

169 4544 282 4591 tate
314 4537 534 4602 animae,
556 4552 770 4592 versum
787 4538 994 4594 Horatii
1024 4541 1090 4594 de
1118 4541 1386 4611 sapientia
1409 4540 1750 4610 loquentem:

296 4626 466 4649 n--.x..
507 4635 554 4649 -.
585 4630 631 4649 ι-
657 4631 816 4649 με---
998 4639 1132 4649 .-___
1158 4639 1300 4649 -.____
1323 4639 1460 4649 __.__
1478 4633 1559 4649 ,η-

1863 4551 1941 4608 De
1981 4554 2252 4610 ordinibus
2295 4558 2479 4622 sacris,
2525 4575 2654 4649 quos
2701 4562 2865 4614 nostri
2914 4560 3141 4632 episcopi
3195 4571 3440 4616 consueto

295 4626 485 4681 Fortis.
505 4635 556 4677 et
585 4630 633 4677 in
655 4631 820 4692 seipse
845 4637 975 4680 totus
998 4639 1136 4681 teres
1155 4639 1305 4696 atque
1323 4633 1576 4683 rotundus.

171 4721 437 4792 Sequitur
477 4731 599 4792 post
626 4738 840 4777 versum
891 4732 1222 4780 memoratus
1264 4725 1636 4797 Augustinus,
1673 4726 1755 4782 di-

166 4827 341 4867 cens:
388 4811 458 4866 Et
505 4820 695 4866 recte:
737 4827 860 4866 nam
910 4829 1084 4883 neque
1116 4815 1170 4868 in
1210 4815 1393 4870 animo
1422 4816 1551 4870 boni
1599 4815 1757 4886 quid-

168 4917 334 4972 quam
366 4902 579 4957 invenis
619 4903 760 4972 quod
803 4903 976 4974 magis
1003 4903 1104 4957 sibi
1131 4919 1200 4958 ex
1229 4905 1374 4958 omni
1420 4914 1579 4973 parte
1618 4921 1743 4960 con-

168 4995 392 5059 sentiat,
450 5009 613 5062 qnam
665 4995 942 5059 virtutem,
995 5010 1172 5066 neque
1215 4995 1269 5048 in
1316 4995 1496 5064 planis
1544 4995 1750 5066 ﬁguris,

168 5101 331 5155 quam
361 5087 650 5141 circulum.
684 5086 1032 5158 Superiorem
1074 5095 1286 5157 partem
1319 5087 1515 5157 capitis
1545 5088 1754 5143 rasorio

169 5192 309 5248 saepe
348 5194 696 5244 renovamus,
729 5196 850 5234 cum
881 5179 1006 5234 forti
1055 5179 1423 5235 sollicitudine
1451 5179 1754 5250 superﬂuas

170 5267 642 5336 temporariasque
705 5267 1063 5336 cogitationes
1125 5268 1192 5322 de
1257 5267 1538 5337 superiore
1598 5278 1752 5339 parte

169 5357 337 5412 animi
371 5372 702 5412 resecamus.
739 5358 796 5411 in
843 5356 1100 5414 inferiore
1137 5367 1294 5429 parte
1339 5375 1598 5414 coronam
1629 5377 1753 5431 por-

171 5454 372 5510 tamus,
419 5464 540 5501 cum
565 5463 626 5503 ea
659 5463 779 5517 quae
817 5451 1111 5503 secundum
1149 5450 1407 5504 mundum
1444 5451 1752 5508 necessario

169 5537 476 5606 gubernare
503 5538 780 5602 debemus,
810 5540 1152 5594 concorditer
1177 5556 1299 5595 cum
1328 5541 1536 5596 ratione
1575 5557 1753 5612 aequa-

170 5641 312 5682 mus.
352 5627 468 5684 Hoc
493 5628 894 5699 praevidendum
923 5638 1008 5684 est
1039 5638 1098 5684 ut
1141 5645 1207 5685 ne
1234 5631 1333 5701 ipsi
1362 5632 1562 5702 capilli,
1587 5632 1641 5687 id
1672 5641 1757 5688 est

169 5731 318 5775 curae
344 5719 504 5788 huius
528 5721 736 5787 mundi,
768 5719 1035 5792 superﬂue
1059 5731 1332 5788 crescant,
1358 5738 1426 5778 ne
1451 5738 1612 5779 aures
1634 5739 1754 5780 cor-

171 5807 258 5866 dis
309 5812 649 5883 cooperient,
702 5821 757 5871 et
800 5812 985 5870 oculos
1042 5812 1361 5885 impediant,
1411 5829 1532 5886 quae
1577 5817 1752 5877 solent

2398 4644 2540 4682 more
2567 4629 2918 4698 frequentant.

1925 4714 2109 4771 Primo
2135 4717 2428 4773 notandum
2457 4726 2562 4784 est,
2588 4734 2684 4774 eos
2717 4719 2938 4775 ordines
2963 4721 3054 4790 qui
3101 4721 3439 4790 potissimum

1853 4809 2147 4864 necessarii
2186 4818 2314 4864 sunt
2360 4809 2414 4864 in
2440 4809 2702 4875 Ecclesia,
2737 4811 3052 4880 Apostolum
3090 4811 3316 4865 Paulum
3348 4812 3440 4865 de-

1852 4898 2182 4962 nominasse,
2210 4907 2266 4953 et
2292 4913 2479 4952 eorum
2518 4913 2699 4951 mores
2727 4899 3057 4968 depinxisse,
3087 4898 3204 4953 sine
3246 4900 3443 4968 quibus

1854 5001 1961 5041 non
1980 4997 2161 5057 potest
2187 4988 2288 5041 rite
2329 4986 2628 5040 immolatio
2664 4987 2851 5043 altaris
2891 4979 3177 5057 celebrari,
3229 4989 3436 5044 scilicet

1862 5079 1979 5133 sine
2008 5079 2290 5134 sacerdote
2315 5087 2369 5134 et
2394 5079 2640 5136 diacono.
2693 5080 2762 5137 Ut
2789 5081 2904 5137 sine
2942 5083 3325 5136 retractatione
3354 5097 3442 5137 sa—

1860 5169 2052 5224 cerdos
2088 5169 2273 5239 vigilet
2301 5169 2443 5225 circa
2490 5172 2716 5239 hostias,
2767 5173 3106 5228 necessarius
3145 5182 3230 5228 est
3257 5173 3440 5230 diaco-

1860 5275 1983 5324 nus,
2017 5260 2086 5316 ad
2114 5261 2531 5325 ministrandum
2573 5281 2662 5330 ea,
2701 5279 2822 5334 qua:
2857 5265 3163 5320 necessaria
3192 5273 3318 5320 sunt
3349 5281 3438 5319 sa-

1857 5357 2063 5413 cerdoti
2089 5376 2101 5411 :
2127 5359 2308 5414 caeteri
2348 5359 2567 5415 ordines
2611 5360 2695 5415 his
2737 5358 2926 5428 adiecti
2973 5367 3118 5414 sunt.
3151 5358 3440 5414 Crescente

1858 5445 2120 5512 Ecclesia,
2169 5449 2342 5504 crevit
2381 5449 2614 5504 oﬂicium
2644 5448 3112 5503 ecclesiasticum:
3155 5455 3215 5501 ut
3259 5447 3439 5501 multi-

1857 5539 2028 5594 tudini
2059 5540 2317 5596 Ecclesiae
2356 5539 2626 5596 subveniri
2676 5547 2877 5609 posset,
2927 5539 3255 5608 adjiciuntur
3298 5537 3434 5594 infe-

1855 5629 2030 5684 riores
2060 5631 2113 5684 in
2144 5630 2413 5702 adiutorio
2461 5631 2890 5701 praepositorum.
2929 5629 3082 5686 Unde
3119 5629 3438 5685 Ambrosius

1855 5723 1911 5778 in
1945 5730 2180 5778 tractatu
2211 5718 2462 5794 Epistolas
2487 5723 2555 5778 ad
2596 5723 2937 5778 Timotheum
2975 5740 2989 5776 :
3021 5721 3154 5777 illud
3200 5736 3328 5776 vero
3353 5720 3435 5776 di-

1855 5815 1956 5871 ctis
2000 5813 2201 5871 nostris
2244 5814 2404 5886 adjici
2439 5813 2662 5889 dignum
2706 5823 2810 5883 est,
2845 5813 3100 5887 quoniam
3132 5824 3427 5901 noemon-
