3978 6474
517 393 658 456 1083

1531 384 1864 443 AMALARH
1903 382 2338 439 PRESBYTERI
2377 379 2719 438 METENSIS

3648 389 3784 448 ωει

512 509 662 567 venit
685 503 961 568 Mirari,
1008 501 1058 560 si
1083 515 1261 572 neque
1299 500 1768 564 subdiaconorum,
1812 511 1984 566 neque
2014 495 2088 550 le-
2116 496 2169 556 Α
2191 502 2338 547 erant
2363 503 2409 548 et
2438 510 2592 564 super
2616 509 2741 546 vasa
2765 491 3062 550 ministerii.
3104 491 3187 548 Ad
3217 511 3486 552 numerum
3529 499 3674 556 enim
3709 505 3782 556 in-

515 612 725 663 ctorum
748 598 1069 656 memoriam
1095 596 1388 667 Apostolus
1426 594 1620 650 fecisse
1659 592 1946 645 videatur:
1988 587 2094 642 illis

515 698 715 755 etenim
741 693 998 766 gradibus
1032 689 1371 745 (auctionum
1399 686 1494 758 qui
1539 686 1596 740 in
1637 683 1876 740 Ecclesia
1907 694 2096 738 neces-

514 791 664 848 sario
693 787 966 844 habenhr
1010 785 1100 841 isti
1143 791 1332 854 postea
1365 780 1540 852 magis
1581 787 1708 835 sunt
1755 775 1933 832 adecti
1976 788 2097 846 pro-

515 893 640 958 pter
661 880 949 938 utilitatem
988 875 1302 940 ministerii,
1343 871 1487 943 quod
1535 878 1755 942 propter
1798 865 2098 925 multitudi-

516 989 645 1032 nem
667 971 1009 1030 credentium
1030 985 1130 1041 per
1165 967 1366 1022 alteros
1404 973 1592 1036 postea
1639 959 1852 1032 impleri
1895 958 2096 1014 debere

517 1069 816 1136 necessitas
847 1063 1124 1135 ﬂagitavit.
1157 1061 1310 1118 Unde
1336 1073 1438 1113 nec
1481 1053 1933 1112 inordinationcm
1971 1056 2102 1104 ante

519 1162 690 1217 altare
715 1163 1094 1229 assequuntur,
1125 1169 1192 1210 eo
1208 1151 1350 1224 quod
1368 1164 1470 1205 nec
1493 1145 1767 1220 mysteriis
1788 1142 2098 1199 ministrare

520 1259 852 1316 statuuntur,
881 1250 978 1306 sed
1021 1247 1114 1303 alii
1159 1245 1376 1316 quidem
1407 1255 1616 1304 conm,
1659 1237 1953 1294 lectionum
1982 1232 2101 1289 olli—

522 1348 664 1403 cium
697 1345 943 1416 implent,
993 1341 1085 1396 alii
1128 1353 1261 1396 vero
1302 1339 1444 1392 intra
1469 1331 1776 1390 diaconium
1823 1327 1914 1386 illa
1960 1341 2101 1397 prus-

520 1444 736 1510 parant,
759 1447 880 1506 quin
901 1434 970 1489 ad
995 1431 1207 1487 diaconi
1228 1428 1502 1500 pertinent
1521 1421 1846 1486 ministeria,
1870 1434 1970 1474 nec
1990 1433 2100 1476 non

519 1509 938 1589 sollicitudinem
980 1525 1208 1595 implent
1229 1520 1662 1576 luminariorum.
1692 1513 1828 1570 Nam
1852 1509 2104 1584 mysterii.

2196 585 2495 655 ferebantur
2520 602 2668 650 vasa,
2693 594 2742 638 et
2764 585 3135 654 cierebantur.
3159 587 3358 644 lterum
3381 590 3448 645 de
3480 592 3781 651 ministerio

2195 691 2386 732 eorum
2434 677 2489 732 in
2537 677 2812 733 secundo:
2850 675 3132 733 Constituit
3180 696 3381 753 quoque
3423 682 3696 752 janitores
3732 689 3780 746 in

2195 777 2366 838 partes
2399 767 2583 822 domus
2625 767 2862 835 Domini,
2903 779 2958 823 ut
2995 786 3102 824 non
3138 770 3509 842 ingrederetur
3554 792 3670 830 eant
3697 778 3781 832 in»

2197 860 2425 915 mundus
2447 862 2502 915 in
2523 861 2664 915 omni
2691 872 2938 933 tempore.
2982 863 3050 918 Et
3086 863 3319 919 iterum:
3368 864 3648 922 Ianitores
3678 888 3778 924 rem

2195 969 2289 1024 per
2321 963 2501 1024 portas
2527 952 2766 1024 singulas
2794 954 3156 1020 observabant,
3185 955 3259 1010 ita
3291 966 3346 1010 ut
3370 974 3434 1012 ne
3453 970 3658 1028 puncto
3681 962 3779 1030 qui-

2197 1045 2317 1100 dem
2355 1045 2675 1100 discederent
2708 1064 2740 1101 a
2777 1047 3087 1110 ministerio,
3132 1049 3473 1117 quamobrem
3519 1059 3571 1102 et
3610 1050 3778 1118 fratres

2197 1154 2379 1192 eorum
2405 1137 2595 1194 Levita?
2619 1150 2936 1209 paraverunt
2979 1142 3056 1194 eis
3095 1141 3254 1194 cibos.
3306 1139 3373 1194 lli
3401 1143 3632 1211 quando
3655 1144 3777 1198 ordi-

2199 1238 2421 1297 cantur,
2469 1231 2774 1301 suscipiunt
2818 1231 2999 1288 claves
3050 1232 3294 1288 ecclesiae
3341 1241 3400 1288 et
3445 1235 3683 1288 audiunt
3721 1237 3776 1290 ab

2200 1323 2454 1394 episcopo
2481 1342 2494 1377 :
2523 1323 2601 1380 ita
2628 1324 2787 1394 agite,
2820 1339 2884 1379 ac
2905 1325 2950 1379 si
2977 1325 3243 1388 rationem
3278 1326 3508 1395 possitis
3543 1326 3650 1382 Deo
3672 1328 3773 1382 red-

2203 1413 2333 1469 dere
2362 1429 2463 1485 pro
2487 1416 2650 1470 rebus
2673 1429 2794 1484 qua)
2841 1415 2964 1471 istis
2997 1415 3239 1470 clavibus
3284 1415 3650 1472 includuntur
3677 1435 3690 1483 ;
3729 1427 3775 1474 et

2203 1507 2478 1576 accipiunt
2491 1509 2718 1570 ostium.
2749 1506 2858 1564 Nos
2886 1509 3012 1578 qitie
3049 1509 3376 1579 generaliter
3411 1526 3610 1566 sumus
3633 1527 3774 1582 genus

525 1618 886 1678 ministerium
921 1612 1225 1685 presbyteri
1265 1611 1365 1666 soli
1398 1609 1626 1680 implent
1653 1616 1708 1662 et
1735 1603 1948 1660 diaconi
1973 1620 1986 1658 ε
2010 1601 2106 1656 alii
2205 1600 2461 1665 electum,
2487 1600 2666 1671 regale
2695 1602 3082 1667 sacerdotium,
3130 1617 3264 1672 gens
3302 1613 3522 1667 sancta,
3572 1605 3770 1658 scrutari

521 1713 736 1784 quidem
800 1721 988 1765 eorum
1043 1703 1374 1762 sacerdotale
1424 1717 1562 1773 opm
1628 1699 1954 1769 implentes,
2010 1692 2105 1748 alii
2205 1692 2464 1784 debemus
2515 1692 2661 1762 quali
2710 1693 2875 1748 modo
2919 1692 3128 1750 ostiarii
3173 1692 3415 1748 ofﬁcium
3446 1709 3769 1763 peragamus.

517 1783 649 1858 uero
669 1800 842 1858 sacris
867 1799 1260 1855 ministrantes.
1301 1793 1463 1850 Juxta
1505 1792 1672 1848 verba
1716 1787 1992 1844 Ambrosii
2021 1787 2105 1840 in-
2206 1783 2474 1846 Ostiorius
2515 1784 2692 1853 aperit
2733 1785 2931 1839 ostium
2978 1784 3244 1840 ecclesiae.
3280 1783 3553 1850 Ecclesia,
3599 1784 3772 1839 Christi

518 1893 812 1965 telligimus
853 1889 1129 1958 subiectos
1174 1887 1394 1943 ordines
1422 1885 1648 1940 diacono
1690 1889 1745 1936 et
1787 1878 2105 1949 presbytero
2131 1868 2180 1932 Β
2207 1884 2292 1932 est
2312 1873 2561 1965 populus.
2594 1872 2653 1965 Si
2681 1873 2802 1944 quis
2828 1889 2926 1944 per
2969 1873 3133 1928 ﬁdem
3159 1873 3398 1945 aliquem
3437 1875 3778 1930 introduxerit

519 1963 872 2042 non‘dcbere
923 1981 1320 2038 ordinationem
1366 1977 1614 2048 accipere
1671 1975 1817 2029 circa
1864 1970 2101 2026 altaria?
2207 1966 2264 2022 in
2292 1964 2604 2030 ecclesiam,
2639 1963 2756 2034 ipse
2803 1963 3062 2018 ostiarius
3105 1972 3209 2018 est.
3260 1964 3417 2020 Unde
3462 1965 3777 2036 Augustinus

520 2095 622 2136 nec
647 2079 864 2149 quando
889 2077 1171 2146 episcopis
1213 2072 1578 2143 prosternitur
1619 2078 1748 2124 ante
1783 2067 1977 2132 altare,
2010 2065 2104 2149 tle-

525 2147 869 2224 bere—secum
918 2173 1266 2236 prosternere
1314 2163 1448 2218 alios
1491 2159 1596 2214 nisi
1642 2174 1740 2212 eos
1779 2157 1873 2226 qui
1913 2147 2105 2227 prore-

522 2259 685 2315 liendi
715 2261 842 2314 sunt
887 2257 959 2311 ad
987 2251 1322 2310 sacerdotale
1349 2249 1733 2313 ministerium,
1776 2246 1863 2301 vel
1893 2245 1962 2300 ad
1991 2245 2110 2300 dia-

521 2360 749 2408 conatus
808 2348 1068 2405 oﬂlciurn.
1127 2345 1220 2401 Sic
1270 2351 1396 2400 sunt
1443 2341 1729 2397 inferiores
1783 2338 2005 2393 ordines
2049 2336 2108 2390 in

521 2443 789 2514 adjutorio
813 2441 1178 2512 superiorum,
1210 2445 1272 2492 ut
1320 2444 1500 2490 tamen
1538 2449 1647 2488 non
1685 2431 1978 2487 excludant
2017 2444 2107 2484 su-

521 2535 767 2608 periores
794 2533 862 2587 ab
901 2528 1097 2586 ofﬁciis
1125 2526 1229 2582 sibi
1275 2523 1599 2580 commissis.
1646 2519 1957 2575 Secundum
1996 2517 2107 2572 Au-

523 2627 796 2700 gnstinum
830 2666 845 2691 ,
901 2625 1076 2694 ipsum
1129 2634 1402 2677 samum
1455 2616 1772 2688 pontiﬁcem
1827 2612 2106 2668 Christum

521 2719 809 2775 ostiarium
833 2729 1124 2787 possumus
1145 2713 1394 2783 accipere
1418 2729 1432 2764 :
1479 2710 1554 2764 ita
1582 2707 1771 2763 scribit
1798 2707 1853 2760 in
1886 2702 2106 2759 homilia

523 2810 932 2884 quadragesima
957 2809 1117 2864 tertia
1152 2820 1316 2876 super
1335 2802 1556 2860 Joannis
1591 2798 1956 2872 Evangelium.
1987 2794 2106 2850 Non

523 2917 654 2974 ergo
677 2903 857 2974 pigeat
890 2915 1006 2964 nos,
1045 2899 1261 2962 fratres,
1294 2893 1586 2952 secundum
1617 2891 1880 2962 quasdam
1911 2887 2105 2943 simili-

525 2993 742 3047 tndines
784 2991 961 3061 ipsum
993 2989 1244 3044 videlicet
1291 2985 1566 3042 Christum
1594 2983 1843 3051 accipere
1881 2979 2106 3043 nstin,

526 3085 702 3155 ipsum
730 3082 1030 3138 ostiarium.
1064 3079 1204 3147 Quid
1224 3086 1310 3134 est
1341 3078 1488 3132 enim
1528 3073 1770 3130 ostium?
1797 3070 1914 3138 Quo
1938 3070 2108 3123 intra-

527 3189 667 3230 mus.
698 3173 838 3240 Quid
877 3179 963 3227 est
1008 3169 1305 3227 ostiarius?
1349 3166 1451 3234 Qui
1493 3163 1685 3234 aperit.
1717 3160 1849 3228 Quis
1878 3172 2009 3229 ergo
2047 3171 2107 3213 se

2205 2057 2260 2112 in
2291 2062 2530 2110 tractatu
2559 2069 2722 2124 super
2749 2052 3014 2108 Joannem
3059 2051 3470 2124 quadragesimo
3515 2053 3773 2108 secundo:

2203 2147 2318 2220 Ego
2349 2149 2460 2203 veni
2486 2156 2542 2202 ut
2564 2148 2721 2200 vitam
2762 2146 3006 2208 habeant,
3050 2145 3155 2200 hoc
3205 2153 3290 2200 est
3317 2145 3491 2210 ﬁdem,
3548 2161 3667 2214 qua:
3691 2161 3778 2214 per

2207 2237 2549 2294 dilectionem
2578 2243 2856 2307 operatur,
2902 2250 3002 2306 per
3030 2250 3194 2305 quam
3225 2235 3374 2290 ﬁdem
3419 2237 3474 2289 in
3522 2236 3662 2290 ovile
3704 2236 3781 2290 in-

2206 2333 2526 2404 grcdiuntur
2550 2340 2612 2388 ut
2639 2331 2844 2396 vivant,
2872 2331 2998 2401 quia
3040 2330 3226 2400 justus
3255 2347 3311 2385 ex
3339 2331 3437 2386 ﬁde
3463 2332 3614 2386 vivit.
3663 2331 3776 2389 Hoc

2207 2429 2410 2486 donum
2458 2427 2648 2499 gratia:
2691 2427 2926 2498 Spiritus
2968 2428 3142 2482 sancti
3175 2427 3472 2482 dinumerat
3508 2427 3780 2498 apostolus

2205 2520 2425 2584 Paulus,
2450 2519 2540 2574 ubi
2572 2519 2746 2576 dicit?
2793 2519 2901 2575 Alii
2941 2519 3076 2589 ﬁdes
3118 2521 3174 2575 in
3202 2521 3381 2575 eodem
3662 2521 3777 2576 Tria

2207 2613 2374 2669 habet
2400 2611 2534 2668 ﬁdes
2558 2630 2571 2666 :
2604 2627 2773 2668 unum
2802 2619 2906 2679 est,
2937 2623 2999 2666 ut
3043 2611 3116 2668 sit
3141 2612 3370 2678 ostium,
3399 2627 3511 2681 quo
3549 2614 3713 2668 utitur
3733 2612 3780 2668 in

2206 2703 2463 2774 praesenti
2511 2702 2790 2768 ostiaris»,
2825 2711 2882 2759 et
2927 2702 3182 2769 alterum,
3224 2713 3287 2758 ut
3322 2703 3397 2763 sit
3423 2704 3780 2775 exp-Alsium

2207 2793 2380 2848 utitur
2413 2793 2708 2860 exorcista,
2746 2803 2802 2848 et
2847 2794 3092 2860 tertium,
3119 2802 3180 2850 ut
3227 2795 3302 2851 sit
3349 2795 3656 2863 munimen,
3692 2811 3780 2866 quo

2208 2885 2380 2941 utitur
2404 2885 2690 2957 presbyter
2719 2885 2777 2940 in
2808 2885 2914 2941 olei
2943 2882 3226 2954 modone,
3268 2885 3423 2958 quod
3448 2888 3508 2944 in
3539 2904 3636 2944 sm
3663 2888 3778 2955 loco,

2208 2978 2440 3036 Domino
2467 2979 2764 3041 miserante
2786 2980 2990 3036 dictum
3023 2987 3127 3036 est.

2801 3094 3030 3152 CAPUT
3057 3095 3192 3152 Vill.

2784 3164 2857 3222 De
2911 3167 3210 3224 lectoribus.

527 3221 998 3335 aper-iti-nisivqui
1285 3221 1547 3328 exponit‘i
1574 3221 1823 3309 Chrislus
1853 3221 2105 3320 dignatus
2133 3221 2178 3284 C
2281 3257 2508 3315 Esdram
2534 3257 2792 3316 lectorem
2814 3221 3222 3330 accipiamus
3236 3260 3428 3320 Veteri
3443 3262 3782 3328 Testamento,

525 3364 609 3412 est
638 3356 806 3411 lector
829 3367 968 3419 esse,
997 3352 1087 3408 ubi
1111 3351 1404 3408 secundum
1423 3349 1628 3404 Lucam
1650 3343 1863 3414 aperuit
1883 3341 2104 3407 librum,

525 3454 581 3503 ct
615 3448 766 3519 legit.
800 3446 1096 3501 Exorcista
1131 3443 1368 3499 ofﬁcium
1401 3441 1469 3496 ad
1519 3435 1818 3495 sacerdotis
1865 3432 2108 3488 ministe-

525 3541 666 3597 rium
699 3540 977 3611 conjunglt
1028 3543 1244 3593 sanctus
1272 3533 1567 3605 Gregorius
1614 3531 1706 3584 ubi
1739 3528 1873 3582 dicit
1908 3544 1922 3580 :
1971 3525 2108 3581 Nam

526 3634 836 3690 sacerdotes
858 3647 980 3687 cum
1016 3646 1117 3702 per
1143 3627 1432 3684 exorcismi
1473 3624 1703 3694 gratiam
1734 3636 1952 3675 manum
1994 3632 2110 3674 ere-

526 3725 780 3781 dentibus
810 3725 1113 3794 imponunt,
1146 3731 1200 3775 et
1227 3719 1456 3787 reliqua.
1500 3713 1708 3784 Acolyti
1747 3711 2108 3766 ministerium

527 3815 832 3870 invenimus
855 3814 1038 3867 Aaron
1069 3823 1338 3866 summum
1367 3804 1678 3876 pontiﬁcem
1706 3802 1760 3856 in
1809 3801 1926 3873 lege
1967 3799 2110 3856 celev

531 3910 735 3972 brasse,
762 3907 854 3963 ubi
885 3906 1080 3962 dicitur
1111 3903 1164 3958 in
1206 3897 1392 3957 Exodo
1432 3899 1501 3954 de
1543 3898 1780 3961 lucerna,
1830 3894 1902 3948 Et
1950 3892 2111 3947 collo-

534 3999 726 4054 cabunt
752 4014 867 4053 eam
895 3997 1072 4050 Aaron
1098 4002 1148 4048 et
1173 3994 1274 4064 ﬁlii
1321 3993 1454 4063 ejus.
1506 3991 1581 4045 De
1631 3989 1752 4044 istis
1787 3995 1872 4044 sat
1921 3994 2006 4041 est
2041 3983 2111 4039 ad

531 4084 1014 4145 demonstrandum
1051 4096 1490 4154 unumquemque
1531 4079 1866 4135 sacerdotem
1911 4075 2111 4130 habere

529 4179 588 4235 in
615 4191 675 4236 se
694 4177 936 4246 subjecta
971 4174 1272 4231 ministeria
1297 4191 1312 4227 :
1344 4173 1438 4228 sed
1467 4179 1689 4242 propter
1714 4165 2112 4223 multitudinem

531 4271 807 4328 hominum
836 4284 944 4324 non
965 4281 1126 4339 posse
1154 4265 1304 4320 illum
1330 4263 1514 4319 omnia
1541 4258 1858 4330 adimplere,
1902 4272 1966 4312 ac
1993 4256 2113 4311 ideo

531 4363 769 4432 adjectos
819 4375 938 4417 esse
989 4359 1091 4414 sibi
1139 4358 1315 4413 socios
1366 4356 1460 4426 qui
1509 4356 1722 4408 minora
1760 4349 2113 4421 adimpleant.

531 4451 688 4507 Nunc
713 4452 845 4507 ordo
876 4450 1139 4522 deposcit,
1169 4457 1433 4519 quantum
1479 4445 1739 4501 Dominus
1782 4443 2011 4509 dederit,
2055 4449 2116 4498 ut

534 4545 606 4601 de
629 4543 856 4614 singulis
879 4542 1160 4598 ordinibus
1189 4542 1431 4597 dicamus
1456 4537 1780 4608 specialiter.

1099 4652 1372 4709 CAPUT
1416 4650 1547 4706 VH.

1133 4725 1211 4778 De
1252 4723 1504 4777 ostiariis.

606 4817 825 4875 Ostiarii
849 4817 1050 4873 habent
1087 4814 1371 4870 exordium
1415 4826 1446 4866 a
1495 4811 1676 4866 Veteri
1728 4811 2112 4866 Testamento:

531 4910 624 4967 hic
653 4911 797 4965 enim
822 4910 1082 4980 ianitores
1109 4906 1460 4960 vocabantur.
1493 4901 1766 4974 Scriptum
1797 4913 1881 4958 est
1904 4904 1959 4958 in
1979 4903 2116 4960 libro

534 5001 984 5070 Paralipomenon
1039 4998 1252 5067 primo:
1308 4993 1414 5050 Per
1455 5004 1684 5065 quatuor
1735 5005 1911 5049 ventos
1965 5005 2114 5050 erant

538 5095 764 5159 ostiarii,
787 5093 844 5146 id
867 5099 962 5157 est,
989 5089 1059 5143 ad
1087 5090 1356 5152 orientem,
1399 5088 1468 5141 ad
1495 5087 1830 5153 occidentem,
1861 5087 1930 5141 ad
1958 5090 2112 5160 aqui-

537 5185 707 5241 lonem
733 5192 782 5238 et
805 5182 874 5237 ad
901 5188 1180 5235 austrum:
1212 5179 1398 5248 fratres
1436 5188 1607 5233 autem
1644 5193 1823 5233 eorum
1846 5181 1900 5233 in
1934 5181 2113 5235 uincu-

537 5277 602 5335 lis
626 5277 986 5342 morabantur,
1017 5281 1066 5328 et
1088 5271 1358 5326 veniebant
1398 5271 1452 5325 in
1482 5263 1722 5326 Sabbatis
1764 5274 1874 5327 suis
1899 5273 1962 5326 de
1986 5282 2114 5326 tem-

536 5385 663 5442 pore
706 5383 869 5440 usque
913 5367 982 5422 ad
1028 5374 1246 5437 tempus.
1300 5363 1400 5419 His
1447 5375 1675 5437 quatuor
1719 5365 1886 5420 lenitis
1921 5366 2114 5420 scilicet

541 5460 744 5518 Sellum
784 5468 838 5515 et
861 5457 1004 5513 Acub
1033 5466 1082 5513 et
1128 5455 1320 5513 Elmon
1356 5466 1406 5512 et
1442 5457 1736 5522 Achimam,
1781 5458 2009 5511 creditus
2039 5466 2116 5511 est

542 5552 709 5605 omnis
734 5565 978 5605 numerus
1000 5549 1316 5620 jam'torum,
1353 5559 1401 5604 et
1443 5559 1592 5603 erant
1629 5565 1789 5618 super
1823 5549 2042 5603 exedras
2067 5558 2114 5604 et

543 5637 819 5694 thesauros
842 5640 1024 5694 domus
1068 5641 1298 5694 Domini.
1344 5638 1452 5694 Per
1477 5657 1662 5710 gyrum
1709 5655 1911 5712 quoque
1940 5641 2115 5711 templi

544 5730 757 5787 Domini
783 5733 1124 5787 morabantur
1161 5732 1218 5787 in
1244 5734 1494 5787 custodiis
1521 5734 1649 5798 suis,
1675 5739 1724 5787 et
1759 5749 1876 5788 cum
1917 5743 2114 5804 tempus

549 5821 735 5896 Mser
753 5830 808 5873 ut
836 5822 942 5891 ipsi
963 5829 1115 5877 moue
1137 5824 1401 5892 aperirent
1436 5822 1604 5899 (ores:
1644 5825 1707 5878 de
1741 5841 1923 5879 eorum
1966 5841 2115 5898 grege

2137 4593 2192 4654 D

2211 3348 2300 3405 ille
2350 3366 2450 3406 nos
2498 3351 2712 3406 docebit
2757 3351 2992 3422 qualiter
3040 3354 3221 3425 legere
3270 3355 3578 3413 debeamus
3596 3397 3612 3421 ,
3665 3357 3782 3410 sicut

2213 3444 2479 3514 scriptum
2525 3452 2609 3500 est
2650 3445 2704 3499 in
2739 3445 2967 3502 eodem:
3014 3444 3479 3519 Congregatusque
3519 3458 3593 3502 est
3632 3449 3782 3502 omnis

2211 3535 2436 3607 populus
2464 3537 2619 3606 quasi
2645 3538 2728 3591 vir
2753 3553 2888 3592 unus
2911 3537 2979 3591 ad
3003 3537 3254 3607 plumam,
3286 3553 3408 3610 qua
3437 3549 3515 3598 est
3554 3549 3664 3594 ariis
3681 3553 3784 3607 por-

2212 3634 2323 3680 tam
2342 3626 2638 3694 Aquarum,
2685 3635 2732 3680 et
2781 3625 3028 3682 dixerunt
3055 3626 3245 3682 Eadm:
3270 3629 3464 3684 scriba
3503 3637 3566 3685 ut
3601 3630 3784 3698 alma

2211 3718 2408 3774 librum
2437 3718 2565 3789 legis
2604 3717 2824 3789 Moysis.
2877 3719 2946 3774 Et
3002 3728 3127 3790 post
3171 3735 3388 3790 pauca:
3427 3720 3586 3778 Stetit
3634 3732 3784 3776 asta

2211 3813 2416 3868 Esdras
2438 3812 2612 3866 scriba
2632 3827 2788 3881 super
2810 3811 3038 3882 gradum
3061 3811 3314 3882 ligneum,
3337 3830 3498 3884 quem
3520 3814 3708 3884 fecerat
3728 3811 3784 3865 ad

2207 3905 2556 3976 loquendum,
2581 3913 2630 3958 et
2660 3903 2863 3974 aperuit
2889 3902 3094 3960 Esdras
3120 3903 3313 3958 librusss
3334 3921 3516 3958 coram
3554 3905 3693 3959 enni
3707 3914 3788 3969 ρο·

2213 3996 2338 4066 pulo
2365 4012 2522 4066 super
2563 4011 2768 4050 omnem
2805 3996 2994 4066 quippe
3029 3994 3282 4066 populant
3306 3996 3574 4050 sustinebat.
3597 3993 3786 4046 Levita:

2214 4087 2482 4141 silentium
2523 4086 2784 4155 faciebant
2827 4086 2884 4142 in
2923 4085 3119 4156 populo
3151 4085 3221 4140 ad
3265 4087 3578 4141 audiendam
3607 4083 3786 4154 legem

2215 4177 2438 4249 populus
2459 4188 2635 4233 autem
2660 4178 2834 4232 stabat
2855 4178 2914 4232 in
2932 4179 3105 4248 gradu
3126 4194 3244 4246 suo,
3267 4189 3319 4232 et
3341 4179 3576 4249 legerunt
3595 4180 3652 4232 in
3671 4177 3787 4231 libro

2216 4271 2349 4342 legis
2376 4271 2476 4325 Dei
2515 4270 2756 4326 distincte
2784 4279 2836 4325 et-
2858 4279 3034 4340 aperto
3058 4270 3126 4328 ad
3168 4269 3590 4340 intelligendum.
3637 4267 3787 4335 Bilis

2214 4360 2520 4418 sacerdotis
2547 4367 2604 4416 et
2644 4360 2856 4424 scribae,
2899 4358 3112 4418 scilicet
3151 4359 3340 4415 Esdrae
3371 4374 3542 4429 opera
3588 4358 3784 4428 replicat

2217 4453 2504 4524 episcopus
2549 4451 2605 4506 in
2640 4450 2886 4507 oratione
2917 4465 3019 4508 sua
3059 4449 3126 4504 ad
3165 4447 3458 4514 lectorem,
3495 4448 3696 4512 dicens,
3734 4457 3782 4502 ut

2217 4545 2539 4601 assiduitate
2585 4543 2878 4599 lectionum
2912 4542 2989 4597 sit.
3027 4551 3185 4611 aptus
3235 4540 3607 4611 pronuntiare
3649 4540 3782 4594 verb

2217 4639 2363 4704 vitae,
2408 4645 2466 4694 et
2490 4637 2691 4692 mentis
2733 4651 2798 4691 ac
2840 4635 2990 4689 vocis
3030 4634 3374 4689 distinctione
3411 4634 3620 4704 populo
3655 4649 3783 4688 mon-

2219 4735 2394 4784 strare
2422 4726 2800 4798 intelligihilia.
2833 4725 2950 4782 Hoc
2993 4724 3354 4780 ministerium
3395 4725 3705 4780 continetur
3741 4723 3784 4775 in

2220 4822 2361 4876 dono
2387 4822 2576 4890 gratim
2600 4819 2718 4884 Dei,
2749 4819 2814 4874 de
2839 4832 2948 4888 quo
2969 4817 3101 4873 dicit
3128 4815 3424 4888 Apostolus
3445 4831 3465 4870 :
3494 4817 3607 4871 Alii
3642 4831 3786 4871 sane

2217 4913 2450 4967 scientiae
2477 4910 2767 4966 secundum
2789 4910 3032 4964 διωκάθω
3046 4910 3308 4980 spiritum.
3340 4907 3456 4966 Nos
3483 4909 3630 4964 enim
3650 4906 3791 4976 spiri-

2220 5002 2439 5058 tualiter
2469 5001 2695 5057 lectores
2724 5016 2911 5057 sumus
2953 5001 3169 5070 quando
3209 5000 3276 5055 de
3307 5001 3557 5055 moribus
3586 4999 3789 5056 instrui-

2215 5110 2337 5150 mus
2364 5094 2594 5164 aliquem
2617 5093 2908 5149 intrantem
2937 5093 2997 5146 in
3018 5091 3388 5150 Christianum
3413 5091 3698 5162 populum.

2841 5199 3068 5256 CAPUT
3107 5201 3200 5256 IX.

2812 5272 2886 5327 De
2923 5273 3212 5327 exorcistis.

2290 5367 2432 5422 Dicit
2456 5366 2602 5422 Beda
2629 5367 2684 5422 in
2717 5373 2950 5421 tractatu
2980 5378 3142 5434 super
3185 5363 3355 5422 Actus
3390 5367 3785 5437 apostolorum:

2220 5459 2412 5516 Refert
2457 5458 2722 5530 Josephus
2770 5472 2953 5530 regem
3010 5457 3356 5513 Salomonem
3421 5461 3760 5528 exagitasse
3779 5497 3793 5519 ν

2221 5567 2483 5623 suamque
2509 5560 2721 5624 gentem
2749 5550 2996 5605 docuisse
3023 5550 3213 5605 modos
3254 5549 3574 5615 exorcismi,
3621 5550 3672 5604 id
3696 5556 3790 5609 est,

2221 5642 2632 5713 coniurationis,
2680 5640 2876 5709 quibus
2906 5639 3168 5696 immundi
3221 5640 3448 5709 spiritus
3497 5640 3708 5710 expulsi
3732 5639 3794 5692 ab

2222 5735 2461 5798 homine,
2483 5733 2709 5787 ulterius
2733 5731 2932 5787 reverti
2957 5746 3067 5787 non
3088 5740 3214 5788 sunt
3236 5731 3373 5786 ausi.
3404 5730 3638 5796 Quando
3658 5730 3795 5784 idem

2222 5828 2502 5883 ordinatur
2530 5825 2729 5898 accipit
2774 5823 3033 5890 libellum,
3064 5825 3118 5879 in
3150 5839 3257 5898 quo
3295 5823 3499 5892 scripta
3537 5832 3620 5879 est
3642 5835 3796 5877 cause
