3978 6454
213 409 359 473 1085

977 400 1066 457 DE
1104 395 1659 458 ECCLESIASTICIS
1691 392 1984 455 OFl‘iCiiS
2017 391 2198 451 LIBRI
2234 391 2325 451 IV.
2363 423 2434 440 --
2469 393 2598 452 LIB.
2640 393 2704 452 ῐῐ.

3340 391 3478 454 1086

213 524 435 588 citatio,
460 530 515 578 et
546 519 696 578 audit
731 517 800 576 ai)
831 516 1086 588 episcopo
1131 523 1192 569 ut
1233 514 1430 570 habeat
1470 521 1795 583 potestatem
1820 514 1874 576 Α
1894 502 2147 582 patenam
2181 519 2236 567 et
2260 510 2502 567 calicem.
2531 508 2858 566 Subdiaconi
2898 514 3186 582 melius
3209 508 3302 580 qui
3331 513 3480 570 acc]-

214 631 439 674 manum
465 609 774 682 imponendi
803 624 965 678 super
988 619 1432 677 energumenum.
1457 605 1571 660 Hoc
1595 606 1795 660 donum

215 708 411 778 gratia:
439 705 533 761 Dei
557 703 626 761 ad
654 703 812 758 ﬁdem
848 700 1104 770 pertinet.
1142 698 1250 754 iste
1273 707 1358 753 est
1387 697 1658 753 secundus
1682 710 1798 752 me-

217 799 320 854 dus
355 796 480 852 ﬁdei
507 809 604 866 per
633 791 1007 866 expulsionem
1042 788 1260 846 diaboli.
1312 787 1460 844 Unde
1488 787 1618 842 dicit
1661 785 1798 841 Iat-

217 889 390 945 th:eus
413 906 427 944 :
452 889 618 942 Amen
646 885 760 940 dico
789 884 951 947 vobis,
991 884 1036 937 si
1061 881 1346 938 habueritis
1392 879 1570 948 ﬁdem,
1605 888 1655 934 et
1694 895 1798 934 nos:

215 978 605 1043 ltrrsitoreritis,
631 993 733 1032 non
765 975 936 1032 solum
967 973 1032 1030 de
1075 971 1301 1041 ﬁculnea
1347 971 1590 1041 faciatis;
1634 971 1725 1025 sed
1749 980 1797 1026 et

213 1073 265 1128 si
290 1071 452 1126 monti
496 1070 619 1126 huic
651 1067 914 1132 dixeritis,
943 1064 1088 1124 Tolle
1109 1074 1176 1130 te,
1209 1072 1255 1120 ei
1285 1064 1438 1135 jacio
1481 1073 1532 1117 ts
1571 1063 1626 1117 in
1653 1079 1799 1117 more

213 1166 324 1236 ﬁet.
357 1163 668 1220 Moraliter:
717 1161 776 1217 Si
820 1161 943 1231 quis
991 1174 1091 1231 per
1132 1159 1411 1214 orationes
1439 1172 1566 1214 suas
1607 1156 1796 1211 vitium

213 1254 416 1313 diaboli
439 1253 676 1326 potuerit
704 1251 972 1324 expellere
996 1251 1061 1308 de
1107 1249 1348 1316 homine,
1391 1248 1662 1306 exorcista
1689 1253 1794 1304 est.

849 1363 1080 1420 CAPUT
1108 1362 1176 1418 Χ.

814 1433 893 1493 De
919 1434 1195 1505 accipitis.

283 1525 577 1601 Acoiythus
603 1526 674 1585 ab
714 1526 896 1583 Aaron
920 1533 977 1581 et
1001 1526 1124 1581 ﬁliis
1141 1526 1261 1596 ejus
1285 1532 1465 1581 sumat
1491 1521 1794 1594 exemplum

212 1620 300 1676 sui
352 1620 658 1676 ministerii.
715 1618 989 1690 Scriptum
1036 1627 1121 1675 est
1169 1618 1226 1673 in
1273 1617 1501 1673 Exodo:
1558 1615 1796 1687 Pracipe

213 1711 342 1768 ﬁliis
378 1711 569 1778 lsrael,
593 1719 654 1766 ut
687 1709 917 1766 aii‘erant
943 1709 1042 1766 tibi
1067 1709 1245 1766 oleum
1286 1707 1356 1763 de
1385 1707 1668 1764 arboribus
1697 1705 1797 1762 oli-

209 1816 427 1867 varum,
453 1801 801 1873 purissimum
824 1799 1044 1871 piloque
1061 1807 1371 1864 contusum,
1411 1804 1472 1852 ut
1497 1796 1687 1851 ardeat
1714 1793 1796 1850 lu—

1899 605 2052 669 piunt
2082 605 2154 659 ab
2196 604 2577 660 arehidiacono
2619 603 2895 658 urceolum
2940 605 3010 659 ad
3050 605 3471 662 ministraudum

1897 697 2086 752 vinum
2123 697 2175 752 in
2201 696 2586 752 eucharistiam
2612 695 2856 766 corporis
2899 696 3122 752 Christi.
3159 697 3266 767 ipsi
3311 698 3478 756 etiam

1900 789 2173 858 accipiunt
2207 789 2470 859 scyphum
2495 788 2696 844 manile
2721 803 2846 843 eum
2874 791 3233 858 manutergio.
3282 790 3475 846 Merito

1898 880 1970 935 ab
2017 879 2406 935 archidiacono
2451 879 2842 948 suscipiuntur,
2891 878 3018 949 quia
3064 878 3120 933 in
3158 878 3276 948 ejus
3322 879 3479 949 aclju~

1899 972 2040 1028 torio
2063 973 2366 1028 consecrati
2395 979 2540 1028 sunt.
2569 971 2942 1028 Subdiaconus
2989 972 3324 1044 regionarius
3351 984 3481 1030 tem-

1896 1083 2030 1138 pore
2057 1066 2310 1124 sacriﬁcii
2359 1075 2468 1121 stat
2491 1067 2547 1122 in
2586 1064 2725 1121 facie
2749 1066 3059 1136 pontiﬁcis:
3104 1066 3226 1122 ideo
3256 1082 3478 1122 necesse

1896 1169 1981 1217 est
2021 1168 2082 1216 ut
2108 1162 2502 1230 subsequentes
2545 1160 2856 1216 necessaria
2893 1175 2924 1214 a
2966 1159 3100 1217 foris
3145 1161 3475 1216 ministrent.

1899 1251 2273 1310 Subdiaconus
2322 1253 2444 1310 ideo
2487 1253 2686 1309 dicitur
2712 1295 2728 1320 ,
2773 1254 2902 1325 quia
2948 1254 3050 1310 sub
3109 1256 3336 1312 diacono
3369 1263 3474 1312 est.

1895 1344 1981 1401 Ad
2031 1360 2201 1400 unum
2265 1343 2584 1416 mysterium
2629 1351 3056 1400 consecrantur:
3124 1344 3482 1401 subdiaconus

1890 1452 2021 1494 vasa
2057 1438 2246 1494 altaris
2299 1437 2372 1494 ad
2419 1443 2544 1492 eum
2602 1437 2799 1504 defert,
2843 1439 2960 1508 ipse
3003 1452 3134 1493 vero
3178 1437 3248 1492 ad
3283 1437 3476 1504 altare,

1893 1537 1956 1584 ut
1993 1530 2048 1585 in
2075 1545 2143 1585 eo
2181 1530 2435 1600 disponet
2467 1544 2589 1600 qua
2627 1530 2957 1599 disponenda
2992 1539 3138 1597 sunt,
3164 1538 3328 1600 atque
3355 1531 3482 1587 inde

1894 1622 2147 1692 recipiat,
2175 1630 2235 1677 ut
2264 1622 2440 1678 bonos
2465 1622 2805 1693 dispensator
2825 1622 2892 1677 de
2918 1635 3106 1678 mensa
3135 1621 3347 1677 Domi-ni
3374 1623 3479 1678 sui.

1893 1711 2061 1768 Miror
2086 1726 2192 1782 qua
2214 1713 2282 1768 de
2305 1727 2364 1768 re
2392 1721 2638 1783 stunptus
2664 1728 2798 1768 usus
2823 1713 2879 1768 in
2914 1713 3141 1768 ecclesia
3187 1721 3393 1779 nostra,
3423 1719 3484 1768 ut

1893 1805 2256 1862 subdiaconus
2282 1803 2724 1875 frequentissime
2762 1804 2904 1874 legat
2948 1804 3232 1860 lectionem
3263 1804 3329 1859 ad
3355 1803 3484 1858 mis-

209 1909 377 1949 cerna
400 1908 615 1963 semper
643 1893 699 1950 in
728 1891 1078 1949 tabernaculo
1102 1889 1395 1946 testimonii
1421 1897 1576 1945 extra
1596 1887 1791 1952 velum,
1823 1895 1872 1958 B
1898 1909 2016 1951 sam
2043 1910 2168 1950 eum
2196 1895 2304 1950 hoc
2323 1910 2433 1950 non
2468 1895 2768 1964 reperiatur
2790 1909 2856 1950 ex
2899 1894 3202 1950 ministerio
3231 1893 3332 1949 sibi
3355 1893 3482 1948 dato

207 1985 360 2057 quod
405 1999 706 2057 appensum
739 1993 824 2041 est
865 1983 1198 2050 testimonio,
1243 1990 1300 2039 et
1348 1981 1634 2038 collocabit
1675 1995 1796 2036 eam

205 2077 396 2134 Aaron
427 2086 482 2134 et
514 2077 611 2134 ﬁlii
638 2078 773 2148 eius.
811 2076 963 2144 Quod
985 2077 1060 2132 ita
1096 2074 1244 2130 Beda
1283 2074 1340 2128 in
1380 2073 1517 2128 libro
1546 2071 1708 2126 tertio
1729 2070 1797 2126 de

208 2166 600 2224 tabernaculo:
661 2166 930 2236 Disposito
989 2165 1137 2221 omni
1187 2171 1385 2219 ornatu
1440 2161 1791 2228 tabernaculi,

206 2267 605 2330 consequenter
645 2258 808 2314 etiam
849 2257 1032 2313 lumen
1064 2256 1300 2312 lucem
1343 2253 1687 2327 pravidetur,
1737 2261 1797 2308 ut

211 2352 381 2408 decor
404 2349 521 2421 ejus
546 2350 881 2407 admirabilis
917 2351 1058 2406 sicut
1084 2349 1342 2414 interdiu,
1372 2349 1573 2404 lumine
1605 2346 1791 2411 solari,

210 2442 289 2500 ita
318 2444 488 2503 etiam
514 2451 678 2499 noctu
703 2440 938 2497 ﬂammis
963 2439 1327 2496 lucernalibus
1351 2437 1669 2503 illustretur,
1695 2450 1794 2496 ne-

209 2549 320 2606 que
346 2550 584 2606 unquam
612 2535 668 2589 in
697 2533 858 2590 domo
885 2531 981 2587 Dei
1027 2530 1221 2600 aliquis
1259 2530 1608 2585 tenebrarum
1646 2525 1796 2582 locus

209 2626 394 2697 aliqua
448 2627 766 2682 umbrarum
807 2624 980 2696 possit
1025 2623 1158 2678 hora
1206 2628 1513 2692 suppetere.
1542 2618 1636 2674 ille
1672 2633 1794 2673 cum

209 2718 514 2784 Ordinatur,
570 2718 772 2788 accipit
821 2718 890 2772 ab
954 2715 1338 2772 archidiacono
1387 2711 1791 2769 ceroierarium.

210 2807 391 2876 Quare
436 2811 540 2866 hoc
586 2809 752 2866 faciat
795 2809 1042 2866 lsidorus'
1065 2807 1198 2864 dicit
1234 2824 1247 2860 :
1298 2805 1552 2875 Acolythi
1583 2803 1792 2869 Graece,

207 2899 406 2960 Latine
457 2901 754 2960 eonferarii
821 2902 1074 2957 dicuntur
1132 2914 1165 2953 a
1217 2897 1566 2970 deportandis
1621 2897 1795 2952 cereis

209 2996 430 3066 quando
457 2996 744 3070 legendum
784 3003 869 3054 est
911 2993 1281 3066 Evangelium,
1329 2998 1422 3047 aut
1470 2991 1794 3048 sacriﬁcium

207 3087 567 3146 eliciendum.
621 3089 771 3145 Tunc
819 3087 965 3148 enim
1009 3089 1377 3144 accenduntur
1413 3085 1695 3141 luminaria
1725 3085 1794 3142 ab

208 3182 311 3248 eis,
358 3191 414 3238 et
455 3183 826 3253 deportantur,
876 3197 982 3238 non
1030 3181 1100 3236 ad
1155 3179 1468 3252 eiIugandas
1516 3179 1789 3242 tenebras,

210 3247 448 3334 (iniussi
565 3282 805 3346 tempore
836 3273 1040 3340 rutilat,
1088 3272 1183 3328 sed
1223 3247 1292 3327 ad
1336 3271 1552 3343 signum
1597 3270 1794 3326 laetitiae
1820 3247 1866 3313 θ

209 3367 712 3425 demonstrandum.
737 3365 850 3421 Hoc
869 3367 1068 3420 donum
1089 3365 1155 3420 ad
1175 3365 1511 3434 prophetiam
1536 3365 1790 3433 pertinet.

208 3454 508 3527 Postquam
556 3455 793 3511 imbutus
839 3453 1004 3508 fuerit
1054 3455 1216 3508 homo
1243 3452 1311 3507 de
1358 3453 1623 3517 moribus,
1653 3452 1796 3520 quod

201 3557 302 3608 ost.
350 3549 584 3619 primum
634 3547 832 3601 donum
881 3545 1139 3610 scientiae,
1181 3561 1402 3600 necesse
1451 3552 1536 3600 est
1582 3552 1644 3600 ut
1688 3543 1796 3599 fre-

203 3647 444 3710 quenter
472 3637 828 3695 admoneatur
851 3637 1132 3692 sententiis
1181 3636 1588 3705 Seripturarum
1613 3649 1796 3691 sacra~

208 3745 356 3790 tum.
390 3729 548 3788 Sicut
577 3729 724 3784 enim
761 3729 900 3800 ignis
929 3729 1181 3786 incensus
1205 3729 1585 3799 exstinguitur,
1615 3731 1660 3785 si
1688 3744 1794 3785 non

209 3821 586 3881 addiderimus
634 3818 917 3878 fomenta:
968 3821 1047 3875 sic
1080 3822 1252 3891 prima
1301 3821 1544 3876 doctrina
1595 3823 1796 3877 exstin-

205 3911 421 3984 guitur,
482 3912 587 3971 nisi
644 3909 956 3983 frequenter
1003 3913 1191 3968 eadem
1240 3923 1524 3984 reparatur
1569 3913 1796 3970 diversis

209 4004 520 4063 sententiis.
566 4003 682 4062 illo
709 4012 838 4060 sunt
878 4003 1058 4061 ofﬁcia
1085 4006 1356 4076 prophetae
1383 4024 1396 4060 :
1426 4022 1590 4062 unum
1615 4015 1674 4062 ut
1700 4008 1795 4063 ob-

211 4110 406 4154 scuros
449 4109 646 4153 seusus-
691 4094 986 4165 Scriptum
1049 4096 1349 4152 diiucidet:
1409 4097 1640 4153 alterum
1672 4137 1686 4161 ,
1737 4103 1797 4152 ut

213 4187 400 4248 futura
429 4189 664 4244 nuntiet.
697 4189 788 4244 ille
818 4197 902 4244 est
923 4189 1068 4244 enim
1094 4189 1448 4259 spiritualiter
1487 4191 1792 4260 acolythus,

213 4279 312 4350 qui
340 4280 524 4354 ignem
546 4280 702 4336 verbi
727 4280 985 4344 celestis,
1008 4295 1120 4350 quo
1142 4291 1200 4338 et
1214 4280 1580 4336 illuminentur
1601 4281 1796 4336 fratres

205 4373 290 4430 ad
335 4372 758 4443 agnoscendum,
809 4379 865 4428 et
910 4370 1312 4432 inlammentur
1353 4373 1426 4430 ad
1465 4373 1794 4447 diligendum

209 4463 416 4529 Deum.
440 4463 786 4534 praedicando
810 4463 1100 4518 ministrat.

846 4573 1076 4633 CAPUT
1099 4574 1192 4632 XI.

781 4667 861 4722 De
885 4667 1237 4723 subdiaconis.

293 4758 616 4817 Subdiaconi
641 4758 695 4812 in
740 4758 924 4814 Veteri
959 4759 1306 4814 Testamento
1352 4758 1534 4816 multis
1581 4759 1636 4814 in
1660 4757 1796 4816 locis

211 4854 486 4912 Nathinmi
511 4852 870 4924 appellantur,
903 4849 1059 4920 quale
1084 4859 1168 4905 est
1193 4850 1321 4906 illud
1349 4851 1402 4905 in
1441 4849 1644 4906 Esdra:
1679 4849 1795 4906 Na-

214 4947 400 5002 thinari
448 4945 550 5014 [iiii
575 4943 710 5008 Isai,
749 4942 847 5012 ﬁlii
878 4940 1076 5004 Susan,
1108 4949 1164 4995 et
1189 4941 1415 5012 reliqua.
1461 4941 1529 4994 Et
1555 4941 1749 4995 iterum
1777 4959 1792 4996 :

215 5035 510 5092 Habitabat
556 5035 906 5106 unusquisque
952 5033 1006 5086 in
1039 5031 1361 5102 possessione
1408 5037 1455 5082 et
1496 5029 1551 5082 in
1581 5029 1795 5083 urbibus

213 5128 352 5192 suis,
379 5135 427 5181 et
454 5109 770 5190 sacerdotes,
803 5123 990 5188 leviter,
1022 5121 1312 5185 Nathimei,
1342 5129 1391 5173 et
1431 5119 1534 5188 filii
1556 5118 1798 5174 Salomo-

215 5221 328 5285 nis,
353 5227 457 5275 etc.
490 5216 560 5274 Ut
583 5215 818 5271 lsidorus
853 5214 1004 5279 dicit,
1053 5211 1318 5268 Nathinsei
1349 5212 1795 5282 interpretantur,

216 5313 275 5368 in
305 5310 610 5366 humilitate
633 5307 859 5362 Domino
901 5306 1217 5361 servientes.
1265 5305 1341 5362 De
1369 5306 1686 5361 ministeriis
1707 5321 1801 5360 co-

217 5418 348 5458 rum
374 5402 515 5457 idem
545 5401 710 5456 dicit:
775 5397 1014 5466 Denique
1051 5397 1138 5452 isti
1180 5398 1478 5453 oblationes
1507 5398 1558 5452 in
1601 5397 1800 5467 templo

217 5495 440 5550 Domini
469 5492 768 5560 suscipiunt
794 5505 824 5543 a
865 5487 1096 5558 populis,
1143 5488 1232 5543 isti
1305 5489 1563 5545 obediunt
1607 5488 1800 5545 ofﬁciis

219 5585 532 5648 levitarum,
581 5581 668 5636 isti
715 5594 930 5651 quoque
964 5593 1094 5634 vasa
1141 5580 1382 5650 corporis
1428 5590 1484 5635 et
1525 5581 1802 5651 sanguinis

220 5676 430 5732 Christi
456 5672 699 5730 diaconis
724 5672 790 5726 ad
817 5669 1008 5725 altaria
1040 5670 1252 5725 Domini
1277 5670 1533 5726 oﬁ‘erunt.
1567 5671 1671 5749 ipsi
1705 5686 1799 5727 vo-

221 5772 423 5820 cantur
461 5763 604 5834 apud
646 5759 865 5818 Graecos
907 5759 1252 5826 ὖποδιάκονοε,
1291 5761 1433 5832 apud
1462 5777 1568 5816 nos
1591 5761 1806 5819 subdia-

222 5859 378 5916 coni.
402 5855 470 5914 lii
503 5859 718 5929 modo
750 5857 1088 5922 ordinantur,
1115 5856 1426 5928 suscipiunt
1459 5857 1526 5914 ab
1550 5856 1804 5929 episeopo

1898 1985 1954 2040 in
1979 1985 2388 2041 consecratione
2408 1986 2779 2051 commissum,
2801 1999 2979 2054 neque
3005 1998 3075 2039 ex
3099 1983 3293 2040 litteris
3321 1998 3484 2040 cano-

1895 2078 2054 2142 nicis,
2080 2093 2256 2148 neque
2287 2092 2356 2132 ex
2384 2077 2604 2132 nomine
2632 2092 2750 2136 suo.
2807 2075 3199 2140 Subdiaeonus,
3244 2084 3304 2130 ut
3331 2091 3482 2131 mon-

1897 2175 2132 2223 stratum
2162 2175 2266 2233 est,
2297 2167 2516 2232 dicitur,
2548 2167 2675 2237 quia
2723 2165 2826 2222 sub
2867 2166 3095 2222 diacono
3136 2173 3221 2221 est
3249 2152 3480 2237 positus.

1894 2259 1955 2315 ln
1975 2259 2173 2328 quibus
2200 2259 2364 2313 rebus
2399 2257 2477 2312 illi
2522 2257 2770 2313 subditus
2797 2257 2888 2322 sit,
2924 2257 3264 2313 consecratio
3289 2254 3406 2325 eius
3429 2262 3484 2310 et

1895 2351 2157 2407 canonica
2185 2351 2456 2406 institutio
2479 2358 2806 2416 monstrant,
2841 2349 2897 2404 id
2940 2357 3045 2415 est,
3084 2358 3146 2404 ut
3174 2349 3228 2402 in
3268 2348 3354 2402 his
3381 2347 3484 2402 mi~

1897 2444 2094 2499 nistret
2142 2443 2390 2507 diacono,
2421 2457 2543 2512 quas
2588 2449 2821 2512 aguntur
2852 2442 3000 2497 circa
3047 2440 3238 2496 altaris
3275 2439 3477 2495 ofﬁcia.

1896 2536 2033 2592 Nam
2073 2535 2332 2606 primaevo
2361 2543 2606 2605 tempore
2631 2536 2890 2590 diaconus
2922 2549 3029 2590 non
3060 2535 3271 2605 legebat
3299 2533 3479 2587 Evan-

1895 2630 2115 2702 gelinm,
2143 2629 2286 2698 quod
2313 2628 2554 2683 nondum
2586 2635 2706 2684 erat
2738 2628 3032 2698 scriptum:
3063 2625 3171 2682 Sed
3194 2632 3480 2695 postquam

1894 2729 2160 2777 Matinum
2189 2728 2274 2775 est
2316 2735 2347 2774 a
2373 2721 2620 2792 patrihus
2655 2721 2878 2785 uestris,
2905 2727 2965 2774 ut
2992 2720 3253 2776 diaconus
3279 2717 3484 2790 legeret

1896 2814 2272 2886 Evangelium,
2319 2821 2625 2870 statuerunt
2656 2821 2718 2870 ut
2763 2822 2820 2870 et
2869 2813 3227 2870 subdiaconus
3276 2812 3481 2884 legeret

1893 2905 2176 2977 epistolam
2203 2903 2318 2959 sive
2352 2903 2662 2959 lectionem.

2501 2988 2730 3046 CAPUT
2776 2989 2890 3045 Xli.

2507 3059 2588 3114 De
2621 3061 2879 3116 diaconis.

1967 3128 2224 3186 Ordinem
2270 3130 2354 3186 vel
2385 3131 2766 3187 auctoritatem
2811 3129 3024 3188 diaconi
3077 3137 3132 3186 ct
3177 3128 3482 3205 presbyteri

1897 3233 2060 3295 atque
2087 3225 2344 3295 episcopi,
2374 3224 2488 3280 sive
2517 3223 2880 3280 diﬁ'erentiam
2922 3225 3298 3280 assumendam
3327 3239 3357 3278 a
3382 3223 3484 3278 Ve-

1897 3317 1999 3372 teri
2033 3316 2382 3370 Testamento
2421 3324 2642 3372 sanctus
2685 3311 3048 3386 Hieronymus
3074 3315 3231 3370 nobis
3260 3315 3484 3370 demono

1895 3416 2032 3462 strat
2063 3421 2127 3460 ex
2165 3405 2405 3474 Epistola
2436 3406 2502 3460 ad
2525 3405 2815 3473 Evagrium
2843 3406 3244 3476 presbyterum,
3267 3404 3482 3459 dicens:

1895 3497 1963 3556 Et
2009 3506 2068 3553 ut
2109 3498 2345 3553 sciamus
2398 3496 2720 3552 traditiones
2758 3497 3084 3567 apostolicus
3135 3504 3377 3566 sumptas
3417 3494 3486 3554 de

1895 3583 2078 3642 Veteri
2125 3586 2494 3652 Testamento,
2546 3587 2691 3656 quod
2737 3586 2920 3642 Aaron
2949 3595 3005 3642 et
3051 3585 3147 3640 ﬁlii
3176 3584 3290 3655 ejus
3321 3593 3484 3656 atque

1896 3676 2093 3745 levitzc,
2119 3679 2171 3734 in
2194 3679 2396 3748 templo
2420 3678 2656 3744 fuerunt,
2681 3680 2784 3735 hoc
2804 3679 2908 3736 sibi
2934 3678 3170 3749 episcopi
3197 3686 3252 3734 et
3271 3677 3488 3750 presby-

1895 3770 1997 3824 teri
2050 3778 2106 3824 et
2152 3769 2365 3826 diaconi
2417 3771 2470 3828 in
2522 3769 2766 3829 Ecclesia
2812 3770 3108 3826 vindicent.
3155 3769 3234 3824 Ac
3260 3784 3359 3840 per
3388 3767 3487 3830 hos

1896 3875 2246 3918 recurramus
2287 3863 2354 3918 ad
2385 3863 2552 3918 Vetus
2579 3861 3012 3938 Testamentum,
3053 3868 3108 3918 et
3149 3860 3489 3932 inquiramus

1895 3954 2054 4026 quale
2074 3961 2218 4012 esset
2244 3954 2608 4010 ministerium
2643 3953 2928 4010 levitarum
2959 3953 3014 4008 in
3054 3951 3289 4022 templo:
3340 3950 3489 4008 Scriv

1893 4061 2046 4120 ptum
2065 4060 2149 4108 est
2190 4051 2244 4106 in
2270 4049 2406 4107 libro
2448 4049 2832 4116 Numerorum,
2869 4048 3104 4122 capitulo
3130 4047 3355 4117 quinto:
3384 4045 3490 4104 LOr'

1895 4152 2146 4214 cutusque
2170 4152 2243 4198 est
2269 4141 2529 4198 Dominus
2576 4143 2645 4198 ad
2699 4142 2942 4214 Moysen,
2991 4139 3211 4196 dicens:
3265 4136 3488 4208 Applicq

1896 4236 2089 4292 tribum
2131 4233 2276 4300 Levi,
2310 4245 2358 4292 et
2384 4235 2471 4304 [ac
2497 4243 2637 4290 stare
2681 4236 2736 4288 in
2777 4241 3054 4303 conspectu
3095 4231 3276 4286 Aaron
3315 4244 3489 4284 sacer.

1897 4315 2058 4380 dotis,
2087 4325 2142 4369 ut
2173 4315 2468 4374 ministrent
2498 4314 2565 4380 ei,
2598 4323 2646 4368 et
2681 4312 2933 4368 excubent
2962 4321 3010 4368 et
3043 4310 3309 4370 observent
3334 4305 3488 4380 quid-

1895 4405 2021 4477 quid
2062 4405 2130 4459 ad
2155 4403 2352 4458 cultum
2381 4403 2601 4473 pertinet
2646 4401 3001 4466 multitudinis
3042 4416 3219 4454 coram
3247 4398 3488 4452 taberna-

1897 4494 2015 4554 culo
2055 4495 2358 4561 testimonii,
2403 4505 2451 4548 et
2485 4493 2783 4548 custodiant
2827 4508 2951 4546 vasa
2997 4489 3348 4554 tabernaculi,
3381 4504 3490 4544 ser-

1818 4609 1873 4674 D
1899 4583 2091 4638 trientes
2122 4584 2176 4637 in
2198 4583 2488 4637 ministerio
2529 4583 2662 4654 ejus.
2712 4580 2854 4635 Ecce
2893 4579 3256 4634 ministerium
3284 4575 3488 4634 audivi-

1897 4693 2019 4732 mus
2062 4675 2373 4742 levitarum,
2407 4674 2461 4730 id
2490 4682 2590 4740 est,
2634 4671 2844 4744 vigilias
2886 4671 2940 4726 in
2970 4669 3192 4743 templo,
3222 4678 3278 4726 et
3305 4671 3489 4726 observ

1894 4772 2142 4829 vationes
2167 4784 2372 4835 rerum,
2424 4783 2544 4838 quae
2587 4767 2863 4840 pertinent
2901 4765 2968 4820 ad
2998 4765 3201 4820 cultum
3243 4763 3466 4818 taberna

1897 4865 2003 4922 culi
2033 4863 2148 4918 sive
2183 4875 2458 4916 vasorum.
2485 4857 2552 4911 Et
2596 4855 2756 4926 paulo
2781 4861 2943 4926 post:
2997 4852 3228 4923 Cumque
3255 4852 3488 4906 inuolue-

1895 4957 2002 5009 rint
2051 4954 2231 5006 Aaron
2287 4961 2336 5005 et
2381 4949 2481 5018 ﬁlii
2510 4946 2625 5016 ejus
2652 4943 3014 4999 sanctuarinm
3060 4951 3108 4997 et
3156 4943 3329 4998 omnia
3362 4959 3486 4998 vasa

1897 5046 2010 5118 ejus
2058 5043 2114 5097 in
2143 5040 2487 5096 commotione
2537 5047 2850 5102 castrorum,
2897 5044 3021 5092 tunc
3049 5033 3320 5088 intrabunt
3373 5031 3478 5102 ﬁlii

1902 5134 2091 5201 Caath,
2125 5142 2180 5186 ut
2207 5140 2411 5203 portent
2440 5130 2697 5185 involuta.
2730 5127 2797 5184 Et
2823 5127 2969 5184 istud
3010 5124 3373 5181 ministerium
3393 5137 3484 5179 eo-

1901 5241 2041 5288 rum,
2070 5230 2130 5277 ut
2150 5229 2368 5293 portent
2394 5221 2447 5276 in
2493 5221 2686 5275 itinere
2715 5233 2930 5274 omnem
2965 5213 3352 5286 supellectilem
3397 5221 3482 5269 ta-

1900 5312 2198 5378 bernaculi,
2231 5312 2359 5383 quin
2387 5320 2443 5366 et
2469 5311 2644 5382 ipsum
2686 5305 3116 5370 tabernaculum,
3147 5304 3288 5360 sicut
3325 5305 3377 5358 in
3405 5319 3486 5359 se-

1901 5401 2193 5474 quentibus
2224 5399 2702 5457 demonstrabitur.
2736 5395 2848 5452 Hoc
2883 5403 2965 5452 est
3005 5392 3242 5450 ofﬁcium
3267 5391 3484 5449 familiae

1902 5493 2330 5556 Gersonitarum,
2347 5501 2404 5546 ut
2424 5495 2642 5562 portent
2668 5487 2906 5544 cortinas
2932 5483 3284 5549 tabernaculi,
3314 5491 3369 5539 et
3398 5491 3481 5539 te-

1901 5594 2046 5642 ctum
2069 5585 2306 5647 foederis,
2325 5582 2717 5653 operimentum
2745 5578 2912 5646 aliud,
2931 5586 2989 5634 et
3002 5577 3230 5654 reliqua.
3256 5573 3331 5631 De
3359 5575 3483 5636 ﬁliis

1901 5675 2070 5732 Caath
2100 5675 2300 5731 dicitur
2325 5680 2386 5728 ut
2409 5672 2519 5728 sint
2559 5670 2664 5728 sub
2707 5685 2870 5726 manu
2916 5668 3142 5724 Eleazar
3179 5665 3273 5722 ﬁlii
3301 5667 3481 5721 Aaron

1903 5766 2218 5825 sacerdotis.
2251 5765 2327 5822 De
2355 5765 2496 5833 istis,
2536 5775 2596 5832 ut
2625 5765 2734 5820 sint
2760 5761 2862 5819 sub
2904 5775 3071 5822 manu
3118 5751 3356 5824 ilhamar
3383 5755 3480 5812 ﬁlii

1902 5859 2088 5916 Aaron
2132 5855 2446 5926 sacerdotis,
2500 5866 2553 5914 et
2591 5855 2810 5925 dicitur,
2844 5857 2908 5912 ut
2951 5861 2984 5911 α
3012 5843 3290 5922 trigesrmo
3337 5860 3479 5903 anno
