  <div class='ocr_page' id='page_1' title='image "/cluster/home/n/w/nwhite01/storage/ocr_20150623/105/hvd.32044021109350/547.png"; bbox 0 0 3978 6446; ppageno 0'>
   <div class='ocr_carea' id='block_1_1' title="bbox 495 387 635 448">
    <p class='ocr_par' dir='ltr' id='par_1_1' title="bbox 495 387 635 448">
     <span class='ocr_line' id='line_1_1' title="bbox 495 387 635 448; baseline -0.014 -1"><span class='ocrx_word' id='word_1_1' title='bbox 495 387 635 448; x_wconf 76' lang='grc'><strong>1087</strong></span> 
     </span>
    </p>
   </div>
   <div class='ocr_carea' id='block_1_2' title="bbox 1513 367 2700 435">
    <p class='ocr_par' dir='ltr' id='par_1_2' title="bbox 1513 367 2700 435">
     <span class='ocr_line' id='line_1_2' title="bbox 1513 367 2700 435; baseline -0.007 0"><span class='ocrx_word' id='word_1_2' title='bbox 1513 375 1852 435; x_wconf 81' lang='lat' dir='ltr'><strong>AMALARII</strong></span> <span class='ocrx_word' id='word_1_3' title='bbox 1889 368 2323 432; x_wconf 77' lang='lat' dir='ltr'><strong>PRESBYTERI</strong></span> <span class='ocrx_word' id='word_1_4' title='bbox 2357 367 2700 429; x_wconf 76' lang='lat' dir='ltr'><strong>METENSIS</strong></span> 
     </span>
    </p>
   </div>
   <div class='ocr_carea' id='block_1_3' title="bbox 492 468 3796 581">
    <p class='ocr_par' dir='ltr' id='par_1_3' title="bbox 492 468 3796 581">
     <span class='ocr_line' id='line_1_3' title="bbox 492 468 3796 581; baseline -0.005 -14"><span class='ocrx_word' id='word_1_5' title='bbox 492 505 666 581; x_wconf 87' lang='lat' dir='ltr'><strong>usque</strong></span> <span class='ocrx_word' id='word_1_6' title='bbox 690 511 756 566; x_wconf 84' lang='lat' dir='ltr'><strong>ad</strong></span> <span class='ocrx_word' id='word_1_7' title='bbox 776 506 1279 580; x_wconf 76' lang='lat' dir='ltr'><strong>quinquagesimum</strong></span> <span class='ocrx_word' id='word_1_8' title='bbox 1306 502 1614 575; x_wconf 82' lang='lat' dir='ltr'><strong>ministrent</strong></span> <span class='ocrx_word' id='word_1_9' title='bbox 1647 501 1701 555; x_wconf 89' lang='lat' dir='ltr'><strong>in</strong></span> <span class='ocrx_word' id='word_1_10' title='bbox 1731 495 2075 554; x_wconf 84' lang='lat' dir='ltr'><strong>tabernaculo</strong></span> <span class='ocrx_word' id='word_1_11' title='bbox 2102 493 2154 554; x_wconf 82' lang='lat' dir='ltr'><strong>A</strong></span> <span class='ocrx_word' id='word_1_12' title='bbox 2178 505 2390 561; x_wconf 88' lang='lat' dir='ltr'><strong>cunque</strong></span> <span class='ocrx_word' id='word_1_13' title='bbox 2419 490 2530 546; x_wconf 91' lang='lat' dir='ltr'><strong>sit:</strong></span> <span class='ocrx_word' id='word_1_14' title='bbox 2563 505 2683 560; x_wconf 72' lang='lat' dir='ltr'><strong>qua:</strong></span> <span class='ocrx_word' id='word_1_15' title='bbox 2701 488 2780 544; x_wconf 78' lang='lat' dir='ltr'><strong>.iu</strong></span> <span class='ocrx_word' id='word_1_16' title='bbox 2807 488 2994 546; x_wconf 78' lang='lat' dir='ltr'><strong>Veteri</strong></span> <span class='ocrx_word' id='word_1_17' title='bbox 3039 468 3396 549; x_wconf 80' lang='lat' dir='ltr'><strong>Testamento</strong></span> <span class='ocrx_word' id='word_1_18' title='bbox 3447 491 3796 565; x_wconf 67' lang='lat' dir='ltr'><strong>agebantur,</strong></span> 
     </span>
    </p>
   </div>
   <div class='ocr_carea' id='block_1_4' title="bbox 495 591 2076 658">
    <p class='ocr_par' dir='ltr' id='par_1_4' title="bbox 495 591 2076 658">
     <span class='ocr_line' id='line_1_4' title="bbox 495 591 2076 658; baseline -0.008 -2"><span class='ocrx_word' id='word_1_19' title='bbox 495 602 736 658; x_wconf 72' lang='lat' dir='ltr'><strong>fmderis.</strong></span> <span class='ocrx_word' id='word_1_20' title='bbox 769 604 844 658; x_wconf 78' lang='lat' dir='ltr'><strong>Ex</strong></span> <span class='ocrx_word' id='word_1_21' title='bbox 881 604 984 657; x_wconf 90' lang='lat' dir='ltr'><strong>isto</strong></span> <span class='ocrx_word' id='word_1_22' title='bbox 1004 600 1142 655; x_wconf 90' lang='lat' dir='ltr'><strong>libro</strong></span> <span class='ocrx_word' id='word_1_23' title='bbox 1173 596 1532 652; x_wconf 85' lang='lat' dir='ltr'><strong>Numerorum</strong></span> <span class='ocrx_word' id='word_1_24' title='bbox 1554 602 1610 647; x_wconf 91' lang='lat' dir='ltr'><strong>et</strong></span> <span class='ocrx_word' id='word_1_25' title='bbox 1628 609 1694 646; x_wconf 82' lang='lat' dir='ltr'><strong>ex</strong></span> <span class='ocrx_word' id='word_1_26' title='bbox 1734 591 1916 645; x_wconf 87' lang='lat' dir='ltr'><strong>verbis</strong></span> <span class='ocrx_word' id='word_1_27' title='bbox 1953 605 2076 644; x_wconf 91' lang='lat' dir='ltr'><strong>san-</strong></span> 
     </span>
    </p>
   </div>
   <div class='ocr_carea' id='block_1_5' title="bbox 493 686 2078 766">
    <p class='ocr_par' dir='ltr' id='par_1_5' title="bbox 493 686 2078 766">
     <span class='ocr_line' id='line_1_5' title="bbox 493 686 2078 766; baseline -0.009 -14"><span class='ocrx_word' id='word_1_28' title='bbox 493 697 570 752; x_wconf 85' lang='lat' dir='ltr'><strong>cti</strong></span> <span class='ocrx_word' id='word_1_29' title='bbox 617 695 951 766; x_wconf 82' lang='lat' dir='ltr'><strong>Hieronymi,</strong></span> <span class='ocrx_word' id='word_1_30' title='bbox 983 693 1075 763; x_wconf 89' lang='lat' dir='ltr'><strong>qui</strong></span> <span class='ocrx_word' id='word_1_31' title='bbox 1126 707 1225 746; x_wconf 92' lang='lat' dir='ltr'><strong>nos</strong></span> <span class='ocrx_word' id='word_1_32' title='bbox 1245 690 1399 760; x_wconf 91' lang='lat' dir='ltr'><strong>jubet</strong></span> <span class='ocrx_word' id='word_1_33' title='bbox 1427 686 1757 743; x_wconf 77' lang='lat' dir='ltr'><strong>differentias</strong></span> <span class='ocrx_word' id='word_1_34' title='bbox 1795 699 2078 740; x_wconf 88' lang='lat' dir='ltr'><strong>sacrorum</strong></span> 
     </span>
    </p>
   </div>
   <div class='ocr_carea' id='block_1_6' title="bbox 495 778 2081 845">
    <p class='ocr_par' dir='ltr' id='par_1_6' title="bbox 495 778 2081 845">
     <span class='ocr_line' id='line_1_6' title="bbox 495 778 2081 845; baseline -0.009 0"><span class='ocrx_word' id='word_1_35' title='bbox 495 790 747 845; x_wconf 78' lang='lat' dir='ltr'><strong>ordinum</strong></span> <span class='ocrx_word' id='word_1_36' title='bbox 803 800 1016 842; x_wconf 82' lang='lat' dir='ltr'><strong>sumere</strong></span> <span class='ocrx_word' id='word_1_37' title='bbox 1063 801 1093 838; x_wconf 93' lang='lat' dir='ltr'><strong>a</strong></span> <span class='ocrx_word' id='word_1_38' title='bbox 1140 782 1321 838; x_wconf 77' lang='lat' dir='ltr'><strong>Veteri</strong></span> <span class='ocrx_word' id='word_1_39' title='bbox 1372 781 1720 836; x_wconf 87' lang='lat' dir='ltr'><strong>Testamento</strong></span> <span class='ocrx_word' id='word_1_40' title='bbox 1755 819 1770 844; x_wconf 96' lang='lat'><strong>,</strong></span> <span class='ocrx_word' id='word_1_41' title='bbox 1821 778 2081 834; x_wconf 89' lang='lat' dir='ltr'><strong>discimus</strong></span> 
     </span>
    </p>
   </div>
   <div class='ocr_carea' id='block_1_7' title="bbox 497 869 2082 937">
    <p class='ocr_par' dir='ltr' id='par_1_7' title="bbox 497 869 2082 937">
     <span class='ocr_line' id='line_1_7' title="bbox 497 869 2082 937; baseline -0.009 -1"><span class='ocrx_word' id='word_1_42' title='bbox 497 880 859 936; x_wconf 70' lang='lat' dir='ltr'><strong>ministerium</strong></span> <span class='ocrx_word' id='word_1_43' title='bbox 887 892 1007 932; x_wconf 90' lang='lat' dir='ltr'><strong>esse</strong></span> <span class='ocrx_word' id='word_1_44' title='bbox 1030 876 1360 937; x_wconf 88' lang='lat' dir='ltr'><strong>Levitarum,</strong></span> <span class='ocrx_word' id='word_1_45' title='bbox 1380 881 1440 927; x_wconf 89' lang='lat' dir='ltr'><strong>ut</strong></span> <span class='ocrx_word' id='word_1_46' title='bbox 1460 872 1766 927; x_wconf 78' lang='lat' dir='ltr'><strong>custodiant</strong></span> <span class='ocrx_word' id='word_1_47' title='bbox 1793 869 2082 925; x_wconf 82' lang='lat' dir='ltr'><strong>ecclesiam</strong></span> 
     </span>
    </p>
   </div>
   <div class='ocr_carea' id='block_1_8' title="bbox 499 961 2083 1038">
    <p class='ocr_par' dir='ltr' id='par_1_8' title="bbox 499 961 2083 1038">
     <span class='ocr_line' id='line_1_8' title="bbox 499 961 2083 1038; baseline -0.008 -12"><span class='ocrx_word' id='word_1_48' title='bbox 499 981 555 1026; x_wconf 87' lang='lat' dir='ltr'><strong>et</strong></span> <span class='ocrx_word' id='word_1_49' title='bbox 583 986 714 1024; x_wconf 82' lang='lat' dir='ltr'><strong>vasa</strong></span> <span class='ocrx_word' id='word_1_50' title='bbox 742 969 880 1037; x_wconf 83' lang='lat' dir='ltr'><strong>ejus,</strong></span> <span class='ocrx_word' id='word_1_51' title='bbox 914 977 1076 1038; x_wconf 90' lang='lat' dir='ltr'><strong>atque</strong></span> <span class='ocrx_word' id='word_1_52' title='bbox 1125 964 1543 1036; x_wconf 91' lang='lat' dir='ltr'><strong>supellectilem,</strong></span> <span class='ocrx_word' id='word_1_53' title='bbox 1586 977 1794 1017; x_wconf 89' lang='lat' dir='ltr'><strong>necnon</strong></span> <span class='ocrx_word' id='word_1_54' title='bbox 1821 961 1986 1015; x_wconf 88' lang='lat' dir='ltr'><strong>etiam</strong></span> <span class='ocrx_word' id='word_1_55' title='bbox 2027 966 2083 1014; x_wconf 93' lang='lat' dir='ltr'><strong>et</strong></span> 
     </span>
    </p>
   </div>
   <div class='ocr_carea' id='block_1_9' title="bbox 496 1052 2083 1130">
    <p class='ocr_par' dir='ltr' id='par_1_9' title="bbox 496 1052 2083 1130">
     <span class='ocr_line' id='line_1_9' title="bbox 496 1052 2083 1130; baseline -0.008 -14"><span class='ocrx_word' id='word_1_56' title='bbox 496 1076 619 1130; x_wconf 71' lang='lat' dir='ltr'><strong>qua:</strong></span> <span class='ocrx_word' id='word_1_57' title='bbox 655 1060 961 1114; x_wconf 88' lang='lat' dir='ltr'><strong>necessaria</strong></span> <span class='ocrx_word' id='word_1_58' title='bbox 998 1065 1121 1112; x_wconf 86' lang='lat' dir='ltr'><strong>sunt</strong></span> <span class='ocrx_word' id='word_1_59' title='bbox 1150 1055 1396 1111; x_wconf 83' lang='lat' dir='ltr'><strong>ecclesiae</strong></span> <span class='ocrx_word' id='word_1_60' title='bbox 1420 1062 1640 1126; x_wconf 88' lang='lat' dir='ltr'><strong>portare</strong></span> <span class='ocrx_word' id='word_1_61' title='bbox 1664 1068 1760 1123; x_wconf 92' lang='lat' dir='ltr'><strong>per</strong></span> <span class='ocrx_word' id='word_1_62' title='bbox 1800 1052 1924 1115; x_wconf 91' lang='lat' dir='ltr'><strong>iter,</strong></span> <span class='ocrx_word' id='word_1_63' title='bbox 1959 1066 2083 1122; x_wconf 89' lang='lat' dir='ltr'><strong>por-</strong></span> 
     </span>
    </p>
   </div>
   <div class='ocr_carea' id='block_1_10' title="bbox 497 1145 2080 1221">
    <p class='ocr_par' dir='ltr' id='par_1_10' title="bbox 497 1145 2080 1221">
     <span class='ocr_line' id='line_1_10' title="bbox 497 1145 2080 1221; baseline -0.008 -12"><span class='ocrx_word' id='word_1_64' title='bbox 497 1161 634 1209; x_wconf 89' lang='lat' dir='ltr'><strong>tent.</strong></span> <span class='ocrx_word' id='word_1_65' title='bbox 664 1153 1002 1221; x_wconf 69' lang='lat' dir='ltr'><strong>Quapropter</strong></span> <span class='ocrx_word' id='word_1_66' title='bbox 1029 1151 1079 1203; x_wconf 93' lang='lat' dir='ltr'><strong>in</strong></span> <span class='ocrx_word' id='word_1_67' title='bbox 1108 1148 1417 1203; x_wconf 84' lang='lat' dir='ltr'><strong>Sardicensi</strong></span> <span class='ocrx_word' id='word_1_68' title='bbox 1439 1145 1670 1202; x_wconf 89' lang='lat' dir='ltr'><strong>concilio</strong></span> <span class='ocrx_word' id='word_1_69' title='bbox 1695 1152 1956 1198; x_wconf 88' lang='lat' dir='ltr'><strong>statutum</strong></span> <span class='ocrx_word' id='word_1_70' title='bbox 1978 1152 2080 1208; x_wconf 90' lang='lat' dir='ltr'><strong>est,</strong></span> 
     </span>
    </p>
   </div>
   <div class='ocr_carea' id='block_1_11' title="bbox 496 1235 2081 1312">
    <p class='ocr_par' dir='ltr' id='par_1_11' title="bbox 496 1235 2081 1312">
     <span class='ocr_line' id='line_1_11' title="bbox 496 1235 2081 1312; baseline -0.006 -14"><span class='ocrx_word' id='word_1_71' title='bbox 496 1254 557 1298; x_wconf 90' lang='lat' dir='ltr'><strong>ut</strong></span> <span class='ocrx_word' id='word_1_72' title='bbox 587 1243 988 1312; x_wconf 83' lang='lat' dir='ltr'><strong>qualescunque</strong></span> <span class='ocrx_word' id='word_1_73' title='bbox 1020 1256 1212 1310; x_wconf 83' lang='lat' dir='ltr'><strong>preces</strong></span> <span class='ocrx_word' id='word_1_74' title='bbox 1234 1238 1544 1308; x_wconf 82' lang='lat' dir='ltr'><strong>habuerint</strong></span> <span class='ocrx_word' id='word_1_75' title='bbox 1581 1235 1818 1306; x_wconf 88' lang='lat' dir='ltr'><strong>episcopi</strong></span> <span class='ocrx_word' id='word_1_76' title='bbox 1869 1235 1936 1289; x_wconf 92' lang='lat' dir='ltr'><strong>ad</strong></span> <span class='ocrx_word' id='word_1_77' title='bbox 1981 1250 2081 1304; x_wconf 90' lang='lat' dir='ltr'><strong>pa-</strong></span> 
     </span>
    </p>
   </div>
   <div class='ocr_carea' id='block_1_12' title="bbox 496 1329 2085 1404">
    <p class='ocr_par' dir='ltr' id='par_1_12' title="bbox 496 1329 2085 1404">
     <span class='ocr_line' id='line_1_12' title="bbox 496 1329 2085 1404; baseline -0.004 -13"><span class='ocrx_word' id='word_1_78' title='bbox 496 1337 708 1399; x_wconf 88' lang='lat' dir='ltr'><strong>latium,</strong></span> <span class='ocrx_word' id='word_1_79' title='bbox 759 1335 973 1389; x_wconf 88' lang='lat' dir='ltr'><strong>diaconi</strong></span> <span class='ocrx_word' id='word_1_80' title='bbox 1016 1350 1110 1389; x_wconf 88' lang='lat' dir='ltr'><strong>eas</strong></span> <span class='ocrx_word' id='word_1_81' title='bbox 1157 1333 1454 1404; x_wconf 84' lang='lat' dir='ltr'><strong>perferant.</strong></span> <span class='ocrx_word' id='word_1_82' title='bbox 1485 1331 1562 1386; x_wconf 84' lang='lat' dir='ltr'><strong>Ita</strong></span> <span class='ocrx_word' id='word_1_83' title='bbox 1609 1330 1871 1398; x_wconf 91' lang='lat' dir='ltr'><strong>scriptum</strong></span> <span class='ocrx_word' id='word_1_84' title='bbox 1906 1338 1990 1384; x_wconf 88' lang='lat' dir='ltr'><strong>est</strong></span> <span class='ocrx_word' id='word_1_85' title='bbox 2029 1329 2085 1384; x_wconf 91' lang='lat' dir='ltr'><strong>in</strong></span> 
     </span>
    </p>
   </div>
   <div class='ocr_carea' id='block_1_13' title="bbox 497 1424 2082 1497">
    <p class='ocr_par' dir='ltr' id='par_1_13' title="bbox 497 1424 2082 1497">
     <span class='ocr_line' id='line_1_13' title="bbox 497 1424 2082 1497; baseline -0.004 -15"><span class='ocrx_word' id='word_1_86' title='bbox 497 1444 639 1483; x_wconf 91' lang='lat' dir='ltr'><strong>nono</strong></span> <span class='ocrx_word' id='word_1_87' title='bbox 671 1427 909 1497; x_wconf 90' lang='lat' dir='ltr'><strong>capitulo</strong></span> <span class='ocrx_word' id='word_1_88' title='bbox 953 1427 1235 1494; x_wconf 80' lang='lat' dir='ltr'><strong>memorati</strong></span> <span class='ocrx_word' id='word_1_89' title='bbox 1284 1425 1536 1480; x_wconf 84' lang='lat' dir='ltr'><strong>concilii:</strong></span> <span class='ocrx_word' id='word_1_90' title='bbox 1583 1424 1905 1492; x_wconf 86' lang='lat' dir='ltr'><strong>Quicunque</strong></span> <span class='ocrx_word' id='word_1_91' title='bbox 1933 1437 2082 1493; x_wconf 88' lang='lat' dir='ltr'><strong>ergo,</strong></span> 
     </span>
    </p>
   </div>
   <div class='ocr_carea' id='block_1_14' title="bbox 495 1512 2087 1592">
    <p class='ocr_par' dir='ltr' id='par_1_14' title="bbox 495 1512 2087 1592">
     <span class='ocr_line' id='line_1_14' title="bbox 495 1512 2087 1592; baseline -0.008 -15"><span class='ocrx_word' id='word_1_92' title='bbox 495 1521 684 1592; x_wconf 83' lang='lat' dir='ltr'><strong>quales</strong></span> <span class='ocrx_word' id='word_1_93' title='bbox 715 1521 967 1591; x_wconf 87' lang='lat' dir='ltr'><strong>superius</strong></span> <span class='ocrx_word' id='word_1_94' title='bbox 993 1519 1414 1574; x_wconf 84' lang='lat' dir='ltr'><strong>memoravimus</strong></span> <span class='ocrx_word' id='word_1_95' title='bbox 1442 1531 1632 1588; x_wconf 83' lang='lat' dir='ltr'><strong>preces</strong></span> <span class='ocrx_word' id='word_1_96' title='bbox 1666 1515 1978 1577; x_wconf 90' lang='lat' dir='ltr'><strong>habuerint,</strong></span> <span class='ocrx_word' id='word_1_97' title='bbox 2002 1512 2087 1568; x_wconf 91' lang='lat' dir='ltr'><strong>vel</strong></span> 
     </span>
    </p>
   </div>
   <div class='ocr_carea' id='block_1_15' title="bbox 495 1607 2086 1685">
    <p class='ocr_par' dir='ltr' id='par_1_15' title="bbox 495 1607 2086 1685">
     <span class='ocr_line' id='line_1_15' title="bbox 495 1607 2086 1685; baseline -0.008 -15"><span class='ocrx_word' id='word_1_98' title='bbox 495 1615 827 1685; x_wconf 88' lang='lat' dir='ltr'><strong>acceperint,</strong></span> <span class='ocrx_word' id='word_1_99' title='bbox 855 1627 955 1683; x_wconf 91' lang='lat' dir='ltr'><strong>per</strong></span> <span class='ocrx_word' id='word_1_100' title='bbox 983 1613 1272 1668; x_wconf 86' lang='lat' dir='ltr'><strong>diaconum</strong></span> <span class='ocrx_word' id='word_1_101' title='bbox 1314 1626 1471 1665; x_wconf 90' lang='lat' dir='ltr'><strong>suum</strong></span> <span class='ocrx_word' id='word_1_102' title='bbox 1509 1609 1745 1672; x_wconf 90' lang='lat' dir='ltr'><strong>mittant,</strong></span> <span class='ocrx_word' id='word_1_103' title='bbox 1791 1607 1917 1675; x_wconf 90' lang='lat' dir='ltr'><strong>quia</strong></span> <span class='ocrx_word' id='word_1_104' title='bbox 1959 1620 2086 1674; x_wconf 88' lang='lat' dir='ltr'><strong>per-</strong></span> 
     </span>
    </p>
   </div>
   <div class='ocr_carea' id='block_1_16' title="bbox 494 1700 2087 1772">
    <p class='ocr_par' dir='ltr' id='par_1_16' title="bbox 494 1700 2087 1772">
     <span class='ocr_line' id='line_1_16' title="bbox 494 1700 2087 1772; baseline -0.008 -8"><span class='ocrx_word' id='word_1_105' title='bbox 494 1723 626 1764; x_wconf 90' lang='lat' dir='ltr'><strong>sona</strong></span> <span class='ocrx_word' id='word_1_106' title='bbox 658 1708 893 1763; x_wconf 86' lang='lat' dir='ltr'><strong>ministri</strong></span> <span class='ocrx_word' id='word_1_107' title='bbox 921 1706 1186 1761; x_wconf 84' lang='lat' dir='ltr'><strong>invidiosa</strong></span> <span class='ocrx_word' id='word_1_108' title='bbox 1216 1720 1323 1760; x_wconf 92' lang='lat' dir='ltr'><strong>non</strong></span> <span class='ocrx_word' id='word_1_109' title='bbox 1361 1712 1464 1769; x_wconf 91' lang='lat' dir='ltr'><strong>est,</strong></span> <span class='ocrx_word' id='word_1_110' title='bbox 1499 1711 1554 1756; x_wconf 89' lang='lat' dir='ltr'><strong>et</strong></span> <span class='ocrx_word' id='word_1_111' title='bbox 1580 1701 1807 1772; x_wconf 90' lang='lat' dir='ltr'><strong>reliqua.</strong></span> <span class='ocrx_word' id='word_1_112' title='bbox 1831 1700 1968 1767; x_wconf 89' lang='lat' dir='ltr'><strong>Quia</strong></span> <span class='ocrx_word' id='word_1_113' title='bbox 1993 1715 2087 1753; x_wconf 88' lang='lat' dir='ltr'><strong>au-</strong></span> 
     </span>
    </p>
   </div>
   <div class='ocr_carea' id='block_1_17' title="bbox 495 1791 2083 1854">
    <p class='ocr_par' dir='ltr' id='par_1_17' title="bbox 495 1791 2083 1854">
     <span class='ocr_line' id='line_1_17' title="bbox 495 1791 2083 1854; baseline -0.004 -5"><span class='ocrx_word' id='word_1_114' title='bbox 495 1797 732 1853; x_wconf 88' lang='lat' dir='ltr'><strong>divimus</strong></span> <span class='ocrx_word' id='word_1_115' title='bbox 763 1796 1125 1852; x_wconf 87' lang='lat' dir='ltr'><strong>ministerium</strong></span> <span class='ocrx_word' id='word_1_116' title='bbox 1153 1795 1365 1849; x_wconf 88' lang='lat' dir='ltr'><strong>diaconi</strong></span> <span class='ocrx_word' id='word_1_117' title='bbox 1394 1810 1460 1848; x_wconf 82' lang='lat' dir='ltr'><strong>ex</strong></span> <span class='ocrx_word' id='word_1_118' title='bbox 1488 1792 1670 1848; x_wconf 83' lang='lat' dir='ltr'><strong>Veteri</strong></span> <span class='ocrx_word' id='word_1_119' title='bbox 1713 1791 2083 1854; x_wconf 81' lang='lat' dir='ltr'><strong>Testamento,</strong></span> 
     </span>
    </p>
   </div>
   <div class='ocr_carea' id='block_1_18' title="bbox 2181 583 3801 656">
    <p class='ocr_par' dir='ltr' id='par_1_18' title="bbox 2181 583 3801 656">
     <span class='ocr_line' id='line_1_18' title="bbox 2181 583 3801 656; baseline 0.002 -15"><span class='ocrx_word' id='word_1_120' title='bbox 2181 586 2370 641; x_wconf 90' lang='lat' dir='ltr'><strong>umbra</strong></span> <span class='ocrx_word' id='word_1_121' title='bbox 2400 593 2559 640; x_wconf 88' lang='lat' dir='ltr'><strong>erant</strong></span> <span class='ocrx_word' id='word_1_122' title='bbox 2582 583 2911 640; x_wconf 87' lang='lat' dir='ltr'><strong>futurorum.</strong></span> <span class='ocrx_word' id='word_1_123' title='bbox 2943 585 3198 641; x_wconf 87' lang='lat' dir='ltr'><strong>Dicamus</strong></span> <span class='ocrx_word' id='word_1_124' title='bbox 3216 585 3465 642; x_wconf 78' lang='lat' dir='ltr'><strong>breviter</strong></span> <span class='ocrx_word' id='word_1_125' title='bbox 3486 587 3655 656; x_wconf 86' lang='lat' dir='ltr'><strong>quod</strong></span> <span class='ocrx_word' id='word_1_126' title='bbox 3683 603 3801 644; x_wconf 84' lang='lat' dir='ltr'><strong>seu-</strong></span> 
     </span>
    </p>
   </div>
   <div class='ocr_carea' id='block_1_19' title="bbox 2182 675 3798 748">
    <p class='ocr_par' dir='ltr' id='par_1_19' title="bbox 2182 675 3798 748">
     <span class='ocr_line' id='line_1_19' title="bbox 2182 675 3798 748; baseline 0.002 -17"><span class='ocrx_word' id='word_1_127' title='bbox 2182 677 2366 733; x_wconf 91' lang='lat' dir='ltr'><strong>timus.</strong></span> <span class='ocrx_word' id='word_1_128' title='bbox 2395 677 2539 732; x_wconf 90' lang='lat' dir='ltr'><strong>Deus</strong></span> <span class='ocrx_word' id='word_1_129' title='bbox 2567 677 2717 731; x_wconf 89' lang='lat' dir='ltr'><strong>dabit</strong></span> <span class='ocrx_word' id='word_1_130' title='bbox 2745 677 3022 742; x_wconf 89' lang='lat' dir='ltr'><strong>doctores,</strong></span> <span class='ocrx_word' id='word_1_131' title='bbox 3050 678 3143 746; x_wconf 93' lang='lat' dir='ltr'><strong>qui</strong></span> <span class='ocrx_word' id='word_1_132' title='bbox 3188 675 3383 732; x_wconf 88' lang='lat' dir='ltr'><strong>melius</strong></span> <span class='ocrx_word' id='word_1_133' title='bbox 3410 677 3798 748; x_wconf 75' lang='lat' dir='ltr'><strong>explanatum</strong></span> 
     </span>
    </p>
   </div>
   <div class='ocr_carea' id='block_1_20' title="bbox 2183 768 3793 840">
    <p class='ocr_par' dir='ltr' id='par_1_20' title="bbox 2183 768 3793 840">
     <span class='ocr_line' id='line_1_20' title="bbox 2183 768 3793 840; baseline 0.001 -16"><span class='ocrx_word' id='word_1_134' title='bbox 2183 779 2432 825; x_wconf 87' lang='lat' dir='ltr'><strong>conatum</strong></span> <span class='ocrx_word' id='word_1_135' title='bbox 2484 778 2749 824; x_wconf 91' lang='lat' dir='ltr'><strong>nostrum.</strong></span> <span class='ocrx_word' id='word_1_136' title='bbox 2793 768 2898 822; x_wconf 87' lang='lat' dir='ltr'><strong>Per</strong></span> <span class='ocrx_word' id='word_1_137' title='bbox 2943 784 3158 833; x_wconf 90' lang='lat' dir='ltr'><strong>manus,</strong></span> <span class='ocrx_word' id='word_1_138' title='bbox 3190 784 3350 839; x_wconf 84' lang='lat' dir='ltr'><strong>opera</strong></span> <span class='ocrx_word' id='word_1_139' title='bbox 3387 770 3793 840; x_wconf 82' lang='lat' dir='ltr'><strong>intelligimus;</strong></span> 
     </span>
    </p>
   </div>
   <div class='ocr_carea' id='block_1_21' title="bbox 2183 859 3795 931">
    <p class='ocr_par' dir='ltr' id='par_1_21' title="bbox 2183 859 3795 931">
     <span class='ocr_line' id='line_1_21' title="bbox 2183 859 3795 931; baseline 0.001 -15"><span class='ocrx_word' id='word_1_140' title='bbox 2183 876 2280 931; x_wconf 89' lang='lat' dir='ltr'><strong>per</strong></span> <span class='ocrx_word' id='word_1_141' title='bbox 2305 862 2520 930; x_wconf 80' lang='lat' dir='ltr'><strong>digitos,</strong></span> <span class='ocrx_word' id='word_1_142' title='bbox 2549 861 2689 915; x_wconf 91' lang='lat' dir='ltr'><strong>dona</strong></span> <span class='ocrx_word' id='word_1_143' title='bbox 2721 859 2959 930; x_wconf 86' lang='lat' dir='ltr'><strong>Spiritus</strong></span> <span class='ocrx_word' id='word_1_144' title='bbox 2984 861 3178 915; x_wconf 87' lang='lat' dir='ltr'><strong>sancti.</strong></span> <span class='ocrx_word' id='word_1_145' title='bbox 3207 861 3263 914; x_wconf 86' lang='lat' dir='ltr'><strong>In</strong></span> <span class='ocrx_word' id='word_1_146' title='bbox 3295 861 3577 915; x_wconf 90' lang='lat' dir='ltr'><strong>membris</strong></span> <span class='ocrx_word' id='word_1_147' title='bbox 3611 862 3795 917; x_wconf 84' lang='lat' dir='ltr'><strong>huma-</strong></span> 
     </span>
    </p>
   </div>
   <div class='ocr_carea' id='block_1_22' title="bbox 2185 953 3792 1023">
    <p class='ocr_par' dir='ltr' id='par_1_22' title="bbox 2185 953 3792 1023">
     <span class='ocr_line' id='line_1_22' title="bbox 2185 953 3792 1023; baseline 0 -14"><span class='ocrx_word' id='word_1_148' title='bbox 2185 955 2272 1009; x_wconf 91' lang='lat' dir='ltr'><strong>nis</strong></span> <span class='ocrx_word' id='word_1_149' title='bbox 2299 969 2406 1008; x_wconf 91' lang='lat' dir='ltr'><strong>non</strong></span> <span class='ocrx_word' id='word_1_150' title='bbox 2433 963 2517 1008; x_wconf 91' lang='lat' dir='ltr'><strong>est</strong></span> <span class='ocrx_word' id='word_1_151' title='bbox 2555 953 2730 1023; x_wconf 86' lang='lat' dir='ltr'><strong>major</strong></span> <span class='ocrx_word' id='word_1_152' title='bbox 2767 953 3026 1008; x_wconf 86' lang='lat' dir='ltr'><strong>discretio</strong></span> <span class='ocrx_word' id='word_1_153' title='bbox 3076 953 3484 1018; x_wconf 88' lang='lat' dir='ltr'><strong>membrorum,</strong></span> <span class='ocrx_word' id='word_1_154' title='bbox 3536 968 3708 1022; x_wconf 85' lang='lat' dir='ltr'><strong>quam</strong></span> <span class='ocrx_word' id='word_1_155' title='bbox 3745 955 3792 1009; x_wconf 89' lang='lat' dir='ltr'><strong>in</strong></span> 
     </span>
    </p>
   </div>
   <div class='ocr_carea' id='block_1_23' title="bbox 2186 1042 3794 1118">
    <p class='ocr_par' dir='ltr' id='par_1_23' title="bbox 2186 1042 3794 1118">
     <span class='ocr_line' id='line_1_23' title="bbox 2186 1042 3794 1118; baseline 0 -18"><span class='ocrx_word' id='word_1_156' title='bbox 2186 1045 2388 1118; x_wconf 79' lang='lat' dir='ltr'><strong>digitis,</strong></span> <span class='ocrx_word' id='word_1_157' title='bbox 2416 1061 2480 1100; x_wconf 91' lang='lat' dir='ltr'><strong>ac</strong></span> <span class='ocrx_word' id='word_1_158' title='bbox 2513 1061 2611 1115; x_wconf 88' lang='lat' dir='ltr'><strong>per</strong></span> <span class='ocrx_word' id='word_1_159' title='bbox 2639 1045 2745 1099; x_wconf 87' lang='lat' dir='ltr'><strong>hoc</strong></span> <span class='ocrx_word' id='word_1_160' title='bbox 2775 1044 3012 1100; x_wconf 89' lang='lat' dir='ltr'><strong>discreta</strong></span> <span class='ocrx_word' id='word_1_161' title='bbox 3036 1045 3178 1100; x_wconf 90' lang='lat' dir='ltr'><strong>dona</strong></span> <span class='ocrx_word' id='word_1_162' title='bbox 3203 1042 3456 1114; x_wconf 89' lang='lat' dir='ltr'><strong>Spiritus</strong></span> <span class='ocrx_word' id='word_1_163' title='bbox 3485 1048 3674 1099; x_wconf 81' lang='lat' dir='ltr'><strong>sancti</strong></span> <span class='ocrx_word' id='word_1_164' title='bbox 3706 1062 3794 1116; x_wconf 90' lang='lat' dir='ltr'><strong>per</strong></span> 
     </span>
    </p>
   </div>
   <div class='ocr_carea' id='block_1_24' title="bbox 2185 1135 3788 1208">
    <p class='ocr_par' dir='ltr' id='par_1_24' title="bbox 2185 1135 3788 1208">
     <span class='ocr_line' id='line_1_24' title="bbox 2185 1135 3788 1208; baseline -0.001 -16"><span class='ocrx_word' id='word_1_165' title='bbox 2185 1153 2279 1192; x_wconf 91' lang='lat' dir='ltr'><strong>eos</strong></span> <span class='ocrx_word' id='word_1_166' title='bbox 2314 1144 2708 1192; x_wconf 89' lang='lat' dir='ltr'><strong>monstrantur.</strong></span> <span class='ocrx_word' id='word_1_167' title='bbox 2736 1135 2911 1208; x_wconf 90' lang='lat' dir='ltr'><strong>Caput</strong></span> <span class='ocrx_word' id='word_1_168' title='bbox 2937 1136 3106 1199; x_wconf 90' lang='lat' dir='ltr'><strong>enim,</strong></span> <span class='ocrx_word' id='word_1_169' title='bbox 3136 1136 3444 1207; x_wconf 87' lang='lat' dir='ltr'><strong>principale</strong></span> <span class='ocrx_word' id='word_1_170' title='bbox 3469 1137 3685 1190; x_wconf 87' lang='lat' dir='ltr'><strong>mentis</strong></span> <span class='ocrx_word' id='word_1_171' title='bbox 3705 1136 3788 1191; x_wconf 79' lang='lat' dir='ltr'><strong>de-</strong></span> 
     </span>
    </p>
   </div>
   <div class='ocr_carea' id='block_1_25' title="bbox 2186 1226 3790 1300">
    <p class='ocr_par' dir='ltr' id='par_1_25' title="bbox 2186 1226 3790 1300">
     <span class='ocr_line' id='line_1_25' title="bbox 2186 1226 3790 1300; baseline -0.002 -16"><span class='ocrx_word' id='word_1_172' title='bbox 2186 1231 2382 1300; x_wconf 78' lang='lat' dir='ltr'><strong>signat.</strong></span> <span class='ocrx_word' id='word_1_173' title='bbox 2439 1226 2771 1297; x_wconf 90' lang='lat' dir='ltr'><strong>Scripsimus</strong></span> <span class='ocrx_word' id='word_1_174' title='bbox 2816 1227 2869 1280; x_wconf 93' lang='lat' dir='ltr'><strong>in</strong></span> <span class='ocrx_word' id='word_1_175' title='bbox 2915 1228 3170 1296; x_wconf 66' lang='lat' dir='ltr'><strong>praesenti</strong></span> <span class='ocrx_word' id='word_1_176' title='bbox 3213 1227 3482 1296; x_wconf 87' lang='lat' dir='ltr'><strong>opusculo</strong></span> <span class='ocrx_word' id='word_1_177' title='bbox 3543 1243 3618 1281; x_wconf 77' lang='lat' dir='ltr'><strong>ex</strong></span> <span class='ocrx_word' id='word_1_178' title='bbox 3648 1227 3790 1281; x_wconf 84' lang='lat' dir='ltr'><strong>dictis</strong></span> 
     </span>
    </p>
   </div>
   <div class='ocr_carea' id='block_1_26' title="bbox 2187 1318 3788 1389">
    <p class='ocr_par' dir='ltr' id='par_1_26' title="bbox 2187 1318 3788 1389">
     <span class='ocr_line' id='line_1_26' title="bbox 2187 1318 3788 1389; baseline -0.002 -13"><span class='ocrx_word' id='word_1_179' title='bbox 2187 1320 2362 1377; x_wconf 85' lang='lat' dir='ltr'><strong>sancti</strong></span> <span class='ocrx_word' id='word_1_180' title='bbox 2389 1319 2696 1388; x_wconf 76' lang='lat' dir='ltr'><strong>Augustini,</strong></span> <span class='ocrx_word' id='word_1_181' title='bbox 2740 1335 2847 1374; x_wconf 93' lang='lat' dir='ltr'><strong>non</strong></span> <span class='ocrx_word' id='word_1_182' title='bbox 2877 1318 3010 1372; x_wconf 92' lang='lat' dir='ltr'><strong>dare</strong></span> <span class='ocrx_word' id='word_1_183' title='bbox 3043 1319 3318 1389; x_wconf 89' lang='lat' dir='ltr'><strong>apostolos</strong></span> <span class='ocrx_word' id='word_1_184' title='bbox 3347 1319 3635 1388; x_wconf 75' lang='lat' dir='ltr'><strong>Spiritum</strong></span> <span class='ocrx_word' id='word_1_185' title='bbox 3675 1333 3788 1372; x_wconf 86' lang='lat' dir='ltr'><strong>san-</strong></span> 
     </span>
    </p>
   </div>
   <div class='ocr_carea' id='block_1_27' title="bbox 2187 1411 3788 1482">
    <p class='ocr_par' dir='ltr' id='par_1_27' title="bbox 2187 1411 3788 1482">
     <span class='ocr_line' id='line_1_27' title="bbox 2187 1411 3788 1482; baseline -0.001 -15"><span class='ocrx_word' id='word_1_186' title='bbox 2187 1421 2334 1468; x_wconf 94' lang='lat' dir='ltr'><strong>ctum</strong></span> <span class='ocrx_word' id='word_1_187' title='bbox 2372 1430 2386 1466; x_wconf 90' lang='lat'><strong>:</strong></span> <span class='ocrx_word' id='word_1_188' title='bbox 2419 1411 2512 1467; x_wconf 90' lang='lat' dir='ltr'><strong>sed</strong></span> <span class='ocrx_word' id='word_1_189' title='bbox 2539 1427 2699 1466; x_wconf 91' lang='lat' dir='ltr'><strong>orare</strong></span> <span class='ocrx_word' id='word_1_190' title='bbox 2719 1419 2780 1466; x_wconf 94' lang='lat' dir='ltr'><strong>ut</strong></span> <span class='ocrx_word' id='word_1_191' title='bbox 2807 1411 3021 1466; x_wconf 82' lang='lat' dir='ltr'><strong>veniret</strong></span> <span class='ocrx_word' id='word_1_192' title='bbox 3048 1427 3212 1482; x_wconf 86' lang='lat' dir='ltr'><strong>super</strong></span> <span class='ocrx_word' id='word_1_193' title='bbox 3235 1427 3333 1466; x_wconf 87' lang='lat' dir='ltr'><strong>eos</strong></span> <span class='ocrx_word' id='word_1_194' title='bbox 3363 1412 3581 1482; x_wconf 89' lang='lat' dir='ltr'><strong>quibus</strong></span> <span class='ocrx_word' id='word_1_195' title='bbox 3610 1427 3788 1466; x_wconf 82' lang='lat' dir='ltr'><strong>manus</strong></span> 
     </span>
    </p>
   </div>
   <div class='ocr_carea' id='block_1_28' title="bbox 2188 1501 3789 1573">
    <p class='ocr_par' dir='ltr' id='par_1_28' title="bbox 2188 1501 3789 1573">
     <span class='ocr_line' id='line_1_28' title="bbox 2188 1501 3789 1573; baseline -0.001 -16"><span class='ocrx_word' id='word_1_196' title='bbox 2188 1503 2556 1573; x_wconf 87' lang='lat' dir='ltr'><strong>imponebaut.</strong></span> <span class='ocrx_word' id='word_1_197' title='bbox 2591 1502 2748 1558; x_wconf 88' lang='lat' dir='ltr'><strong>Unde</strong></span> <span class='ocrx_word' id='word_1_198' title='bbox 2794 1503 3057 1573; x_wconf 91' lang='lat' dir='ltr'><strong>scriptum</strong></span> <span class='ocrx_word' id='word_1_199' title='bbox 3107 1511 3194 1557; x_wconf 91' lang='lat' dir='ltr'><strong>est</strong></span> <span class='ocrx_word' id='word_1_200' title='bbox 3236 1503 3293 1556; x_wconf 91' lang='lat' dir='ltr'><strong>in</strong></span> <span class='ocrx_word' id='word_1_201' title='bbox 3330 1501 3481 1556; x_wconf 86' lang='lat' dir='ltr'><strong>libro</strong></span> <span class='ocrx_word' id='word_1_202' title='bbox 3533 1501 3789 1556; x_wconf 82' lang='lat' dir='ltr'><strong>Numero-</strong></span> 
     </span>
    </p>
   </div>
   <div class='ocr_carea' id='block_1_29' title="bbox 2189 1591 3790 1664">
    <p class='ocr_par' dir='ltr' id='par_1_29' title="bbox 2189 1591 3790 1664">
     <span class='ocr_line' id='line_1_29' title="bbox 2189 1591 3790 1664; baseline -0.003 -14"><span class='ocrx_word' id='word_1_203' title='bbox 2189 1612 2310 1650; x_wconf 88' lang='lat' dir='ltr'><strong>rum</strong></span> <span class='ocrx_word' id='word_1_204' title='bbox 2335 1615 2348 1649; x_wconf 91' lang='lat'><strong>:</strong></span> <span class='ocrx_word' id='word_1_205' title='bbox 2384 1594 2452 1649; x_wconf 86' lang='lat' dir='ltr'><strong>Et</strong></span> <span class='ocrx_word' id='word_1_206' title='bbox 2483 1595 2617 1649; x_wconf 66' lang='lat' dir='ltr'><strong>dixit</strong></span> <span class='ocrx_word' id='word_1_207' title='bbox 2643 1594 2901 1650; x_wconf 76' lang='lat' dir='ltr'><strong>Dominus</strong></span> <span class='ocrx_word' id='word_1_208' title='bbox 2928 1594 2998 1647; x_wconf 91' lang='lat' dir='ltr'><strong>ad</strong></span> <span class='ocrx_word' id='word_1_209' title='bbox 3039 1592 3260 1664; x_wconf 78' lang='lat' dir='ltr'><strong>Moysen</strong></span> <span class='ocrx_word' id='word_1_210' title='bbox 3291 1607 3309 1645; x_wconf 92' lang='lat'><strong>:</strong></span> <span class='ocrx_word' id='word_1_211' title='bbox 3353 1591 3645 1664; x_wconf 77' lang='lat' dir='ltr'><strong>Congrega</strong></span> <span class='ocrx_word' id='word_1_212' title='bbox 3673 1591 3790 1646; x_wconf 67' lang='lat' dir='ltr'><strong>milii</strong></span> 
     </span>
    </p>
   </div>
   <div class='ocr_carea' id='block_1_30' title="bbox 2190 1683 3788 1759">
    <p class='ocr_par' dir='ltr' id='par_1_30' title="bbox 2190 1683 3788 1759">
     <span class='ocr_line' id='line_1_30' title="bbox 2190 1683 3788 1759; baseline -0.003 -17"><span class='ocrx_word' id='word_1_213' title='bbox 2190 1688 2520 1759; x_wconf 73' lang='lat' dir='ltr'><strong>septuaginta</strong></span> <span class='ocrx_word' id='word_1_214' title='bbox 2563 1687 2706 1741; x_wconf 91' lang='lat' dir='ltr'><strong>viros</strong></span> <span class='ocrx_word' id='word_1_215' title='bbox 2735 1686 2799 1741; x_wconf 87' lang='lat' dir='ltr'><strong>de</strong></span> <span class='ocrx_word' id='word_1_216' title='bbox 2840 1685 3134 1740; x_wconf 85' lang='lat' dir='ltr'><strong>senioribus</strong></span> <span class='ocrx_word' id='word_1_217' title='bbox 3167 1683 3365 1748; x_wconf 78' lang='lat' dir='ltr'><strong>Israel,</strong></span> <span class='ocrx_word' id='word_1_218' title='bbox 3399 1701 3537 1756; x_wconf 77' lang='lat' dir='ltr'><strong>quos</strong></span> <span class='ocrx_word' id='word_1_219' title='bbox 3578 1695 3635 1738; x_wconf 73' lang='lat' dir='ltr'><strong>tu</strong></span> <span class='ocrx_word' id='word_1_220' title='bbox 3663 1684 3788 1737; x_wconf 80' lang='lat' dir='ltr'><strong>nosti</strong></span> 
     </span>
    </p>
   </div>
   <div class='ocr_carea' id='block_1_31' title="bbox 2189 1775 3790 1851">
    <p class='ocr_par' dir='ltr' id='par_1_31' title="bbox 2189 1775 3790 1851">
     <span class='ocr_line' id='line_1_31' title="bbox 2189 1775 3790 1851; baseline -0.002 -18"><span class='ocrx_word' id='word_1_221' title='bbox 2189 1779 2330 1851; x_wconf 87' lang='lat' dir='ltr'><strong>quod</strong></span> <span class='ocrx_word' id='word_1_222' title='bbox 2372 1795 2520 1833; x_wconf 87' lang='lat' dir='ltr'><strong>senes</strong></span> <span class='ocrx_word' id='word_1_223' title='bbox 2546 1777 2729 1849; x_wconf 83' lang='lat' dir='ltr'><strong>populi</strong></span> <span class='ocrx_word' id='word_1_224' title='bbox 2771 1779 2878 1832; x_wconf 89' lang='lat' dir='ltr'><strong>sint</strong></span> <span class='ocrx_word' id='word_1_225' title='bbox 2915 1795 2978 1832; x_wconf 83' lang='lat' dir='ltr'><strong>ac</strong></span> <span class='ocrx_word' id='word_1_226' title='bbox 3017 1777 3280 1848; x_wconf 85' lang='lat' dir='ltr'><strong>magistri,</strong></span> <span class='ocrx_word' id='word_1_227' title='bbox 3333 1785 3384 1831; x_wconf 87' lang='lat' dir='ltr'><strong>et</strong></span> <span class='ocrx_word' id='word_1_228' title='bbox 3428 1777 3594 1830; x_wconf 78' lang='lat' dir='ltr'><strong>duces</strong></span> <span class='ocrx_word' id='word_1_229' title='bbox 3619 1792 3705 1830; x_wconf 79' lang='lat' dir='ltr'><strong>eos</strong></span> <span class='ocrx_word' id='word_1_230' title='bbox 3729 1775 3790 1828; x_wconf 75' lang='lat' dir='ltr'><strong>ad</strong></span> 
     </span>
    </p>
   </div>
   <div class='ocr_carea' id='block_1_32' title="bbox 499 1859 3789 1951">
    <p class='ocr_par' dir='ltr' id='par_1_32' title="bbox 499 1859 3789 1951">
     <span class='ocr_line' id='line_1_32' title="bbox 499 1859 3789 1951; baseline -0.002 -11"><span class='ocrx_word' id='word_1_231' title='bbox 499 1888 781 1943; x_wconf 86' lang='lat' dir='ltr'><strong>videamus</strong></span> <span class='ocrx_word' id='word_1_232' title='bbox 807 1903 1025 1942; x_wconf 88' lang='lat' dir='ltr'><strong>causam</strong></span> <span class='ocrx_word' id='word_1_233' title='bbox 1057 1885 1488 1940; x_wconf 86' lang='lat' dir='ltr'><strong>consecrationis</strong></span> <span class='ocrx_word' id='word_1_234' title='bbox 1515 1882 1631 1951; x_wconf 88' lang='lat' dir='ltr'><strong>ejus</strong></span> <span class='ocrx_word' id='word_1_235' title='bbox 1654 1898 1720 1939; x_wconf 82' lang='lat' dir='ltr'><strong>ex</strong></span> <span class='ocrx_word' id='word_1_236' title='bbox 1745 1881 1915 1937; x_wconf 89' lang='lat' dir='ltr'><strong>Novo.</strong></span> <span class='ocrx_word' id='word_1_237' title='bbox 1949 1880 2093 1936; x_wconf 87' lang='lat' dir='ltr'><strong>Scri-</strong></span> <span class='ocrx_word' id='word_1_238' title='bbox 2122 1859 2168 1919; x_wconf 75' lang='grc' dir='ltr'><strong>Β</strong></span> <span class='ocrx_word' id='word_1_239' title='bbox 2203 1873 2396 1926; x_wconf 64' lang='lat' dir='ltr'><strong>Ollium</strong></span> <span class='ocrx_word' id='word_1_240' title='bbox 2423 1869 2754 1924; x_wconf 69' lang='grc' dir='ltr'><strong>εαὺενηαοηίί</strong></span> <span class='ocrx_word' id='word_1_241' title='bbox 2780 1868 3010 1937; x_wconf 52' lang='lat' dir='ltr'><strong>famen&quot;,</strong></span> <span class='ocrx_word' id='word_1_242' title='bbox 3056 1869 3322 1939; x_wconf 69' lang='grc' dir='ltr'><strong>[αεὶωηιιε</strong></span> <span class='ocrx_word' id='word_1_243' title='bbox 3344 1869 3417 1921; x_wconf 60' lang='lat' dir='ltr'><strong>ibi</strong></span> <span class='ocrx_word' id='word_1_244' title='bbox 3441 1878 3588 1922; x_wconf 66' lang='grc' dir='ltr'><strong>διατι</strong></span> <span class='ocrx_word' id='word_1_245' title='bbox 3609 1878 3789 1932; x_wconf 67' lang='lat' dir='ltr'><strong>lem.</strong></span> 
     </span>
    </p>
   </div>
   <div class='ocr_carea' id='block_1_33' title="bbox 494 1971 2092 2051">
    <p class='ocr_par' dir='ltr' id='par_1_33' title="bbox 494 1971 2092 2051">
     <span class='ocr_line' id='line_1_33' title="bbox 494 1971 2092 2051; baseline -0.006 -17"><span class='ocrx_word' id='word_1_246' title='bbox 494 1992 650 2051; x_wconf 84' lang='lat' dir='ltr'><strong>ptum</strong></span> <span class='ocrx_word' id='word_1_247' title='bbox 676 1990 754 2034; x_wconf 86' lang='lat' dir='ltr'><strong>est</strong></span> <span class='ocrx_word' id='word_1_248' title='bbox 788 1979 840 2032; x_wconf 93' lang='lat' dir='ltr'><strong>in</strong></span> <span class='ocrx_word' id='word_1_249' title='bbox 873 1978 1099 2033; x_wconf 83' lang='lat' dir='ltr'><strong>Actibus</strong></span> <span class='ocrx_word' id='word_1_250' title='bbox 1138 1977 1505 2046; x_wconf 90' lang='lat' dir='ltr'><strong>apostolorum</strong></span> <span class='ocrx_word' id='word_1_251' title='bbox 1537 1993 1548 2029; x_wconf 92' lang='lat'><strong>:</strong></span> <span class='ocrx_word' id='word_1_252' title='bbox 1578 1973 1933 2029; x_wconf 86' lang='lat' dir='ltr'><strong>Convocautes</strong></span> <span class='ocrx_word' id='word_1_253' title='bbox 1961 1971 2092 2025; x_wconf 83' lang='lat' dir='ltr'><strong>duo-</strong></span> 
     </span>
    </p>
   </div>
   <div class='ocr_carea' id='block_1_34' title="bbox 494 2064 2093 2140">
    <p class='ocr_par' dir='ltr' id='par_1_34' title="bbox 494 2064 2093 2140">
     <span class='ocr_line' id='line_1_34' title="bbox 494 2064 2093 2140; baseline -0.004 -15"><span class='ocrx_word' id='word_1_254' title='bbox 494 2068 666 2125; x_wconf 81' lang='lat' dir='ltr'><strong>decim</strong></span> <span class='ocrx_word' id='word_1_255' title='bbox 693 2069 1086 2124; x_wconf 84' lang='lat' dir='ltr'><strong>multitudinem</strong></span> <span class='ocrx_word' id='word_1_256' title='bbox 1119 2068 1515 2140; x_wconf 87' lang='lat' dir='ltr'><strong>discipulorum,</strong></span> <span class='ocrx_word' id='word_1_257' title='bbox 1543 2069 1786 2121; x_wconf 72' lang='lat' dir='ltr'><strong>dixerunt</strong></span> <span class='ocrx_word' id='word_1_258' title='bbox 1812 2082 1830 2119; x_wconf 89' lang='lat'><strong>:</strong></span> <span class='ocrx_word' id='word_1_259' title='bbox 1871 2064 1985 2119; x_wconf 84' lang='lat' dir='ltr'><strong>Non</strong></span> <span class='ocrx_word' id='word_1_260' title='bbox 2007 2071 2093 2119; x_wconf 87' lang='lat' dir='ltr'><strong>est</strong></span> 
     </span>
    </p>
   </div>
   <div class='ocr_carea' id='block_1_35' title="bbox 498 2157 2092 2230">
    <p class='ocr_par' dir='ltr' id='par_1_35' title="bbox 498 2157 2092 2230">
     <span class='ocr_line' id='line_1_35' title="bbox 498 2157 2092 2230; baseline -0.004 -14"><span class='ocrx_word' id='word_1_261' title='bbox 498 2177 713 2230; x_wconf 70' lang='lat' dir='ltr'><strong>aequum</strong></span> <span class='ocrx_word' id='word_1_262' title='bbox 746 2177 846 2216; x_wconf 93' lang='lat' dir='ltr'><strong>nos</strong></span> <span class='ocrx_word' id='word_1_263' title='bbox 874 2159 1251 2230; x_wconf 87' lang='lat' dir='ltr'><strong>derelinquere</strong></span> <span class='ocrx_word' id='word_1_264' title='bbox 1288 2161 1512 2215; x_wconf 89' lang='lat' dir='ltr'><strong>verbum</strong></span> <span class='ocrx_word' id='word_1_265' title='bbox 1546 2158 1663 2222; x_wconf 73' lang='lat' dir='ltr'><strong>Dei,</strong></span> <span class='ocrx_word' id='word_1_266' title='bbox 1695 2167 1749 2212; x_wconf 91' lang='lat' dir='ltr'><strong>et</strong></span> <span class='ocrx_word' id='word_1_267' title='bbox 1780 2157 2092 2210; x_wconf 89' lang='lat' dir='ltr'><strong>ministrare</strong></span> 
     </span>
    </p>
   </div>
   <div class='ocr_carea' id='block_1_36' title="bbox 499 2246 2092 2320">
    <p class='ocr_par' dir='ltr' id='par_1_36' title="bbox 499 2246 2092 2320">
     <span class='ocr_line' id='line_1_36' title="bbox 499 2246 2092 2320; baseline -0.004 -14"><span class='ocrx_word' id='word_1_268' title='bbox 499 2251 725 2306; x_wconf 88' lang='lat' dir='ltr'><strong>mensis.</strong></span> <span class='ocrx_word' id='word_1_269' title='bbox 757 2249 1097 2304; x_wconf 79' lang='lat' dir='ltr'><strong>Considerate</strong></span> <span class='ocrx_word' id='word_1_270' title='bbox 1121 2267 1264 2320; x_wconf 82' lang='lat' dir='ltr'><strong>ergo,</strong></span> <span class='ocrx_word' id='word_1_271' title='bbox 1307 2249 1520 2317; x_wconf 78' lang='lat' dir='ltr'><strong>fratres,</strong></span> <span class='ocrx_word' id='word_1_272' title='bbox 1547 2249 1682 2303; x_wconf 87' lang='lat' dir='ltr'><strong>viros</strong></span> <span class='ocrx_word' id='word_1_273' title='bbox 1703 2264 1767 2300; x_wconf 72' lang='lat' dir='ltr'><strong>ex</strong></span> <span class='ocrx_word' id='word_1_274' title='bbox 1804 2246 1948 2301; x_wconf 84' lang='lat' dir='ltr'><strong>vobis</strong></span> <span class='ocrx_word' id='word_1_275' title='bbox 1972 2246 2092 2300; x_wconf 89' lang='lat' dir='ltr'><strong>boni</strong></span> 
     </span>
    </p>
   </div>
   <div class='ocr_carea' id='block_1_37' title="bbox 498 2338 2088 2410">
    <p class='ocr_par' dir='ltr' id='par_1_37' title="bbox 498 2338 2088 2410">
     <span class='ocr_line' id='line_1_37' title="bbox 498 2338 2088 2410; baseline -0.004 -13"><span class='ocrx_word' id='word_1_276' title='bbox 498 2341 779 2396; x_wconf 85' lang='lat' dir='ltr'><strong>testimonii</strong></span> <span class='ocrx_word' id='word_1_277' title='bbox 805 2349 1019 2410; x_wconf 83' lang='lat' dir='ltr'><strong>septem,</strong></span> <span class='ocrx_word' id='word_1_278' title='bbox 1043 2338 1221 2410; x_wconf 90' lang='lat' dir='ltr'><strong>plenos</strong></span> <span class='ocrx_word' id='word_1_279' title='bbox 1264 2340 1467 2410; x_wconf 82' lang='lat' dir='ltr'><strong>Spiritu</strong></span> <span class='ocrx_word' id='word_1_280' title='bbox 1502 2347 1682 2393; x_wconf 89' lang='lat' dir='ltr'><strong>sancto</strong></span> <span class='ocrx_word' id='word_1_281' title='bbox 1724 2348 1772 2392; x_wconf 91' lang='lat' dir='ltr'><strong>et</strong></span> <span class='ocrx_word' id='word_1_282' title='bbox 1811 2339 2088 2408; x_wconf 82' lang='lat' dir='ltr'><strong>sapientia,</strong></span> 
     </span>
    </p>
   </div>
   <div class='ocr_carea' id='block_1_38' title="bbox 501 2431 2092 2504">
    <p class='ocr_par' dir='ltr' id='par_1_38' title="bbox 501 2431 2092 2504">
     <span class='ocr_line' id='line_1_38' title="bbox 501 2431 2092 2504; baseline -0.001 -18"><span class='ocrx_word' id='word_1_283' title='bbox 501 2450 632 2504; x_wconf 86' lang='lat' dir='ltr'><strong>quos</strong></span> <span class='ocrx_word' id='word_1_284' title='bbox 661 2433 1044 2487; x_wconf 84' lang='lat' dir='ltr'><strong>constituamus</strong></span> <span class='ocrx_word' id='word_1_285' title='bbox 1071 2449 1228 2502; x_wconf 86' lang='lat' dir='ltr'><strong>super</strong></span> <span class='ocrx_word' id='word_1_286' title='bbox 1254 2437 1351 2486; x_wconf 84' lang='lat' dir='ltr'><strong>hoc</strong></span> <span class='ocrx_word' id='word_1_287' title='bbox 1371 2449 1501 2501; x_wconf 89' lang='lat' dir='ltr'><strong>opus</strong></span> <span class='ocrx_word' id='word_1_288' title='bbox 1527 2447 1545 2486; x_wconf 92' lang='lat'><strong>:</strong></span> <span class='ocrx_word' id='word_1_289' title='bbox 1579 2448 1673 2486; x_wconf 91' lang='lat' dir='ltr'><strong>nos</strong></span> <span class='ocrx_word' id='word_1_290' title='bbox 1703 2447 1822 2484; x_wconf 86' lang='lat' dir='ltr'><strong>vero</strong></span> <span class='ocrx_word' id='word_1_291' title='bbox 1865 2431 2092 2485; x_wconf 86' lang='lat' dir='ltr'><strong>orationi</strong></span> 
     </span>
    </p>
   </div>
   <div class='ocr_carea' id='block_1_39' title="bbox 498 2521 2093 2592">
    <p class='ocr_par' dir='ltr' id='par_1_39' title="bbox 498 2521 2093 2592">
     <span class='ocr_line' id='line_1_39' title="bbox 498 2521 2093 2592; baseline -0.003 -13"><span class='ocrx_word' id='word_1_292' title='bbox 498 2535 548 2580; x_wconf 86' lang='lat' dir='ltr'><strong>et</strong></span> <span class='ocrx_word' id='word_1_293' title='bbox 576 2526 868 2579; x_wconf 88' lang='lat' dir='ltr'><strong>ministerio</strong></span> <span class='ocrx_word' id='word_1_294' title='bbox 897 2525 1038 2579; x_wconf 88' lang='lat' dir='ltr'><strong>verbi</strong></span> <span class='ocrx_word' id='word_1_295' title='bbox 1066 2524 1320 2577; x_wconf 87' lang='lat' dir='ltr'><strong>instantes</strong></span> <span class='ocrx_word' id='word_1_296' title='bbox 1367 2523 1582 2580; x_wconf 86' lang='lat' dir='ltr'><strong>erimus.</strong></span> <span class='ocrx_word' id='word_1_297' title='bbox 1635 2521 1790 2578; x_wconf 85' lang='lat' dir='ltr'><strong>Unde</strong></span> <span class='ocrx_word' id='word_1_298' title='bbox 1820 2521 2093 2592; x_wconf 76' lang='lat' dir='ltr'><strong>Hierony-</strong></span> 
     </span>
    </p>
   </div>
   <div class='ocr_carea' id='block_1_40' title="bbox 499 2613 2094 2685">
    <p class='ocr_par' dir='ltr' id='par_1_40' title="bbox 499 2613 2094 2685">
     <span class='ocr_line' id='line_1_40' title="bbox 499 2613 2094 2685; baseline -0.003 -14"><span class='ocrx_word' id='word_1_299' title='bbox 499 2631 622 2671; x_wconf 91' lang='lat' dir='ltr'><strong>mus</strong></span> <span class='ocrx_word' id='word_1_300' title='bbox 646 2617 714 2670; x_wconf 90' lang='lat' dir='ltr'><strong>ad</strong></span> <span class='ocrx_word' id='word_1_301' title='bbox 745 2615 994 2671; x_wconf 90' lang='lat' dir='ltr'><strong>eumdem</strong></span> <span class='ocrx_word' id='word_1_302' title='bbox 1019 2630 1182 2685; x_wconf 84' lang='lat' dir='ltr'><strong>quem</strong></span> <span class='ocrx_word' id='word_1_303' title='bbox 1216 2629 1387 2684; x_wconf 86' lang='lat' dir='ltr'><strong>supra</strong></span> <span class='ocrx_word' id='word_1_304' title='bbox 1415 2633 1427 2668; x_wconf 91' lang='lat'><strong>:</strong></span> <span class='ocrx_word' id='word_1_305' title='bbox 1484 2613 1610 2668; x_wconf 88' lang='lat' dir='ltr'><strong>Non</strong></span> <span class='ocrx_word' id='word_1_306' title='bbox 1651 2623 1725 2668; x_wconf 84' lang='lat' dir='ltr'><strong>est</strong></span> <span class='ocrx_word' id='word_1_307' title='bbox 1768 2613 2008 2684; x_wconf 87' lang='lat' dir='ltr'><strong>dignum,</strong></span> <span class='ocrx_word' id='word_1_308' title='bbox 2038 2623 2094 2667; x_wconf 86' lang='lat' dir='ltr'><strong>ut</strong></span> 
     </span>
    </p>
   </div>
   <div class='ocr_carea' id='block_1_41' title="bbox 499 2691 2096 2782">
    <p class='ocr_par' dir='ltr' id='par_1_41' title="bbox 499 2691 2096 2782">
     <span class='ocr_line' id='line_1_41' title="bbox 499 2691 2096 2782; baseline -0.001 -18"><span class='ocrx_word' id='word_1_309' title='bbox 499 2709 846 2782; x_wconf 83' lang='lat' dir='ltr'><strong>relinquentes</strong></span> <span class='ocrx_word' id='word_1_310' title='bbox 892 2691 1246 2773; x_wconf 19' lang='lat' dir='ltr'><strong>verbum‘Dei,</strong></span> <span class='ocrx_word' id='word_1_311' title='bbox 1281 2709 1633 2763; x_wconf 86' lang='lat' dir='ltr'><strong>ministremus</strong></span> <span class='ocrx_word' id='word_1_312' title='bbox 1662 2708 1872 2761; x_wconf 89' lang='lat' dir='ltr'><strong>mensis.</strong></span> <span class='ocrx_word' id='word_1_313' title='bbox 1909 2705 2096 2762; x_wconf 84' lang='lat' dir='ltr'><strong>Sciant</strong></span> 
     </span>
    </p>
   </div>
   <div class='ocr_carea' id='block_1_42' title="bbox 499 2797 2095 2872">
    <p class='ocr_par' dir='ltr' id='par_1_42' title="bbox 499 2797 2095 2872">
     <span class='ocr_line' id='line_1_42' title="bbox 499 2797 2095 2872; baseline -0.003 -16"><span class='ocrx_word' id='word_1_314' title='bbox 499 2818 668 2872; x_wconf 90' lang='lat' dir='ltr'><strong>quare</strong></span> <span class='ocrx_word' id='word_1_315' title='bbox 703 2801 913 2857; x_wconf 87' lang='lat' dir='ltr'><strong>diaconi</strong></span> <span class='ocrx_word' id='word_1_316' title='bbox 951 2801 1230 2856; x_wconf 91' lang='lat' dir='ltr'><strong>constituti</strong></span> <span class='ocrx_word' id='word_1_317' title='bbox 1263 2807 1390 2854; x_wconf 85' lang='lat' dir='ltr'><strong>sunt</strong></span> <span class='ocrx_word' id='word_1_318' title='bbox 1422 2817 1435 2852; x_wconf 93' lang='lat'><strong>:</strong></span> <span class='ocrx_word' id='word_1_319' title='bbox 1475 2799 1657 2870; x_wconf 89' lang='lat' dir='ltr'><strong>legant</strong></span> <span class='ocrx_word' id='word_1_320' title='bbox 1695 2797 1830 2853; x_wconf 81' lang='lat' dir='ltr'><strong>Acta</strong></span> <span class='ocrx_word' id='word_1_321' title='bbox 1878 2805 2095 2868; x_wconf 86' lang='lat' dir='ltr'><strong>aposto-</strong></span> 
     </span>
    </p>
   </div>
   <div class='ocr_carea' id='block_1_43' title="bbox 500 2883 2093 2951">
    <p class='ocr_par' dir='ltr' id='par_1_43' title="bbox 500 2883 2093 2951">
     <span class='ocr_line' id='line_1_43' title="bbox 500 2883 2093 2951; baseline -0.003 -9"><span class='ocrx_word' id='word_1_322' title='bbox 500 2888 698 2951; x_wconf 88' lang='lat' dir='ltr'><strong>lorum,</strong></span> <span class='ocrx_word' id='word_1_323' title='bbox 750 2887 1107 2942; x_wconf 90' lang='lat' dir='ltr'><strong>recordentur</strong></span> <span class='ocrx_word' id='word_1_324' title='bbox 1151 2885 1478 2940; x_wconf 89' lang='lat' dir='ltr'><strong>conditionis</strong></span> <span class='ocrx_word' id='word_1_325' title='bbox 1507 2899 1640 2938; x_wconf 87' lang='lat' dir='ltr'><strong>suae.</strong></span> <span class='ocrx_word' id='word_1_326' title='bbox 1691 2883 1759 2937; x_wconf 85' lang='lat' dir='ltr'><strong>Et</strong></span> <span class='ocrx_word' id='word_1_327' title='bbox 1802 2883 1856 2937; x_wconf 90' lang='lat' dir='ltr'><strong>in</strong></span> <span class='ocrx_word' id='word_1_328' title='bbox 1902 2883 2093 2938; x_wconf 89' lang='lat' dir='ltr'><strong>eadem</strong></span> 
     </span>
    </p>
   </div>
   <div class='ocr_carea' id='block_1_44' title="bbox 505 2975 2094 3050">
    <p class='ocr_par' dir='ltr' id='par_1_44' title="bbox 505 2975 2094 3050">
     <span class='ocr_line' id='line_1_44' title="bbox 505 2975 2094 3050; baseline -0.004 -15"><span class='ocrx_word' id='word_1_329' title='bbox 505 2980 777 3050; x_wconf 88' lang='lat' dir='ltr'><strong>superius,</strong></span> <span class='ocrx_word' id='word_1_330' title='bbox 810 2979 938 3048; x_wconf 91' lang='lat' dir='ltr'><strong>quid</strong></span> <span class='ocrx_word' id='word_1_331' title='bbox 968 2980 1174 3049; x_wconf 90' lang='lat' dir='ltr'><strong>patitur</strong></span> <span class='ocrx_word' id='word_1_332' title='bbox 1205 2992 1518 3032; x_wconf 87' lang='lat' dir='ltr'><strong>mensarum</strong></span> <span class='ocrx_word' id='word_1_333' title='bbox 1547 2985 1602 3031; x_wconf 91' lang='lat' dir='ltr'><strong>et</strong></span> <span class='ocrx_word' id='word_1_334' title='bbox 1625 2976 1908 3030; x_wconf 87' lang='lat' dir='ltr'><strong>viduarum</strong></span> <span class='ocrx_word' id='word_1_335' title='bbox 1935 2975 2094 3029; x_wconf 87' lang='lat' dir='ltr'><strong>mini-</strong></span> 
     </span>
    </p>
   </div>
   <div class='ocr_carea' id='block_1_45' title="bbox 501 3064 2093 3138">
    <p class='ocr_par' dir='ltr' id='par_1_45' title="bbox 501 3064 2093 3138">
     <span class='ocr_line' id='line_1_45' title="bbox 501 3064 2093 3138; baseline -0.003 -13"><span class='ocrx_word' id='word_1_336' title='bbox 501 3071 649 3126; x_wconf 85' lang='lat' dir='ltr'><strong>ster?</strong></span> <span class='ocrx_word' id='word_1_337' title='bbox 669 3070 1018 3138; x_wconf 87' lang='lat' dir='ltr'><strong>Perspicuum</strong></span> <span class='ocrx_word' id='word_1_338' title='bbox 1036 3078 1121 3123; x_wconf 90' lang='lat' dir='ltr'><strong>est</strong></span> <span class='ocrx_word' id='word_1_339' title='bbox 1133 3083 1251 3122; x_wconf 90' lang='lat' dir='ltr'><strong>esse</strong></span> <span class='ocrx_word' id='word_1_340' title='bbox 1268 3067 1627 3121; x_wconf 90' lang='lat' dir='ltr'><strong>ministerium</strong></span> <span class='ocrx_word' id='word_1_341' title='bbox 1644 3066 1855 3121; x_wconf 89' lang='lat' dir='ltr'><strong>illorum</strong></span> <span class='ocrx_word' id='word_1_342' title='bbox 1875 3067 1927 3121; x_wconf 94' lang='lat' dir='ltr'><strong>in</strong></span> <span class='ocrx_word' id='word_1_343' title='bbox 1942 3064 2093 3121; x_wconf 92' lang='lat' dir='ltr'><strong>Novo</strong></span> 
     </span>
    </p>
   </div>
   <div class='ocr_carea' id='block_1_46' title="bbox 503 3157 2094 3228">
    <p class='ocr_par' dir='ltr' id='par_1_46' title="bbox 503 3157 2094 3228">
     <span class='ocr_line' id='line_1_46' title="bbox 503 3157 2094 3228; baseline -0.001 -14"><span class='ocrx_word' id='word_1_344' title='bbox 503 3159 873 3222; x_wconf 89' lang='lat' dir='ltr'><strong>Testamento,</strong></span> <span class='ocrx_word' id='word_1_345' title='bbox 903 3167 961 3212; x_wconf 92' lang='lat' dir='ltr'><strong>ut</strong></span> <span class='ocrx_word' id='word_1_346' title='bbox 984 3157 1212 3214; x_wconf 84' lang='lat' dir='ltr'><strong>afferant</strong></span> <span class='ocrx_word' id='word_1_347' title='bbox 1240 3173 1358 3228; x_wconf 71' lang='lat' dir='ltr'><strong>quze</strong></span> <span class='ocrx_word' id='word_1_348' title='bbox 1385 3157 1631 3227; x_wconf 90' lang='lat' dir='ltr'><strong>ponenda</strong></span> <span class='ocrx_word' id='word_1_349' title='bbox 1659 3167 1782 3212; x_wconf 90' lang='lat' dir='ltr'><strong>sunt</strong></span> <span class='ocrx_word' id='word_1_350' title='bbox 1811 3158 1861 3211; x_wconf 93' lang='lat' dir='ltr'><strong>in</strong></span> <span class='ocrx_word' id='word_1_351' title='bbox 1906 3171 2094 3212; x_wconf 84' lang='lat' dir='ltr'><strong>mensa</strong></span> 
     </span>
    </p>
   </div>
   <div class='ocr_carea' id='block_1_47' title="bbox 504 3247 2098 3318">
    <p class='ocr_par' dir='ltr' id='par_1_47' title="bbox 504 3247 2098 3318">
     <span class='ocr_line' id='line_1_47' title="bbox 504 3247 2098 3318; baseline -0.001 -15"><span class='ocrx_word' id='word_1_352' title='bbox 504 3248 723 3303; x_wconf 92' lang='lat' dir='ltr'><strong>Domini</strong></span> <span class='ocrx_word' id='word_1_353' title='bbox 756 3249 823 3302; x_wconf 88' lang='lat' dir='ltr'><strong>ad</strong></span> <span class='ocrx_word' id='word_1_354' title='bbox 851 3247 1076 3303; x_wconf 77' lang='lat' dir='ltr'><strong>cmleste</strong></span> <span class='ocrx_word' id='word_1_355' title='bbox 1094 3248 1422 3312; x_wconf 73' lang='lat' dir='ltr'><strong>convivium,</strong></span> <span class='ocrx_word' id='word_1_356' title='bbox 1455 3256 1511 3302; x_wconf 92' lang='lat' dir='ltr'><strong>et</strong></span> <span class='ocrx_word' id='word_1_357' title='bbox 1537 3248 1824 3317; x_wconf 88' lang='lat' dir='ltr'><strong>disponant</strong></span> <span class='ocrx_word' id='word_1_358' title='bbox 1848 3263 1910 3302; x_wconf 91' lang='lat' dir='ltr'><strong>ea</strong></span> <span class='ocrx_word' id='word_1_359' title='bbox 1934 3263 2098 3318; x_wconf 91' lang='lat' dir='ltr'><strong>super</strong></span> 
     </span>
    </p>
   </div>
   <div class='ocr_carea' id='block_1_48' title="bbox 503 3340 2102 3409">
    <p class='ocr_par' dir='ltr' id='par_1_48' title="bbox 503 3340 2102 3409">
     <span class='ocr_line' id='line_1_48' title="bbox 503 3340 2102 3409; baseline -0.001 -12"><span class='ocrx_word' id='word_1_360' title='bbox 503 3341 673 3398; x_wconf 88' lang='lat' dir='ltr'><strong>illam.</strong></span> <span class='ocrx_word' id='word_1_361' title='bbox 706 3341 1004 3396; x_wconf 84' lang='lat' dir='ltr'><strong>Audiamus</strong></span> <span class='ocrx_word' id='word_1_362' title='bbox 1031 3357 1174 3396; x_wconf 92' lang='lat' dir='ltr'><strong>nunc</strong></span> <span class='ocrx_word' id='word_1_363' title='bbox 1203 3341 1686 3396; x_wconf 85' lang='lat' dir='ltr'><strong>consecrationem.</strong></span> <span class='ocrx_word' id='word_1_364' title='bbox 1713 3340 1988 3409; x_wconf 85' lang='lat' dir='ltr'><strong>Scriptum</strong></span> <span class='ocrx_word' id='word_1_365' title='bbox 2017 3349 2102 3395; x_wconf 87' lang='lat' dir='ltr'><strong>est</strong></span> 
     </span>
    </p>
   </div>
   <div class='ocr_carea' id='block_1_49' title="bbox 501 3430 2101 3504">
    <p class='ocr_par' dir='ltr' id='par_1_49' title="bbox 501 3430 2101 3504">
     <span class='ocr_line' id='line_1_49' title="bbox 501 3430 2101 3504; baseline -0.003 -14"><span class='ocrx_word' id='word_1_366' title='bbox 501 3433 559 3490; x_wconf 87' lang='lat' dir='ltr'><strong>in</strong></span> <span class='ocrx_word' id='word_1_367' title='bbox 584 3433 722 3487; x_wconf 86' lang='lat' dir='ltr'><strong>libro</strong></span> <span class='ocrx_word' id='word_1_368' title='bbox 738 3443 1039 3488; x_wconf 85' lang='lat' dir='ltr'><strong>memorato</strong></span> <span class='ocrx_word' id='word_1_369' title='bbox 1054 3432 1221 3487; x_wconf 89' lang='lat' dir='ltr'><strong>Actus</strong></span> <span class='ocrx_word' id='word_1_370' title='bbox 1253 3431 1622 3504; x_wconf 90' lang='lat' dir='ltr'><strong>apostolorum</strong></span> <span class='ocrx_word' id='word_1_371' title='bbox 1641 3449 1654 3484; x_wconf 91' lang='lat'><strong>:</strong></span> <span class='ocrx_word' id='word_1_372' title='bbox 1680 3430 1747 3484; x_wconf 90' lang='lat' dir='ltr'><strong>Et</strong></span> <span class='ocrx_word' id='word_1_373' title='bbox 1770 3431 1967 3502; x_wconf 83' lang='lat' dir='ltr'><strong>plaruit</strong></span> <span class='ocrx_word' id='word_1_374' title='bbox 1991 3449 2101 3485; x_wconf 88' lang='lat' dir='ltr'><strong>ser-</strong></span> 
     </span>
    </p>
   </div>
   <div class='ocr_carea' id='block_1_50' title="bbox 501 3523 2099 3593">
    <p class='ocr_par' dir='ltr' id='par_1_50' title="bbox 501 3523 2099 3593">
     <span class='ocr_line' id='line_1_50' title="bbox 501 3523 2099 3593; baseline -0.002 -13"><span class='ocrx_word' id='word_1_375' title='bbox 501 3541 588 3580; x_wconf 87' lang='lat' dir='ltr'><strong>mo</strong></span> <span class='ocrx_word' id='word_1_376' title='bbox 629 3542 807 3580; x_wconf 84' lang='lat' dir='ltr'><strong>coram</strong></span> <span class='ocrx_word' id='word_1_377' title='bbox 839 3526 978 3579; x_wconf 79' lang='lat' dir='ltr'><strong>ontni</strong></span> <span class='ocrx_word' id='word_1_378' title='bbox 1024 3525 1380 3589; x_wconf 89' lang='lat' dir='ltr'><strong>multitudine,</strong></span> <span class='ocrx_word' id='word_1_379' title='bbox 1404 3534 1452 3578; x_wconf 92' lang='lat' dir='ltr'><strong>et</strong></span> <span class='ocrx_word' id='word_1_380' title='bbox 1476 3523 1739 3592; x_wconf 84' lang='lat' dir='ltr'><strong>elegerunt</strong></span> <span class='ocrx_word' id='word_1_381' title='bbox 1775 3523 2099 3593; x_wconf 85' lang='lat' dir='ltr'><strong>Stephanum</strong></span> 
     </span>
    </p>
   </div>
   <div class='ocr_carea' id='block_1_51' title="bbox 502 3613 2096 3686">
    <p class='ocr_par' dir='ltr' id='par_1_51' title="bbox 502 3613 2096 3686">
     <span class='ocr_line' id='line_1_51' title="bbox 502 3613 2096 3686; baseline -0.002 -14"><span class='ocrx_word' id='word_1_382' title='bbox 502 3619 674 3672; x_wconf 86' lang='lat' dir='ltr'><strong>virum</strong></span> <span class='ocrx_word' id='word_1_383' title='bbox 715 3617 925 3685; x_wconf 85' lang='lat' dir='ltr'><strong>plenum</strong></span> <span class='ocrx_word' id='word_1_384' title='bbox 964 3616 1070 3685; x_wconf 81' lang='lat' dir='ltr'><strong>[ide</strong></span> <span class='ocrx_word' id='word_1_385' title='bbox 1109 3625 1156 3670; x_wconf 86' lang='lat' dir='ltr'><strong>et</strong></span> <span class='ocrx_word' id='word_1_386' title='bbox 1208 3615 1408 3686; x_wconf 85' lang='lat' dir='ltr'><strong>Spiritu</strong></span> <span class='ocrx_word' id='word_1_387' title='bbox 1453 3624 1656 3680; x_wconf 89' lang='lat' dir='ltr'><strong>sancto,</strong></span> <span class='ocrx_word' id='word_1_388' title='bbox 1681 3625 1728 3668; x_wconf 88' lang='lat' dir='ltr'><strong>et</strong></span> <span class='ocrx_word' id='word_1_389' title='bbox 1772 3613 2096 3684; x_wconf 80' lang='lat' dir='ltr'><strong>Philippum.</strong></span> 
     </span>
    </p>
   </div>
   <div class='ocr_carea' id='block_1_52' title="bbox 504 3708 2100 3780">
    <p class='ocr_par' dir='ltr' id='par_1_52' title="bbox 504 3708 2100 3780">
     <span class='ocr_line' id='line_1_52' title="bbox 504 3708 2100 3780; baseline -0.003 -14"><span class='ocrx_word' id='word_1_390' title='bbox 504 3711 572 3766; x_wconf 85' lang='lat' dir='ltr'><strong>Et</strong></span> <span class='ocrx_word' id='word_1_391' title='bbox 616 3710 782 3765; x_wconf 85' lang='lat' dir='ltr'><strong>Paulo</strong></span> <span class='ocrx_word' id='word_1_392' title='bbox 836 3719 998 3780; x_wconf 93' lang='lat' dir='ltr'><strong>post:</strong></span> <span class='ocrx_word' id='word_1_393' title='bbox 1063 3708 1174 3764; x_wconf 84' lang='lat' dir='ltr'><strong>Hos</strong></span> <span class='ocrx_word' id='word_1_394' title='bbox 1230 3717 1522 3763; x_wconf 88' lang='lat' dir='ltr'><strong>statuerunt</strong></span> <span class='ocrx_word' id='word_1_395' title='bbox 1588 3718 1710 3761; x_wconf 86' lang='lat' dir='ltr'><strong>ante</strong></span> <span class='ocrx_word' id='word_1_396' title='bbox 1767 3716 2100 3778; x_wconf 84' lang='lat' dir='ltr'><strong>conspectum</strong></span> 
     </span>
    </p>
   </div>
   <div class='ocr_carea' id='block_1_53' title="bbox 505 3800 2096 3874">
    <p class='ocr_par' dir='ltr' id='par_1_53' title="bbox 505 3800 2096 3874">
     <span class='ocr_line' id='line_1_53' title="bbox 505 3800 2096 3874; baseline -0.002 -18"><span class='ocrx_word' id='word_1_397' title='bbox 505 3802 901 3873; x_wconf 77' lang='lat' dir='ltr'><strong>apostolorum:</strong></span> <span class='ocrx_word' id='word_1_398' title='bbox 946 3812 993 3858; x_wconf 92' lang='lat' dir='ltr'><strong>et</strong></span> <span class='ocrx_word' id='word_1_399' title='bbox 1053 3811 1282 3865; x_wconf 87' lang='lat' dir='ltr'><strong>orantes,</strong></span> <span class='ocrx_word' id='word_1_400' title='bbox 1343 3803 1703 3872; x_wconf 88' lang='lat' dir='ltr'><strong>imposuerunt</strong></span> <span class='ocrx_word' id='word_1_401' title='bbox 1763 3800 1837 3874; x_wconf 81' lang='lat' dir='ltr'><strong>eis</strong></span> <span class='ocrx_word' id='word_1_402' title='bbox 1890 3815 2096 3853; x_wconf 88' lang='lat' dir='ltr'><strong>manus.</strong></span> 
     </span>
    </p>
   </div>
   <div class='ocr_carea' id='block_1_54' title="bbox 505 3890 2101 3966">
    <p class='ocr_par' dir='ltr' id='par_1_54' title="bbox 505 3890 2101 3966">
     <span class='ocr_line' id='line_1_54' title="bbox 505 3890 2101 3966; baseline -0.003 -17"><span class='ocrx_word' id='word_1_403' title='bbox 505 3894 573 3949; x_wconf 86' lang='lat' dir='ltr'><strong>Et</strong></span> <span class='ocrx_word' id='word_1_404' title='bbox 614 3894 827 3950; x_wconf 88' lang='lat' dir='ltr'><strong>libellus</strong></span> <span class='ocrx_word' id='word_1_405' title='bbox 873 3895 1093 3966; x_wconf 90' lang='lat' dir='ltr'><strong>quidam</strong></span> <span class='ocrx_word' id='word_1_406' title='bbox 1147 3893 1288 3965; x_wconf 87' lang='lat' dir='ltr'><strong>apud</strong></span> <span class='ocrx_word' id='word_1_407' title='bbox 1335 3908 1434 3948; x_wconf 92' lang='lat' dir='ltr'><strong>nos</strong></span> <span class='ocrx_word' id='word_1_408' title='bbox 1487 3893 1554 3945; x_wconf 90' lang='lat' dir='ltr'><strong>de</strong></span> <span class='ocrx_word' id='word_1_409' title='bbox 1603 3891 1776 3946; x_wconf 87' lang='lat' dir='ltr'><strong>sacris</strong></span> <span class='ocrx_word' id='word_1_410' title='bbox 1817 3890 2101 3945; x_wconf 88' lang='lat' dir='ltr'><strong>ordinibus</strong></span> 
     </span>
    </p>
   </div>
   <div class='ocr_carea' id='block_1_55' title="bbox 504 3983 2103 4055">
    <p class='ocr_par' dir='ltr' id='par_1_55' title="bbox 504 3983 2103 4055">
     <span class='ocr_line' id='line_1_55' title="bbox 504 3983 2103 4055; baseline -0.001 -16"><span class='ocrx_word' id='word_1_411' title='bbox 504 3987 688 4041; x_wconf 89' lang='lat' dir='ltr'><strong>nescio</strong></span> <span class='ocrx_word' id='word_1_412' title='bbox 733 3986 884 4055; x_wconf 90' lang='lat' dir='ltr'><strong>cujus</strong></span> <span class='ocrx_word' id='word_1_413' title='bbox 933 3988 1172 4042; x_wconf 89' lang='lat' dir='ltr'><strong>auctoris</strong></span> <span class='ocrx_word' id='word_1_414' title='bbox 1203 4027 1218 4054; x_wconf 92' lang='lat'><strong>,</strong></span> <span class='ocrx_word' id='word_1_415' title='bbox 1281 3986 1374 4055; x_wconf 89' lang='lat' dir='ltr'><strong>qui</strong></span> <span class='ocrx_word' id='word_1_416' title='bbox 1438 3985 1610 4049; x_wconf 89' lang='lat' dir='ltr'><strong>dicit,</strong></span> <span class='ocrx_word' id='word_1_417' title='bbox 1665 3984 1841 4038; x_wconf 92' lang='lat' dir='ltr'><strong>solum</strong></span> <span class='ocrx_word' id='word_1_418' title='bbox 1900 3983 2103 4051; x_wconf 84' lang='lat' dir='ltr'><strong>episco-</strong></span> 
     </span>
    </p>
   </div>
   <div class='ocr_carea' id='block_1_56' title="bbox 503 4077 2096 4149">
    <p class='ocr_par' dir='ltr' id='par_1_56' title="bbox 503 4077 2096 4149">
     <span class='ocr_line' id='line_1_56' title="bbox 503 4077 2096 4149; baseline -0.003 -15"><span class='ocrx_word' id='word_1_419' title='bbox 503 4094 632 4149; x_wconf 90' lang='lat' dir='ltr'><strong>pum</strong></span> <span class='ocrx_word' id='word_1_420' title='bbox 694 4079 890 4134; x_wconf 89' lang='lat' dir='ltr'><strong>debere</strong></span> <span class='ocrx_word' id='word_1_421' title='bbox 958 4094 1150 4133; x_wconf 91' lang='lat' dir='ltr'><strong>manus</strong></span> <span class='ocrx_word' id='word_1_422' title='bbox 1218 4078 1495 4148; x_wconf 86' lang='lat' dir='ltr'><strong>imponere</strong></span> <span class='ocrx_word' id='word_1_423' title='bbox 1548 4091 1711 4146; x_wconf 89' lang='lat' dir='ltr'><strong>super</strong></span> <span class='ocrx_word' id='word_1_424' title='bbox 1771 4077 2096 4131; x_wconf 90' lang='lat' dir='ltr'><strong>diaconum:</strong></span> 
     </span>
    </p>
   </div>
   <div class='ocr_carea' id='block_1_57' title="bbox 505 4165 2104 4240">
    <p class='ocr_par' dir='ltr' id='par_1_57' title="bbox 505 4165 2104 4240">
     <span class='ocr_line' id='line_1_57' title="bbox 505 4165 2104 4240; baseline -0.003 -17"><span class='ocrx_word' id='word_1_425' title='bbox 505 4171 630 4240; x_wconf 90' lang='lat' dir='ltr'><strong>quia</strong></span> <span class='ocrx_word' id='word_1_426' title='bbox 676 4185 782 4224; x_wconf 93' lang='lat' dir='ltr'><strong>non</strong></span> <span class='ocrx_word' id='word_1_427' title='bbox 819 4170 886 4223; x_wconf 90' lang='lat' dir='ltr'><strong>ad</strong></span> <span class='ocrx_word' id='word_1_428' title='bbox 919 4169 1282 4224; x_wconf 89' lang='lat' dir='ltr'><strong>sacerdotium</strong></span> <span class='ocrx_word' id='word_1_429' title='bbox 1317 4175 1692 4233; x_wconf 89' lang='lat' dir='ltr'><strong>consecratur,</strong></span> <span class='ocrx_word' id='word_1_430' title='bbox 1740 4166 1835 4222; x_wconf 90' lang='lat' dir='ltr'><strong>sed</strong></span> <span class='ocrx_word' id='word_1_431' title='bbox 1875 4166 1944 4220; x_wconf 90' lang='lat' dir='ltr'><strong>ad</strong></span> <span class='ocrx_word' id='word_1_432' title='bbox 2000 4165 2104 4219; x_wconf 87' lang='lat' dir='ltr'><strong>mi-</strong></span> 
     </span>
    </p>
   </div>
   <div class='ocr_carea' id='block_1_58' title="bbox 503 4257 2102 4330">
    <p class='ocr_par' dir='ltr' id='par_1_58' title="bbox 503 4257 2102 4330">
     <span class='ocr_line' id='line_1_58' title="bbox 503 4257 2102 4330; baseline -0.003 -15"><span class='ocrx_word' id='word_1_433' title='bbox 503 4260 809 4315; x_wconf 90' lang='lat' dir='ltr'><strong>nisterium.</strong></span> <span class='ocrx_word' id='word_1_434' title='bbox 872 4258 1123 4328; x_wconf 86' lang='lat' dir='ltr'><strong>Nunquid</strong></span> <span class='ocrx_word' id='word_1_435' title='bbox 1179 4259 1412 4330; x_wconf 91' lang='lat' dir='ltr'><strong>scriptor</strong></span> <span class='ocrx_word' id='word_1_436' title='bbox 1458 4257 1624 4312; x_wconf 89' lang='lat' dir='ltr'><strong>libelli</strong></span> <span class='ocrx_word' id='word_1_437' title='bbox 1668 4257 1880 4314; x_wconf 89' lang='lat' dir='ltr'><strong>doctior</strong></span> <span class='ocrx_word' id='word_1_438' title='bbox 1940 4265 2102 4326; x_wconf 83' lang='lat' dir='ltr'><strong>atque</strong></span> 
     </span>
    </p>
   </div>
   <div class='ocr_carea' id='block_1_59' title="bbox 505 4351 2101 4423">
    <p class='ocr_par' dir='ltr' id='par_1_59' title="bbox 505 4351 2101 4423">
     <span class='ocr_line' id='line_1_59' title="bbox 505 4351 2101 4423; baseline -0.003 -15"><span class='ocrx_word' id='word_1_439' title='bbox 505 4355 747 4409; x_wconf 87' lang='lat' dir='ltr'><strong>sanctior</strong></span> <span class='ocrx_word' id='word_1_440' title='bbox 799 4352 1102 4423; x_wconf 87' lang='lat' dir='ltr'><strong>apostolis?</strong></span> <span class='ocrx_word' id='word_1_441' title='bbox 1155 4353 1248 4423; x_wconf 93' lang='lat' dir='ltr'><strong>qui</strong></span> <span class='ocrx_word' id='word_1_442' title='bbox 1312 4361 1616 4423; x_wconf 91' lang='lat' dir='ltr'><strong>posuerunt</strong></span> <span class='ocrx_word' id='word_1_443' title='bbox 1669 4351 1853 4422; x_wconf 90' lang='lat' dir='ltr'><strong>plures</strong></span> <span class='ocrx_word' id='word_1_444' title='bbox 1905 4365 2101 4405; x_wconf 89' lang='lat' dir='ltr'><strong>manus</strong></span> 
     </span>
    </p>
   </div>
   <div class='ocr_carea' id='block_1_60' title="bbox 505 4447 2100 4517">
    <p class='ocr_par' dir='ltr' id='par_1_60' title="bbox 505 4447 2100 4517">
     <span class='ocr_line' id='line_1_60' title="bbox 505 4447 2100 4517; baseline -0.003 -15"><span class='ocrx_word' id='word_1_445' title='bbox 505 4462 667 4516; x_wconf 86' lang='lat' dir='ltr'><strong>super</strong></span> <span class='ocrx_word' id='word_1_446' title='bbox 695 4447 951 4503; x_wconf 91' lang='lat' dir='ltr'><strong>diaconos</strong></span> <span class='ocrx_word' id='word_1_447' title='bbox 971 4447 1187 4517; x_wconf 89' lang='lat' dir='ltr'><strong>quando</strong></span> <span class='ocrx_word' id='word_1_448' title='bbox 1215 4447 1701 4510; x_wconf 90' lang='lat' dir='ltr'><strong>consecrabantur,</strong></span> <span class='ocrx_word' id='word_1_449' title='bbox 1735 4455 1787 4499; x_wconf 89' lang='lat' dir='ltr'><strong>et</strong></span> <span class='ocrx_word' id='word_1_450' title='bbox 1813 4453 2100 4516; x_wconf 87' lang='lat' dir='ltr'><strong>propterea</strong></span> 
     </span>
    </p>
   </div>
   <div class='ocr_carea' id='block_1_61' title="bbox 2123 3203 2171 3267">
    <p class='ocr_par' dir='ltr' id='par_1_61' title="bbox 2123 3203 2171 3267">
     <span class='ocr_line' id='line_1_61' title="bbox 2123 3203 2171 3267; baseline 0 0"><span class='ocrx_word' id='word_1_451' title='bbox 2123 3203 2171 3267; x_wconf 93' lang='lat' dir='ltr'><strong>C</strong></span> 
     </span>
    </p>
   </div>
   <div class='ocr_carea' id='block_1_62' title="bbox 2201 1959 3792 2032">
    <p class='ocr_par' dir='ltr' id='par_1_62' title="bbox 2201 1959 3792 2032">
     <span class='ocr_line' id='line_1_62' title="bbox 2201 1959 3792 2032; baseline -0.003 -15"><span class='ocrx_word' id='word_1_452' title='bbox 2201 1972 2249 2018; x_wconf 86' lang='lat' dir='ltr'><strong>et</strong></span> <span class='ocrx_word' id='word_1_453' title='bbox 2269 1961 2584 2016; x_wconf 80' lang='lat' dir='ltr'><strong>descendam</strong></span> <span class='ocrx_word' id='word_1_454' title='bbox 2617 1971 2665 2015; x_wconf 91' lang='lat' dir='ltr'><strong>et</strong></span> <span class='ocrx_word' id='word_1_455' title='bbox 2705 1960 2895 2032; x_wconf 87' lang='lat' dir='ltr'><strong>loquar</strong></span> <span class='ocrx_word' id='word_1_456' title='bbox 2915 1961 3027 2025; x_wconf 90' lang='lat' dir='ltr'><strong>tibi,</strong></span> <span class='ocrx_word' id='word_1_457' title='bbox 3059 1970 3107 2015; x_wconf 89' lang='lat' dir='ltr'><strong>et</strong></span> <span class='ocrx_word' id='word_1_458' title='bbox 3131 1959 3376 2029; x_wconf 75' lang='lat' dir='ltr'><strong>auferam</strong></span> <span class='ocrx_word' id='word_1_459' title='bbox 3400 1961 3468 2014; x_wconf 86' lang='lat' dir='ltr'><strong>de</strong></span> <span class='ocrx_word' id='word_1_460' title='bbox 3493 1961 3685 2029; x_wconf 75' lang='lat' dir='ltr'><strong>spiritu</strong></span> <span class='ocrx_word' id='word_1_461' title='bbox 3710 1968 3792 2013; x_wconf 76' lang='lat' dir='ltr'><strong>tuo</strong></span> 
     </span>
    </p>
   </div>
   <div class='ocr_carea' id='block_1_63' title="bbox 2202 2050 3794 2124">
    <p class='ocr_par' dir='ltr' id='par_1_63' title="bbox 2202 2050 3794 2124">
     <span class='ocr_line' id='line_1_63' title="bbox 2202 2050 3794 2124; baseline 0 -18"><span class='ocrx_word' id='word_1_462' title='bbox 2202 2053 2514 2124; x_wconf 86' lang='lat' dir='ltr'><strong>tradamque</strong></span> <span class='ocrx_word' id='word_1_463' title='bbox 2547 2053 2643 2107; x_wconf 90' lang='lat' dir='ltr'><strong>eis.</strong></span> <span class='ocrx_word' id='word_1_464' title='bbox 2688 2051 2806 2106; x_wconf 88' lang='lat' dir='ltr'><strong>Non</strong></span> <span class='ocrx_word' id='word_1_465' title='bbox 2851 2051 3028 2106; x_wconf 79' lang='lat' dir='ltr'><strong>dixit:</strong></span> <span class='ocrx_word' id='word_1_466' title='bbox 3058 2050 3230 2106; x_wconf 80' lang='lat' dir='ltr'><strong>Aufer</strong></span> <span class='ocrx_word' id='word_1_467' title='bbox 3256 2051 3326 2106; x_wconf 90' lang='lat' dir='ltr'><strong>de</strong></span> <span class='ocrx_word' id='word_1_468' title='bbox 3363 2052 3564 2120; x_wconf 87' lang='lat' dir='ltr'><strong>spiritu</strong></span> <span class='ocrx_word' id='word_1_469' title='bbox 3599 2061 3714 2115; x_wconf 88' lang='lat' dir='ltr'><strong>tuo,</strong></span> <span class='ocrx_word' id='word_1_470' title='bbox 3742 2060 3794 2106; x_wconf 80' lang='lat' dir='ltr'><strong>et</strong></span> 
     </span>
    </p>
   </div>
   <div class='ocr_carea' id='block_1_64' title="bbox 2203 2140 3792 2222">
    <p class='ocr_par' dir='ltr' id='par_1_64' title="bbox 2203 2140 3792 2222">
     <span class='ocr_line' id='line_1_64' title="bbox 2203 2140 3792 2222; baseline -0.001 -27"><span class='ocrx_word' id='word_1_471' title='bbox 2203 2143 2358 2222; x_wconf 83' lang='lat' dir='ltr'><strong>trade</strong></span> <span class='ocrx_word' id='word_1_472' title='bbox 2377 2143 2494 2207; x_wconf 90' lang='lat' dir='ltr'><strong>eis;</strong></span> <span class='ocrx_word' id='word_1_473' title='bbox 2531 2143 2650 2208; x_wconf 92' lang='lat' dir='ltr'><strong>sed,</strong></span> <span class='ocrx_word' id='word_1_474' title='bbox 2697 2140 2939 2196; x_wconf 89' lang='lat' dir='ltr'><strong>auferam</strong></span> <span class='ocrx_word' id='word_1_475' title='bbox 2967 2150 3023 2196; x_wconf 91' lang='lat' dir='ltr'><strong>et</strong></span> <span class='ocrx_word' id='word_1_476' title='bbox 3053 2142 3286 2196; x_wconf 88' lang='lat' dir='ltr'><strong>tradam.</strong></span> <span class='ocrx_word' id='word_1_477' title='bbox 3331 2141 3396 2196; x_wconf 83' lang='lat' dir='ltr'><strong>Et</strong></span> <span class='ocrx_word' id='word_1_478' title='bbox 3429 2141 3600 2212; x_wconf 83' lang='lat' dir='ltr'><strong>paulo</strong></span> <span class='ocrx_word' id='word_1_479' title='bbox 3621 2151 3747 2212; x_wconf 84' lang='lat' dir='ltr'><strong>post</strong></span> <span class='ocrx_word' id='word_1_480' title='bbox 3779 2159 3792 2194; x_wconf 92' lang='lat'><strong>:</strong></span> 
     </span>
    </p>
   </div>
   <div class='ocr_carea' id='block_1_65' title="bbox 2203 2234 3796 2307">
    <p class='ocr_par' dir='ltr' id='par_1_65' title="bbox 2203 2234 3796 2307">
     <span class='ocr_line' id='line_1_65' title="bbox 2203 2234 3796 2307; baseline -0.001 -17"><span class='ocrx_word' id='word_1_481' title='bbox 2203 2234 2583 2307; x_wconf 89' lang='lat' dir='ltr'><strong>Descenditque</strong></span> <span class='ocrx_word' id='word_1_482' title='bbox 2607 2235 2868 2289; x_wconf 84' lang='lat' dir='ltr'><strong>Dominus</strong></span> <span class='ocrx_word' id='word_1_483' title='bbox 2895 2252 2987 2306; x_wconf 89' lang='lat' dir='ltr'><strong>per</strong></span> <span class='ocrx_word' id='word_1_484' title='bbox 3027 2234 3238 2298; x_wconf 88' lang='lat' dir='ltr'><strong>nubem,</strong></span> <span class='ocrx_word' id='word_1_485' title='bbox 3272 2245 3317 2288; x_wconf 80' lang='lat' dir='ltr'><strong>et</strong></span> <span class='ocrx_word' id='word_1_486' title='bbox 3354 2235 3565 2288; x_wconf 76' lang='lat' dir='ltr'><strong>loculus</strong></span> <span class='ocrx_word' id='word_1_487' title='bbox 3590 2250 3674 2288; x_wconf 76' lang='lat' dir='ltr'><strong>est</strong></span> <span class='ocrx_word' id='word_1_488' title='bbox 3720 2235 3796 2288; x_wconf 75' lang='lat' dir='ltr'><strong>ad</strong></span> 
     </span>
    </p>
   </div>
   <div class='ocr_carea' id='block_1_66' title="bbox 2203 2321 3795 2396">
    <p class='ocr_par' dir='ltr' id='par_1_66' title="bbox 2203 2321 3795 2396">
     <span class='ocr_line' id='line_1_66' title="bbox 2203 2321 3795 2396; baseline 0 -16"><span class='ocrx_word' id='word_1_489' title='bbox 2203 2342 2342 2380; x_wconf 88' lang='lat' dir='ltr'><strong>eum.</strong></span> <span class='ocrx_word' id='word_1_490' title='bbox 2393 2325 2648 2396; x_wconf 79' lang='lat' dir='ltr'><strong>Auferens</strong></span> <span class='ocrx_word' id='word_1_491' title='bbox 2677 2325 2742 2380; x_wconf 87' lang='lat' dir='ltr'><strong>de</strong></span> <span class='ocrx_word' id='word_1_492' title='bbox 2781 2326 2970 2395; x_wconf 88' lang='lat' dir='ltr'><strong>spiritu</strong></span> <span class='ocrx_word' id='word_1_493' title='bbox 3011 2325 3098 2396; x_wconf 83' lang='lat' dir='ltr'><strong>qui</strong></span> <span class='ocrx_word' id='word_1_494' title='bbox 3136 2326 3312 2378; x_wconf 86' lang='lat' dir='ltr'><strong>eratin</strong></span> <span class='ocrx_word' id='word_1_495' title='bbox 3343 2321 3543 2390; x_wconf 66' lang='lat' dir='ltr'><strong>Mouse,</strong></span> <span class='ocrx_word' id='word_1_496' title='bbox 3566 2334 3616 2378; x_wconf 92' lang='lat' dir='ltr'><strong>et</strong></span> <span class='ocrx_word' id='word_1_497' title='bbox 3647 2325 3795 2380; x_wconf 80' lang='lat' dir='ltr'><strong>dans</strong></span> 
     </span>
    </p>
   </div>
   <div class='ocr_carea' id='block_1_67' title="bbox 2204 2415 3797 2490">
    <p class='ocr_par' dir='ltr' id='par_1_67' title="bbox 2204 2415 3797 2490">
     <span class='ocr_line' id='line_1_67' title="bbox 2204 2415 3797 2490; baseline -0.001 -18"><span class='ocrx_word' id='word_1_498' title='bbox 2204 2418 2536 2490; x_wconf 86' lang='lat' dir='ltr'><strong>septuaginta</strong></span> <span class='ocrx_word' id='word_1_499' title='bbox 2565 2417 2707 2470; x_wconf 86' lang='lat' dir='ltr'><strong>viris.</strong></span> <span class='ocrx_word' id='word_1_500' title='bbox 2736 2415 2923 2484; x_wconf 84' lang='lat' dir='ltr'><strong>Neque</strong></span> <span class='ocrx_word' id='word_1_501' title='bbox 2949 2416 3037 2470; x_wconf 89' lang='lat' dir='ltr'><strong>hic</strong></span> <span class='ocrx_word' id='word_1_502' title='bbox 3080 2417 3242 2480; x_wconf 77' lang='lat' dir='ltr'><strong>dixit,</strong></span> <span class='ocrx_word' id='word_1_503' title='bbox 3275 2417 3414 2485; x_wconf 83' lang='lat' dir='ltr'><strong>quod</strong></span> <span class='ocrx_word' id='word_1_504' title='bbox 3445 2415 3674 2487; x_wconf 67' lang='lat' dir='ltr'><strong>Moyses</strong></span> <span class='ocrx_word' id='word_1_505' title='bbox 3701 2416 3797 2470; x_wconf 80' lang='lat' dir='ltr'><strong>da-</strong></span> 
     </span>
    </p>
   </div>
   <div class='ocr_carea' id='block_1_68' title="bbox 2204 2505 3792 2578">
    <p class='ocr_par' dir='ltr' id='par_1_68' title="bbox 2204 2505 3792 2578">
     <span class='ocr_line' id='line_1_68' title="bbox 2204 2505 3792 2578; baseline -0.002 -15"><span class='ocrx_word' id='word_1_506' title='bbox 2204 2516 2307 2574; x_wconf 89' lang='lat' dir='ltr'><strong>ret,</strong></span> <span class='ocrx_word' id='word_1_507' title='bbox 2334 2509 2427 2563; x_wconf 85' lang='lat' dir='ltr'><strong>sed</strong></span> <span class='ocrx_word' id='word_1_508' title='bbox 2460 2507 2719 2562; x_wconf 91' lang='lat' dir='ltr'><strong>Dominus</strong></span> <span class='ocrx_word' id='word_1_509' title='bbox 2759 2507 2924 2561; x_wconf 89' lang='lat' dir='ltr'><strong>dedit.</strong></span> <span class='ocrx_word' id='word_1_510' title='bbox 2953 2505 3484 2578; x_wconf 84' lang='lat' dir='ltr'><strong>Perimpositionem</strong></span> <span class='ocrx_word' id='word_1_511' title='bbox 3507 2522 3792 2573; x_wconf 86' lang='lat' dir='ltr'><strong>manuum,</strong></span> 
     </span>
    </p>
   </div>
   <div class='ocr_carea' id='block_1_69' title="bbox 2203 2598 3794 2671">
    <p class='ocr_par' dir='ltr' id='par_1_69' title="bbox 2203 2598 3794 2671">
     <span class='ocr_line' id='line_1_69' title="bbox 2203 2598 3794 2671; baseline -0.003 -15"><span class='ocrx_word' id='word_1_512' title='bbox 2203 2604 2369 2671; x_wconf 82' lang='lat' dir='ltr'><strong>o’pera</strong></span> <span class='ocrx_word' id='word_1_513' title='bbox 2417 2599 2654 2671; x_wconf 89' lang='lat' dir='ltr'><strong>Spiritus</strong></span> <span class='ocrx_word' id='word_1_514' title='bbox 2681 2599 2858 2655; x_wconf 88' lang='lat' dir='ltr'><strong>sancti</strong></span> <span class='ocrx_word' id='word_1_515' title='bbox 2887 2599 3258 2670; x_wconf 83' lang='lat' dir='ltr'><strong>intelligimus.</strong></span> <span class='ocrx_word' id='word_1_516' title='bbox 3293 2598 3412 2654; x_wconf 87' lang='lat' dir='ltr'><strong>Non</strong></span> <span class='ocrx_word' id='word_1_517' title='bbox 3443 2599 3594 2652; x_wconf 88' lang='lat' dir='ltr'><strong>enim</strong></span> <span class='ocrx_word' id='word_1_518' title='bbox 3624 2598 3794 2652; x_wconf 85' lang='lat' dir='ltr'><strong>adhuc</strong></span> 
     </span>
    </p>
   </div>
   <div class='ocr_carea' id='block_1_70' title="bbox 2204 2693 3794 2763">
    <p class='ocr_par' dir='ltr' id='par_1_70' title="bbox 2204 2693 3794 2763">
     <span class='ocr_line' id='line_1_70' title="bbox 2204 2693 3794 2763; baseline -0.003 -13"><span class='ocrx_word' id='word_1_519' title='bbox 2204 2704 2290 2750; x_wconf 89' lang='lat' dir='ltr'><strong>est</strong></span> <span class='ocrx_word' id='word_1_520' title='bbox 2312 2695 2458 2750; x_wconf 88' lang='lat' dir='ltr'><strong>Deus</strong></span> <span class='ocrx_word' id='word_1_521' title='bbox 2479 2693 2658 2749; x_wconf 86' lang='lat' dir='ltr'><strong>omnia</strong></span> <span class='ocrx_word' id='word_1_522' title='bbox 2691 2694 2745 2748; x_wconf 93' lang='lat' dir='ltr'><strong>in</strong></span> <span class='ocrx_word' id='word_1_523' title='bbox 2769 2693 3038 2749; x_wconf 91' lang='lat' dir='ltr'><strong>omnibus.</strong></span> <span class='ocrx_word' id='word_1_524' title='bbox 3070 2693 3128 2747; x_wconf 92' lang='lat' dir='ltr'><strong>ln</strong></span> <span class='ocrx_word' id='word_1_525' title='bbox 3166 2693 3351 2763; x_wconf 89' lang='lat' dir='ltr'><strong>aliquo</strong></span> <span class='ocrx_word' id='word_1_526' title='bbox 3386 2702 3474 2748; x_wconf 92' lang='lat' dir='ltr'><strong>est</strong></span> <span class='ocrx_word' id='word_1_527' title='bbox 3504 2693 3794 2763; x_wconf 81' lang='lat' dir='ltr'><strong>sapientia,</strong></span> 
     </span>
    </p>
   </div>
   <div class='ocr_carea' id='block_1_71' title="bbox 2204 2783 3792 2856">
    <p class='ocr_par' dir='ltr' id='par_1_71' title="bbox 2204 2783 3792 2856">
     <span class='ocr_line' id='line_1_71' title="bbox 2204 2783 3792 2856; baseline -0.003 -15"><span class='ocrx_word' id='word_1_528' title='bbox 2204 2787 2260 2841; x_wconf 93' lang='lat' dir='ltr'><strong>in</strong></span> <span class='ocrx_word' id='word_1_529' title='bbox 2291 2786 2476 2856; x_wconf 91' lang='lat' dir='ltr'><strong>aliquo</strong></span> <span class='ocrx_word' id='word_1_530' title='bbox 2502 2785 2656 2851; x_wconf 85' lang='lat' dir='ltr'><strong>ﬁdes,</strong></span> <span class='ocrx_word' id='word_1_531' title='bbox 2682 2786 2738 2840; x_wconf 85' lang='lat' dir='ltr'><strong>in</strong></span> <span class='ocrx_word' id='word_1_532' title='bbox 2766 2785 2947 2855; x_wconf 89' lang='lat' dir='ltr'><strong>aliquo</strong></span> <span class='ocrx_word' id='word_1_533' title='bbox 2986 2786 3182 2856; x_wconf 90' lang='lat' dir='ltr'><strong>pietas,</strong></span> <span class='ocrx_word' id='word_1_534' title='bbox 3223 2785 3279 2839; x_wconf 94' lang='lat' dir='ltr'><strong>in</strong></span> <span class='ocrx_word' id='word_1_535' title='bbox 3325 2783 3520 2856; x_wconf 87' lang='lat' dir='ltr'><strong>aliquo</strong></span> <span class='ocrx_word' id='word_1_536' title='bbox 3550 2785 3792 2848; x_wconf 82' lang='lat' dir='ltr'><strong>castitas,</strong></span> 
     </span>
    </p>
   </div>
   <div class='ocr_carea' id='block_1_72' title="bbox 2205 2876 3794 2948">
    <p class='ocr_par' dir='ltr' id='par_1_72' title="bbox 2205 2876 3794 2948">
     <span class='ocr_line' id='line_1_72' title="bbox 2205 2876 3794 2948; baseline -0.001 -16"><span class='ocrx_word' id='word_1_537' title='bbox 2205 2878 2260 2932; x_wconf 92' lang='lat' dir='ltr'><strong>in</strong></span> <span class='ocrx_word' id='word_1_538' title='bbox 2283 2877 2464 2948; x_wconf 90' lang='lat' dir='ltr'><strong>aliquo</strong></span> <span class='ocrx_word' id='word_1_539' title='bbox 2490 2877 2787 2932; x_wconf 85' lang='lat' dir='ltr'><strong>humilitas.</strong></span> <span class='ocrx_word' id='word_1_540' title='bbox 2816 2876 2929 2932; x_wconf 85' lang='lat' dir='ltr'><strong>Hoc</strong></span> <span class='ocrx_word' id='word_1_541' title='bbox 2965 2877 3148 2932; x_wconf 89' lang='lat' dir='ltr'><strong>valent</strong></span> <span class='ocrx_word' id='word_1_542' title='bbox 3189 2876 3439 2947; x_wconf 76' lang='lat' dir='ltr'><strong>plurimae</strong></span> <span class='ocrx_word' id='word_1_543' title='bbox 3487 2891 3688 2931; x_wconf 87' lang='lat' dir='ltr'><strong>manus</strong></span> <span class='ocrx_word' id='word_1_544' title='bbox 3709 2891 3794 2930; x_wconf 88' lang='lat' dir='ltr'><strong>su-</strong></span> 
     </span>
    </p>
   </div>
   <div class='ocr_carea' id='block_1_73' title="bbox 2203 2972 3794 3044">
    <p class='ocr_par' dir='ltr' id='par_1_73' title="bbox 2203 2972 3794 3044">
     <span class='ocr_line' id='line_1_73' title="bbox 2203 2972 3794 3044; baseline -0.001 -16"><span class='ocrx_word' id='word_1_545' title='bbox 2203 2987 2304 3044; x_wconf 88' lang='lat' dir='ltr'><strong>per</strong></span> <span class='ocrx_word' id='word_1_546' title='bbox 2336 2983 2497 3043; x_wconf 91' lang='lat' dir='ltr'><strong>caput</strong></span> <span class='ocrx_word' id='word_1_547' title='bbox 2522 2972 2661 3042; x_wconf 89' lang='lat' dir='ltr'><strong>ejus,</strong></span> <span class='ocrx_word' id='word_1_548' title='bbox 2690 2974 2782 3043; x_wconf 91' lang='lat' dir='ltr'><strong>qui</strong></span> <span class='ocrx_word' id='word_1_549' title='bbox 2810 2982 3180 3039; x_wconf 90' lang='lat' dir='ltr'><strong>consecratur,</strong></span> <span class='ocrx_word' id='word_1_550' title='bbox 3213 2982 3274 3028; x_wconf 91' lang='lat' dir='ltr'><strong>ut</strong></span> <span class='ocrx_word' id='word_1_551' title='bbox 3296 2973 3684 3043; x_wconf 84' lang='lat' dir='ltr'><strong>unusquisque</strong></span> <span class='ocrx_word' id='word_1_552' title='bbox 3711 2972 3794 3026; x_wconf 83' lang='lat' dir='ltr'><strong>de-</strong></span> 
     </span>
    </p>
   </div>
   <div class='ocr_carea' id='block_1_74' title="bbox 2204 3066 3793 3138">
    <p class='ocr_par' dir='ltr' id='par_1_74' title="bbox 2204 3066 3793 3138">
     <span class='ocr_line' id='line_1_74' title="bbox 2204 3066 3793 3138; baseline -0.001 -18"><span class='ocrx_word' id='word_1_553' title='bbox 2204 3075 2460 3135; x_wconf 88' lang='lat' dir='ltr'><strong>precetur</strong></span> <span class='ocrx_word' id='word_1_554' title='bbox 2496 3067 2804 3128; x_wconf 87' lang='lat' dir='ltr'><strong>Dominum.</strong></span> <span class='ocrx_word' id='word_1_555' title='bbox 2837 3076 3107 3137; x_wconf 88' lang='lat' dir='ltr'><strong>quatenus</strong></span> <span class='ocrx_word' id='word_1_556' title='bbox 3140 3076 3352 3138; x_wconf 89' lang='lat' dir='ltr'><strong>partem</strong></span> <span class='ocrx_word' id='word_1_557' title='bbox 3380 3068 3449 3123; x_wconf 89' lang='lat' dir='ltr'><strong>de</strong></span> <span class='ocrx_word' id='word_1_558' title='bbox 3478 3066 3677 3137; x_wconf 86' lang='lat' dir='ltr'><strong>spiritu</strong></span> <span class='ocrx_word' id='word_1_559' title='bbox 3701 3079 3793 3120; x_wconf 86' lang='lat' dir='ltr'><strong>suo</strong></span> 
     </span>
    </p>
   </div>
   <div class='ocr_carea' id='block_1_75' title="bbox 2207 3157 3796 3228">
    <p class='ocr_par' dir='ltr' id='par_1_75' title="bbox 2207 3157 3796 3228">
     <span class='ocr_line' id='line_1_75' title="bbox 2207 3157 3796 3228; baseline -0.001 -15"><span class='ocrx_word' id='word_1_560' title='bbox 2207 3157 2298 3213; x_wconf 89' lang='lat' dir='ltr'><strong>det</strong></span> <span class='ocrx_word' id='word_1_561' title='bbox 2321 3157 2392 3212; x_wconf 91' lang='lat' dir='ltr'><strong>ei.</strong></span> <span class='ocrx_word' id='word_1_562' title='bbox 2429 3157 2488 3212; x_wconf 91' lang='lat' dir='ltr'><strong>Si</strong></span> <span class='ocrx_word' id='word_1_563' title='bbox 2523 3158 2667 3212; x_wconf 89' lang='lat' dir='ltr'><strong>enim</strong></span> <span class='ocrx_word' id='word_1_564' title='bbox 2705 3158 2827 3227; x_wconf 87' lang='lat' dir='ltr'><strong>quis</strong></span> <span class='ocrx_word' id='word_1_565' title='bbox 2875 3158 3108 3214; x_wconf 86' lang='lat' dir='ltr'><strong>voluerit</strong></span> <span class='ocrx_word' id='word_1_566' title='bbox 3159 3159 3343 3215; x_wconf 88' lang='lat' dir='ltr'><strong>dicere</strong></span> <span class='ocrx_word' id='word_1_567' title='bbox 3389 3158 3526 3228; x_wconf 86' lang='lat' dir='ltr'><strong>quid</strong></span> <span class='ocrx_word' id='word_1_568' title='bbox 3575 3169 3796 3212; x_wconf 78' lang='lat' dir='ltr'><strong>necesse</strong></span> 
     </span>
    </p>
   </div>
   <div class='ocr_carea' id='block_1_76' title="bbox 2201 3249 3794 3322">
    <p class='ocr_par' dir='ltr' id='par_1_76' title="bbox 2201 3249 3794 3322">
     <span class='ocr_line' id='line_1_76' title="bbox 2201 3249 3794 3322; baseline -0.001 -18"><span class='ocrx_word' id='word_1_569' title='bbox 2201 3257 2286 3304; x_wconf 91' lang='lat' dir='ltr'><strong>est</strong></span> <span class='ocrx_word' id='word_1_570' title='bbox 2311 3249 2472 3304; x_wconf 88' lang='lat' dir='ltr'><strong>toties</strong></span> <span class='ocrx_word' id='word_1_571' title='bbox 2501 3249 2782 3318; x_wconf 88' lang='lat' dir='ltr'><strong>imponere</strong></span> <span class='ocrx_word' id='word_1_572' title='bbox 2810 3265 3003 3306; x_wconf 89' lang='lat' dir='ltr'><strong>manus</strong></span> <span class='ocrx_word' id='word_1_573' title='bbox 3047 3267 3211 3322; x_wconf 85' lang='lat' dir='ltr'><strong>super</strong></span> <span class='ocrx_word' id='word_1_574' title='bbox 3252 3252 3434 3322; x_wconf 78' lang='lat' dir='ltr'><strong>capita</strong></span> <span class='ocrx_word' id='word_1_575' title='bbox 3483 3265 3678 3305; x_wconf 83' lang='lat' dir='ltr'><strong>eorum</strong></span> <span class='ocrx_word' id='word_1_576' title='bbox 3707 3249 3794 3318; x_wconf 88' lang='lat' dir='ltr'><strong>qui</strong></span> 
     </span>
    </p>
   </div>
   <div class='ocr_carea' id='block_1_77' title="bbox 2203 3340 3794 3414">
    <p class='ocr_par' dir='ltr' id='par_1_77' title="bbox 2203 3340 3794 3414">
     <span class='ocr_line' id='line_1_77' title="bbox 2203 3340 3794 3414; baseline -0.003 -18"><span class='ocrx_word' id='word_1_577' title='bbox 2203 3341 2628 3396; x_wconf 88' lang='lat' dir='ltr'><strong>consecrantur?</strong></span> <span class='ocrx_word' id='word_1_578' title='bbox 2674 3340 3028 3410; x_wconf 88' lang='lat' dir='ltr'><strong>lmponuntur</strong></span> <span class='ocrx_word' id='word_1_579' title='bbox 3071 3343 3218 3398; x_wconf 91' lang='lat' dir='ltr'><strong>enim</strong></span> <span class='ocrx_word' id='word_1_580' title='bbox 3265 3357 3433 3414; x_wconf 86' lang='lat' dir='ltr'><strong>super</strong></span> <span class='ocrx_word' id='word_1_581' title='bbox 3482 3340 3794 3402; x_wconf 82' lang='lat' dir='ltr'><strong>diaconum,</strong></span> 
     </span>
    </p>
   </div>
   <div class='ocr_carea' id='block_1_78' title="bbox 2201 3431 3798 3505">
    <p class='ocr_par' dir='ltr' id='par_1_78' title="bbox 2201 3431 3798 3505">
     <span class='ocr_line' id='line_1_78' title="bbox 2201 3431 3798 3505; baseline -0.002 -18"><span class='ocrx_word' id='word_1_582' title='bbox 2201 3431 2556 3503; x_wconf 89' lang='lat' dir='ltr'><strong>imponuntur</strong></span> <span class='ocrx_word' id='word_1_583' title='bbox 2604 3442 2791 3501; x_wconf 90' lang='lat' dir='ltr'><strong>postea</strong></span> <span class='ocrx_word' id='word_1_584' title='bbox 2822 3448 2986 3504; x_wconf 88' lang='lat' dir='ltr'><strong>super</strong></span> <span class='ocrx_word' id='word_1_585' title='bbox 3014 3435 3418 3505; x_wconf 84' lang='lat' dir='ltr'><strong>presbyterum.</strong></span> <span class='ocrx_word' id='word_1_586' title='bbox 3448 3432 3624 3500; x_wconf 82' lang='lat' dir='ltr'><strong>Quare</strong></span> <span class='ocrx_word' id='word_1_587' title='bbox 3652 3431 3798 3486; x_wconf 81' lang='lat' dir='ltr'><strong>hoc?</strong></span> 
     </span>
    </p>
   </div>
   <div class='ocr_carea' id='block_1_79' title="bbox 2201 3521 3794 3595">
    <p class='ocr_par' dir='ltr' id='par_1_79' title="bbox 2201 3521 3794 3595">
     <span class='ocr_line' id='line_1_79' title="bbox 2201 3521 3794 3595; baseline 0.001 -18"><span class='ocrx_word' id='word_1_588' title='bbox 2201 3521 2309 3578; x_wconf 90' lang='lat' dir='ltr'><strong>nisi</strong></span> <span class='ocrx_word' id='word_1_589' title='bbox 2323 3521 2452 3590; x_wconf 91' lang='lat' dir='ltr'><strong>quia</strong></span> <span class='ocrx_word' id='word_1_590' title='bbox 2466 3535 2568 3591; x_wconf 89' lang='lat' dir='ltr'><strong>per</strong></span> <span class='ocrx_word' id='word_1_591' title='bbox 2592 3523 3060 3579; x_wconf 89' lang='lat' dir='ltr'><strong>consecrationem</strong></span> <span class='ocrx_word' id='word_1_592' title='bbox 3080 3524 3148 3580; x_wconf 90' lang='lat' dir='ltr'><strong>de</strong></span> <span class='ocrx_word' id='word_1_593' title='bbox 3168 3539 3333 3594; x_wconf 81' lang='lat' dir='ltr'><strong>Opere</strong></span> <span class='ocrx_word' id='word_1_594' title='bbox 3357 3525 3424 3578; x_wconf 88' lang='lat' dir='ltr'><strong>ad</strong></span> <span class='ocrx_word' id='word_1_595' title='bbox 3444 3539 3584 3595; x_wconf 88' lang='lat' dir='ltr'><strong>opus</strong></span> <span class='ocrx_word' id='word_1_596' title='bbox 3612 3533 3794 3578; x_wconf 80' lang='lat' dir='ltr'><strong>trans-</strong></span> 
     </span>
    </p>
   </div>
   <div class='ocr_carea' id='block_1_80' title="bbox 2204 3613 3795 3678">
    <p class='ocr_par' dir='ltr' id='par_1_80' title="bbox 2204 3613 3795 3678">
     <span class='ocr_line' id='line_1_80' title="bbox 2204 3613 3795 3678; baseline 0.001 -10"><span class='ocrx_word' id='word_1_597' title='bbox 2204 3613 2266 3678; x_wconf 91' lang='lat' dir='ltr'><strong>it,</strong></span> <span class='ocrx_word' id='word_1_598' title='bbox 2302 3613 2445 3669; x_wconf 93' lang='lat' dir='ltr'><strong>sicut</strong></span> <span class='ocrx_word' id='word_1_599' title='bbox 2473 3613 2539 3668; x_wconf 91' lang='lat' dir='ltr'><strong>de</strong></span> <span class='ocrx_word' id='word_1_600' title='bbox 2576 3614 2884 3670; x_wconf 91' lang='lat' dir='ltr'><strong>ministerio</strong></span> <span class='ocrx_word' id='word_1_601' title='bbox 2913 3615 3125 3671; x_wconf 88' lang='lat' dir='ltr'><strong>diaconi</strong></span> <span class='ocrx_word' id='word_1_602' title='bbox 3154 3617 3348 3672; x_wconf 88' lang='lat' dir='ltr'><strong>transit</strong></span> <span class='ocrx_word' id='word_1_603' title='bbox 3378 3616 3446 3671; x_wconf 89' lang='lat' dir='ltr'><strong>ad</strong></span> <span class='ocrx_word' id='word_1_604' title='bbox 3470 3614 3795 3670; x_wconf 82' lang='lat' dir='ltr'><strong>immolatio-</strong></span> 
     </span>
    </p>
   </div>
   <div class='ocr_carea' id='block_1_81' title="bbox 2203 3706 3795 3780">
    <p class='ocr_par' dir='ltr' id='par_1_81' title="bbox 2203 3706 3795 3780">
     <span class='ocr_line' id='line_1_81' title="bbox 2203 3706 3795 3780; baseline 0.003 -22"><span class='ocrx_word' id='word_1_605' title='bbox 2203 3719 2328 3759; x_wconf 92' lang='lat' dir='ltr'><strong>nem</strong></span> <span class='ocrx_word' id='word_1_606' title='bbox 2359 3706 2776 3761; x_wconf 87' lang='lat' dir='ltr'><strong>sacerdotalem.</strong></span> <span class='ocrx_word' id='word_1_607' title='bbox 2809 3707 3075 3774; x_wconf 84' lang='lat' dir='ltr'><strong>Quoniam</strong></span> <span class='ocrx_word' id='word_1_608' title='bbox 3113 3724 3217 3765; x_wconf 91' lang='lat' dir='ltr'><strong>nec</strong></span> <span class='ocrx_word' id='word_1_609' title='bbox 3244 3709 3374 3763; x_wconf 90' lang='lat' dir='ltr'><strong>illud</strong></span> <span class='ocrx_word' id='word_1_610' title='bbox 3406 3725 3566 3780; x_wconf 79' lang='lat' dir='ltr'><strong>Opus,</strong></span> <span class='ocrx_word' id='word_1_611' title='bbox 3604 3725 3708 3764; x_wconf 81' lang='lat' dir='ltr'><strong>nec</strong></span> <span class='ocrx_word' id='word_1_612' title='bbox 3731 3708 3795 3762; x_wconf 81' lang='lat' dir='ltr'><strong>il-</strong></span> 
     </span>
    </p>
   </div>
   <div class='ocr_carea' id='block_1_82' title="bbox 2201 3794 3797 3872">
    <p class='ocr_par' dir='ltr' id='par_1_82' title="bbox 2201 3794 3797 3872">
     <span class='ocr_line' id='line_1_82' title="bbox 2201 3794 3797 3872; baseline 0.003 -23"><span class='ocrx_word' id='word_1_613' title='bbox 2201 3794 2292 3850; x_wconf 93' lang='lat' dir='ltr'><strong>lud</strong></span> <span class='ocrx_word' id='word_1_614' title='bbox 2319 3810 2609 3864; x_wconf 90' lang='lat' dir='ltr'><strong>possumus</strong></span> <span class='ocrx_word' id='word_1_615' title='bbox 2639 3811 2820 3866; x_wconf 81' lang='lat' dir='ltr'><strong>agere,</strong></span> <span class='ocrx_word' id='word_1_616' title='bbox 2845 3799 2950 3853; x_wconf 91' lang='lat' dir='ltr'><strong>nisi</strong></span> <span class='ocrx_word' id='word_1_617' title='bbox 2973 3799 3116 3854; x_wconf 92' lang='lat' dir='ltr'><strong>dono</strong></span> <span class='ocrx_word' id='word_1_618' title='bbox 3145 3800 3336 3872; x_wconf 72' lang='lat' dir='ltr'><strong>gratia:</strong></span> <span class='ocrx_word' id='word_1_619' title='bbox 3377 3800 3474 3856; x_wconf 88' lang='lat' dir='ltr'><strong>Dei</strong></span> <span class='ocrx_word' id='word_1_620' title='bbox 3502 3800 3697 3868; x_wconf 80' lang='lat' dir='ltr'><strong>adjuti,</strong></span> <span class='ocrx_word' id='word_1_621' title='bbox 3737 3809 3797 3854; x_wconf 89' lang='lat' dir='ltr'><strong>ut</strong></span> 
     </span>
    </p>
   </div>
   <div class='ocr_carea' id='block_1_83' title="bbox 2200 3885 3800 3963">
    <p class='ocr_par' dir='ltr' id='par_1_83' title="bbox 2200 3885 3800 3963">
     <span class='ocr_line' id='line_1_83' title="bbox 2200 3885 3800 3963; baseline 0.003 -22"><span class='ocrx_word' id='word_1_622' title='bbox 2200 3885 2530 3957; x_wconf 90' lang='lat' dir='ltr'><strong>Apostolus:</strong></span> <span class='ocrx_word' id='word_1_623' title='bbox 2563 3889 2708 3944; x_wconf 91' lang='lat' dir='ltr'><strong>Deus</strong></span> <span class='ocrx_word' id='word_1_624' title='bbox 2734 3890 2881 3945; x_wconf 89' lang='lat' dir='ltr'><strong>enim</strong></span> <span class='ocrx_word' id='word_1_625' title='bbox 2905 3899 2991 3947; x_wconf 91' lang='lat' dir='ltr'><strong>est</strong></span> <span class='ocrx_word' id='word_1_626' title='bbox 3028 3893 3120 3962; x_wconf 90' lang='lat' dir='ltr'><strong>qui</strong></span> <span class='ocrx_word' id='word_1_627' title='bbox 3155 3900 3422 3963; x_wconf 86' lang='lat' dir='ltr'><strong>operatur</strong></span> <span class='ocrx_word' id='word_1_628' title='bbox 3447 3892 3502 3947; x_wconf 88' lang='lat' dir='ltr'><strong>in</strong></span> <span class='ocrx_word' id='word_1_629' title='bbox 3540 3891 3690 3946; x_wconf 79' lang='lat' dir='ltr'><strong>vobis</strong></span> <span class='ocrx_word' id='word_1_630' title='bbox 3737 3898 3800 3946; x_wconf 84' lang='lat' dir='ltr'><strong>et</strong></span> 
     </span>
    </p>
   </div>
   <div class='ocr_carea' id='block_1_84' title="bbox 2201 3977 3795 4053">
    <p class='ocr_par' dir='ltr' id='par_1_84' title="bbox 2201 3977 3795 4053">
     <span class='ocr_line' id='line_1_84' title="bbox 2201 3977 3795 4053; baseline 0.003 -21"><span class='ocrx_word' id='word_1_631' title='bbox 2201 3977 2338 4034; x_wconf 86' lang='lat' dir='ltr'><strong>velle</strong></span> <span class='ocrx_word' id='word_1_632' title='bbox 2365 3986 2420 4034; x_wconf 92' lang='lat' dir='ltr'><strong>et</strong></span> <span class='ocrx_word' id='word_1_633' title='bbox 2447 3981 2664 4050; x_wconf 89' lang='lat' dir='ltr'><strong>operari</strong></span> <span class='ocrx_word' id='word_1_634' title='bbox 2689 3995 2790 4052; x_wconf 91' lang='lat' dir='ltr'><strong>pro</strong></span> <span class='ocrx_word' id='word_1_635' title='bbox 2818 3981 2960 4037; x_wconf 91' lang='lat' dir='ltr'><strong>bona</strong></span> <span class='ocrx_word' id='word_1_636' title='bbox 2990 3983 3294 4039; x_wconf 89' lang='lat' dir='ltr'><strong>voluntate.</strong></span> <span class='ocrx_word' id='word_1_637' title='bbox 3347 3983 3619 4053; x_wconf 80' lang='lat' dir='ltr'><strong>Repetitur</strong></span> <span class='ocrx_word' id='word_1_638' title='bbox 3660 3997 3795 4036; x_wconf 79' lang='lat' dir='ltr'><strong>rua-</strong></span> 
     </span>
    </p>
   </div>
   <div class='ocr_carea' id='block_1_85' title="bbox 2201 4071 3799 4147">
    <p class='ocr_par' dir='ltr' id='par_1_85' title="bbox 2201 4071 3799 4147">
     <span class='ocr_line' id='line_1_85' title="bbox 2201 4071 3799 4147; baseline 0.003 -21"><span class='ocrx_word' id='word_1_639' title='bbox 2201 4085 2305 4126; x_wconf 91' lang='lat' dir='ltr'><strong>nus</strong></span> <span class='ocrx_word' id='word_1_640' title='bbox 2333 4071 2628 4142; x_wconf 91' lang='lat' dir='ltr'><strong>impositio,</strong></span> <span class='ocrx_word' id='word_1_641' title='bbox 2661 4087 2726 4128; x_wconf 89' lang='lat' dir='ltr'><strong>ac</strong></span> <span class='ocrx_word' id='word_1_642' title='bbox 2753 4071 3066 4144; x_wconf 88' lang='lat' dir='ltr'><strong>deprecatio</strong></span> <span class='ocrx_word' id='word_1_643' title='bbox 3100 4075 3263 4147; x_wconf 89' lang='lat' dir='ltr'><strong>primi</strong></span> <span class='ocrx_word' id='word_1_644' title='bbox 3287 4075 3469 4146; x_wconf 89' lang='lat' dir='ltr'><strong>operis</strong></span> <span class='ocrx_word' id='word_1_645' title='bbox 3495 4077 3702 4130; x_wconf 84' lang='lat' dir='ltr'><strong>transit</strong></span> <span class='ocrx_word' id='word_1_646' title='bbox 3727 4074 3799 4130; x_wconf 87' lang='lat' dir='ltr'><strong>ad</strong></span> 
     </span>
    </p>
   </div>
   <div class='ocr_carea' id='block_1_86' title="bbox 2203 4165 3796 4235">
    <p class='ocr_par' dir='ltr' id='par_1_86' title="bbox 2203 4165 3796 4235">
     <span class='ocr_line' id='line_1_86' title="bbox 2203 4165 3796 4235; baseline 0.002 -14"><span class='ocrx_word' id='word_1_647' title='bbox 2203 4165 2642 4235; x_wconf 89' lang='lat' dir='ltr'><strong>deprecationem</strong></span> <span class='ocrx_word' id='word_1_648' title='bbox 2673 4167 2921 4234; x_wconf 86' lang='lat' dir='ltr'><strong>secundi.</strong></span> <span class='ocrx_word' id='word_1_649' title='bbox 2964 4167 3194 4224; x_wconf 81' lang='lat' dir='ltr'><strong>Additur</strong></span> <span class='ocrx_word' id='word_1_650' title='bbox 3230 4183 3403 4224; x_wconf 89' lang='lat' dir='ltr'><strong>unum</strong></span> <span class='ocrx_word' id='word_1_651' title='bbox 3432 4167 3796 4225; x_wconf 73' lang='lat' dir='ltr'><strong>ministeriu-</strong></span> 
     </span>
    </p>
   </div>
   <div class='ocr_carea' id='block_1_87' title="bbox 2203 4255 3796 4331">
    <p class='ocr_par' dir='ltr' id='par_1_87' title="bbox 2203 4255 3796 4331">
     <span class='ocr_line' id='line_1_87' title="bbox 2203 4255 3796 4331; baseline 0.002 -20"><span class='ocrx_word' id='word_1_652' title='bbox 2203 4255 2436 4321; x_wconf 90' lang='lat' dir='ltr'><strong>diaconi,</strong></span> <span class='ocrx_word' id='word_1_653' title='bbox 2481 4257 2534 4312; x_wconf 88' lang='lat' dir='ltr'><strong>id</strong></span> <span class='ocrx_word' id='word_1_654' title='bbox 2563 4268 2668 4323; x_wconf 89' lang='lat' dir='ltr'><strong>est,</strong></span> <span class='ocrx_word' id='word_1_655' title='bbox 2698 4265 2758 4312; x_wconf 93' lang='lat' dir='ltr'><strong>ut</strong></span> <span class='ocrx_word' id='word_1_656' title='bbox 2789 4258 2934 4330; x_wconf 87' lang='lat' dir='ltr'><strong>legat</strong></span> <span class='ocrx_word' id='word_1_657' title='bbox 2972 4259 3324 4331; x_wconf 80' lang='lat' dir='ltr'><strong>Evangelium</strong></span> <span class='ocrx_word' id='word_1_658' title='bbox 3354 4260 3501 4329; x_wconf 90' lang='lat' dir='ltr'><strong>quod</strong></span> <span class='ocrx_word' id='word_1_659' title='bbox 3533 4260 3589 4314; x_wconf 90' lang='lat' dir='ltr'><strong>in</strong></span> <span class='ocrx_word' id='word_1_660' title='bbox 3621 4260 3796 4330; x_wconf 83' lang='lat' dir='ltr'><strong>primo</strong></span> 
     </span>
    </p>
   </div>
   <div class='ocr_carea' id='block_1_88' title="bbox 2203 4351 3794 4423">
    <p class='ocr_par' dir='ltr' id='par_1_88' title="bbox 2203 4351 3794 4423">
     <span class='ocr_line' id='line_1_88' title="bbox 2203 4351 3794 4423; baseline 0.001 -18"><span class='ocrx_word' id='word_1_661' title='bbox 2203 4359 2444 4421; x_wconf 90' lang='lat' dir='ltr'><strong>tempore</strong></span> <span class='ocrx_word' id='word_1_662' title='bbox 2472 4366 2581 4406; x_wconf 92' lang='lat' dir='ltr'><strong>non</strong></span> <span class='ocrx_word' id='word_1_663' title='bbox 2620 4351 2922 4422; x_wconf 85' lang='lat' dir='ltr'><strong>legebatur,</strong></span> <span class='ocrx_word' id='word_1_664' title='bbox 2964 4353 3181 4423; x_wconf 90' lang='lat' dir='ltr'><strong>quando</strong></span> <span class='ocrx_word' id='word_1_665' title='bbox 3223 4351 3545 4423; x_wconf 85' lang='lat' dir='ltr'><strong>Stephanus</strong></span> <span class='ocrx_word' id='word_1_666' title='bbox 3589 4353 3693 4408; x_wconf 85' lang='lat' dir='ltr'><strong>fuit</strong></span> <span class='ocrx_word' id='word_1_667' title='bbox 3717 4352 3794 4407; x_wconf 84' lang='lat' dir='ltr'><strong>fa-</strong></span> 
     </span>
    </p>
   </div>
   <div class='ocr_carea' id='block_1_89' title="bbox 2204 4441 3790 4514">
    <p class='ocr_par' dir='ltr' id='par_1_89' title="bbox 2204 4441 3790 4514">
     <span class='ocr_line' id='line_1_89' title="bbox 2204 4441 3790 4514; baseline -0.001 -16"><span class='ocrx_word' id='word_1_668' title='bbox 2204 4451 2324 4498; x_wconf 91' lang='lat' dir='ltr'><strong>ctus</strong></span> <span class='ocrx_word' id='word_1_669' title='bbox 2347 4443 2627 4498; x_wconf 80' lang='lat' dir='ltr'><strong>diaconus.</strong></span> <span class='ocrx_word' id='word_1_670' title='bbox 2672 4441 2744 4498; x_wconf 88' lang='lat' dir='ltr'><strong>Ut</strong></span> <span class='ocrx_word' id='word_1_671' title='bbox 2778 4443 2990 4512; x_wconf 90' lang='lat' dir='ltr'><strong>opinor,</strong></span> <span class='ocrx_word' id='word_1_672' title='bbox 3020 4443 3258 4498; x_wconf 90' lang='lat' dir='ltr'><strong>nondum</strong></span> <span class='ocrx_word' id='word_1_673' title='bbox 3292 4451 3450 4498; x_wconf 89' lang='lat' dir='ltr'><strong>erant</strong></span> <span class='ocrx_word' id='word_1_674' title='bbox 3501 4444 3790 4514; x_wconf 70' lang='lat' dir='ltr'><strong>Evangelia</strong></span> 
     </span>
    </p>
   </div>
   <div class='ocr_carea' id='block_1_90' title="bbox 504 4531 3792 4617">
    <p class='ocr_par' dir='ltr' id='par_1_90' title="bbox 504 4531 3792 4617">
     <span class='ocr_line' id='line_1_90' title="bbox 504 4531 3792 4617; baseline -0.002 -22"><span class='ocrx_word' id='word_1_675' title='bbox 504 4531 653 4595; x_wconf 69' lang='lat' dir='ltr'><strong>Solus</strong></span> <span class='ocrx_word' id='word_1_676' title='bbox 681 4543 964 4609; x_wconf 70' lang='lat' dir='ltr'><strong>ep‘scopus</strong></span> <span class='ocrx_word' id='word_1_677' title='bbox 995 4548 1158 4608; x_wconf 88' lang='lat' dir='ltr'><strong>ponat</strong></span> <span class='ocrx_word' id='word_1_678' title='bbox 1183 4554 1403 4593; x_wconf 92' lang='lat' dir='ltr'><strong>manum</strong></span> <span class='ocrx_word' id='word_1_679' title='bbox 1431 4553 1595 4606; x_wconf 88' lang='lat' dir='ltr'><strong>super</strong></span> <span class='ocrx_word' id='word_1_680' title='bbox 1624 4537 1934 4612; x_wconf 74' lang='lat' dir='ltr'><strong>diaconum,</strong></span> <span class='ocrx_word' id='word_1_681' title='bbox 1962 4552 2027 4592; x_wconf 90' lang='lat' dir='ltr'><strong>ac</strong></span> <span class='ocrx_word' id='word_1_682' title='bbox 2052 4537 2095 4592; x_wconf 89' lang='lat' dir='ltr'><strong>si</strong></span> <span class='ocrx_word' id='word_1_683' title='bbox 2124 4556 2177 4617; x_wconf 72' lang='grc' dir='ltr'><strong>Β</strong></span> <span class='ocrx_word' id='word_1_684' title='bbox 2203 4535 2424 4606; x_wconf 91' lang='lat' dir='ltr'><strong>scripta.</strong></span> <span class='ocrx_word' id='word_1_685' title='bbox 2468 4534 2705 4589; x_wconf 92' lang='lat' dir='ltr'><strong>Diacono</strong></span> <span class='ocrx_word' id='word_1_686' title='bbox 2730 4534 3006 4606; x_wconf 84' lang='lat' dir='ltr'><strong>Evangelii</strong></span> <span class='ocrx_word' id='word_1_687' title='bbox 3041 4533 3202 4590; x_wconf 90' lang='lat' dir='ltr'><strong>lectio</strong></span> <span class='ocrx_word' id='word_1_688' title='bbox 3229 4535 3511 4598; x_wconf 88' lang='lat' dir='ltr'><strong>convenit,</strong></span> <span class='ocrx_word' id='word_1_689' title='bbox 3548 4535 3792 4588; x_wconf 84' lang='lat' dir='ltr'><strong>minister</strong></span> 
     </span>
    </p>
   </div>
   <div class='ocr_carea' id='block_1_91' title="bbox 504 4626 2096 4698">
    <p class='ocr_par' dir='ltr' id='par_1_91' title="bbox 504 4626 2096 4698">
     <span class='ocr_line' id='line_1_91' title="bbox 504 4626 2096 4698; baseline -0.001 -14"><span class='ocrx_word' id='word_1_690' title='bbox 504 4630 652 4686; x_wconf 88' lang='lat' dir='ltr'><strong>solus</strong></span> <span class='ocrx_word' id='word_1_691' title='bbox 681 4631 851 4698; x_wconf 87' lang='lat' dir='ltr'><strong>possit</strong></span> <span class='ocrx_word' id='word_1_692' title='bbox 876 4630 1082 4698; x_wconf 90' lang='lat' dir='ltr'><strong>precari</strong></span> <span class='ocrx_word' id='word_1_693' title='bbox 1100 4631 1354 4682; x_wconf 84' lang='lat' dir='ltr'><strong>virtutem</strong></span> <span class='ocrx_word' id='word_1_694' title='bbox 1381 4629 1698 4698; x_wconf 83' lang='lat' dir='ltr'><strong>gratiarum,</strong></span> <span class='ocrx_word' id='word_1_695' title='bbox 1723 4642 1884 4696; x_wconf 88' lang='lat' dir='ltr'><strong>quam</strong></span> <span class='ocrx_word' id='word_1_696' title='bbox 1910 4626 2096 4696; x_wconf 90' lang='lat' dir='ltr'><strong>plures</strong></span> 
     </span>
    </p>
   </div>
   <div class='ocr_carea' id='block_1_92' title="bbox 507 4717 2098 4790">
    <p class='ocr_par' dir='ltr' id='par_1_92' title="bbox 507 4717 2098 4790">
     <span class='ocr_line' id='line_1_92' title="bbox 507 4717 2098 4790; baseline -0.001 -16"><span class='ocrx_word' id='word_1_697' title='bbox 507 4719 733 4790; x_wconf 89' lang='lat' dir='ltr'><strong>apostoli</strong></span> <span class='ocrx_word' id='word_1_698' title='bbox 765 4719 1158 4789; x_wconf 82' lang='lat' dir='ltr'><strong>precabantur?</strong></span> <span class='ocrx_word' id='word_1_699' title='bbox 1181 4719 1262 4771; x_wconf 90' lang='lat' dir='ltr'><strong>An</strong></span> <span class='ocrx_word' id='word_1_700' title='bbox 1295 4717 1435 4773; x_wconf 82' lang='lat' dir='ltr'><strong>forte</strong></span> <span class='ocrx_word' id='word_1_701' title='bbox 1463 4719 1582 4773; x_wconf 87' lang='lat' dir='ltr'><strong>ideo</strong></span> <span class='ocrx_word' id='word_1_702' title='bbox 1615 4733 1722 4772; x_wconf 89' lang='lat' dir='ltr'><strong>non</strong></span> <span class='ocrx_word' id='word_1_703' title='bbox 1751 4718 1982 4788; x_wconf 87' lang='lat' dir='ltr'><strong>imponit</strong></span> <span class='ocrx_word' id='word_1_704' title='bbox 2008 4735 2098 4773; x_wconf 84' lang='lat' dir='ltr'><strong>sa-</strong></span> 
     </span>
    </p>
   </div>
   <div class='ocr_carea' id='block_1_93' title="bbox 505 4809 2092 4882">
    <p class='ocr_par' dir='ltr' id='par_1_93' title="bbox 505 4809 2092 4882">
     <span class='ocr_line' id='line_1_93' title="bbox 505 4809 2092 4882; baseline 0.001 -15"><span class='ocrx_word' id='word_1_705' title='bbox 505 4813 698 4868; x_wconf 84' lang='lat' dir='ltr'><strong>cerdos</strong></span> <span class='ocrx_word' id='word_1_706' title='bbox 722 4827 941 4866; x_wconf 90' lang='lat' dir='ltr'><strong>manum</strong></span> <span class='ocrx_word' id='word_1_707' title='bbox 962 4827 1124 4882; x_wconf 86' lang='lat' dir='ltr'><strong>super</strong></span> <span class='ocrx_word' id='word_1_708' title='bbox 1144 4826 1290 4875; x_wconf 91' lang='lat' dir='ltr'><strong>eum,</strong></span> <span class='ocrx_word' id='word_1_709' title='bbox 1319 4811 1411 4878; x_wconf 86' lang='lat' dir='ltr'><strong>qui</strong></span> <span class='ocrx_word' id='word_1_710' title='bbox 1437 4810 1504 4864; x_wconf 90' lang='lat' dir='ltr'><strong>ad</strong></span> <span class='ocrx_word' id='word_1_711' title='bbox 1525 4810 1841 4866; x_wconf 89' lang='lat' dir='ltr'><strong>diaconatus</strong></span> <span class='ocrx_word' id='word_1_712' title='bbox 1858 4809 2092 4868; x_wconf 85' lang='lat' dir='ltr'><strong>olllcium</strong></span> 
     </span>
    </p>
   </div>
   <div class='ocr_carea' id='block_1_94' title="bbox 505 4903 2094 4974">
    <p class='ocr_par' dir='ltr' id='par_1_94' title="bbox 505 4903 2094 4974">
     <span class='ocr_line' id='line_1_94' title="bbox 505 4903 2094 4974; baseline 0 -15"><span class='ocrx_word' id='word_1_713' title='bbox 505 4911 876 4968; x_wconf 91' lang='lat' dir='ltr'><strong>consecratur,</strong></span> <span class='ocrx_word' id='word_1_714' title='bbox 911 4911 969 4957; x_wconf 93' lang='lat' dir='ltr'><strong>ut</strong></span> <span class='ocrx_word' id='word_1_715' title='bbox 991 4918 1096 4958; x_wconf 91' lang='lat' dir='ltr'><strong>non</strong></span> <span class='ocrx_word' id='word_1_716' title='bbox 1128 4903 1384 4974; x_wconf 76' lang='lat' dir='ltr'><strong>fiatquod</strong></span> <span class='ocrx_word' id='word_1_717' title='bbox 1413 4903 1527 4974; x_wconf 90' lang='lat' dir='ltr'><strong>ipse</strong></span> <span class='ocrx_word' id='word_1_718' title='bbox 1553 4913 1656 4968; x_wconf 89' lang='lat' dir='ltr'><strong>est,</strong></span> <span class='ocrx_word' id='word_1_719' title='bbox 1698 4904 1750 4958; x_wconf 90' lang='lat' dir='ltr'><strong>id</strong></span> <span class='ocrx_word' id='word_1_720' title='bbox 1798 4917 1882 4958; x_wconf 89' lang='lat' dir='ltr'><strong>est</strong></span> <span class='ocrx_word' id='word_1_721' title='bbox 1909 4920 2094 4960; x_wconf 88' lang='lat' dir='ltr'><strong>sacer-</strong></span> 
     </span>
    </p>
   </div>
   <div class='ocr_carea' id='block_1_95' title="bbox 505 4994 2091 5064">
    <p class='ocr_par' dir='ltr' id='par_1_95' title="bbox 505 4994 2091 5064">
     <span class='ocr_line' id='line_1_95' title="bbox 505 4994 2091 5064; baseline 0 -14"><span class='ocrx_word' id='word_1_722' title='bbox 505 4996 636 5050; x_wconf 90' lang='lat' dir='ltr'><strong>dos?</strong></span> <span class='ocrx_word' id='word_1_723' title='bbox 678 4994 735 5050; x_wconf 91' lang='lat' dir='ltr'><strong>Si</strong></span> <span class='ocrx_word' id='word_1_724' title='bbox 767 4995 843 5048; x_wconf 89' lang='lat' dir='ltr'><strong>ita</strong></span> <span class='ocrx_word' id='word_1_725' title='bbox 884 5003 985 5057; x_wconf 89' lang='lat' dir='ltr'><strong>est,</strong></span> <span class='ocrx_word' id='word_1_726' title='bbox 1019 5009 1119 5049; x_wconf 91' lang='lat' dir='ltr'><strong>nec</strong></span> <span class='ocrx_word' id='word_1_727' title='bbox 1164 4995 1479 5064; x_wconf 89' lang='lat' dir='ltr'><strong>episcopum</strong></span> <span class='ocrx_word' id='word_1_728' title='bbox 1519 5004 1735 5064; x_wconf 87' lang='lat' dir='ltr'><strong>oportet</strong></span> <span class='ocrx_word' id='word_1_729' title='bbox 1774 4995 1822 5048; x_wconf 91' lang='lat' dir='ltr'><strong>ei</strong></span> <span class='ocrx_word' id='word_1_730' title='bbox 1872 5011 2091 5051; x_wconf 91' lang='lat' dir='ltr'><strong>manum</strong></span> 
     </span>
    </p>
   </div>
   <div class='ocr_carea' id='block_1_96' title="bbox 507 5087 2096 5158">
    <p class='ocr_par' dir='ltr' id='par_1_96' title="bbox 507 5087 2096 5158">
     <span class='ocr_line' id='line_1_96' title="bbox 507 5087 2096 5158; baseline -0.001 -15"><span class='ocrx_word' id='word_1_731' title='bbox 507 5087 808 5158; x_wconf 89' lang='lat' dir='ltr'><strong>imponere,</strong></span> <span class='ocrx_word' id='word_1_732' title='bbox 838 5096 897 5141; x_wconf 92' lang='lat' dir='ltr'><strong>ut</strong></span> <span class='ocrx_word' id='word_1_733' title='bbox 929 5101 1036 5140; x_wconf 88' lang='lat' dir='ltr'><strong>non</strong></span> <span class='ocrx_word' id='word_1_734' title='bbox 1073 5087 1166 5140; x_wconf 83' lang='lat' dir='ltr'><strong>fiat</strong></span> <span class='ocrx_word' id='word_1_735' title='bbox 1194 5088 1496 5158; x_wconf 88' lang='lat' dir='ltr'><strong>cpiscopus.</strong></span> <span class='ocrx_word' id='word_1_736' title='bbox 1545 5087 1697 5153; x_wconf 89' lang='lat' dir='ltr'><strong>Quod</strong></span> <span class='ocrx_word' id='word_1_737' title='bbox 1732 5089 1775 5141; x_wconf 90' lang='lat' dir='ltr'><strong>si</strong></span> <span class='ocrx_word' id='word_1_738' title='bbox 1809 5097 2096 5158; x_wconf 86' lang='lat' dir='ltr'><strong>propterea</strong></span> 
     </span>
    </p>
   </div>
   <div class='ocr_carea' id='block_1_97' title="bbox 505 5166 2095 5250">
    <p class='ocr_par' dir='ltr' id='par_1_97' title="bbox 505 5166 2095 5250">
     <span class='ocr_line' id='line_1_97' title="bbox 505 5166 2095 5250; baseline 0.001 -17"><span class='ocrx_word' id='word_1_739' title='bbox 505 5166 720 5249; x_wconf 87' lang='lat' dir='ltr'><strong>oportet</strong></span> <span class='ocrx_word' id='word_1_740' title='bbox 755 5178 805 5232; x_wconf 92' lang='lat' dir='ltr'><strong>ei</strong></span> <span class='ocrx_word' id='word_1_741' title='bbox 848 5177 1157 5248; x_wconf 91' lang='lat' dir='ltr'><strong>episcopum</strong></span> <span class='ocrx_word' id='word_1_742' title='bbox 1203 5194 1421 5231; x_wconf 90' lang='lat' dir='ltr'><strong>manum</strong></span> <span class='ocrx_word' id='word_1_743' title='bbox 1466 5180 1766 5249; x_wconf 89' lang='lat' dir='ltr'><strong>imponere,</strong></span> <span class='ocrx_word' id='word_1_744' title='bbox 1801 5180 1926 5249; x_wconf 89' lang='lat' dir='ltr'><strong>quia</strong></span> <span class='ocrx_word' id='word_1_745' title='bbox 1980 5180 2095 5250; x_wconf 91' lang='lat' dir='ltr'><strong>ipse</strong></span> 
     </span>
    </p>
   </div>
   <div class='ocr_carea' id='block_1_98' title="bbox 505 5260 2093 5342">
    <p class='ocr_par' dir='ltr' id='par_1_98' title="bbox 505 5260 2093 5342">
     <span class='ocr_line' id='line_1_98' title="bbox 505 5260 2093 5342; baseline -0.001 -14"><span class='ocrx_word' id='word_1_746' title='bbox 505 5260 627 5328; x_wconf 79' lang='lat' dir='ltr'><strong>erat</strong></span> <span class='ocrx_word' id='word_1_747' title='bbox 647 5287 745 5342; x_wconf 91' lang='lat' dir='ltr'><strong>pro</strong></span> <span class='ocrx_word' id='word_1_748' title='bbox 770 5283 857 5334; x_wconf 91' lang='lat' dir='ltr'><strong>eo,</strong></span> <span class='ocrx_word' id='word_1_749' title='bbox 888 5286 995 5324; x_wconf 88' lang='lat' dir='ltr'><strong>non</strong></span> <span class='ocrx_word' id='word_1_750' title='bbox 1025 5270 1171 5326; x_wconf 89' lang='lat' dir='ltr'><strong>solus</strong></span> <span class='ocrx_word' id='word_1_751' title='bbox 1204 5269 1291 5324; x_wconf 89' lang='lat' dir='ltr'><strong>ille</strong></span> <span class='ocrx_word' id='word_1_752' title='bbox 1313 5279 1451 5334; x_wconf 88' lang='lat' dir='ltr'><strong>orat,</strong></span> <span class='ocrx_word' id='word_1_753' title='bbox 1501 5272 1594 5326; x_wconf 89' lang='lat' dir='ltr'><strong>sed</strong></span> <span class='ocrx_word' id='word_1_754' title='bbox 1645 5285 1835 5326; x_wconf 88' lang='lat' dir='ltr'><strong>omnes</strong></span> <span class='ocrx_word' id='word_1_755' title='bbox 1861 5272 1954 5341; x_wconf 89' lang='lat' dir='ltr'><strong>qui</strong></span> <span class='ocrx_word' id='word_1_756' title='bbox 2005 5272 2093 5340; x_wconf 91' lang='lat' dir='ltr'><strong>pie</strong></span> 
     </span>
    </p>
   </div>
   <div class='ocr_carea' id='block_1_99' title="bbox 506 5361 2089 5432">
    <p class='ocr_par' dir='ltr' id='par_1_99' title="bbox 506 5361 2089 5432">
     <span class='ocr_line' id='line_1_99' title="bbox 506 5361 2089 5432; baseline 0 -14"><span class='ocrx_word' id='word_1_757' title='bbox 506 5364 795 5419; x_wconf 91' lang='lat' dir='ltr'><strong>intendunt</strong></span> <span class='ocrx_word' id='word_1_758' title='bbox 817 5361 995 5416; x_wconf 87' lang='lat' dir='ltr'><strong>verbis</strong></span> <span class='ocrx_word' id='word_1_759' title='bbox 1017 5363 1276 5432; x_wconf 87' lang='lat' dir='ltr'><strong>episcopi,</strong></span> <span class='ocrx_word' id='word_1_760' title='bbox 1309 5379 1373 5417; x_wconf 89' lang='lat' dir='ltr'><strong>ac</strong></span> <span class='ocrx_word' id='word_1_761' title='bbox 1397 5372 1577 5418; x_wconf 90' lang='lat' dir='ltr'><strong>mente</strong></span> <span class='ocrx_word' id='word_1_762' title='bbox 1615 5365 1870 5419; x_wconf 91' lang='lat' dir='ltr'><strong>retinent.</strong></span> <span class='ocrx_word' id='word_1_763' title='bbox 1899 5364 2089 5418; x_wconf 83' lang='lat' dir='ltr'><strong>Imita-</strong></span> 
     </span>
    </p>
   </div>
   <div class='ocr_carea' id='block_1_100' title="bbox 506 5451 2089 5524">
    <p class='ocr_par' dir='ltr' id='par_1_100' title="bbox 506 5451 2089 5524">
     <span class='ocr_line' id='line_1_100' title="bbox 506 5451 2089 5524; baseline -0.001 -16"><span class='ocrx_word' id='word_1_764' title='bbox 506 5455 582 5508; x_wconf 91' lang='lat' dir='ltr'><strong>tio</strong></span> <span class='ocrx_word' id='word_1_765' title='bbox 607 5455 1006 5524; x_wconf 89' lang='lat' dir='ltr'><strong>episcoporum,</strong></span> <span class='ocrx_word' id='word_1_766' title='bbox 1049 5452 1415 5521; x_wconf 89' lang='lat' dir='ltr'><strong>apostolorum</strong></span> <span class='ocrx_word' id='word_1_767' title='bbox 1442 5454 1640 5509; x_wconf 89' lang='lat' dir='ltr'><strong>chorus</strong></span> <span class='ocrx_word' id='word_1_768' title='bbox 1669 5462 1770 5509; x_wconf 91' lang='lat' dir='ltr'><strong>est.</strong></span> <span class='ocrx_word' id='word_1_769' title='bbox 1813 5451 2089 5523; x_wconf 90' lang='lat' dir='ltr'><strong>Optimum</strong></span> 
     </span>
    </p>
   </div>
   <div class='ocr_carea' id='block_1_101' title="bbox 504 5545 2088 5616">
    <p class='ocr_par' dir='ltr' id='par_1_101' title="bbox 504 5545 2088 5616">
     <span class='ocr_line' id='line_1_101' title="bbox 504 5545 2088 5616; baseline 0.001 -16"><span class='ocrx_word' id='word_1_770' title='bbox 504 5556 608 5610; x_wconf 88' lang='lat' dir='ltr'><strong>est,</strong></span> <span class='ocrx_word' id='word_1_771' title='bbox 651 5548 821 5600; x_wconf 91' lang='lat' dir='ltr'><strong>bonos</strong></span> <span class='ocrx_word' id='word_1_772' title='bbox 849 5546 1013 5599; x_wconf 89' lang='lat' dir='ltr'><strong>duces</strong></span> <span class='ocrx_word' id='word_1_773' title='bbox 1042 5545 1217 5615; x_wconf 90' lang='lat' dir='ltr'><strong>sequi,</strong></span> <span class='ocrx_word' id='word_1_774' title='bbox 1274 5547 1367 5616; x_wconf 93' lang='lat' dir='ltr'><strong>qui</strong></span> <span class='ocrx_word' id='word_1_775' title='bbox 1409 5554 1757 5601; x_wconf 89' lang='lat' dir='ltr'><strong>certaverunt</strong></span> <span class='ocrx_word' id='word_1_776' title='bbox 1803 5559 1975 5615; x_wconf 88' lang='lat' dir='ltr'><strong>usque</strong></span> <span class='ocrx_word' id='word_1_777' title='bbox 2020 5547 2088 5601; x_wconf 91' lang='lat' dir='ltr'><strong>ad</strong></span> 
     </span>
    </p>
   </div>
   <div class='ocr_carea' id='block_1_102' title="bbox 503 5636 2087 5710">
    <p class='ocr_par' dir='ltr' id='par_1_102' title="bbox 503 5636 2087 5710">
     <span class='ocr_line' id='line_1_102' title="bbox 503 5636 2087 5710; baseline 0.001 -20"><span class='ocrx_word' id='word_1_778' title='bbox 503 5637 720 5709; x_wconf 84' lang='lat' dir='ltr'><strong>plenam</strong></span> <span class='ocrx_word' id='word_1_779' title='bbox 742 5636 1048 5691; x_wconf 88' lang='lat' dir='ltr'><strong>victoriam.</strong></span> <span class='ocrx_word' id='word_1_780' title='bbox 1078 5636 1216 5704; x_wconf 89' lang='lat' dir='ltr'><strong>Quia</strong></span> <span class='ocrx_word' id='word_1_781' title='bbox 1247 5638 1315 5694; x_wconf 90' lang='lat' dir='ltr'><strong>de</strong></span> <span class='ocrx_word' id='word_1_782' title='bbox 1360 5639 1702 5710; x_wconf 90' lang='lat' dir='ltr'><strong>impositione</strong></span> <span class='ocrx_word' id='word_1_783' title='bbox 1730 5654 1924 5693; x_wconf 86' lang='lat' dir='ltr'><strong>manus</strong></span> <span class='ocrx_word' id='word_1_784' title='bbox 1951 5637 2087 5709; x_wconf 88' lang='lat' dir='ltr'><strong>legi-</strong></span> 
     </span>
    </p>
   </div>
   <div class='ocr_carea' id='block_1_103' title="bbox 503 5731 2084 5800">
    <p class='ocr_par' dir='ltr' id='par_1_103' title="bbox 503 5731 2084 5800">
     <span class='ocr_line' id='line_1_103' title="bbox 503 5731 2084 5800; baseline 0.001 -15"><span class='ocrx_word' id='word_1_785' title='bbox 503 5744 647 5793; x_wconf 86' lang='lat' dir='ltr'><strong>mus,</strong></span> <span class='ocrx_word' id='word_1_786' title='bbox 669 5740 789 5797; x_wconf 71' lang='lat' dir='ltr'><strong>qua:</strong></span> <span class='ocrx_word' id='word_1_787' title='bbox 810 5739 1085 5800; x_wconf 86' lang='lat' dir='ltr'><strong>assumpta</strong></span> <span class='ocrx_word' id='word_1_788' title='bbox 1105 5737 1189 5786; x_wconf 89' lang='lat' dir='ltr'><strong>est</strong></span> <span class='ocrx_word' id='word_1_789' title='bbox 1213 5745 1245 5785; x_wconf 92' lang='lat' dir='ltr'><strong>a</strong></span> <span class='ocrx_word' id='word_1_790' title='bbox 1271 5731 1456 5786; x_wconf 89' lang='lat' dir='ltr'><strong>Veteri</strong></span> <span class='ocrx_word' id='word_1_791' title='bbox 1483 5731 1854 5798; x_wconf 89' lang='lat' dir='ltr'><strong>Testamento,</strong></span> <span class='ocrx_word' id='word_1_792' title='bbox 1881 5732 2084 5788; x_wconf 90' lang='lat' dir='ltr'><strong>bonum</strong></span> 
     </span>
    </p>
   </div>
   <div class='ocr_carea' id='block_1_104' title="bbox 502 5815 2085 5895">
    <p class='ocr_par' dir='ltr' id='par_1_104' title="bbox 502 5815 2085 5895">
     <span class='ocr_line' id='line_1_104' title="bbox 502 5815 2085 5895; baseline 0.002 -18"><span class='ocrx_word' id='word_1_793' title='bbox 502 5827 590 5877; x_wconf 85' lang='lat' dir='ltr'><strong>est</strong></span> <span class='ocrx_word' id='word_1_794' title='bbox 617 5815 892 5888; x_wconf 88' lang='lat' dir='ltr'><strong>inquirere</strong></span> <span class='ocrx_word' id='word_1_795' title='bbox 916 5819 1047 5890; x_wconf 89' lang='lat' dir='ltr'><strong>quid</strong></span> <span class='ocrx_word' id='word_1_796' title='bbox 1089 5819 1375 5890; x_wconf 78' lang='lat' dir='ltr'><strong>signiﬁcet.</strong></span> <span class='ocrx_word' id='word_1_797' title='bbox 1418 5819 1733 5892; x_wconf 83' lang='lat' dir='ltr'><strong>Mysterium</strong></span> <span class='ocrx_word' id='word_1_798' title='bbox 1773 5832 1859 5880; x_wconf 86' lang='lat' dir='ltr'><strong>est</strong></span> <span class='ocrx_word' id='word_1_799' title='bbox 1899 5823 2085 5895; x_wconf 88' lang='lat' dir='ltr'><strong>quale-</strong></span> 
     </span>
    </p>
   </div>
   <div class='ocr_carea' id='block_1_105' title="bbox 2201 4625 3786 4698">
    <p class='ocr_par' dir='ltr' id='par_1_105' title="bbox 2201 4625 3786 4698">
     <span class='ocr_line' id='line_1_105' title="bbox 2201 4625 3786 4698; baseline -0.003 -14"><span class='ocrx_word' id='word_1_800' title='bbox 2201 4637 2303 4684; x_wconf 90' lang='lat' dir='ltr'><strong>est.</strong></span> <span class='ocrx_word' id='word_1_801' title='bbox 2330 4628 2579 4684; x_wconf 90' lang='lat' dir='ltr'><strong>Imitatur</strong></span> <span class='ocrx_word' id='word_1_802' title='bbox 2602 4643 2726 4683; x_wconf 91' lang='lat' dir='ltr'><strong>eum</strong></span> <span class='ocrx_word' id='word_1_803' title='bbox 2773 4628 2864 4698; x_wconf 92' lang='lat' dir='ltr'><strong>qui</strong></span> <span class='ocrx_word' id='word_1_804' title='bbox 2906 4628 3079 4684; x_wconf 78' lang='lat' dir='ltr'><strong>dixit:</strong></span> <span class='ocrx_word' id='word_1_805' title='bbox 3132 4625 3255 4683; x_wconf 87' lang='lat' dir='ltr'><strong>Non</strong></span> <span class='ocrx_word' id='word_1_806' title='bbox 3307 4627 3424 4682; x_wconf 80' lang='lat' dir='ltr'><strong>veni</strong></span> <span class='ocrx_word' id='word_1_807' title='bbox 3473 4628 3786 4690; x_wconf 75' lang='lat' dir='ltr'><strong>ministrari,</strong></span> 
     </span>
    </p>
   </div>
   <div class='ocr_carea' id='block_1_106' title="bbox 2199 4720 3787 4793">
    <p class='ocr_par' dir='ltr' id='par_1_106' title="bbox 2199 4720 3787 4793">
     <span class='ocr_line' id='line_1_106' title="bbox 2199 4720 3787 4793; baseline -0.003 -13"><span class='ocrx_word' id='word_1_808' title='bbox 2199 4724 2291 4780; x_wconf 84' lang='lat' dir='ltr'><strong>sed</strong></span> <span class='ocrx_word' id='word_1_809' title='bbox 2319 4724 2642 4779; x_wconf 87' lang='lat' dir='ltr'><strong>ministrare.</strong></span> <span class='ocrx_word' id='word_1_810' title='bbox 2684 4721 2934 4791; x_wconf 90' lang='lat' dir='ltr'><strong>Quandiu</strong></span> <span class='ocrx_word' id='word_1_811' title='bbox 2969 4720 3319 4793; x_wconf 79' lang='lat' dir='ltr'><strong>Evangelium</strong></span> <span class='ocrx_word' id='word_1_812' title='bbox 3357 4720 3620 4777; x_wconf 85' lang='lat' dir='ltr'><strong>Christus</strong></span> <span class='ocrx_word' id='word_1_813' title='bbox 3651 4736 3787 4791; x_wconf 68' lang='lat' dir='ltr'><strong>pr:-</strong></span> 
     </span>
    </p>
   </div>
   <div class='ocr_carea' id='block_1_107' title="bbox 2198 4809 3792 4882">
    <p class='ocr_par' dir='ltr' id='par_1_107' title="bbox 2198 4809 3792 4882">
     <span class='ocr_line' id='line_1_107' title="bbox 2198 4809 3792 4882; baseline -0.005 -10"><span class='ocrx_word' id='word_1_814' title='bbox 2198 4815 2416 4880; x_wconf 90' lang='lat' dir='ltr'><strong>dicavit,</strong></span> <span class='ocrx_word' id='word_1_815' title='bbox 2455 4813 2705 4869; x_wconf 89' lang='lat' dir='ltr'><strong>minister</strong></span> <span class='ocrx_word' id='word_1_816' title='bbox 2731 4812 2890 4868; x_wconf 89' lang='lat' dir='ltr'><strong>nobis</strong></span> <span class='ocrx_word' id='word_1_817' title='bbox 2929 4811 3178 4868; x_wconf 89' lang='lat' dir='ltr'><strong>Christus</strong></span> <span class='ocrx_word' id='word_1_818' title='bbox 3205 4811 3382 4867; x_wconf 88' lang='lat' dir='ltr'><strong>factus</strong></span> <span class='ocrx_word' id='word_1_819' title='bbox 3424 4819 3533 4876; x_wconf 86' lang='lat' dir='ltr'><strong>est,</strong></span> <span class='ocrx_word' id='word_1_820' title='bbox 3564 4809 3706 4882; x_wconf 85' lang='lat' dir='ltr'><strong>quod</strong></span> <span class='ocrx_word' id='word_1_821' title='bbox 3737 4812 3792 4865; x_wconf 82' lang='lat' dir='ltr'><strong>in</strong></span> 
     </span>
    </p>
   </div>
   <div class='ocr_carea' id='block_1_108' title="bbox 2197 4903 3791 4973">
    <p class='ocr_par' dir='ltr' id='par_1_108' title="bbox 2197 4903 3791 4973">
     <span class='ocr_line' id='line_1_108' title="bbox 2197 4903 3791 4973; baseline -0.003 -12"><span class='ocrx_word' id='word_1_822' title='bbox 2197 4905 2494 4961; x_wconf 87' lang='lat' dir='ltr'><strong>novissimo</strong></span> <span class='ocrx_word' id='word_1_823' title='bbox 2514 4905 2752 4960; x_wconf 87' lang='lat' dir='ltr'><strong>ostendit</strong></span> <span class='ocrx_word' id='word_1_824' title='bbox 2783 4911 2906 4960; x_wconf 89' lang='lat' dir='ltr'><strong>ante</strong></span> <span class='ocrx_word' id='word_1_825' title='bbox 2932 4903 3359 4960; x_wconf 90' lang='lat' dir='ltr'><strong>immolationem</strong></span> <span class='ocrx_word' id='word_1_826' title='bbox 3399 4918 3577 4968; x_wconf 88' lang='lat' dir='ltr'><strong>suam,</strong></span> <span class='ocrx_word' id='word_1_827' title='bbox 3610 4919 3791 4973; x_wconf 85' lang='lat' dir='ltr'><strong>quan-</strong></span> 
     </span>
    </p>
   </div>
   <div class='ocr_carea' id='block_1_109' title="bbox 2201 4992 3795 5065">
    <p class='ocr_par' dir='ltr' id='par_1_109' title="bbox 2201 4992 3795 5065">
     <span class='ocr_line' id='line_1_109' title="bbox 2201 4992 3795 5065; baseline -0.001 -14"><span class='ocrx_word' id='word_1_828' title='bbox 2201 4998 2270 5051; x_wconf 90' lang='lat' dir='ltr'><strong>do</strong></span> <span class='ocrx_word' id='word_1_829' title='bbox 2299 4996 2434 5049; x_wconf 86' lang='lat' dir='ltr'><strong>lavit</strong></span> <span class='ocrx_word' id='word_1_830' title='bbox 2466 4995 2634 5065; x_wconf 90' lang='lat' dir='ltr'><strong>pedes</strong></span> <span class='ocrx_word' id='word_1_831' title='bbox 2668 4993 3076 5064; x_wconf 89' lang='lat' dir='ltr'><strong>discipulorum.</strong></span> <span class='ocrx_word' id='word_1_832' title='bbox 3107 4992 3282 5049; x_wconf 81' lang='lat' dir='ltr'><strong>Habet</strong></span> <span class='ocrx_word' id='word_1_833' title='bbox 3314 4993 3582 5050; x_wconf 89' lang='lat' dir='ltr'><strong>diaconus</strong></span> <span class='ocrx_word' id='word_1_834' title='bbox 3603 5002 3660 5049; x_wconf 89' lang='lat' dir='ltr'><strong>et</strong></span> <span class='ocrx_word' id='word_1_835' title='bbox 3699 4995 3795 5050; x_wconf 88' lang='lat' dir='ltr'><strong>do-</strong></span> 
     </span>
    </p>
   </div>
   <div class='ocr_carea' id='block_1_110' title="bbox 2199 5084 3794 5158">
    <p class='ocr_par' dir='ltr' id='par_1_110' title="bbox 2199 5084 3794 5158">
     <span class='ocr_line' id='line_1_110' title="bbox 2199 5084 3794 5158; baseline -0.004 -12"><span class='ocrx_word' id='word_1_836' title='bbox 2199 5105 2328 5146; x_wconf 89' lang='lat' dir='ltr'><strong>num</strong></span> <span class='ocrx_word' id='word_1_837' title='bbox 2357 5088 2674 5158; x_wconf 67' lang='lat' dir='ltr'><strong>prophetiaz.</strong></span> <span class='ocrx_word' id='word_1_838' title='bbox 2721 5087 2790 5142; x_wconf 85' lang='lat' dir='ltr'><strong>Et</strong></span> <span class='ocrx_word' id='word_1_839' title='bbox 2852 5087 3068 5150; x_wconf 90' lang='lat' dir='ltr'><strong>merito,</strong></span> <span class='ocrx_word' id='word_1_840' title='bbox 3101 5087 3227 5156; x_wconf 89' lang='lat' dir='ltr'><strong>quia</strong></span> <span class='ocrx_word' id='word_1_841' title='bbox 3251 5085 3367 5156; x_wconf 89' lang='lat' dir='ltr'><strong>ejus</strong></span> <span class='ocrx_word' id='word_1_842' title='bbox 3398 5084 3648 5156; x_wconf 83' lang='lat' dir='ltr'><strong>fungitur</strong></span> <span class='ocrx_word' id='word_1_843' title='bbox 3676 5085 3794 5140; x_wconf 69' lang='grc' dir='ltr'><strong>σαι.</strong></span> 
     </span>
    </p>
   </div>
   <div class='ocr_carea' id='block_1_111' title="bbox 2195 5175 3790 5250">
    <p class='ocr_par' dir='ltr' id='par_1_111' title="bbox 2195 5175 3790 5250">
     <span class='ocr_line' id='line_1_111' title="bbox 2195 5175 3790 5250; baseline -0.003 -15"><span class='ocrx_word' id='word_1_844' title='bbox 2195 5180 2299 5246; x_wconf 91' lang='lat' dir='ltr'><strong>cio,</strong></span> <span class='ocrx_word' id='word_1_845' title='bbox 2331 5179 2398 5234; x_wconf 91' lang='lat' dir='ltr'><strong>de</strong></span> <span class='ocrx_word' id='word_1_846' title='bbox 2445 5195 2552 5250; x_wconf 91' lang='lat' dir='ltr'><strong>quo</strong></span> <span class='ocrx_word' id='word_1_847' title='bbox 2599 5180 2803 5235; x_wconf 91' lang='lat' dir='ltr'><strong>dictum</strong></span> <span class='ocrx_word' id='word_1_848' title='bbox 2832 5185 2945 5235; x_wconf 90' lang='lat' dir='ltr'><strong>est:</strong></span> <span class='ocrx_word' id='word_1_849' title='bbox 2989 5175 3309 5250; x_wconf 71' lang='lat' dir='ltr'><strong>Propheta»:</strong></span> <span class='ocrx_word' id='word_1_850' title='bbox 3338 5178 3483 5232; x_wconf 82' lang='lat' dir='ltr'><strong>vobis</strong></span> <span class='ocrx_word' id='word_1_851' title='bbox 3511 5181 3790 5234; x_wconf 74' lang='lat' dir='ltr'><strong>suscitabit</strong></span> 
     </span>
    </p>
   </div>
   <div class='ocr_carea' id='block_1_112' title="bbox 2196 5269 3787 5342">
    <p class='ocr_par' dir='ltr' id='par_1_112' title="bbox 2196 5269 3787 5342">
     <span class='ocr_line' id='line_1_112' title="bbox 2196 5269 3787 5342; baseline -0.002 -17"><span class='ocrx_word' id='word_1_852' title='bbox 2196 5269 2452 5325; x_wconf 84' lang='lat' dir='ltr'><strong>Dominus</strong></span> <span class='ocrx_word' id='word_1_853' title='bbox 2484 5270 2548 5324; x_wconf 89' lang='lat' dir='ltr'><strong>de</strong></span> <span class='ocrx_word' id='word_1_854' title='bbox 2592 5270 2847 5340; x_wconf 77' lang='lat' dir='ltr'><strong>fratribus</strong></span> <span class='ocrx_word' id='word_1_855' title='bbox 2896 5270 3104 5335; x_wconf 87' lang='lat' dir='ltr'><strong>vestris,</strong></span> <span class='ocrx_word' id='word_1_856' title='bbox 3158 5278 3410 5342; x_wconf 84' lang='lat' dir='ltr'><strong>tanquam</strong></span> <span class='ocrx_word' id='word_1_857' title='bbox 3454 5287 3565 5336; x_wconf 81' lang='lat' dir='ltr'><strong>me,</strong></span> <span class='ocrx_word' id='word_1_858' title='bbox 3616 5271 3787 5339; x_wconf 67' lang='lat' dir='ltr'><strong>ipsum</strong></span> 
     </span>
    </p>
   </div>
   <div class='ocr_carea' id='block_1_113' title="bbox 2193 5359 3786 5435">
    <p class='ocr_par' dir='ltr' id='par_1_113' title="bbox 2193 5359 3786 5435">
     <span class='ocr_line' id='line_1_113' title="bbox 2193 5359 3786 5435; baseline -0.003 -17"><span class='ocrx_word' id='word_1_859' title='bbox 2193 5363 2390 5418; x_wconf 89' lang='lat' dir='ltr'><strong>audite.</strong></span> <span class='ocrx_word' id='word_1_860' title='bbox 2426 5363 2496 5420; x_wconf 89' lang='lat' dir='ltr'><strong>Et</strong></span> <span class='ocrx_word' id='word_1_861' title='bbox 2535 5363 2732 5419; x_wconf 88' lang='lat' dir='ltr'><strong>iterum</strong></span> <span class='ocrx_word' id='word_1_862' title='bbox 2769 5363 2826 5418; x_wconf 90' lang='lat' dir='ltr'><strong>in</strong></span> <span class='ocrx_word' id='word_1_863' title='bbox 2870 5361 3205 5435; x_wconf 85' lang='lat' dir='ltr'><strong>Evangelio:</strong></span> <span class='ocrx_word' id='word_1_864' title='bbox 3257 5359 3530 5434; x_wconf 74' lang='lat' dir='ltr'><strong>Propheta</strong></span> <span class='ocrx_word' id='word_1_865' title='bbox 3560 5377 3786 5434; x_wconf 67' lang='lat' dir='ltr'><strong>magnus</strong></span> 
     </span>
    </p>
   </div>
   <div class='ocr_carea' id='block_1_114' title="bbox 2194 5454 2706 5510">
    <p class='ocr_par' dir='ltr' id='par_1_114' title="bbox 2194 5454 2706 5510">
     <span class='ocr_line' id='line_1_114' title="bbox 2194 5454 2706 5510; baseline -0.004 0"><span class='ocrx_word' id='word_1_866' title='bbox 2194 5456 2420 5510; x_wconf 74' lang='lat' dir='ltr'><strong>surrexit</strong></span> <span class='ocrx_word' id='word_1_867' title='bbox 2449 5455 2505 5509; x_wconf 90' lang='lat' dir='ltr'><strong>in</strong></span> <span class='ocrx_word' id='word_1_868' title='bbox 2539 5454 2706 5509; x_wconf 88' lang='lat' dir='ltr'><strong>nobis.</strong></span> 
     </span>
    </p>
   </div>
   <div class='ocr_carea' id='block_1_115' title="bbox 2784 5542 3184 5603">
    <p class='ocr_par' dir='ltr' id='par_1_115' title="bbox 2784 5542 3184 5603">
     <span class='ocr_line' id='line_1_115' title="bbox 2784 5542 3184 5603; baseline -0.008 -1"><span class='ocrx_word' id='word_1_869' title='bbox 2784 5545 3010 5603; x_wconf 89' lang='lat' dir='ltr'><strong>CAPUT</strong></span> <span class='ocrx_word' id='word_1_870' title='bbox 3047 5542 3184 5600; x_wconf 81' lang='lat' dir='ltr'><strong>XIII.</strong></span> 
     </span>
    </p>
   </div>
   <div class='ocr_carea' id='block_1_116' title="bbox 2761 5634 3207 5707">
    <p class='ocr_par' dir='ltr' id='par_1_116' title="bbox 2761 5634 3207 5707">
     <span class='ocr_line' id='line_1_116' title="bbox 2761 5634 3207 5707; baseline 0 -17"><span class='ocrx_word' id='word_1_871' title='bbox 2761 5634 2840 5690; x_wconf 85' lang='lat' dir='ltr'><strong>De</strong></span> <span class='ocrx_word' id='word_1_872' title='bbox 2875 5635 3207 5707; x_wconf 82' lang='lat' dir='ltr'><strong>presbyteris.</strong></span> 
     </span>
    </p>
   </div>
   <div class='ocr_carea' id='block_1_117' title="bbox 2262 5726 3776 5801">
    <p class='ocr_par' dir='ltr' id='par_1_117' title="bbox 2262 5726 3776 5801">
     <span class='ocr_line' id='line_1_117' title="bbox 2262 5726 3776 5801; baseline -0.001 -16"><span class='ocrx_word' id='word_1_873' title='bbox 2262 5727 2570 5801; x_wconf 84' lang='lat' dir='ltr'><strong>Presbyteri</strong></span> <span class='ocrx_word' id='word_1_874' title='bbox 2633 5727 2962 5800; x_wconf 88' lang='lat' dir='ltr'><strong>deputantur</strong></span> <span class='ocrx_word' id='word_1_875' title='bbox 3016 5728 3069 5782; x_wconf 94' lang='lat' dir='ltr'><strong>in</strong></span> <span class='ocrx_word' id='word_1_876' title='bbox 3116 5727 3237 5785; x_wconf 91' lang='lat' dir='ltr'><strong>loco</strong></span> <span class='ocrx_word' id='word_1_877' title='bbox 3286 5726 3519 5785; x_wconf 84' lang='lat' dir='ltr'><strong>ﬁliorum</strong></span> <span class='ocrx_word' id='word_1_878' title='bbox 3567 5727 3776 5784; x_wconf 82' lang='lat' dir='ltr'><strong>Aaron.</strong></span> 
     </span>
    </p>
   </div>
   <div class='ocr_carea' id='block_1_118' title="bbox 2191 5819 3780 5896">
    <p class='ocr_par' dir='ltr' id='par_1_118' title="bbox 2191 5819 3780 5896">
     <span class='ocr_line' id='line_1_118' title="bbox 2191 5819 3780 5896; baseline -0.004 -15"><span class='ocrx_word' id='word_1_879' title='bbox 2191 5821 2468 5896; x_wconf 79' lang='lat' dir='ltr'><strong>Scriptum</strong></span> <span class='ocrx_word' id='word_1_880' title='bbox 2509 5829 2596 5879; x_wconf 85' lang='lat' dir='ltr'><strong>est</strong></span> <span class='ocrx_word' id='word_1_881' title='bbox 2640 5820 2695 5878; x_wconf 91' lang='lat' dir='ltr'><strong>in</strong></span> <span class='ocrx_word' id='word_1_882' title='bbox 2725 5820 2864 5879; x_wconf 87' lang='lat' dir='ltr'><strong>libro</strong></span> <span class='ocrx_word' id='word_1_883' title='bbox 2894 5819 3276 5879; x_wconf 79' lang='lat' dir='ltr'><strong>Numerorum.</strong></span> <span class='ocrx_word' id='word_1_884' title='bbox 3307 5821 3440 5879; x_wconf 70' lang='lat' dir='ltr'><strong>Bac</strong></span> <span class='ocrx_word' id='word_1_885' title='bbox 3462 5820 3690 5879; x_wconf 85' lang='lat' dir='ltr'><strong>nomina</strong></span> <span class='ocrx_word' id='word_1_886' title='bbox 3715 5820 3780 5875; x_wconf 81' lang='lat' dir='ltr'><strong>ti-</strong></span> 
     </span>
    </p>
   </div>
  </div>
