3978 6460
198 422 348 482 1089

963 429 1050 486 DE
1089 412 1636 487 ECCLESIASTICIS
1672 425 1959 485 omens
1994 427 2174 486 LIBRI
2207 426 2295 487 1v.
2334 459 2405 474 --
2443 430 2567 487 LIB.
2605 429 2663 486 η.

3315 427 3460 489 1090

193 541 398 598 liorum
429 541 609 598 Aaron
654 543 1013 613 sacerdotum,
1048 550 1140 618 qui
1171 551 1317 604 uncti
1353 556 1500 613 sunt,
1544 560 1773 618 quorum
1801 544 1855 606 A
1877 546 2090 602 clesiam
2117 547 2346 614 Domini,
2371 564 2530 619 quam
2555 546 2828 618 acquisivit
2840 563 2934 617 per
2945 548 3253 618 sanguinem
3280 564 3456 602 suum.

190 632 400 704 repleta
429 641 512 688 est
531 637 941 692 consecratione
979 653 1194 706 manus,
1223 650 1281 695 ut
1321 639 1626 696 sacerdotio
1655 637 1777 693 fun-

189 733 470 793 gerentur.
501 725 654 782 llunc
690 743 897 784 morem
944 739 1130 786 tenent
1154 733 1388 803 episcopi
1431 731 1626 796 nostri,
1656 745 1775 786 ma-

189 823 296 870 nus
327 817 762 888 presbyterorum
792 829 996 891 ungunt
1027 822 1092 876 de
1134 821 1276 877 oleo.
1307 821 1651 877 Manifestum
1692 829 1778 877 est

188 925 292 965 cur
317 911 417 966 hoc
449 910 669 977 faciant,
699 919 760 965 ut
786 913 999 967 mund:e
1037 913 1166 979 sint,
1209 915 1276 969 ad
1307 913 1637 969 offerendam
1678 915 1778 968 ho-

189 1003 355 1056 stiam
421 1003 547 1068 Deo,
603 1012 656 1057 et
707 1003 870 1073 larga:
920 1005 986 1059 ad
1056 1012 1253 1060 caetera
1304 1005 1485 1061 ofﬁcia
1536 1005 1773 1075 pietatis.

190 1092 495 1164 Utrumque
518 1095 833 1166 designatur
855 1111 953 1164 per
977 1096 1174 1160 oleum,
1193 1105 1248 1152 et
1267 1097 1440 1168 gratia
1458 1096 1774 1161 curationis,

189 1197 247 1244 et
262 1189 499 1244 Charitas
512 1188 832 1244 dilectionis.
843 1187 908 1242 Hi
922 1198 1160 1259 prsesunt
1173 1189 1396 1254 Levitis,
1416 1198 1474 1244 ut
1488 1189 1628 1244 idem
1642 1189 1779 1242 liber

188 1278 552 1334 Numerorum
593 1278 928 1334 demonstrat
954 1298 967 1334 :
1011 1278 1260 1351 Princeps
1283 1291 1457 1335 autem
1481 1281 1776 1351 principum

190 1371 426 1426 Eleazar
443 1371 587 1442 ﬁlius
612 1371 793 1426 Aaron
819 1372 1130 1437 sacerdotis,
1153 1373 1250 1425 erit
1271 1388 1428 1442 super
1452 1370 1777 1425 excubitores

189 1464 444 1518 custodia:
463 1463 775 1518 sanctuarii.
817 1463 882 1517 Et
913 1462 1073 1533 paulo
1093 1471 1218 1532 post
1239 1477 1252 1514 :
1279 1461 1381 1515 Hic
1402 1471 1476 1516 est
1500 1461 1672 1515 cultus
1696 1461 1780 1530 [a-

188 1553 354 1609 milice
383 1552 781 1609 Gersonitarum
806 1555 861 1608 in
893 1553 1232 1609 tabernaculo
1262 1553 1495 1624 ftederis,
1525 1565 1779 1619 eruntque

186 1645 285 1699 sub
309 1663 476 1701 manu
519 1644 762 1700 Ithamar
805 1645 906 1716 ﬁlii
945 1645 1125 1701 Aaron
1161 1647 1468 1701 sacerdotis.
1497 1646 1603 1717 Ipsi
1629 1647 1778 1702 enim

187 1738 405 1806 quando
419 1746 833 1804 consecrantur,
857 1753 1052 1794 manus
1066 1739 1465 1809 impositionem
1481 1738 1773 1809 accipiunt.

185 1828 329 1897 Quid
371 1831 502 1885 illud
537 1829 829 1901 signiﬁcet,
879 1832 1173 1887 secundum
1215 1833 1359 1904 quod
1389 1832 1546 1887 nobis
1586 1831 1774 1886 Domi-

1879 639 1946 694 Et
1977 641 2065 694 hic
2090 640 2404 711 diligentius
2433 641 2740 704 observate,
2771 640 3040 709 quomodo
3077 640 3239 694 unius
3271 638 3464 694 civita-

1880 734 1949 788 tis
1977 733 2176 802 Ephesi
2217 732 2564 803 presbyteros
2591 747 2810 794 vocans,
2865 740 3052 800 postea
3093 732 3308 786 eosdem
3351 729 3465 799 epi-

1880 840 2074 894 scopos
2101 824 2321 879 dixerit.
2354 823 2606 891 Ejusdem
2634 825 2700 878 ad
2747 824 3035 894 Evagrium
3067 841 3081 875 :
3121 822 3229 878 Sed
3272 830 3327 877 et
3362 821 3467 877 Pe-

1881 924 1999 971 trus
2029 916 2081 970 in
2114 917 2290 986 prima
2325 915 2548 984 epistola
2577 932 2590 968 :
2621 912 2981 984 Presbyteros,
3012 913 3207 981 inquit,
3241 912 3296 966 in
3325 911 3464 966 vobis

1879 1024 2065 1079 precor
2093 1007 2495 1077 compresbyter,
2539 1016 2588 1060 et
2617 1007 2760 1060 testis
2804 1006 3108 1076 passionum
3153 1003 3370 1067 Christi,
3417 1012 3465 1056 et

1881 1101 2076 1171 futura:
2103 1099 2308 1169 gloriae,
2353 1117 2470 1170 qua:
2518 1100 2796 1154 revelanda
2845 1107 2918 1152 est
2963 1098 3238 1168 particeps,
3290 1111 3466 1165 regere

1882 1192 2174 1247 Ecclesium
2202 1191 2419 1259 Christi,
2450 1203 2495 1246 et
2526 1193 2779 1262 inspicere
2803 1209 2906 1246 non
2938 1208 3002 1245 ea:
3024 1191 3348 1254 necessitate,
3374 1187 3466 1242 sed

1879 1281 2175 1337 voluntarie
2197 1284 2356 1353 juxta
2405 1283 2596 1337 Deum.
2641 1283 2794 1350 Quod
2823 1270 3257 1353 quidem'Grzeee
3295 1281 3467 1352 signi-

1884 1372 2136 1429 ﬁcantius
2171 1375 2372 1428 dicitur
2409 1376 2816 1437 ἐπισκοποῦντις,
2848 1373 2990 1429 unde
3026 1380 3083 1428 et
3109 1387 3303 1427 nomen
3349 1372 3468 1441 epi-

1882 1465 2032 1534 scopi
2063 1473 2295 1520 tractum
2321 1475 2424 1519 est.
2455 1466 2630 1520 Parva
2669 1465 2765 1519 tibi
2807 1465 3060 1518 videntur
3083 1469 3355 1516 tantorum
3382 1461 3466 1515 vi-

1882 1571 2069 1611 rorum
2113 1556 2465 1611 testimonia?
2509 1555 2725 1627 clangat
2778 1555 2906 1608 tuba
2951 1552 3277 1624 Evangelica
3329 1550 3471 1606 ﬁlius

1882 1647 2129 1714 tonitrui,
2159 1664 2321 1719 quem
2350 1647 2508 1703 Iesus
2556 1647 2756 1702 amavit
2791 1646 3104 1716 plurimum,
3149 1644 3242 1714 qui
3280 1643 3347 1698 de
3375 1657 3471 1712 pe-

1883 1745 2036 1794 ctore
2069 1737 2367 1794 Salvatoris
2393 1738 2654 1793 doctriute
2683 1737 2884 1791 ﬂuenta
2913 1737 3157 1806 potavit:
3190 1733 3472 1803 Presbyter

1883 1828 2059 1884 electa:
2088 1829 2329 1883 Domina:
2357 1838 2406 1883 et
2432 1829 2559 1897 [iliis
2585 1829 2725 1898 ejus,
2772 1844 2901 1898 quos
2929 1843 3022 1898 ego
3057 1826 3220 1896 diligo
3251 1825 3307 1878 in
3342 1840 3472 1878 veri-

183 1938 292 1978 nus
321 1923 489 1988 dedit,
518 1923 963 1977 ministravimus.
998 1923 1056 1978 In
1084 1940 1191 1994 quo
1221 1901 1413 1979 ordine
1435 1930 1621 1978 essent
1647 1936 1774 1991 pre-
1807 1901 1854 1960 Β
1883 1928 2008 1974 tate.
2056 1919 2124 1973 Et
2149 1920 2203 1972 in
2233 1919 2338 1974 alia
2364 1918 2592 1990 epistola
2625 1937 2636 1972 :
2677 1917 2957 1988 Presbyter
2982 1915 3110 1971 Caio
3137 1915 3470 1978 charissima,

181 2013 393 2084 sbyteri
421 2021 661 2083 tempore
691 2013 1080 2082 apostolorum,
1111 2015 1382 2069 discamus
1423 2029 1489 2068 ex
1532 2013 1775 2067 auctori-

181 2111 298 2159 tate
333 2114 645 2160 sanctorum
673 2105 915 2158 Patrum.
943 2104 1082 2159 Dicit
1109 2104 1428 2160 Ambrosius
1456 2105 1509 2158 in
1539 2111 1772 2159 tractatu

182 2209 350 2265 super
389 2194 767 2250 Timotheum:
803 2193 1127 2265 Opinabitur
1153 2195 1400 2266 quisquis
1438 2210 1597 2250 usum
1628 2196 1770 2250 divi-

183 2302 379 2342 narum
428 2303 535 2341 non
594 2287 757 2343 habet
813 2286 1236 2357 Scripturarum,
1292 2289 1511 2344 beatum
1545 2286 1772 2342 Paulum

180 2380 527 2450 presbyteros
554 2379 1006 2450 praetermisisse:
1048 2380 1140 2434 sed
1175 2394 1280 2434 non
1313 2379 1386 2434 ita
1432 2395 1491 2434 se
1535 2394 1625 2434 res
1674 2379 1804 2433 ha—'

181 2468 307 2532 bet;
339 2469 427 2524 illa
457 2471 600 2524 enim
627 2485 746 2539 qute
778 2470 844 2524 de
860 2471 1116 2540 episcopo
1141 2470 1196 2524 in
1219 2470 1586 2525 anterioribus
1612 2470 1768 2535 dixit,

181 2561 352 2616 etiam
397 2570 453 2616 et
477 2561 544 2616 de
580 2560 686 2616 illis
732 2561 884 2628 dicit,
919 2561 1012 2632 qui
1052 2576 1196 2616 nunc
1241 2562 1594 2616 nominantur
1621 2575 1775 2630 pres-

182 2648 379 2722 byteri,
419 2664 484 2705 eo
509 2652 652 2722 quod
684 2650 922 2721 antiquis
965 2650 1301 2720 temporibus
1321 2652 1568 2721 utrisque
1597 2651 1775 2706 nomi-

181 2739 346 2796 nibus
371 2741 707 2797 vocabantur
725 2742 1051 2813 presbyteri.
1097 2742 1165 2796 Et
1186 2750 1308 2812 post
1337 2757 1506 2812 pauca
1534 2763 1548 2796 :
1580 2741 1774 2797 Melius

182 2839 367 2888 autem
396 2835 488 2904 qui
531 2849 860 2907 cognoscere
885 2836 1086 2905 poterit
1115 2835 1246 2890 illud
1297 2851 1362 2891 ex
1392 2835 1500 2890 illis
1550 2851 1672 2906 quae
1703 2835 1772 2890 ad

183 2923 370 2980 Titum
395 2926 614 2997 scripsit
649 2926 978 2996 Apostolus:
1013 2926 1158 2981 Dixit
1186 2927 1370 2981 enim:
1402 2936 1459 2980 ut
1481 2928 1773 2981 constituas

181 3029 279 3088 per
305 3015 540 3086 singulas
581 3018 818 3072 civitates
860 3017 1209 3088 presbyteros,
1241 3019 1376 3071 sicut
1423 3034 1515 3088 ego
1545 3017 1772 3089 praecepi

183 3106 324 3161 tibi:
372 3115 428 3162 et
474 3108 681 3174 dicens,
732 3108 921 3178 quales
967 3108 1162 3164 debeat
1201 3108 1469 3175 ordinari,
1524 3108 1766 3163 addidit:

184 3193 399 3266 Oportet
428 3199 566 3252 enim
594 3199 893 3271 episcopum
933 3197 1435 3271 irreprehensibilem
1483 3214 1594 3252 esse
1633 3199 1768 3251 sicut

1881 2027 2033 2083 quem
2059 2027 2153 2080 ego
2175 2012 2336 2081 diligo
2360 2013 2416 2065 in
2449 2012 2682 2065 veritate.
2712 2009 2954 2065 Comites
2982 2023 3090 2063 non
3114 2007 3473 2078 dedignentur

1879 2117 2022 2167 esse,
2057 2103 2203 2172 quod
2233 2103 2398 2158 duces
2445 2101 2684 2156 fuerunt.
2713 2101 2759 2154 A
2791 2101 2990 2155 ducatu
3021 2099 3231 2168 accepit
3271 2113 3470 2154 nomen

1879 2193 2155 2258 sacerdos,
2182 2202 2242 2246 ut
2271 2192 2414 2247 Beda
2445 2190 2669 2262 exponit
2699 2191 2754 2246 in
2781 2190 3124 2260 expositione
3151 2188 3219 2243 de
3267 2187 3471 2258 templo

1880 2284 2207 2341 Salomonis.
2256 2284 2524 2340 Sacerdos
2565 2298 2800 2351 namque
2827 2284 2895 2338 ab
2925 2297 2991 2337 eo
3027 2271 3227 2336 nomen
3272 2278 3472 2334 Latine

1879 2376 2113 2446 accepit,
2138 2375 2283 2446 quod
2323 2390 2540 2430 sacrum
2571 2374 2819 2444 praebere
2862 2372 3118 2428 ducatum
3171 2369 3472 2424 minoribus

1879 2468 2094 2523 debeat.
2129 2467 2316 2532 Qualis
2345 2474 2491 2522 esset
2511 2481 2699 2521 eorum
2721 2463 3084 2528 consecratio,
3108 2463 3474 2532 llieronymus

1877 2559 1934 2613 in
1963 2558 2191 2627 epistola
2222 2565 2526 2612 memorata
2568 2557 2637 2611 ad
2666 2555 2958 2626 Evagrium
2981 2553 3224 2622 exponit.
3255 2551 3391 2606 Nam
3417 2559 3471 2605 et

1876 2647 2220 2704 Alexandriae
2261 2665 2293 2702 a
2338 2647 2522 2702 Marco
2571 2645 2901 2717 evangelista
2933 2659 3105 2715 usque
3128 2645 3196 2698 ad
3222 2643 3472 2698 Eraclam

1877 2749 1932 2796 et
1958 2739 2253 2811 Donysium
2284 2739 2593 2810 episcopos,
2620 2739 3000 2810 presbyterum
3040 2751 3258 2806 semper
3302 2751 3470 2789 unum

1877 2847 1998 2888 esse
2020 2832 2274 2897 electum,
2309 2840 2366 2886 et
2393 2832 2450 2886 in
2472 2830 2763 2886 excelsiori
2787 2830 2955 2901 gradu
2989 2828 3316 2884 collocatum
3357 2828 3472 2898 epi-

1877 2941 2101 2998 scopum
2128 2925 2508 2990 nominabant,
2535 2923 2806 2994 quomodo
2851 2922 2898 2977 si
2939 2920 3213 2976 exercitus
3240 2907 3488 2993 imperaf

1878 3030 2057 3077 torem
2090 3019 2282 3085 faciat,
2324 3027 2419 3074 aut
2457 3018 2671 3073 diaconi
2701 3016 2905 3086 eligant
2930 3016 2996 3071 de
3031 3031 3089 3070 se
3120 3029 3280 3084 quem
3318 3014 3474 3068 indu-

1876 3114 2072 3170 strium
2100 3120 2393 3177 noverunt,
2423 3119 2478 3166 et
2498 3110 2944 3166 archidiaconum
2967 3115 3183 3162 vocent.
3219 3107 3248 3141 ἰ
3275 3105 3468 3161 Archi-

1875 3201 2090 3258 diaconi
2119 3201 2463 3258 consecratio
2493 3200 2650 3256 nobis
2697 3199 2981 3254 notissima
3031 3205 3133 3253 est.
3181 3197 3472 3251 Archidia-

181 3286 283 3341 Dei
317 3289 729 3359 dispensatorem
753 3305 772 3344 :
819 3307 942 3347 cum
974 3291 1294 3347 conveniret
1327 3291 1514 3362 utique
1541 3299 1602 3345 ut
1644 3305 1766 3361 pre-
1793 3289 1840 3352 C
1870 3311 2040 3350 conus
2072 3297 2321 3351 eamdem
2365 3293 2836 3350 consecrationem
2880 3290 3044 3344 habet
3094 3305 3256 3358 quam
3287 3289 3472 3343 czeteri

181 3378 462 3450 sbyterum
509 3397 633 3436 eum
675 3382 918 3438 diceret:
966 3384 1060 3438 sed
1113 3384 1392 3438 evidenter
1438 3382 1687 3437 eumdem
1717 3389 1775 3436 et

180 3474 560 3546 presbyterum
589 3483 646 3529 et
684 3475 998 3546 episcopum
1035 3476 1356 3530 nominavit.
1393 3475 1462 3529 Et
1508 3474 1773 3545 Hierony—

180 3575 306 3618 mus
356 3563 410 3617 in
440 3563 668 3632 epistola
714 3563 783 3617 ad
823 3562 1005 3617 Titum
1039 3581 1052 3617 :
1100 3563 1464 3618 Attendamus
1493 3563 1656 3617 verba
1693 3562 1779 3616 di-

182 3655 358 3709 centis
384 3673 395 3707 :
425 3663 482 3708 ut
523 3655 810 3708 constituas
836 3671 930 3724 per
957 3655 1190 3708 civitates
1233 3654 1584 3725 presbyteros,
1635 3654 1773 3708 sicut

181 3760 281 3813 ego
310 3744 400 3797 tibi
431 3745 686 3815 disposui.
725 3744 848 3812 Qui,
881 3744 1058 3815 qualis
1083 3746 1368 3816 presbyter
1400 3745 1594 3800 debeat
1621 3743 1772 3798 ordi-

182 3835 330 3900 nari,
362 3835 417 3891 in
458 3838 914 3906 consequentibus
955 3839 1247 3905 disserens,
1279 3839 1384 3893 hoc
1429 3846 1536 3904 est,
1584 3839 1630 3893 si
1655 3840 1773 3909 quis

181 3927 301 3982 sine
325 3927 539 3983 crimine
575 3941 674 3995 est,
707 3931 862 3985 unius
905 3932 1088 3985 uxoris
1118 3933 1216 3998 vir,
1251 3941 1358 3987 etc.
1392 3931 1588 3988 Postea
1630 3931 1776 3987 intu-

183 4015 285 4072 lit:
318 4017 532 4090 Oportet
561 4022 701 4076 enim
730 4023 1029 4093 episcopum
1075 4023 1187 4077 sine
1234 4025 1453 4079 crimine
1495 4041 1604 4078 esse
1649 4034 1772 4079 tan-

181 4126 342 4182 quam
374 4111 475 4167 Dei
521 4113 954 4184 dispensatorem.
989 4116 1136 4172 ldem
1167 4119 1312 4188 'ergo
1353 4126 1438 4174 est
1466 4117 1770 4190 presbyter,

182 4205 278 4275 qui
303 4213 359 4261 et
391 4205 696 4277 episcopus.
723 4207 790 4263 Et
817 4209 977 4279 paulo
1001 4219 1124 4280 post
1153 4228 1166 4263 :
1197 4211 1358 4265 Putet
1392 4225 1499 4265 non
1531 4209 1777 4281 Scriptu-

180 4314 391 4364 rarum,
434 4299 530 4354 sed
556 4309 799 4356 nostram
825 4315 947 4357 esse
975 4303 1322 4367 sententiam,
1373 4303 1687 4373 episcopum
1719 4310 1777 4358 et

177 4393 561 4465 presbyterum
588 4409 757 4448 unum
787 4408 929 4460 esse,
957 4402 1014 4449 et
1050 4394 1198 4450 aliud
1226 4395 1423 4458 aetatis,
1457 4394 1606 4450 aliud
1651 4410 1774 4450 esse

179 4497 384 4539 nomen
405 4481 607 4550 ofﬁcii,
630 4483 834 4556 relegat
852 4483 1096 4555 Apostoli
1121 4485 1187 4541 ad
1212 4484 1588 4556 Philippenses
1606 4486 1774 4541 verba

182 4575 448 4632 dicentis:
506 4572 710 4631 Paulus
735 4586 783 4630 et
839 4575 1140 4633 Timotheus
1193 4580 1328 4633 servi
1374 4577 1570 4632 Christi
1614 4576 1766 4644 Jesu,

1877 3387 2135 3443 diaconi:
2185 3389 2280 3442 sed
2336 3386 2602 3441 electione
2645 3383 2876 3438 fratrum
2927 3382 3279 3452 praeponitur.
3327 3367 3474 3436 Idem

1878 3483 2251 3552 Hieronymus
2291 3479 2524 3550 exponit
2559 3493 2728 3548 quare
2775 3491 2916 3531 unus
2964 3476 3278 3547 eligeretur,
3311 3491 3475 3544 super

1877 3572 2172 3644 Epistulam
2211 3571 2277 3626 ad
2331 3571 2510 3626 Titum
2547 3588 2560 3624 :
2600 3569 2904 3638 Antequam
2955 3567 3155 3622 diaboli
3212 3567 3474 3622 instinctu

1879 3665 2058 3720 studia
2096 3664 2150 3718 in
2172 3663 2438 3734 religione
2482 3662 2698 3726 ﬁerent,
2727 3668 2782 3716 et
2822 3659 3098 3714 diceretur
3125 3659 3178 3712 in
3211 3657 3423 3728 pupulis
3454 3675 3469 3724 ;

1877 3755 1994 3827 Ego
2027 3773 2144 3810 sum
2188 3753 2370 3819 Pauli,
2394 3771 2486 3825 ego
2511 3752 2719 3824 Apollo,
2750 3769 2843 3824 ego
2874 3761 3050 3806 autem
3081 3749 3296 3820 Cephte,
3324 3765 3472 3804 com-

1877 3849 2029 3904 muni
2055 3848 2499 3919 presbyterorum
2533 3847 2760 3902 consilio
2797 3846 3058 3902 Ecclesiae
3095 3846 3474 3917 gubernaban-

1878 3947 1986 3994 tur.
2017 3937 2312 4008 Postquam
2342 3954 2474 3994 vero
2501 3938 2878 4008 unusquisque
2903 3952 3021 4004 eos,
3052 3953 3189 4008 quos
3218 3936 3470 4016 baptiza-

1876 4038 2052 4094 verat,
2083 4045 2212 4086 suos
2244 4045 2364 4086 esse
2393 4029 2639 4101 putabat,
2671 4043 2779 4084 non
2805 4027 3033 4094 Christi,
3063 4028 3116 4082 in
3145 4035 3259 4084 toto
3285 4029 3472 4084 decre-

1877 4128 1996 4175 tum
2017 4129 2102 4176 est
2130 4121 2285 4188 orbe,
2314 4128 2377 4175 ut
2399 4135 2538 4175 unus
2561 4120 2628 4175 de
2670 4118 3007 4188 presbyteris
3041 4117 3245 4174 electus
3283 4134 3446 4188 super

1876 4219 2171 4284 poneretur
2213 4211 2448 4277 caeteris,
2495 4211 2564 4265 ad
2611 4225 2775 4280 quem
2813 4209 2992 4265 omnis
3020 4225 3150 4265 cura
3205 4211 3464 4266 Ecclesia:

1878 4305 2211 4374 pertineret,
2291 4312 2347 4358 et
2431 4303 2788 4358 schismatum
2849 4302 3058 4357 semina
3117 4302 3459 4358 tollerentur.

1877 4398 2024 4454 Idem
2050 4399 2194 4454 unde
2219 4413 2383 4469 supra
2435 4397 2491 4452 in
2536 4397 2763 4468 epistola
2813 4398 2880 4451 ad
2927 4405 3288 4453 memoratum
3332 4398 3470 4453 Eva-

1877 4489 2095 4560 grium:
2130 4488 2284 4556 Quod
2335 4497 2514 4544 autem
2551 4497 2740 4558 postea
2787 4504 2926 4543 unus
2965 4488 3174 4544 electus
3221 4499 3327 4556 est,
3372 4492 3468 4562 qui

1877 4582 2089 4637 caneris
2116 4589 2522 4652 praeponeretur
2547 4582 3010 4652 presbyterorum,
3054 4581 3110 4636 in
3145 4582 3461 4638 chrismatis

181 4667 424 4722 omnibus
452 4654 649 4723 sanctis
673 4669 731 4722 in
768 4667 976 4724 Christo
1005 4668 1158 4736 Iesu,
1205 4670 1298 4742 qui
1327 4679 1449 4724 sunt
1478 4667 1762 4741 Philippis,
1793 4645 1848 4706 Ῑ)
1875 4645 2172 4727 remedium
2205 4645 2410 4726 factum
2440 4645 2640 4738 est,-ne
2661 4645 3033 4742 unusquisque
3059 4671 3129 4726 ad
3163 4687 3221 4727 se
3246 4673 3468 4728 trahens

117 4824 122 4828 _
180 4774 305 4813 cum
331 4759 582 4831 episcopis
609 4768 659 4813 et
683 4759 940 4826 diaconis,
971 4763 1146 4830 gratia
1172 4761 1315 4815 vobis
1335 4770 1384 4816 et
1410 4777 1535 4832 pax,
1560 4769 1617 4817 et
1639 4761 1768 4818 reli-

180 4867 312 4923 qua.
340 4850 604 4923 Philippis
629 4868 736 4908 una
779 4860 863 4908 est
892 4853 1023 4908 urbs
1060 4853 1405 4920 Macedoniae,
1449 4864 1505 4910 et
1533 4864 1679 4912 certe
1710 4856 1766 4911 in

178 4960 294 5000 una
323 4945 541 5001 civitate
586 4945 792 5016 plures,
824 4953 886 5000 ut
930 4955 1331 5016 nuncupantur,
1365 4947 1604 5018 episcopi
1645 4963 1767 5003 esse

180 5032 294 5096 non
315 5047 584 5110 poterant.
629 5038 737 5096 Sed
767 5039 894 5110 quia
923 5040 1142 5096 eosdem
1186 5039 1469 5110 episcopos
1495 5040 1587 5096 illo
1625 5049 1767 5097 tem-

181 5147 319 5204 pore
349 5147 486 5204 quos
509 5131 857 5205 presbyteros
903 5133 1266 5203 appellabant,
1298 5140 1586 5204 propterea
1617 5133 1774 5189 indif-

183 5223 428 5279 ferenter
455 5224 522 5278 de
545 5223 816 5294 episcopis
841 5224 999 5295 quasi
1029 5223 1362 5294 presbyteris
1405 5233 1494 5279 est
1537 5224 1768 5282 locutus.

182 5311 382 5373 Adhuc
417 5318 460 5371 si
491 5317 651 5372 aliCui
677 5317 780 5373 hoc
807 5317 1060 5372 videatur
1088 5316 1426 5388 ambiguum,
1459 5317 1563 5372 nisi
1601 5318 1773 5374 altero

184 5410 504 5465 testimonio
526 5413 908 5482 comprobetur
929 5411 982 5465 in
1024 5411 1270 5466 Actibus.
1304 5411 1361 5465 In
1383 5411 1612 5467 Actibus
1643 5427 1772 5483 apo—

184 5499 456 5557 stolorum
482 5501 740 5571 scriptum
771 5509 879 5564 est,
905 5503 1049 5572 quod
1076 5516 1199 5556 cum
1222 5501 1461 5558 venisset
1493 5503 1774 5574 apostolus

187 5589 396 5648 Paulus
443 5590 702 5657 Miletum,
761 5593 972 5646 miserit
1032 5591 1324 5662 Ephesum,
1389 5602 1447 5649 et
1499 5596 1777 5651 vocaverit

187 5683 543 5756 presbyteros
571 5684 811 5756 ejusdem
857 5685 1130 5751 Ecclesiae,
1165 5687 1361 5756 quibus
1405 5697 1595 5757 postea
1633 5689 1776 5746 inter

189 5774 744 5831 eastern-sielocuws
763 5795 783 5832 :
813 5778 1080 5831 Attendite
1111 5777 1251 5831 vobis
1271 5789 1334 5832 'et
1367 5782 1508 5833 omni
1530 5782 1690 5852 gregi,
1721 5783 1774 5836 in

180 5872 423 5956 vos
443 5867 671 5955 Spiritus
689 5869 913 5957 sanctus
949 5873 1123 5960 posuit
1148 5864 1414 5949 episcopos
1433 5891 1648 5949 pascere
1667 5874 1776 5937 Ec-

1871 4761 2070 4818 Christi
2101 4761 2400 4818 Eeclesiam
2430 4770 2728 4833 rumperet.
2760 4759 3053 4818 Videamus
3099 4778 3198 4818 cur
3241 4764 3468 4834 presby-

1870 4855 1974 4911 teri
2001 4871 2200 4911 nomen
2228 4863 2471 4911 transeat
2498 4853 2570 4910 ad
2599 4855 2859 4924 episc0pi.
2887 4854 3210 4909 Ambrosius
3243 4856 3376 4910 dicit
3404 4856 3461 4910 in

1869 4948 2114 5018 Epistola
2140 4948 2206 5002 ad
2233 4948 2578 5002 Timotheum
2604 4961 2618 4999 :
2649 4945 2780 5012 Quae
2811 4953 2993 4999 autem
3037 4945 3108 5000 sit
3133 4933 3320 5012 causa,
3348 4962 3457 5001 non

1871 5043 2174 5112 estjustum
2205 5057 2328 5098 eam
2354 5040 2570 5096 silentio
2607 5040 2890 5111 praeterire
2917 5041 2987 5096 ob
3017 5039 3162 5094 illam
3195 5040 3454 5096 immuta-

1876 5133 2080 5188 tionem
2124 5131 2427 5198 nominum,
2481 5145 2602 5202 qua:
2654 5130 2722 5185 ad
2773 5145 3016 5201 praesens
3051 5131 3460 5198 esse'videtur,

1874 5233 1929 5282 et
1951 5241 2057 5296 qua
2085 5239 2152 5280 ex
2182 5239 2348 5279 causa
2387 5223 2622 5280 discreta
2648 5233 2776 5280 sunt
2819 5238 2964 5278 nunc
2991 5223 3231 5288 nomina,
3270 5233 3325 5279 et
3362 5240 3461 5278 ne-

1875 5334 1982 5389 que
2015 5319 2300 5389 episcopus
2336 5317 2443 5372 dici
2475 5324 2654 5388 potest
2678 5315 2987 5386 presbyter,
3026 5331 3204 5385 neque
3238 5316 3462 5388 presby~

1874 5421 1960 5470 ter
2007 5426 2247 5481 unquam
2302 5411 2542 5481 episcopi
2603 5408 3061 5478 nuncupationem
3109 5409 3309 5478 poterit
3358 5407 3460 5464 sibi

1875 5505 2175 5570 vindicare,
2203 5518 2378 5573 neque
2429 5503 2555 5557 dum
2591 5489 2876 5571 presbyter
2899 5515 3020 5555 esse
3043 5499 3273 5555 desistit.
3305 5498 3463 5555 Anti-

1877 5600 2002 5670 quis
2030 5597 2231 5654 etenim
2276 5595 2610 5665 temporibus
2657 5592 2871 5663 quando
2924 5590 3114 5661 pietati
3171 5589 3465 5648 studebant

1876 5693 2210 5768 presbyteri,
2229 5690 2374 5745 omni
2407 5689 2459 5743 in
2502 5687 2619 5744 loco
2650 5687 3060 5751 ordinabantur,
3108 5685 3213 5740 hoc
3239 5685 3460 5755 quidem

1877 5801 2074 5843 nomen
2111 5783 2563 5853 contemplatione
2600 5782 2822 5838 honoris
2847 5779 3212 5851 accipientes;
3243 5779 3386 5833 sicut
3405 5784 3462 5832 ct

1843 5877 2024 5962 apud
2075 5875 2289 5937 Judaeos
2340 5875 2643 5953 presbyteri
2704 5873 3023 5936 dicebantur
3044 5913 3061 5947 ,
3120 5871 3214 5948 qui
3257 5867 3462 5957 populo
