3978 6466
499 403 635 470 mt
1528 395 1862 456 suamne
1897 393 2335 456 amastrum
2373 391 2719 462 assensus
3674 396 3821 462 iam

497 531 787 606 praeerant.
813 517 1163 579 Vocabatur
1183 524 1369 576 autem
1387 524 1448 576 et
1479 518 1720 588 episcopi
1751 515 1934 574 abillo
1952 529 2083 584 ope-
2109 516 2162 577 Α
2185 511 2472 606 episcOpus
2503 507 2787 606 inveniris,
2828 503 3085 606 ordinare
3112 501 3429 606 episcopum
3474 522 3606 606 non
3649 511 3815 606 aliter

498 595 589 692 rc,
619 621 762 694 quod
785 623 840 676 et
864 616 1093 688 implere
1110 615 1454 680 videbantur,
1478 627 1545 668 eo
1568 611 1712 683 quod
1732 607 2084 665 considerare
2185 605 2290 662 nisi
2316 605 2434 660 sine
2461 601 2733 673 episcopis
2767 607 2941 694 potes.
2974 595 3041 652 Et
3070 596 3230 694 paulo
3433 616 3449 653 :
3500 598 3663 656 Cum
3717 605 3812 675 igi-

499 691 703 783 omnia,
744 728 865 786 qua:
917 711 986 766 ad
1013 709 1221 766 cultum
1268 707 1549 778 pertinent
1590 704 1828 776 pietatis,
1862 700 2083 756 fuerant
2187 707 2294 766 tur,
2341 706 2564 752 auctore
2597 696 2731 760 Deo,
2764 693 2839 748 ita
2878 691 3082 786 fuerint
3110 691 3348 786 episcopi
3376 693 3436 748 in
3467 696 3808 766 propinquis

499 784 798 870 constituti,
826 805 903 859 ita
929 812 991 857 ut
1012 801 1392 857 universorum
1423 797 1890 868 dispensationem
1915 793 2084 848 habe-
2185 792 2289 849 sibi
2321 791 2454 847 locis
2483 787 2744 851 ordinati,
2767 801 2864 856 per
2885 784 3068 841 omnia
3098 785 3487 854 episcoporum
3518 787 3805 846 ordinatio

498 908 622 956 rent
640 896 1008 954 commissam.
1038 891 1175 946 Nam
1200 897 1257 946 et
1289 889 1588 960 perfectam
1621 887 2080 958 dispensationem
2185 883 2305 938 sine
2350 879 2659 952 aggregatis
2711 877 2882 932 tribus
2914 875 2999 930 vel
3048 885 3281 946 quatuor
3331 877 3631 948 epiSOOpis
3689 879 3800 935 ﬁeri

497 989 937 1048 etauctoritatem
957 983 1312 1041 ecclesiastici
1333 982 1625 1038 ministerii
1649 982 1751 1052 ipsi
1781 990 1910 1036 tunc
1933 995 2084 1035 com-
2185 989 2292 1030 non
2323 973 2501 1028 debet.
2531 971 2591 1028 in
2618 971 2973 1042 sequentibus
3001 969 3222 1039 exponit
3254 984 3354 1023 cur
3380 970 3680 1025 adventus
3715 990 3799 1028 eo-

496 1084 720 1141 missam
747 1079 1044 1145 habebant,
1082 1084 1139 1131 et
1172 1075 1354 1130 omnia
1396 1075 1728 1145 regebantur
1766 1087 1864 1141 pro
1892 1086 2082 1125 eorum
2183 1081 2305 1120 rum
2327 1065 2672 1120 necessarius
2700 1063 2789 1120 sit.
2814 1061 2924 1117 Cur
2950 1077 3058 1115 non
3080 1075 3210 1128 ergo
3235 1069 3289 1114 et
3328 1060 3382 1113 in
3409 1060 3526 1114 hac
3558 1063 3794 1130 spiritali

498 1175 747 1232 arbitrio.
795 1174 864 1229 Et
893 1173 948 1227 in
997 1170 1350 1242 sequentibus
1380 1187 1394 1224 :
1427 1167 1611 1224 Beatis
1656 1180 1786 1222 vero
1825 1164 2082 1235 apostolis
2183 1160 2546 1223 ordinatione,
2575 1174 2682 1229 qua
2709 1172 2806 1226 per
2839 1171 3054 1211 sacrum
3083 1154 3459 1209 ministerium
3486 1155 3660 1210 homo
3693 1157 3793 1212 Deo

496 1269 902 1334 decedentibus,
933 1267 1032 1334 illi,
1083 1269 1176 1338 qui
1226 1273 1350 1338 post
1397 1267 1520 1322 illos
1571 1265 1807 1321 ordinati
1851 1271 1975 1318 sunt
2022 1271 2084 1316 ut
2183 1251 2555 1320 εοιιὶυηεῑιυιπν
2587 1248 2724 1304 tales
2751 1247 3099 1313 εοιὶγθηίθηιι
3149 1247 3242 1316 (ιυί
3290 1246 3375 1338 Vel
3435 1247 3492 1301 ίιι
3542 1247 3790 1318 Ρνοῖεειιι

496 1368 793 1432 praeessent
815 1337 1117 1424 Ecclesiis;
1134 1337 1243 1412 illis
1268 1357 1462 1428 primis
1493 1355 1766 1426 exmquari
1798 1369 1904 1407 non
1933 1359 2080 1422 pote-
2184 1340 2684 1424 οτᾱωειιὶεξρίδεορὶ
2707 1341 2998 1432 gaudeant.
3026 1339 3109 1394 νει
3133 1354 3233 1432 PFO
3257 1337 3377 1406 eius
3400 1339 3670 1432 Cilsmdia
3691 1356 3791 1395 οω-

496 1430 642 1519 rant,
671 1466 772 1508 nec
795 1451 1179 1507 miraculorum
1215 1449 1584 1505 testimonium
1607 1464 1708 1519 par
1732 1447 1839 1503 illis
1855 1446 2076 1512 habere,

2184 1433 2450 1502 nipotenti
2478 1433 2587 1487 Deo
2609 1447 2799 1502 preces
2825 1430 3090 1486 fundant?
3111 1431 3418 1502 Gregorius
3431 1431 3604 1496 dicit,
3628 1448 3788 1502 quare

492 1545 588 1600 sed
615 1552 671 1599 et
696 1544 751 1598 in
782 1525 966 1598 multis
995 1542 1117 1597 aliis
1137 1540 1424 1596 inferiores
1447 1541 1554 1596 illis
1578 1555 1702 1596 esse
1722 1540 2077 1594 videbantur:
2183 1523 2419 1578 debeam
2446 1524 2739 1578 οοηνθιὶίιΐ
2767 1522 2987 1592 Plurimi
3024 1541 3036 1576 ³
3081 1521 3250 1578 frater
3279 1521 3401 1591 eius
3432 1523 3786 1582 ιιιηοοεηιὶιιε

494 1649 660 1708 grave
703 1633 1153 1690 existimaverunt
1201 1631 1571 1703 apostolorum
1637 1630 1743 1686 sibi
1801 1629 2076 1684 vindicare

2182 1624 2470 1680 monstrat,
2505 1630 2675 1686 quare
2722 1614 3057 1685 prohibitum
3096 1615 3171 1670 sit
3208 1614 3304 1669 uni
3343 1615 3454 1670 hoc
3499 1615 3703 1681 facere,
3731 1618 3784 1673 in

492 1705 992 1795 nuncupationem:
1022 1723 1324 1778 diviserunt
1374 1737 1508 1794 ergo
1557 1723 1779 1777 nomina
1838 1721 1975 1790 ipsa.
2025 1728 2082 1776 et
2183 1706 2544 1764 decretalibus
2567 1721 2711 1762 ηουο
2739 1706 3019 1778 capitulo:
3066 1705 3176 1762 Nec
3205 1723 3348 1762 unus
3376 1708 3677 1779 episcopus
3701 1725 3780 1762 επ·

492 1817 717 1884 eisdem,
749 1817 802 1873 id
833 1824 936 1882 est,
969 1816 1302 1888 presbyteris
1347 1814 1674 1886 presbyterii
1726 1827 1920 1868 nomen
1954 1811 2080 1867 reli-
2183 1799 2370 1856 (Ῐίιιπθ
2390 1808 2702 1870 Ρνεὲευηηῑν
2731 1815 2798 1855 ne
2828 1795 3091 1854 Ῑιιτιίνιιῐιι
3120 1799 3454 1855 δεηθίῖείωιι
3482 1802 3782 1870 limum

493 1918 748 1980 quem“
783 1909 889 1964 Αιίί
914 1923 1046 1964 vero
1090 1907 1334 1978 episcopi
1368 1916 1496 1962 sum
1526 1907 1844 1976 nuncupari,
1890 1906 1943 1960 hi
1989 1905 2081 1975 qui
2111 1907 2156 1968 Β
2184 1894 2451 1950 videatur.
2476 1893 2708 1949 Additur
2739 1893 2905 1948 etiam
2935 1891 3004 1947 ad
3032 1893 3520 1950 consecrationem
3561 1893 3680 1963 ejus
3699 1894 3780 1948 in-

493 2009 550 2058 et
574 2001 934 2056 ordinationis
960 2001 1174 2070 praediti
1218 2007 1513 2068 potestate,
1561 2000 1636 2053 ita
1664 2006 1725 2053 ut
1766 1998 2078 2067 plenissime
2181 1988 2323 2044 fusio
2347 1987 2453 2070 olei
2489 2003 2652 2058 super
2680 1995 2880 2058 caput:
2916 1985 3072 2042 Unde
3087 1986 3220 2042 dicit
3253 1987 3402 2042 Beda
3430 1988 3490 2044 in
3515 1987 3659 2043 libro
3685 1997 3784 2045 tero

493 2091 659 2150 iidem
682 2062 1000 2162 praepositos
1027 2105 1087 2146 se
1127 2062 1508 2146 Ecclesiarum'
1521 2105 1644 2146 esse
1685 2062 2081 2160 cognoscerent
2181 2083 2259 2137 ῑίο
2283 2083 2348 2137 de
2372 2062 2745 2136 Τεὶίιονηδουιο
2770 2088 2828 2135 ει
2848 2079 3006 2136 Ῡὲὶείί
3027 2081 3144 2147 eius
3161 2096 3172 2131 ε
3191 2077 3416 2134 “dum
3444 2095 3584 2136 τετυ
3607 2079 3778 2137 εδειίε

488 2181 524 2221 ⁸*
552 2181 913 2254 Hieronymus
955 2184 1178 2255 exponit
1206 2183 1353 2254 quod
1383 2182 1504 2252 plus
1552 2183 1752 2237 habeat
1795 2182 2080 2252 episcopus
2181 2175 2425 2231 vestibus
2453 2172 2696 2244 pontifex
2723 2188 2849 2228 mox
2874 2171 2996 2226 oleo
3022 2171 3298 2226 unctionis
3317 2170 3691 2242 perfunditur,
3721 2180 3781 2226 ut

492 2287 656 2346 quam
700 2275 1028 2346 presbyteri,
1080 2275 1270 2330 dicens
1293 2275 1349 2328 in
1380 2273 1610 2343 epistola
1669 2274 1739 2329 ad
1787 2273 2080 2344 Evagrio-1

492 2377 635 2435 sape
656 2366 946 2435 repetitum
970 2381 985 2421 :
1019 2365 1160 2432 Quid
1184 2365 1330 2419 enim
1359 2362 1726 2434 facitexccpta
1741 2365 2082 2420 ordinatione

491 2457 796 2529 episcopus,
825 2458 966 2528 quod
988 2459 1276 2529 presbyter
1311 2471 1419 2512 non
1464 2456 1630 2512 facit?
1660 2459 1693 2494 ⁸*
1737 2458 1803 2513 Et
1831 2459 2077 2528 exponit,

488 2549 644 2619 cujus
674 2549 1059 2605 constitutione
1107 2551 1396 2619 episcopus
1443 2549 1516 2604 sit
1568 2551 1918 2617 constitutus,
1969 2561 2082 2606 tra-

489 2649 639 2698 ctatu
669 2655 831 2712 super
871 2642 1072 2709 Titum,
1117 2643 1344 2700 dicens:
1399 2643 1553 2700 Sicut
1599 2660 1732 2717 ergo
1772 2647 2080 2717 presbyteri

409 2775 412 2778 .
489 2731 667 2788 sciunt
693 2748 753 2790 se
775 2748 841 2788 ex
869 2733 1125 2790 Ecclesiae
1143 2736 1536 2792 consuetudine
1569 2737 1621 2792 ei
1667 2737 1761 2806 qui
1801 2736 1906 2792 sibi
1936 2752 2079 2807 prse-

489 2823 678 2906 positis
713 2823 896 2891 fuerit,
927 2840 1049 2882 esse
1076 2824 1388 2896 subjectos:
1428 2827 1506 2883 ita
1556 2827 1799 2898 episcopi
1829 2830 2083 2884 noverint

489 2929 550 2972 se
570 2917 740 2989 magis
753 2922 1166 2987 consuetudine,
1189 2936 1354 2992 quam
1377 2921 1754 2992 dispositionis
1778 2922 2082 2979 Dominiea

491 3007 720 3063 veritate
742 3009 1077 3081 presbyteris
1118 3025 1239 3068 esse
1264 3011 1522 3082 majores,
1572 3022 1628 3068 et
1676 3013 1732 3068 in
1787 3027 2081 3070 commune

491 3099 688 3156 debere
715 3100 1015 3158 Ecclesium
1035 3117 1243 3176 regere,
1266 3103 1544 3161 imitantes
1568 3103 1808 3177 Moysen,
1835 3107 1932 3177 qui
1955 3121 2082 3161 eum

491 3190 718 3247 naberet
756 3193 810 3248 in
837 3200 1104 3263 potestate
1155 3194 1303 3250 solus
1355 3208 1590 3266 pneesse
1639 3195 1838 3268 populo
1889 3193 2074 3265 Israel,

491 3285 833 3356 septuaginta
868 3285 1062 3358 elegit,
1095 3299 1221 3342 cum
1264 3287 1462 3357 quibus
1488 3287 1744 3360 populum
1782 3289 2074 3360 judicaret.

493 3374 568 3431 De
594 3377 801 3433 eisdem
831 3379 1171 3450 septuaginta
1207 3380 1415 3435 mentio
1443 3379 1586 3437 facta
1607 3390 1692 3436 est
1714 3381 1769 3435 in
1791 3395 2082 3438 conscen-

491 3466 636 3523 tione
656 3469 978 3540 presbyteri,
1013 3470 1260 3537 dicendo,
1289 3479 1353 3526 ut
1373 3485 1500 3527 cum
1525 3472 1816 3542 pmtilices
1839 3488 2080 3531 summos

491 3558 738 3628 cogendis
772 3561 988 3631 populis
1011 3561 1369 3632 praefecisset,
1397 3564 1467 3618 ad
1497 3579 1688 3621 eorum
1721 3567 2002 3622 societatis
2025 3574 2083 3624 et

492 3651 669 3719 operis
699 3653 1072 3723 adjumentum
1130 3657 1410 3727 sequentis
1451 3658 1661 3714 ordinis
1706 3660 1855 3715 viros
1885 3668 1941 3714 et
1989 3675 2080 3716 se-

492 3745 678 3799 cundae
704 3745 982 3816 dignitatis
1017 3747 1285 3819 eligeres:
1319 3751 1399 3806 sic
1434 3749 1489 3804 in
1511 3766 1695 3807 erequ
1725 3766 1826 3822 per
1865 3762 2084 3824 septua-

493 3835 636 3906 ginta
657 3837 900 3894 virorum
926 3841 1273 3910 prudentium
1312 3851 1573 3910 mentem,
1601 3844 1802 3917 Moysis
1828 3847 2080 3917 spiritum

493 3929 818 3996 propagasti,
851 3938 906 3984 et
933 3931 1158 4001 reliqua.
1206 3933 1354 4004 Opus
1386 3935 1712 4007 presbyteri,
1761 3938 1829 3994 ad
1879 3938 2080 3992 donum

494 4017 711 4088 spiritus
756 4020 1040 4092 sapientia:
1066 4025 1322 4094 pertinet,
1363 4036 1589 4099 propter
1616 4031 1815 4086 bonam
1847 4045 2080 4088 conver-

494 4111 779 4171 sationem.

1072 4209 1303 4269 CAPUT
1342 4213 1485 4271 XIV.

1090 4302 1168 4358 De
1203 4305 1472 4376 pontiﬁce.

557 4388 876 4450 Pontificem
899 4394 1079 4451 Aaron
1107 4396 1420 4468 prmllgurat
1446 4399 1502 4454 in
1546 4411 1643 4456 sua
1688 4400 1966 4469 unctione,
2011 4401 2082 4459 de

488 4493 598 4554 Quo
632 4485 892 4554 scriptum
921 4494 1007 4540 est
1045 4487 1101 4541 in
1141 4487 1382 4545 Levitico
1413 4509 1427 4544 :
1478 4490 1856 4549 Sanetilicavit
1900 4495 2079 4550 oleum

2179 2277 2278 2334 per
2299 2262 2530 2332 gratiam
2567 2259 2804 2332 Spiritus
2826 2259 3001 2315 sancti
3037 2258 3370 2314 consecratio
3393 2257 3726 2326 perﬁciatur
3754 2275 3772 2311 :

2180 2369 2287 2409 non
2312 2353 2454 2422 quod
2489 2369 2553 2408 ea
2589 2368 2708 2423 quae
2751 2352 3034 2422 praemissa
3073 2358 3205 2407 sunt
3248 2350 3552 2406 indumenta
3580 2351 3767 2406 virtu-

2182 2453 2316 2510 tum,
2349 2443 2554 2513 absque
2577 2443 2750 2512 gratia
2792 2441 2886 2496 Dei
2917 2442 3193 2514 possimus
3245 2441 3473 2496 habere:
3501 2442 3604 2497 sed
3639 2442 3778 2511 quia

2181 2533 2356 2603 majus
2384 2549 2606 2590 necesse
2641 2542 2725 2590 est
2767 2533 3028 2588 auxilium
3074 2533 3263 2605 gratiae
3307 2533 3582 2588 tribuatur
3626 2529 3777 2589 aDo-

2181 2629 2351 2693 mino,
2379 2628 2472 2683 ubi
2516 2627 2640 2698 quis
2662 2627 2748 2682 vel
2795 2626 3062 2697 majorem
3100 2627 3484 2682 conscenderit
3531 2628 3776 2698 gradum.

2180 2720 2264 2776 vel
2295 2720 2653 2790 plurimorum
2683 2718 2846 2774 fuerit
2870 2719 3121 2790 regimini
3145 2719 3427 2789 pmlatus.
3454 2717 3680 2790 Mystice
3702 2719 3776 2774 di-

2181 2813 2256 2869 cit
2281 2811 2608 2868 Psalmista:
2643 2809 2793 2866 Sicut
2820 2821 3143 2883 unguentum
3182 2811 3236 2865 in
3264 2812 3464 2881 capite,
3511 2811 3651 2882 quod
3692 2811 3777 2865 de-

2179 2907 2379 2964 scendit
2404 2908 2460 2962 in
2486 2905 2726 2973 barbam,
2754 2905 2971 2960 barbam
2996 2907 3198 2961 Aaron.
3222 2906 3570 2978 Augustinus
3591 2907 3645 2960 in
3672 2916 3776 2962 tra-

2179 3006 2332 3056 ctatu
2359 2997 2740 3056 Psalmorum:
2769 2997 2903 3067 Quis
2927 3007 3050 3054 erat
3074 2999 3356 3064 sacerdos,
3381 3000 3493 3054 nisi
3519 3015 3657 3054 unus
3691 3014 3772 3054 sa-

2180 3089 2393 3153 cerdos,
2424 3091 2517 3160 qui
2543 3090 2771 3150 intravit
2814 3091 2869 3146 in
2896 3088 3098 3146 Sancta
3137 3092 3504 3146 sanctorum?
3544 3091 3667 3158 Quis
3689 3098 3770 3147 eat

2181 3183 2471 3239 sacerdos?
2500 3183 2606 3239 nisi
2645 3183 2740 3253 qui
2776 3180 2880 3238 fuit
2908 3192 2965 3239 et
2993 3183 3216 3246 victima
3255 3191 3313 3239 et
3361 3185 3640 3245 sacerdos.

2105 3255 2151 3320 δ
2183 3275 2292 3339 ille,
2317 3275 2410 3346 qui
2439 3290 2564 3334 eum
2595 3275 2650 3330 in
2685 3274 2890 3331 munde
2925 3291 3032 3331 non
3057 3275 3333 3331 inveniret
3359 3275 3514 3344 quod
3537 3273 3772 3342 eleuet.

2182 3370 2418 3440 seipsum
2441 3367 2667 3424 obtulit?
2696 3367 2949 3425 Vicarius
2971 3366 3174 3426 Christi
3219 3366 3473 3438 pontifex
3499 3367 3766 3423 efficitur:

2182 3464 2303 3519 ideo
2329 3463 2383 3519 in
2415 3463 2590 3532 capite
2616 3463 2861 3536 ungitur.
2893 3462 3070 3534 Caput
3099 3471 3352 3520 nostrum
3375 3463 3638 3520 Christus.
3667 3461 3770 3517 Ca~

2181 3564 2280 3626 put
2301 3564 2550 3611 nostrum
2581 3563 2808 3612 unctum
2835 3563 2919 3612 est
2961 3556 3084 3613 oleo
3109 3556 3378 3612 invisibili
3411 3575 3425 3612 :
3463 3558 3767 3628 episcopus.

2181 3649 2309 3720 quia
2348 3648 2588 3704 vicarius
2609 3646 2815 3704 Christi
2845 3657 2950 3715 est,
2984 3650 3056 3705 in-
3085 3649 3266 3719 capite
3292 3650 3573 3718 uagitum
3596 3649 3662 3703 ab
3681 3647 3774 3702 illo

2181 3743 2332 3799 enim
2348 3741 2690 3814 signiﬁcatur
2711 3755 2771 3798 se
2785 3743 3036 3814 accipere
3058 3743 3200 3800 hanc
3223 3743 3506 3798 unctionis
3521 3743 3766 3812 gratiam.

2181 3837 2273 3906 qui
2311 3845 2472 3906 caput
2515 3843 2601 3890 est
2629 3835 2800 3891 totius
2827 3835 3096 3906 corporis.
3147 3835 3419 3891 imitando
3467 3835 3640 3898 illum.
3680 3833 3769 3904 qui

2181 3934 2343 3996 caput
2371 3935 2456 3981 est
2483 3926 2649 3982 totius
2695 3924 2974 3993 Ecclesia,
3017 3940 3114 3998 per
3147 3927 3426 3983 unctionis
3449 3926 3680 3996 gratiam
3710 3924 3776 3981 ﬁt

2181 4027 2237 4075 et
2262 4019 2379 4089 ipse
2398 4028 2562 4089 caput
2587 4019 2845 4075 Ecclesia:
2888 4020 2993 4075 sibi
3029 4020 3358 4076 commissae.
3401 4019 3636 4074 Christus
3663 4031 3770 4086 pro

2181 4111 2436 4168 universa
2481 4111 2724 4168 Ecclesia
2779 4112 3128 4182 interpellat:
3165 4112 3464 4183 Episcopus
3514 4125 3613 4180 pm
3663 4109 3776 4169 sibi

2179 4205 2470 4261 commissa
2490 4204 2608 4259 vice
2628 4203 2831 4261 Christi
2863 4216 3020 4275 regat
3038 4204 3345 4262 Ecclesiam
3367 4206 3472 4260 sibi
3501 4205 3755 4260 commis-

2180 4312 2316 4362 mm,
2354 4298 2497 4353 sicut
2522 4295 2773 4353 Christus
2811 4306 2982 4354 totam
3040 4297 3363 4355 Ecclesium.
3421 4296 3538 4353 Hoc
3581 4304 3770 4354 sanant

2179 4392 2348 4446 verba
2399 4391 2830 4447 consecrationis
2871 4391 3025 4462 ejus:
3078 4390 3312 4448 Tribuas
3355 4391 3408 4447 ei
3455 4391 3766 4447 cathedras

2181 4485 2539 4556 episcopalem
2562 4484 2630 4539 ad
2660 4486 2952 4555 regendam
2974 4486 3277 4541 Ecclesiam
3307 4495 3458 4540 tuam
3480 4494 3543 4540 et
3568 4485 3768 4555 plet-em

489 4571 721 4643 lloyses,
765 4571 910 4642 quod
957 4574 1188 4632 fundens
1237 4593 1406 4649 super
1458 4590 1622 4651 caput
1666 4582 1866 4648 Aaron,
1919 4586 2078 4640 unxit
2104 4577 2511 4651 1“universam.
2540 4575 2609 4630 Et
2642 4576 2801 4630 aliter
2829 4593 2844 4631 :
2872 4577 3015 4632 Dicit
3037 4574 3332 4648 Gregorius
3359 4575 3418 4630 in
3448 4574 3764 4636 Μαι-θωπί,

489 4678 614 4720 eum
639 4671 695 4718 et
721 4668 1081 4722 consecravit.
1110 4669 1176 4722 Et
1217 4670 1416 4725 iterum
1447 4672 1502 4726 in
1539 4675 1728 4730 eodem
1753 4693 1766 4729 :
1797 4676 2068 4745 Pontifex,

489 4756 545 4813 id
587 4763 695 4823 est,
727 4757 980 4814 sacerdos
1010 4759 1278 4816 maximus
1323 4761 1468 4818 inter
1496 4763 1696 4821 fratres
1724 4783 1871 4834 suos,
1912 4783 2074 4840 super

489 4849 645 4920 cujus
667 4856 826 4919 caput
847 4848 1025 4905 fusum
1048 4859 1136 4907 est
1159 4853 1434 4910 unctionis
1461 4854 1663 4922 oleum,
1704 4866 1759 4914 et
1784 4858 1938 4928 cujus
1959 4875 2075 4916 ma.

489 4954 590 4994 nus
613 4939 668 4993 in
698 4941 1003 4998 sacerdotio
1028 4951 1358 5000 consecratas
1400 4955 1546 5001 sunt.
1597 4947 1666 5003 Et
1705 4949 1868 5020 paulo
1901 4963 2070 5021 post:

487 5029 601 5086 Nec
641 5031 953 5102 egredietur
993 5033 1061 5090 de
1109 5037 1314 5091 sanctis
1356 5037 1654 5094 secundum
1690 5042 2071 5099 auctoritatem

487 5125 731 5194 Patrum,
764 5121 1004 5194 scilicet,
1047 5129 1275 5186 Paulum
1329 5134 1657 5204 apostolum,
1708 5136 2076 5211 Ambrosium

485 5219 972 5292 archiepiscopum,
1013 5231 1070 5278 et
1094 5223 1482 5297 Hieronymum
1522 5231 1923 5302 presbyterum,
1947 5245 2076 5288 con-

486 5313 718 5368 secratio
743 5314 810 5368 ad
849 5315 1236 5374 immolandum
1276 5317 1423 5374 facta
1446 5327 1530 5376 est
1560 5323 1822 5394 episcopi,
1844 5325 1902 5380 in
1925 5325 2074 5380 ordi-

486 5406 706 5462 natione
737 5409 1063 5481 presbyteri.
1109 5410 1217 5467 Sed
1248 5415 1393 5484 quod
1428 5415 1646 5471 additur
1690 5433 1756 5473 es
1805 5419 2070 5475 canonica

486 5499 828 5566 auctoritate,
882 5509 943 5555 ut
982 5501 1164 5572 plures
1215 5504 1394 5560 adsint
1443 5507 1680 5578 episcopi
1717 5525 1731 5562 :
1779 5509 2068 5564 dicendum

487 5593 590 5647 est,
619 5602 719 5644 cur
745 5593 993 5648 addatur.
1045 5592 1338 5666 Gregorius
1383 5596 1726 5667 Apostolicus
1766 5599 2070 5671 interroga-

488 5675 624 5730 tioni
654 5678 937 5750 Augustini
974 5686 1275 5755 respondit,
1305 5701 1468 5756 quam
1486 5687 1599 5757 jam
1624 5688 1962 5758 pratulimus
2013 5691 2069 5746 in

489 5769 858 5836 superioribus
904 5778 1187 5844 praesentis
1232 5779 1522 5848 opusculi:
1567 5779 1634 5836 Et
1683 5781 1924 5850 quidem,
1985 5781 2070 5838 in-

491 5861 705 5932 quiens,
739 5863 793 5916 in
805 5864 1104 5936 Anglorum
1132 5869 1402 5937 Ecclesia,
1423 5871 1479 5928 in
1502 5887 1613 5944 qua
1636 5872 1819 5930 adhuc
1835 5873 1990 5933 solas
2007 5882 2070 5936 ω

2102 4627 2160 4688 D

2181 4667 2360 4723 oleum
2381 4667 2436 4721 in
2475 4667 2680 4738 capite,
2721 4668 2962 4723 charitas
2994 4669 3050 4723 in
3094 4676 3293 4724 mente.
3343 4665 3491 4733 Quia
3541 4667 3766 4721 vicaria

2180 4760 2381 4817 Christi
2403 4770 2510 4829 est,
2546 4762 2892 4818 dilectionem
2920 4751 3084 4834 quam
3126 4762 3380 4818 Christus
3411 4762 3580 4818 nobis
3618 4776 3770 4816 mon-

2180 4854 2396 4921 stravit,
2421 4863 2479 4909 et
2502 4853 2709 4920 docuit,
2740 4854 2796 4908 in
2823 4869 2890 4910 eo
2907 4857 3170 4912 debemus
3192 4837 3442 4911 invenire
3469 4877 3484 4910 ;
3519 4864 3684 4924 atque
3704 4851 3775 4908 ab

2179 4962 2246 5002 eo
2293 4947 2363 5002 ad
2413 4947 2692 5004 cumulum
2742 4949 2916 5003 nostri
2963 4946 3241 5019 profectus
3287 4948 3532 5003 trahere.
3581 4947 3776 5003 Omnia

2179 5039 2296 5095 haec
2318 5055 2441 5110 quin
2461 5041 2801 5096 extrinsecus
2831 5050 3115 5111 geruntur,
3146 5041 3304 5111 signa
3325 5049 3456 5094 sunt
3482 5055 3671 5096 rerum
3698 5040 3777 5094 in-

2175 5132 2452 5186 timarum.
2484 5131 2541 5186 Si
2566 5133 2692 5202 quis
2718 5133 2773 5186 in
2819 5141 3001 5190 mente
3029 5133 3284 5188 halmerit
3321 5133 3472 5202 ipsas
3515 5149 3628 5196 res,
3663 5132 3778 5202 ipse

2175 5231 2259 5279 est
2302 5237 2464 5278 verus
2509 5224 2769 5279 sacerdos
2807 5241 2822 5278 :
2865 5239 2930 5279 ac
2971 5223 3096 5280 ideo
3121 5238 3336 5289 verum,
3375 5223 3528 5294 quod
3582 5223 3778 5280 Petrus

2174 5315 2307 5371 dicit
2326 5315 2396 5371 de
2416 5316 2685 5372 universis
2712 5315 3014 5373 Catholicis
3036 5335 3050 5372 :
3075 5313 3238 5383 Gens,
3265 5328 3455 5375 sancta
3480 5318 3664 5389 regale
3689 5333 3775 5371 u-

2173 5409 2484 5464 mdotiu.
2514 5410 2656 5465 Dicit
2702 5409 2936 5477 libellus,
2981 5411 3285 5467 secundum
3314 5409 3471 5482 cuius
3517 5412 3774 5467 ordinent

2172 5503 2481 5561 celebrauir
2498 5505 2776 5560 ordinatio
2802 5504 2942 5576 apud
2976 5505 3268 5576 quosdam,
3307 5514 3367 5560 at
3391 5504 3502 5560 duo
3527 5503 3774 5575 episcopi

2173 5606 2399 5655 teneant
2437 5597 2788 5670 Evangelium
2831 5613 2995 5670 super
3038 5608 3203 5670 caput
3239 5598 3377 5669 ejus,
3407 5599 3556 5671 quod
3593 5611 3772 5668 neque

2169 5699 2326 5747 vetus
2371 5691 2670 5747 auctoritas
2697 5691 2934 5755 intimat,
2978 5707 3159 5763 neque
3188 5691 3484 5762 apostolica
3521 5690 3769 5754 tratﬁtio,

2169 5799 2348 5855 neque
2388 5787 2651 5843 canonica
2679 5787 2998 5843 auctoritas.
3037 5786 3228 5842 Potest
3252 5794 3436 5842 tamen
3480 5782 3772 5855 Evangelii

2167 5877 2372 5950 positio
2395 5893 2562 5950 super
2582 5887 2772 5951 caput,
2813 5894 3035 5942 monere
3063 5888 3336 5947 tenentes,
3357 5888 3418 5936 ut
3443 5894 3558 5951 quo
3585 5875 3770 5936 Duli-
