3978 6464
187 426 328 494 to”

936 422 1024 484 DE
1063 425 1614 487 ECCLESIAB’I‘ICIS
1648 424 1937 487 οηιοιιε
1973 423 2154 486 LIBRI
2187 425 2279 485 IY.
2315 455 2392 472 ι·-
2425 427 2556 487 LIB.
2593 427 2657 488 II.

179 563 277 609 aus
304 542 447 600 idem
483 537 834 610 Meneclium
878 539 1058 599 ﬁrmet
1088 545 1142 599 in
1185 544 1348 600 corde
1390 542 1529 612 ejus,
1559 543 1744 614 depre-
1769 549 1821 610 Α
1845 543 1998 599 dotes
2020 540 2236 612 quando
2257 544 2580 600 intrinsecus
2597 544 2654 628 in
2680 545 3000 604 ministeriis
3022 555 3172 618 sunt,
3199 563 3422 612 rursum

178 645 380 700 centttr,
410 641 505 692 aut
532 641 590 690 ut
614 642 869 693 moneant
889 651 1016 691 eum
1044 637 1136 707 qui
1155 647 1533 702 consecratur,
1561 649 1742 694 recor—
1833 635 1987 704 jubet
2015 644 2074 690 ut
2099 637 2440 706 egredientes
2474 639 2530 692 in
2558 635 2959 710 gazophylaciis
2983 643 3097 698 sive
3119 643 3175 698 In
3205 647 3420 704 exedris

178 729 288 786 dari
313 743 370 782 se
391 725 621 796 amplius
648 739 767 782 esse
795 728 894 781 sub
913 725 1048 798 jugo
1072 729 1370 800 Evangelii,
1392 745 1555 798 quam
1579 728 1737 786 foret.

175 817 500 878 Generaliter
523 817 666 874 enim
685 818 754 876 de
779 820 1154 876 benedictione
1174 822 1416 876 omnium
1441 820 1738 877 electorum

175 911 460 972 dicitBeda
507 910 562 964 in
610 912 948 980 expositione
1000 913 1066 969 de
1121 912 1320 983 templo
1378 911 1680 970 Salomonis
1720 933 1735 970 :

173 1007 268 1074 Qui
293 1007 433 1062 enim
463 1005 635 1061 dixit:
667 1005 940 1062 Benediin
971 1025 1146 1062 omnes
1170 1008 1407 1063 timentes
1431 1008 1736 1076 Dominum,

171 1098 381 1170 pusillos
407 1114 525 1150 cum
557 1098 845 1168 majoribus
875 1113 893 1149 :
922 1099 1035 1169 ipse
1076 1101 1215 1154 dixit
1240 1118 1253 1154 :
1297 1100 1436 1166 Quia
1462 1111 1520 1154 tu
1554 1102 1737 1155 reddes

172 1188 386 1259 singulis
417 1189 701 1242 secundum
731 1207 886 1260 opera
914 1207 1114 1247 eorum.
1151 1192 1467 1248 Communis
1493 1210 1622 1264 ergo
1664 1195 1737 1249 ibi

174 1282 470 1337 benedictio
497 1283 734 1338 omnium
762 1283 866 1338 erit
882 1273 1205 1351 electorum,
1238 1294 1470 1340 attamen
1499 1302 1596 1355 pro
1629 1286 1739 1341 dis-

172 1372 332 1428 tincta
380 1387 602 1443 operum
661 1373 943 1443 qualitate,
1003 1375 1187 1429 multae
1249 1383 1374 1430 situt
1430 1377 1738 1432 mansiones

169 1462 442 1519 beatorum
469 1464 525 1520 in
567 1479 677 1520 una
699 1465 995 1534 eademque
1021 1465 1183 1522 domo
1206 1465 1385 1521 Patris
1426 1454 1627 1521 aeterna
1683 1467 1738 1522 in

169 1555 335 1614 uelis.

759 1627 986 1686 CAPUT
1027 1628 1141 1686 XV.

550 1716 628 1774 De
654 1716 834 1774 habitu
857 1734 1127 1774 sacrarum
1147 1718 1360 1774 ducum.

1841 736 2153 784 sanctorum
2180 745 2237 786 se
2261 739 2464 785 exuant
2495 731 2740 801 pristinis
2763 733 3024 800 vestibus,
3051 743 3106 790 et
3129 736 3423 793 induantur

1841 820 1980 885 aliis,
2008 836 2076 876 ne
2117 823 2161 877 si
2214 833 2432 878 sanctas
2469 831 2646 879 vestes
2701 825 3032 891 habuerint,
3085 831 3422 887 sanctiﬁcent

1838 912 2092 982 populum
2126 913 2260 970 foris
2293 916 2556 986 positum,
2604 915 2695 985 qui
2742 919 2971 973 necdum
3010 917 3194 988 fuerit,
3225 926 3423 979 sancti-

1837 1002 2054 1069 licatus,
2077 1022 2177 1061 nec
2203 1022 2262 1062 se
2305 1008 2628 1078 praeparavit
2659 1009 2715 1062 in
2746 1010 3174 1068 sanctiﬁcatione
3201 1015 3418 1086 templi,
3445 1037 3450 1042 ·

1837 1101 1896 1148 ut
1941 1096 2014 1150 sit
2064 1097 2277 1152 Domini
2326 1097 2635 1154 Nazarzeus.
2691 1099 2795 1154 Per
2822 1115 2942 1170 quae
2991 1103 3252 1160 discimus
3311 1122 3419 1162 non

1838 1186 2164 1254 quotidianis
2185 1189 2581 1258 etquibuslibet
2599 1206 2698 1261 pro
2717 1207 2818 1246 usu
2842 1193 2968 1247 vitae
2993 1197 3293 1252 communis
3305 1195 3424 1268 pol-

1838 1273 1964 1332 lutis
1993 1279 2232 1333 vestibus
2273 1295 2370 1334 nos
2414 1281 2619 1352 ingredi
2650 1283 2850 1338 debere
2873 1284 2930 1339 in
2970 1295 3160 1342 sancta
3201 1296 3419 1344 sancto-

1840 1381 1996 1422 rum:
2029 1368 2124 1424 sed
2161 1371 2358 1426 munda
2400 1373 2732 1428 conscientia
2757 1413 2772 1440 ,
2818 1384 2876 1430 et
2919 1378 3134 1434 mundis
3178 1379 3422 1438 vestibus

1839 1465 2025 1516 tenere
2072 1460 2284 1518 Domini
2333 1474 2692 1521 sacramenta.
2739 1467 2809 1522 Et
2854 1469 3050 1526 iterum
3104 1472 3158 1528 in
3187 1474 3418 1532 eodem:

1839 1547 2010 1606 Porro
2041 1553 2231 1624 religio
2265 1555 2446 1611 divina
2477 1557 2800 1615 alterutrum
2856 1563 3106 1619 habitum
3155 1565 3318 1622 habet
3365 1566 3421 1622 in

1840 1641 2140 1700 ministerio
2169 1646 2397 1702 alterum
2442 1650 2495 1704 in
2527 1665 2624 1706 usu
2656 1653 2877 1723 vitaque
2928 1657 3220 1712 communi.
3263 1657 3423 1715 Nam-

1838 1747 1945 1803 que
1986 1742 2044 1789 et
2086 1736 2178 1792 hic
2223 1752 2291 1793 ex
2333 1741 2514 1796 verbis
2561 1739 2880 1814 Hieronymi
2928 1746 3195 1817 admoniti.
3232 1761 3420 1804 sumus

232 1810 414 1868 Prim0
437 1809 730 1866 notandum
763 1815 848 1864 est
880 1809 954 1863 ita
978 1823 1098 1864 esse
1123 1809 1447 1866 clericorum
1489 1811 1737 1874 habitum
1763 1898 1802 1903 _
1841 1825 2139 1882 mutatione
2181 1829 2509 1886 vestimenti.
2544 1809 2802 1902 Sequitur
2832 1833 3072 1903 ojusdem
3103 1839 3156 1894 in
3182 1809 3373 1895 eodem
3399 1857 3418 1896 :

162 1905 513 1962 constitutum
544 1903 599 1960 in
629 1902 1013 1960 ecclesiasticis
1038 1903 1261 1968 ciliciis,
1302 1912 1361 1959 ut
1406 1904 1461 1960 in
1488 1906 1737 1962 omnibus
1763 1898 1812 1958 B
1839 1913 1965 1972 nec
2009 1919 2334 1976 vestimenta
2375 1924 2595 1994 ριορτίο
2630 1898 2786 1982 ξιοωε
2827 1898 3012 1984 ιέδοω
3060 1931 3378 1988 conﬁcimus
3401 1974 3417 2001 ,

161 1995 470 2053 Christiano
514 1995 709 2066 populo
736 1996 907 2065 possit
952 1996 1196 2064 praebere
1224 1997 1528 2066 exemplum
1578 1998 1737 2060 bona

161 2085 608 2142 conversationis.
647 2084 800 2153 Quod
821 2085 1216 2154 quodammodo
1237 2086 1506 2156 signiﬁcat
1537 2086 1732 2165 Hiero-

159 2191 353 2248 nymus
382 2177 439 2232 in
464 2176 602 2231 libro
637 2176 704 2232 de
735 2185 883 2231 veste
931 2176 1252 2232 sacerdotali
1301 2176 1368 2230 ad
1415 2175 1730 2234 Fabiolam:

160 2268 430 2340 legimus,
465 2269 715 2338 inquiens
747 2269 804 2324 in
829 2266 1266 2336 Levitico,juxta
1284 2269 1736 2344 praeceptumpai

162 2359 374 2430 Moysen
405 2359 603 2418 lavisse
625 2359 814 2420 Aaron
841 2360 898 2415 et
928 2359 1070 2416 ﬁlios
1097 2358 1232 2430 ejus.
1273 2360 1393 2418 Jam
1434 2370 1562 2420 tunc
1609 2378 1737 2433 pur-

161 2451 424 2521 gationem
453 2450 662 2517 mundi,
693 2458 748 2507 et
789 2467 971 2508 rerum
994 2453 1234 2508 omnium
1275 2455 1618 2512 sanctitatem
1642 2455 1738 2510 ba-

161 2545 332 2614 ptismi
360 2553 703 2610 sacramenta
729 2545 1037 2617 signabant.
1065 2545 1185 2604 Non
1225 2547 1499 2618 accipiunt
1523 2555 1700 2606 vestes
1718 2587 1734 2614 .

161 2635 256 2690 nisi
282 2636 378 2691 loti
402 2636 555 2706 prius
576 2635 858 2704 sordibus;
887 2651 992 2694 nec
1010 2645 1341 2694 coronantur
1363 2637 1432 2693 ad
1457 2653 1613 2694 saera
1631 2637 1740 2694 nisi

160 2727 212 2784 in
229 2728 448 2792 Christo
469 2729 595 2786 novi
619 2727 865 2786 homines
889 2737 1268 2784 renascantur.
1285 2730 1318 2766 *
1345 2729 1422 2784 Ex
1444 2729 1530 2786 his
1557 2728 1740 2784 verbis

160 2819 526 2893 intelligimus,
557 2830 740 2878 vestes
781 2821 1144 2878 sacerdotales
1178 2821 1247 2880 ad
1267 2822 1740 2880 conversationem

160 2913 332 2984 populi
361 2913 664 2972 Christiani
688 2913 986 2985 pertinere.

739 3025 967 3084 CAPUT
1003 3024 1143 3082 XVI.

201 3113 275 3173 De
296 3134 397 3173 non
424 3119 631 3174 utendis
656 3120 878 3174 vestibus
900 3119 1122 3174 sacratis
1152 3120 1208 3174 in
1236 3119 1541 3190 quotidiana
1573 3135 1691 3174 usu.

227 3211 533 3282 Stephanus
561 3213 776 3268 natione
800 3212 1074 3270 Romanus
1097 3228 1160 3268 ex
1187 3220 1341 3282 patre
1368 3211 1545 3280 Jobio,
1569 3222 1631 3268 ut
1660 3211 1737 3268 le-
1765 3251 1810 3314 Ο

162 3300 302 3375 gitur
331 3305 386 3360 in
413 3304 593 3362 Gestis
619 3304 1030 3378 episcopalibus,
1049 3306 1330 3362 constituit
1355 3305 1736 3364 sacerdotibus

161 3393 465 3470 Levitisque
492 3407 670 3454 vestes
695 3409 938 3454 sacratas
966 3398 1021 3452 in
1053 3414 1152 3452 usu
1182 3397 1498 3466 quotidiano
1527 3414 1634 3452 non
1656 3397 1736 3453 uti

160 3487 214 3546 in
228 3489 476 3544 ecclesia.
505 3487 634 3542 Tale
655 3488 783 3558 quid
809 3487 1068 3542 Dominus
1089 3500 1186 3557 per
1205 3485 1545 3541 Ezechielem
1569 3486 1740 3556 loqui-

162 3587 284 3634 tur:
314 3579 443 3635 Hau:
492 3588 611 3633 sunt
645 3577 1019 3649 gazopltylacia
1065 3586 1245 3630 sancta
1272 3616 1288 3642 ,
1332 3577 1388 3630 in
1421 3576 1608 3646 quibus
1656 3594 1740 3633 ve-

157 3671 390 3725 stiantur
411 3669 726 3734 sacerdotes,
755 3668 846 3738 qui
872 3666 1287 3737 appropinquant
1311 3675 1432 3721 ante
1453 3665 1738 3722 Dominum

157 3763 212 3813 in
269 3759 466 3814 Sancta
509 3769 827 3814 sanctorum.
871 3758 938 3812 Et
985 3757 1145 3829 paulo
1179 3767 1340 3827 post:
1383 3756 1515 3812 Cum
1562 3767 1739 3812 autem

156 3851 378 3921 ingressi
407 3851 603 3920 fuerint
629 3850 946 3917 sacerdotes,
973 3866 1078 3904 non
1103 3849 1430 3920 egredientur
1455 3851 1520 3904 de
1543 3851 1739 3904 sanctis

157 3943 210 3995 in
243 3944 439 3996 atrium
465 3944 710 4010 exterius,
739 3951 786 3997 et
836 3942 906 3996 ibi
934 3951 1178 4012 reportent
1208 3943 1506 3996 vestimenta
1533 3959 1654 4007 sua,
1683 3942 1737 3996 in

157 4035 341 4104 quibus
393 4035 730 4101 ministrant,
789 4035 915 4106 quia
971 4043 1154 4087 sancta
1188 4044 1326 4098 sunt,
1362 4034 1738 4104 vestientarque

160 4129 469 4183 vestimentis
501 4129 644 4194 aliis,
679 4136 726 4182 et
777 4129 852 4182 sic
907 4127 1186 4198 precedent
1234 4128 1302 4182 ad
1354 4128 1622 4201 populum.
1671 4129 1740 4183 Et

159 4217 386 4274 iterum:
417 4219 647 4291 Cumque
672 4219 1037 4290 ingrediuntur
1070 4230 1249 4290 portas
1288 4223 1412 4274 atrii
1440 4223 1730 4289 interioris,

159 4310 382 4364 vestibus
430 4310 582 4365 lineis
635 4311 919 4366 induentur
950 4353 964 4376 ,
1027 4329 1118 4366 nec
1156 4313 1405 4368 ascendat
1460 4329 1616 4383 super
1651 4330 1740 4369 eos

160 4401 446 4470 quidquam
476 4400 708 4468 laneum,
739 4401 949 4473 quando
995 4403 1291 4458 nuptistrant
1319 4405 1372 4457 in
1402 4407 1563 4474 portis
1615 4407 1738 4460 atrii

161 4491 421 4547 interioris
481 4502 528 4548 et
587 4494 917 4548 intrinsecus.
975 4495 1040 4549 Et
1096 4504 1217 4564 post
1264 4511 1473 4565 pauca:
1507 4495 1740 4567 Cumque

163 4585 484 4654 egredientur
531 4587 724 4640 atrium
772 4587 998 4642 exterius
1039 4588 1108 4642 ad
1141 4588 1386 4659 populum
1414 4628 1429 4654 ,
1465 4600 1653 4644 exuent
1681 4607 1735 4645 se
1760 4614 1813 4674 Ι)

163 4677 379 4732 vestibus
409 4677 537 4743 suis,
563 4677 617 4732 in
645 4677 830 4749 quibus
867 4678 1304 4745 ministraverant,
1336 4689 1384 4734 et
1410 4690 1651 4750 "ponent
1677 4681 1734 4735 in

161 4771 531 4842 gazophylacia
555 4771 866 4835 sanctuarii,
886 4780 932 4826 et
949 4773 1161 4826 vestient
1181 4789 1234 4826 se
1254 4773 1564 4827 vestimentis
1589 4773 1730 4829 aliis.

163 4858 417 4927 Quamvis
432 4863 546 4919 haec
566 4861 920 4931 spiritualitcr
935 4861 1242 4934 intelligere
1256 4865 1530 4931 debemus,
1551 4875 1729 4921 tamen

164 4955 419 5012 admoniti
470 4971 654 5012 sumus
682 4972 711 5010 a
753 4971 916 5026 supra
943 4967 1240 5013 memorato
1288 4959 1628 5028 Apostolico,
1675 4970 1736 5016 ut

165 5049 513 5104 mutationem
531 5048 840 5105 vestimenti
871 5045 1026 5118 juxta
1064 5047 1300 5103 litteram
1347 5050 1731 5120 compleamus.

164 5135 322 5198 Nobis
340 5134 517 5208 enim,
541 5142 634 5214 qui
671 5140 876 5211 Spiritu
920 5157 1106 5198 sumus
1153 5142 1350 5208 renati,
1378 5151 1502 5198 ante
1550 5142 1738 5198 oculos

163 5226 354 5290 bonum
386 5242 472 5291 est
516 5234 856 5304 frequentare
904 5234 1048 5305 quod
1091 5233 1146 5288 in
1189 5242 1425 5289 mentem
1471 5243 1732 5292 transeat.

165 5319 262 5379 Per
290 5326 490 5383 lineam
513 5335 736 5394 vestem,
769 5342 872 5397 qua
903 5327 1274 5383 tantummodo
1296 5328 1500 5382 utimur
1525 5328 1578 5385 in
1611 5346 1735 5386 san-

167 5417 284 5484 ctis,
325 5420 675 5492 intelligimus
725 5420 979 5476 subtilem
1013 5421 1350 5486 orationem,
1402 5431 1621 5478 erutam
1665 5424 1734 5480 ab

168 5512 305 5565 omni
337 5512 543 5568 carnali
595 5512 918 5582 cogitatione
978 5519 1104 5566 ante
1152 5512 1458 5570 Dominum.
1509 5513 1734 5572 Locutio

170 5610 292 5658 vero
319 5605 387 5660 ad
415 5603 670 5676 populum
697 5602 801 5657 alia
834 5603 994 5658 debet
1029 5618 1148 5659 esse
1172 5611 1392 5673 tamque
1433 5621 1639 5676 grossa,
1674 5615 1738 5662 ut

173 5687 384 5767 intelligi
435 5695 609 5750 valeat
660 5710 689 5748 a
724 5694 938 5765 populo.
994 5694 1146 5750 Unde
1195 5705 1247 5751 et
1287 5695 1645 5768 Hieronymus
1679 5700 1735 5755 in

173 5778 304 5842 libro
343 5789 548 5844 decimo
578 5788 738 5844 tertio
763 5803 924 5858 super
952 5788 1288 5844 Ezechielcm
1317 5808 1328 5842 :
1364 5789 1430 5844 Et
1465 5791 1590 5859 quia
1647 5808 1734 5848 se-

174 5877 278 5934 mel
299 5889 628 5956 prmceperat
672 5880 868 5956 quibus
892 5880 1133 5939 vestibus
1156 5881 1236 5940 uti
1264 5881 1524 5940 deberent
1550 5898 1734 5940 sacer-

1837 2021 1956 2076 qute
1985 2015 2134 2062 texta
2158 2019 2284 2064 sunt
2301 2011 2552 2083 desuper,
2581 2016 2794 2084 qualem
2817 2027 2874 2072 et
2897 2020 3156 2076 Dominus
3182 2023 3417 2081 habebat

1837 2099 2100 2166 tunicam,
2123 2117 2244 2172 quae
2265 2103 2439 2160 scindi
2490 2122 2600 2162 smn
2636 2118 2814 2178 potest
2839 2129 2851 2164 :
2879 2113 3078 2181 quibus
3105 2115 3379 2173 induimur
3403 2159 3420 2186 ,

1835 2191 2053 2258 quando
2092 2201 2299 2250 secreta
2340 2194 2554 2255 Domini
2585 2207 2640 2254 et
2677 2213 2876 2257 arcana
2903 2207 3316 2276 cognoscimus,
3365 2216 3421 2265 et

1835 2281 2099 2372 habemus
2129 2287 2378 2356 spiritum
2429 2291 2520 2360 qui
2548 2301 2824 2349 scrutatur
2864 2297 3029 2352 etiam
3057 2299 3165 2354 alta
3193 2310 3250 2355 et
3291 2317 3420 2372 pro-

1835 2370 2000 2458 funda
2025 2371 2140 2440 Dei,
2169 2391 2289 2446 qua
2337 2394 2446 2435 non
2489 2390 2615 2436 sunt
2665 2387 3022 2441 monstranda
3055 2388 3216 2460 vulgo
3252 2429 3266 2456 ,
3293 2370 3422 2446 Vnec

1834 2463 2160 2534 proferenda
2187 2468 2254 2522 ad
2292 2471 2547 2540 populum
2572 2513 2588 2539 ,
2637 2473 2731 2544 qui
2762 2491 2867 2531 non
2895 2484 2982 2534 est
3026 2481 3420 2549 sanctiﬁcatus,

1838 2567 1940 2610 nec
1982 2554 2078 2610 Dei
2119 2559 2468 2617 sanctitudini
2497 2574 2864 2635 praeparatus;
2913 2583 2984 2624 ne
3037 2569 3084 2625 si
3120 2570 3326 2639 majora
3360 2588 3424 2629 se

1839 2647 2128 2716 audierint,
2161 2653 2500 2724 maiestatem
2525 2658 2767 2715 scientia
2794 2661 2942 2718 terre
2972 2678 3081 2719 non
3111 2666 3342 2735 possint,
3367 2675 3425 2724 et

1839 2741 1993 2810 quasi
2020 2742 2191 2798 solido
2226 2744 2554 2803 suli’ocentur
2575 2749 2698 2806 cibo
2742 2754 2836 2822 qui
2864 2755 3045 2810 adhuc
3072 2754 3212 2812 lacte
3241 2757 3424 2812 inlan-

1839 2832 1926 2886 tiaa
1951 2835 2223 2890 nutriendi
2249 2845 2394 2892 sunt.
2428 2840 2444 2856 ‘
2471 2838 2618 2895 Inter
2659 2843 2874 2914 regulas
2903 2859 3078 2900 sacrae
3124 2845 3425 2916 Scriptum

1839 2933 2045 2996 septem
2086 2927 2206 2984 htec
2225 2944 2335 2986 una
2377 2945 2442 2986 ex
2474 2931 2585 2988 illis
2612 2942 2828 2990 constat
2865 2945 2927 2991 ut
2968 2951 3000 2991 a
3045 2937 3223 2993 littera
3252 2947 3425 2994 trans-

1839 3029 2029 3072 eamus
2053 3019 2123 3074 ad
2151 3019 2424 3089 spiritum,
2451 3031 2507 3078 et
2543 3038 2575 3077 a
2605 3024 2799 3094 spiritu
2823 3027 2892 3082 ad
2917 3026 3171 3082 litteram.
3203 3028 3283 3084 Ac
3303 3029 3426 3086 ideo

1841 3123 1948 3165 non
1981 3111 2239 3170 abhorret
2273 3129 2306 3168 a
2343 3129 2493 3182 vero,
2525 3118 2776 3186 quamvis
2801 3118 2872 3176 de
2912 3119 3069 3176 laneo
3101 3123 3426 3179 vestimento

1842 3200 2171 3271 accipiamus
2203 3206 2500 3262 secundum
2528 3207 2801 3277 spiritum,
2830 3210 2876 3265 si
2927 3212 3226 3268 secundum
3279 3212 3428 3270 litte—

1839 3307 1955 3347 ram
1981 3294 2370 3362 perfecerimus
2399 3299 2756 3356 mutationem
2794 3303 3108 3358 vestimenti
3132 3344 3148 3370 ,
3195 3306 3341 3374 quod
3366 3313 3428 3362 et

1839 3385 2134 3440 secundum
2169 3386 2408 3444 litteram
2427 3396 2482 3444 et
2511 3390 2810 3446 secundum
2831 3393 3084 3463 spiritum
3104 3395 3210 3452 rite
3234 3409 3428 3467 possu-

1839 3489 1960 3530 mus
1989 3476 2313 3550 intelligere.
2413 3551 2641 3610 CAPUT
2679 3552 2819 3614 xv"

2465 3643 2542 3699 De
2572 3647 2789 3700 amictu.

1906 3725 2153 3786 Amictus
2198 3741 2284 3788 est
2327 3734 2561 3804 primum
2596 3738 2979 3794 vestimentum
3019 3745 3287 3807 nostrum,
3315 3754 3428 3812 quo

1838 3820 2036 3877 collum
2065 3825 2299 3896 undique
2325 3827 2610 3900 cingimus.
2649 3828 2708 3884 In
2738 3829 2878 3886 collo
2906 3838 2990 3888 est
3033 3847 3270 3903 namque
3295 3849 3422 3900 vos.

1839 3916 2067 3986 ideoque
2098 3934 2194 3988 per
2223 3919 2416 3974 collum
2464 3921 2716 3992 loquendi
2746 3938 2875 3979 usus
2918 3923 3262 3997 exprimitur.
3315 3925 3424 3982 Per

1839 4012 2096 4068 amictum
2125 4015 2470 4086 intelligimus
2498 4020 2799 4080 custodiam
2824 4021 2994 4088 vocis,
3030 4022 3096 4076 de
3140 4038 3246 4092 qua
3276 4022 3424 4078 Psal-

1838 4105 1998 4160 mista
2033 4108 2284 4163 dicebat:
2323 4110 2466 4176 Dixi,
2500 4110 2805 4168 Custodiam
2860 4115 2968 4168 vias
3013 4131 3174 4180 meas,
3211 4126 3266 4168 ut
3317 4134 3422 4172 non

1839 4197 2137 4267 delinquam
2176 4201 2231 4255 in
2266 4200 2446 4272 lingua
2472 4219 2588 4256 mea
2615 4221 2633 4268 ;
2662 4205 2813 4272 posui
2843 4205 2924 4258 ori
2949 4221 3064 4259 meo
3097 4207 3415 4262 custodiam.

1838 4289 1905 4344 Et
1929 4291 1983 4344 in
2007 4292 2112 4346 alio
2131 4293 2374 4363 psalmo:
2406 4293 2573 4361 Pone,
2595 4295 2834 4360 Domine,
2863 4297 3158 4352 custodiam
3183 4299 3264 4352 ori
3284 4315 3419 4354 meo.

1837 4383 2082 4441 Amictus
2132 4386 2251 4441 idco
2293 4387 2521 4454 dicitur,
2578 4388 2705 4458 quia
2753 4387 3162 4458 circumjicitur.
3210 4390 3272 4446 In
3317 4389 3424 4448 isto

1837 4474 2014 4544 primo
2044 4477 2367 4533 vestimento
2395 4477 2719 4533 admonetur
2743 4479 3028 4550 castigatio
3054 4481 3226 4538 vocis.

2404 4591 2630 4649 CAPUT
2673 4591 2859 4647 XVIII.

2490 4685 2568 4740 De
2607 4686 2753 4741 alba.

1903 4778 2095 4835 Postea
2119 4779 2397 4834 camisiam
2429 4778 2703 4834 induimus
2739 4793 2902 4849 quam
2931 4779 3108 4834 albam
3136 4791 3419 4846 vocamus,

1835 4871 1902 4924 de
1930 4885 2036 4939 qua
2067 4869 2425 4940 Hieronymus
2455 4871 2509 4923 in
2563 4869 2786 4938 epistola
2816 4877 3116 4923 memorata
3162 4870 3230 4924 de
3270 4878 3422 4925 veste

1837 4961 2158 5016 sacerdotali
2209 4960 2274 5012 ad
2317 4957 2589 5013 Fabiolam
2618 4978 2630 5012 :
2659 4958 2908 5014 Secunda
2947 4974 3016 5015 ex
3045 4960 3155 5014 lino
3199 4960 3380 5016 tunica
3403 5001 3417 5028 ,

1836 5058 1918 5104 est
1945 5049 2178 5119 poderis,
2205 5049 2258 5102 id
2303 5057 2404 5114 est,
2437 5048 2620 5103 talaris
2640 5089 2654 5112 ,
2695 5056 2750 5103 et
2784 5049 2837 5104 in
2868 5050 3239 5120 sequentibus.
3295 5051 3420 5106 Haec

1837 5140 2077 5196 adhaeret
2100 5140 2336 5208 corpori,
2361 5148 2416 5194 et
2447 5139 2520 5194 ita
2543 5151 2692 5196 arcta
2715 5151 2801 5198 est
2822 5151 2880 5199 et
2916 5143 3124 5198 strictis
3147 5144 3374 5198 manicis
3401 5185 3416 5209 ,

1838 5239 1898 5285 ut
1929 5230 2076 5286 nulla
2098 5233 2321 5287 omnino
2347 5232 2402 5287 in
2431 5243 2579 5288 veste
2601 5235 2675 5288 sit
2703 5249 2854 5304 mga,
2891 5241 2947 5288 et
2967 5249 3138 5303 usque
3167 5232 3234 5288 ad
3261 5249 3420 5288 crura

1838 5323 2147 5380 descendat.
2189 5324 2321 5382 Volo
2369 5341 2468 5396 pro
2515 5327 2746 5396 legentis
2786 5325 3078 5388 facilitate,
3129 5326 3276 5380 abuti
3307 5341 3422 5381 ser-

1839 5430 1999 5472 mone
2025 5416 2242 5488 vulgato
2266 5435 2279 5471 :
2309 5417 2485 5474 solent
2509 5417 2802 5472 militantes
2829 5416 3032 5472 habere
3056 5417 3245 5481 lineas,
3285 5430 3422 5487 quas

1839 5509 2093 5566 camisias
2110 5519 2319 5573 vocant,
2345 5511 2424 5567 sic
2443 5519 2598 5579 aptas
2617 5509 2874 5564 membris
2885 5518 2938 5564 et
2961 5511 3211 5566 astrictas
3231 5523 3421 5580 corpo-

1840 5601 2013 5667 ribus,
2043 5611 2103 5656 ut
2126 5602 2358 5670 expediti
2390 5601 2500 5655 sint
2528 5600 2612 5655 vel
2639 5602 2706 5654 ad
2733 5617 2952 5656 cursum
2988 5602 3074 5656 vel
3105 5603 3174 5658 ad
3211 5602 3417 5673 palla,

1837 5698 2118 5769 dirigendo
2157 5695 2358 5766 iaculo,
2386 5695 2616 5750 tenendo
2645 5694 2851 5766 clypeo,
2881 5710 3011 5752 ense
3045 5695 3291 5753 librando
3313 5739 3328 5763 ,
3364 5704 3422 5753 et

1839 5805 2162 5861 quocunque
2211 5787 2506 5842 necessitas
2536 5788 2781 5842 traxerit.
2820 5785 2962 5860 Ergo
3007 5797 3063 5844 et
3107 5790 3424 5846 sacerdotes

1838 5883 2015 5952 parati
2039 5883 2096 5937 in
2129 5879 2430 5938 ministerio
2457 5880 2549 5936 Dei
2588 5888 2813 5967 utantur
2841 5883 2960 5938 hac‘
2987 5883 3200 5949 tunica,
3231 5880 3420 5968 utba:
