3978 6462
431 389 434 392 ’
482 372 630 469 ,ωδ

1521 407 1858 465 AMALARII
1895 407 2335 466 PRESBYTER!
2371 404 2716 464 METENSIS

3642 401 3838 462 £0“-

477 526 672 582 b'entes
697 521 1157 596 pulchritudinem
1201 523 1648 579 vestimentorum
1686 523 1954 579 nudorum
1994 539 2078 580 ee-
2102 528 2156 588 Α
2180 523 2328 590 dere,
2353 530 2414 577 ut
2459 522 2652 578 eadem
2683 522 2834 576 intus
2857 533 3043 575 coram
3070 517 3300 578 Domino
3336 519 3558 592 integra
3602 533 3790 577 servo-

480 615 697 672 leritate
739 615 1072 671 discurrant.
1099 613 1156 669 ln
1181 629 1248 670 eo
1282 614 1447 670 distat
1467 615 1852 670 vestimentum
1881 615 2012 671 illud
2039 631 2073 671 a

480 715 668 760 nostro
708 707 852 778 quod
879 706 1010 761 illud
1055 706 1306 761 strictum
1361 713 1486 772 est,
1536 716 1783 762 nostrum
1806 724 1937 763 vero
1967 708 2076 763 lar-

479 814 628 869 gum.
674 797 890 854 Etenim
942 799 998 852 hi
1039 799 1130 867 qui
1160 799 1213 852 in
1266 797 1449 853 Veteri
1479 799 1830 854 Testamento
1878 801 2073 869 spiritu

481 893 762 948 servitutis
791 901 947 946 erant
973 893 1203 959 astricti,
1222 894 1287 947 de
1311 908 1418 962 quo
1438 893 1649 948 dicebat
1678 893 1911 948 Paulus:
1949 893 2075 948 Non

479 987 617 1039 enim
647 987 910 1055 accipiatis
939 987 1182 1056 spiritum
1210 988 1476 1042 servitutis
1500 989 1555 1040 in
1576 989 1785 1041 timore.
1808 986 1918 1042 Nos
1945 1003 2073 1042 vero

481 1080 606 1148 quia
629 1078 799 1134 Filius
823 1080 1104 1144 liberavit,
1151 1080 1309 1134 liberi
1337 1097 1555 1146 sumus,
1607 1097 1713 1135 non
1761 1081 2075 1152 accepimus

479 1170 728 1240 spiritum
783 1171 1061 1225 servitutis
1107 1171 1160 1224 in
1189 1171 1420 1236 timore,
1473 1173 1722 1242 spiritum
1769 1173 2075 1241 adoptionis

480 1259 733 1314 liliorum.
774 1260 852 1314 Ac
878 1260 998 1315 ideo
1030 1261 1111 1315 sic
1138 1261 1356 1316 illorum
1386 1263 1659 1328 strictum,
1686 1270 1932 1317 nostrum
1965 1263 2075 1318 lar-

479 1365 605 1421 gum
641 1360 865 1421 pr0pter
887 1352 1216 1419 libertatem,
1245 1370 1352 1424 qua
1382 1354 1635 1411 Christus
1667 1372 1767 1411 nos
1793 1356 2069 1412 liberavit.

481 1440 618 1508 Quia
646 1443 883 1511 primum
912 1444 1298 1500 vestimentum
1327 1446 1564 1502 diximus
1612 1462 1732 1502 esse
1761 1449 2074 1521 castigatio—

482 1545 607 1585 nem
639 1532 806 1598 vocis,
844 1533 1124 1588 videamus
1165 1535 1214 1590 si
1257 1536 1554 1590 secundum
1585 1536 1784 1592 habeat
1834 1538 2074 1608 aliquam

475 1621 884 1692 castigationem
918 1629 1185 1694 corporis.
1237 1626 1380 1682 Dicit
1424 1626 1567 1683 Beda
1612 1629 1678 1683 in~
1712 1629 1853 1685 libro
1878 1631 1944 1684 de
1995 1639 2076 1685 ta-

2175 636 2318 676 mus.
2346 619 2405 674 ln
2430 628 2652 691 pectore
2675 616 2896 689 duplex,
2925 616 3054 688 quia
3083 616 3138 672 in
3167 631 3236 672 eo
3276 625 3590 687 utrumque
3630 616 3788 673 debet

2172 724 2291 765 esse
2315 751 2330 775 ,
2386 718 2442 764 et
2478 709 2725 764 doctrina
2772 717 2829 761 et
2871 707 3072 762 veritas
3100 725 3114 760 :
3141 708 3347 764 veritas
3396 708 3666 773 interius,
3699 710 3786 764 do—

2175 803 2348 856 ctrina
2373 801 2441 856 ad
2468 801 2738 856 homines.
2773 800 2902 854 Haec
2929 801 3036 856 duo
3063 801 3296 872 duplicia
3326 803 3438 857 sint
3461 803 3781 872 conjuncta,

2175 895 2300 964 quia
2330 903 2458 949 tunc
2487 896 2625 950 bene
2664 894 3030 960 ministratur,
3063 911 3186 951 cum
3241 910 3379 966 opus
3429 904 3489 950 et
3543 897 3694 949 ratio
3734 895 3782 950 in

2177 1003 2344 1042 unum
2393 988 2739 1043 conveniunt.
2770 987 2921 1058 Opus
2947 988 3016 1042 ad
3041 989 3297 1045 humeros
3319 1029 3336 1055 ,
3395 989 3549 1045 ratio
3576 989 3650 1043 ad
3690 1003 3782 1059 pe-

2175 1086 2313 1134 ctus.

2779 1149 3008 1205 CAPUT
3054 1150 3172 1206 XX.

2840 1243 2920 1298 De
2955 1244 3110 1298 stola.

2249 1331 2456 1388 Stolam
2478 1333 2678 1405 accipit
2698 1334 2983 1399 diaconus,
3007 1335 3226 1405 quando
3247 1335 3553 1390 ordinatur
3579 1335 3650 1389 ab
3674 1336 3776 1408 epi-

2181 1439 2366 1494 scopo.
2391 1424 2512 1494 lpsa
2535 1427 2681 1481 enim
2714 1441 2932 1497 semper
2960 1428 3128 1482 utitur
3174 1428 3230 1482 in
3270 1443 3439 1498 opere
3470 1428 3771 1483 ministerii.

2176 1519 2283 1576 Per
2308 1521 2501 1576 stolam
2551 1523 2864 1594 designatur
2898 1533 3035 1579 enus
3092 1525 3206 1580 leve
3234 1542 3300 1581 ac
3339 1543 3517 1581 suave
3543 1568 3558 1589 ,
3587 1528 3654 1582 de
3676 1544 3772 1597 quo

2177 1613 2440 1668 Dominus
2470 1614 2636 1669 dicit:
2675 1613 2862 1669 Tollite
2905 1616 3094 1686 jugum
3145 1633 3316 1671 meum
3349 1635 3518 1686 super
3540 1637 3628 1672 res
3653 1635 3670 1672 :
3686 1620 3771 1687 ja-

413 1773 424 1784 ,
475 1712 765 1771 bernaculo
789 1734 801 1770 :
829 1716 955 1772 Haec
975 1719 1177 1773 etenim
1198 1719 1338 1775 linea
1358 1737 1553 1777 manus
1579 1738 1644 1777 ac
1671 1724 1895 1779 brachia
1916 1725 2078 1781 debet
2177 1719 2296 1774 gum
2347 1705 2486 1759 enim
2512 1721 2684 1759 meum
2712 1721 2870 1761 "“w‘
2897 1719 2993 1778 θεῖν
3027 1718 3074 1762 ⁸⁸
3103 1725 3236 1763 om“
3285 1727 3462 1762 "mm"
3498 1711 3648 1764 Im"
3679 1710 3773 1764 P"

475 1805 740 1877 stringere
789 1810 1122 1874 sacerdotis,
1180 1826 1248 1866 ne
1293 1813 1424 1882 quid
1480 1814 1586 1869 nisi
1636 1816 1768 1871 utile
1822 1816 2067 1884 faciant;

2171 1795 2363 1867 jugum
2391 1796 2744 1868 Evangelium
2777 1797 3150 1868 intelligimus,
3181 1801 3250 1854 de
3277 1817 3389 1869 quo
3429 1802 3564 1854 dicit
3595 1800 3772 1855 Hiero-

473 1909 687 1968 pectns,
719 1918 786 1956 ne
812 1905 942 1972 quid
992 1907 1152 1960 inane
1180 1907 1414 1978 cogitet;
1447 1917 1713 1974 ventrem,
1740 1925 1810 1964 ne
1848 1910 2060 1966 delicias

2178 1903 2375 1959 nymus
2401 1889 2457 1942 in
2487 1888 2906 1944 Commentariis
2935 1889 3173 1944 Matthaai
3199 1909 3212 1942 :
3253 1891 3546 1958 Quomodo
3571 1892 3769 1957 levius,

474 1988 616 2043 ultra
646 1993 862 2048 modum
909 1999 1250 2065 appetendo,
1297 1999 1467 2054 Deum
1511 2016 1567 2056 se
1595 2002 1842 2072 gulosum
1888 2004 2070 2059 facere

475 2092 800 2154 praesumat;
844 2085 1090 2153 subjecta
1116 2090 1297 2143 ventri
1329 2092 1595 2158 membra,
1633 2109 1701 2148 ne
1731 2094 2070 2150 lasciviendo

473 2180 644 2227 totam
685 2176 1039 2231 sacerdotalis
1069 2178 1289 2234 habitus
1317 2181 1778 2250 pulchritudinem
1823 2201 2070 2240 corrum-

471 2270 635 2330 pant;
676 2278 849 2333 genua
874 2305 890 2331 ,
929 2281 1000 2321 ne
1050 2267 1120 2321 ab
1171 2271 1432 2326 orationis
1470 2273 1724 2327 instantia
1777 2282 2063 2344 torpeant;

479 2355 640 2426 tibias
662 2366 718 2411 et
741 2359 927 2427 pedes,
955 2375 1023 2414 ne
1045 2361 1112 2416 ad
1151 2363 1355 2418 malum
1383 2375 1626 2420 currant.
1659 2367 1919 2422 lnduatur
1937 2383 2069 2440 ergo

471 2447 726 2520 sacerdos
754 2448 932 2517 primo
958 2449 1100 2505 linea
1130 2454 1342 2520 stricta,
1373 2463 1433 2509 ut
1460 2462 1516 2513 et
1539 2471 1740 2527 corpus
1764 2459 1834 2512 ab
1858 2459 2066 2528 iniquis

468 2539 758 2609 operibus,
785 2550 839 2596 et
867 2559 897 2596 a
926 2544 1111 2614 pravis
1136 2546 1556 2618 cogitationibus
1585 2558 1820 2606 mentem
1853 2566 2070 2619 compe-

469 2639 606 2686 scat.
631 2630 786 2700 Quod
822 2634 896 2690 ibi
922 2635 1266 2707 signiﬁcatur
1293 2637 1572 2695 strictura
1595 2643 1931 2709 vestimenti,
1965 2647 2070 2699 hoc

469 2725 615 2795 apud
659 2741 760 2782 nos
793 2726 892 2782 lini
919 2731 1224 2801 castigatio.
1260 2733 1396 2800 Quia
1425 2750 1600 2804 usque
1630 2736 1697 2789 ad
1720 2737 1884 2806 pedes
1921 2737 2067 2792 Beda

468 2818 720 2886 pervenit
747 2819 1062 2876 disserendo
1105 2823 1172 2878 de
1231 2824 1387 2881 lineis
1431 2827 1712 2893 vestibus,
1765 2844 2065 2900 congruum

471 2916 558 2963 est
592 2917 653 2963 ut
677 2913 1040 2983 nosmetipsos
1063 2916 1407 2974 absolvamus
1445 2921 1513 2974 de
1535 2921 1816 2988 sandaliis.
1844 2924 1979 2988 sive,
2008 2932 2068 2979 ut

471 3002 580 3060 alio
609 3007 850 3073 nomine,
873 3009 1153 3078 campobis
1176 3053 1190 3076 ,
1229 3013 1322 3082 qui
1373 3026 1664 3084 supersunt
1707 3019 1761 3072 in
1813 3021 2059 3088 pedibus.

474 3093 732 3149 Sandalia
757 3097 950 3152 subtus
978 3101 1296 3168 cooperinnt
1329 3106 1552 3172 pedem,
1597 3108 1828 3178 desuper
1859 3114 2064 3167 nudum

471 3185 820 3257 relinquunt;
851 3189 919 3244 de
953 3192 1150 3260 quibus
1200 3194 1334 3248 dicit
1385 3196 1526 3252 idem
1565 3200 1657 3268 qui
1683 3217 1843 3272 supra
1872 3203 1926 3258 in
1957 3214 2064 3258 tra-

2173 1977 2294 2049 lege
2338 1979 2688 2049 Evangelium
2717 2021 2732 2046 ,
2795 1995 2918 2035 cum
2985 1981 3040 2035 in
3092 1980 3210 2052 lege
3261 1983 3618 2039 homicidium
3640 2025 3657 2050 ,
3719 1985 3770 2038 in

2173 2071 2470 2144 Evangelia
2525 2072 2606 2127 ira
2643 2073 2965 2129 damnetur?
3025 2074 3093 2129 Et
3126 2075 3288 2146 paulo
3336 2087 3507 2147 post:
3555 2077 3614 2132 ln
3656 2078 3772 2150 lege

2173 2164 2344 2219 multa
2400 2174 2668 2237 praecepta
2713 2176 2876 2233 sunt,
2927 2184 3050 2238 qum
3105 2167 3392 2238 Apostolus
3443 2187 3552 2226 non
3600 2185 3772 2241 posse

2174 2258 2437 2328 compleri
2469 2260 2780 2329 plenissime
2825 2261 3001 2316 docet.
3025 2261 3084 2315 In
3123 2262 3241 2334 lege
3291 2279 3443 2333 opera
3468 2264 3771 2333 nequimu-

2174 2359 2284 2418 tur,
2319 2367 2440 2422 quae
2467 2354 2560 2423 qui
2590 2352 2804 2420 fecerit,
2840 2355 2985 2411 vivet
3027 2357 3081 2410 in
3111 2357 3224 2421 eis;
3259 2357 3310 2410 in
3334 2356 3623 2428 Evangelio
3655 2372 3760 2411 vo-

2172 2436 2370 2500 luntas
2385 2445 2704 2515 requiritur,
2733 2460 2853 2516 quae
2877 2448 2925 2502 si
2948 2447 3112 2502 etiam
3136 2447 3383 2503 eﬂ'ectum
3423 2463 3530 2502 non
3554 2448 3768 2504 habue-

2173 2537 2316 2604 rint,
2358 2547 2539 2594 tamen
2570 2540 2858 2609 premium
2887 2553 2995 2595 non
3025 2542 3258 2595 amittet.
3283 2539 3341 2594 ln
3367 2555 3436 2596 eo
3459 2541 3605 2610 quod
3631 2540 3766 2594 stola

2173 2627 2242 2681 ad
2273 2643 2444 2698 genua
2475 2630 2664 2692 tendit,
2694 2645 2815 2699 quae
2858 2629 3034 2686 solent
3078 2631 3294 2686 curvari
3329 2646 3498 2686 causa
3555 2631 3765 2685 humili-

2175 2721 2324 2785 tatis,
2363 2721 2468 2777 hoc
2512 2722 2865 2794 intelligimus
2899 2723 3042 2793 quod
3071 2721 3331 2779 Dominus
3373 2723 3550 2778 dicit:
3579 2723 3767 2777 Discite

2174 2831 2208 2867 α
2233 2831 2314 2868 me
2342 2815 2466 2884 quia
2491 2815 2632 2868 mitis
2662 2831 2779 2869 sum
2799 2825 2850 2870 et
2883 2814 3096 2870 humilis
3115 2816 3291 2870 corde.
3325 2814 3482 2870 Sciat
3511 2830 3574 2870 se
3595 2816 3766 2870 diam-

2173 2907 2276 2960 n‘us
2307 2906 2361 2960 in
2391 2905 2527 2960 stola
2557 2907 2897 2976 superposita
2943 2906 3099 2974 collo,
3147 2907 3468 2962 ministrum
3495 2905 3764 2978 Evangelii

2173 3011 2318 3062 esse,
2347 3011 2456 3052 non
2486 2998 2858 3067 praepositum.
2893 2998 3237 3069 Evangelium
3275 2996 3540 3053 Christus
3561 3006 3663 3052 est.

2764 3112 2992 3169 CAPUT
3032 3112 3171 3168 XXI.

2761 3208 2839 3262 De
2867 3208 3170 3264 dalmatica.

473 3285 625 3333 ctatu
670 3295 833 3349 super
871 3282 1147 3338 Marcum:
1183 3285 1398 3343 Marcus
1436 3289 1662 3346 dicendo
1709 3268 1940 3349 calceari
1970 3312 2066 3353 cos
2093 3268 2140 3330 (ἶ
2248 3297 2546 3354 Dalmatica
2603 3317 2633 3355 a
2693 3300 2970 3374 Sylvestro
3026 3319 3165 3374 papa
3217 3303 3474 3359 instituta
3525 3314 3626 3360 est.
3665 3302 3761 3358 Per

472 3371 750 3439 sandaliis,
782 3374 867 3429 vel
907 3377 1092 3444 soleis,
1119 3379 1321 3449 aliquid
1355 3383 1458 3438 hoc
1496 3385 1922 3443 calceamentum
1959 3407 2070 3463 my-

471 3464 622 3519 stica:
651 3465 1063 3536 signiﬁcationis
1113 3471 1314 3528 habere
1353 3475 1630 3542 admonet,
1670 3485 1727 3531 ut
1755 3493 1850 3547 pes
1888 3495 2066 3549 neque

475 3561 647 3610 tectus
682 3556 771 3621 sit,
796 3573 969 3628 neque
991 3559 1167 3619 nudus
1210 3565 1278 3618 ad
1324 3573 1562 3631 terram,
1603 3567 1655 3620 id
1703 3577 1807 3634 est,
1848 3585 1950 3624 nec
1977 3586 2067 3625 oc-

469 3644 708 3701 cultetur
739 3647 1112 3722 Evangelium,
1141 3668 1242 3708 nec
1299 3656 1534 3712 terrenis
1580 3658 1879 3713 commodis
1929 3660 2067 3714 inni-

471 3745 640 3796 tatur.
680 3742 832 3798 Sicut
874 3760 974 3814 per
1021 3746 1222 3814 linum,
1268 3763 1375 3818 quo
1423 3749 1588 3820 pedes
1617 3754 1942 3819 vestiuntur,
1972 3771 2063 3810 ca-

471 3831 692 3902 stigatio
718 3835 912 3903 pedum
943 3837 1299 3908 signiﬁcatur,
1327 3839 1402 3894 ita
1450 3856 1548 3911 per
1596 3845 1838 3899 sandalia
1884 3847 2060 3916 prole-

470 3932 592 3980 ctus
620 3926 689 3982 ad
711 3929 1134 3997 praedicandum.

1054 4021 1280 4078 CAPUT
1320 4024 1458 4080 XIX.

1103 4114 1181 4169 De
1212 4116 1416 4172 casula.

539 4200 808 4269 Casulam,
839 4218 958 4273 quae
980 4211 1064 4259 est
1085 4207 1336 4277 generale
1369 4208 1746 4264 indumentum
1770 4225 2053 4269 sacrorum

467 4294 685 4362 ducum,
717 4305 842 4352 ante
862 4307 1088 4354 czeteras
1108 4309 1287 4358 vestes
1310 4319 1430 4373 quae
1457 4311 1758 4373 sequuntur
1779 4308 2052 4377 praeponi-

465 4401 605 4440 mus.
640 4387 699 4441 ln
725 4388 831 4443 illis
853 4406 973 4460 quae
1002 4407 1164 4462 supra
1191 4393 1526 4462 prmtulimns
1549 4396 1839 4468 castigatio
1865 4414 2055 4470 corpo-

462 4475 541 4530 ris
578 4492 610 4530 a
647 4478 794 4532 vitiis
838 4478 1169 4551 designatur,
1205 4492 1431 4552 excepto
1466 4486 1520 4539 in
1569 4486 1844 4543 sandaliis.
1879 4489 1936 4543 In
1966 4504 2051 4544 se-

463 4566 755 4632 quentibus
808 4585 941 4623 vero
1002 4585 1166 4639 opera
1214 4572 1437 4639 iustitia:
1500 4577 2044 4635 demonstrabuntur.

460 4629 607 4708 Dicit
655 4654 794 4709 Beda
838 4657 892 4710 in
925 4629 1063 4712 libro
1092 4629 1392 4717 memorato
1413 4665 1477 4719 de
1504 4629 2053 4727 ἐ.
2077 4629 2131 4690 D

461 4751 574 4798 stes
606 4757 808 4802 sanctae
836 4746 1192 4822 Aaron,[qnas
1222 4751 1297 4806 illi
1329 4752 1458 4809 fecit
1487 4755 1716 4826 Moyses,
1739 4773 1902 4828 opera
1926 4772 2054 4818 sunt

458 4832 679 4903 iustitiae
706 4845 760 4893 et
783 4839 1106 4896 sanctitatis.
1137 4841 1332 4898 Casula
1362 4860 1509 4912 vero,
1554 4863 1675 4918 quae
1699 4852 1934 4920 pertinet
1958 4869 2050 4924 ge-

458 4928 717 4984 neraliter
748 4931 816 4986 ad
844 4947 1033 4988 omnes
1071 4935 1320 5002 clericos,
1363 4937 1523 4994 debet
1549 4940 1857 5012 signiﬁcare
1883 4960 2047 5014 opera

456 5032 578 5084 quae
609 5021 914 5087 pertineant
959 5024 1025 5077 ad
1067 5041 1297 5082 omnes:
1340 5029 1456 5084 inec
1497 5032 1642 5086 enim
1687 5042 1815 5088 sunt
1841 5035 2043 5104 fames,

456 5108 600 5174 sitis,
626 5113 840 5182 vigiliae,
871 5115 1109 5182 nuditas,
1133 5119 1858 5197 lectio,psalmodia,oratio,
1890 5131 2043 5188 labor

456 5203 736 5290 operandi,
768 5206 1035 5273 doctrina,
1065 5211 1360 5279 silentium,
1397 5225 1452 5271 et
1486 5231 1679 5275 caetera
1713 5220 2037 5290 huiusmodi.

456 5289 513 5346 In
554 5294 671 5350 istis
711 5299 854 5354 enim
904 5303 1083 5359 nullus
1110 5322 1391 5363 sacrorum
1419 5311 1523 5366 dux
1552 5313 1832 5386 negligens
1881 5319 2042 5375 debet

455 5395 595 5438 esse.
629 5386 855 5454 Quando
883 5393 1003 5450 istis
1033 5399 1286 5466 operibus
1324 5404 1567 5470 vestitur,
1612 5409 1792 5462 casula
1825 5409 2042 5468 indutus

455 5482 557 5528 est.
580 5476 714 5572 llaec
742 5481 799 5536 in
847 5496 1036 5555 aperto
1063 5499 1207 5556 sunt,
1231 5499 1286 5545 et
1313 5502 1420 5547 tam
1451 5495 1521 5550 ad
1569 5497 1806 5554 minores
1837 5503 2039 5572 gradus

457 5567 725 5664 pertinent
753 5589 914 5644 quam
942 5581 1010 5635 ad
1033 5597 1334 5652 supremos.
1369 5585 1562 5642 Casula
1585 5590 1744 5661 dupla
1785 5567 1889 5656 est,
1919 5604 2038 5664 post

457 5663 668 5727 tergum
698 5661 837 5720 inter
856 5669 1113 5732 humeros
1137 5718 1150 5738 ,
1177 5685 1230 5729 et
1258 5685 1386 5732 ante
1409 5688 1616 5748 peetus.
1658 5681 1762 5736 Per
1783 5661 2040 5740 humeros

455 5759 622 5843 opera
644 5755 1039 5843 exprimuntur.
1096 5762 1152 5817 In
1179 5765 1259 5818 eis
1289 5767 1485 5836 duplex
1524 5772 1594 5824 sit
1623 5773 2034 5843 vestimentum,

452 5835 584 5910 quia
611 5838 690 5894 sic
709 5839 969 5902 debemus
997 5849 1139 5907 bona
1185 5835 1375 5928 opera
1401 5855 1546 5932 loris.
1563 5861 1828 5930 proximis
1854 5835 2038 5924 esten;

2174 3393 2518 3449 dalmaticam
2543 3394 2896 3466 intelligimus
2937 3397 3248 3468 religionem
3278 3408 3556 3460 sanctam.
3581 3400 3757 3452 imma-

2171 3484 2426 3549 culatum,
2458 3502 2578 3554 quae
2598 3494 2684 3541 est
2720 3487 2861 3556 apud
2893 3487 3057 3542 Deum
3093 3499 3146 3543 et
3176 3489 3421 3557 Patrem,
3463 3499 3523 3544 ut
3551 3491 3756 3544 visitet:-

2171 3582 2262 3629 tur
2281 3574 2470 3645 pupilli
2498 3585 2554 3631 et
2578 3577 2751 3632 viduae
2782 3578 2834 3632 in
2861 3578 3299 3634 tribulationibus
3321 3595 3542 3645 eorum,
3569 3593 3620 3634 et
3649 3580 3759 3634 visi-

2171 3671 2377 3720 tat'ores
2420 3666 2802 3723 immaculatos
2851 3685 2910 3724 se
2937 3670 3245 3725 custodiant
3291 3671 3359 3726 ab
3390 3671 3498 3725 hoc
3549 3669 3752 3725 saeculo.

2167 3753 2285 3826 Ipsa
2309 3757 2597 3815 dalmatica
2623 3761 2757 3815 duas
2789 3761 3071 3816 coccineas
3128 3761 3299 3817 lineas
3353 3762 3525 3817 habet
3577 3772 3716 3816 retro
3737 3802 3756 3827 ,

2167 3847 2526 3919 similiterque
2576 3851 2629 3904 in
2673 3852 2927 3906 anteriori
2988 3862 3158 3923 parte,
3193 3854 3321 3923 quia
3357 3853 3525 3908 Vetus
3575 3853 3755 3909 Testa-

2164 3926 2408 3996 mentum
2431 3953 2486 3998 et
2506 3941 2714 3997 Novum
2744 3943 2970 3999 rutilant
2996 3946 3286 4001 dilectione
3312 3947 3408 4001 Dei
3429 3957 3480 4002 et
3497 3945 3747 4018 proximi.

2163 4032 2574 4090 Immaculatum
2626 4051 2789 4102 esse,
2857 4039 2924 4092 ad
2973 4037 3142 4094 Deum
3191 4041 3464 4110 pertinet;
3523 4041 3750 4096 visitare

2161 4124 2381 4193 fratres,
2415 4129 2482 4184 ad
2507 4129 2835 4200 proximum.
2864 4129 2970 4185 Per
2993 4131 3231 4187 colorem
3255 4134 3575 4189 coccineum
3592 4146 3754 4202 opera

2161 4218 2571 4286 misericordiae,
2617 4238 2738 4292 quae
2783 4238 2851 4278 ex
2881 4223 3148 4280 charitate
3191 4226 3330 4281 ﬁunt
3358 4229 3412 4282 in
3444 4228 3663 4299 pupillis
3704 4234 3756 4281 et

2159 4309 2336 4366 viduis
2368 4354 2382 4378 ,
2448 4313 2825 4384 intelligimus;
2880 4331 2978 4386 per
3034 4319 3358 4384 candorem,
3409 4321 3752 4375 visitatorum

2159 4406 2422 4462 munditia
2475 4409 2812 4479 designatur.
2849 4410 2969 4482 Ipsa
3016 4421 3100 4469 est
3127 4415 3268 4468 enim
3317 4416 3492 4470 vestis
3549 4418 3616 4470 de
3656 4428 3750 4484 qua

2157 4495 2359 4552 dicitur
2384 4499 2437 4552 in
2469 4499 2676 4570 psalmo
2705 4503 3121 4573 quadragesimo
3143 4515 3338 4575 quarto
3364 4525 3375 4560 :
3412 4507 3601 4562 As:itit
3626 4512 3750 4581 regi-

2158 4603 2227 4641 na
2257 4605 2289 4640 a
2326 4587 2523 4644 dextris
2573 4592 2677 4646 tuis
2732 4594 2786 4647 in
2833 4595 3015 4649 vestitu
3073 4597 3326 4650 deaurato
3357 4640 3370 4664 ,
3425 4601 3751 4655 circumdata

2157 4680 2427 4734 varietate.
2481 4680 2633 4736 Unde
2676 4681 3008 4754 Augustinus
3062 4687 3116 4741 in
3163 4687 3356 4742 eodem
3410 4691 3665 4759 psalmo:
3697 4692 3750 4746 [ιι

2157 4778 2305 4827 veste
2336 4773 2439 4828 ista
2472 4775 2710 4832 varietas
2739 4777 2840 4843 sit,
2874 4779 3113 4835 scissura
3138 4796 3245 4835 non
3274 4781 3365 4836 sit.
3392 4782 3541 4840 Ecce
3577 4787 3751 4841 varie—

2155 4872 2320 4919 tatem
2375 4865 2738 4923 intclleximns
2791 4871 2856 4926 de
2919 4872 3237 4928 diversitate
3289 4875 3635 4947 linguarum,
3694 4886 3751 4933 et

2153 4963 2358 5011 vestem
2390 4958 2752 5016 intelleximus
2775 4973 2998 5035 prepter
3020 4967 3303 5022 unitatem.
3332 4968 3399 5023 Et
3430 4971 3486 5024 in
3520 4987 3752 5043 sequen-

2151 5047 2315 5114 tibus,
2349 5051 2741 5110 circumamicta
2777 5060 3028 5114 varietate
3053 5101 3067 5125 ,
3110 5060 3466 5131 pulchritudo
3493 5066 3752 5122 intrinse-

2149 5153 2266 5194 cus.
2303 5138 2360 5192 ln
2405 5139 2632 5198 ﬁmbriis
2678 5155 2859 5202 autem
2912 5150 3123 5217 aureis,
3157 5154 3396 5210 varietas
3435 5156 3752 5229 linguarum

2148 5229 2426 5296 doctrina),
2458 5231 2640 5289 decus.
2666 5235 2938 5306 Fimbriae,
2969 5257 3088 5311 qua:
3106 5247 3403 5314 procedunt
3435 5248 3507 5303 de
3537 5251 3754 5306 dalma-

2146 5323 2275 5389 tica,
2293 5324 2458 5378 verba
2483 5334 2607 5380 sunt
2633 5328 2749 5397 ejus
2774 5332 3144 5399 prmdicatoris
3165 5335 3319 5405 cujus
3343 5339 3536 5412 religio
3554 5354 3750 5399 sancta

2148 5423 2204 5469 et
2274 5416 2624 5474 immaculata
2697 5429 2798 5476 est.
2849 5422 3003 5478 Sicut
3058 5428 3220 5482 verba
3283 5429 3352 5483 ab
3410 5447 3548 5488 aura
3601 5437 3748 5490 aeris

2145 5517 2472 5578 raptantur,
2535 5512 2608 5565 ita
2662 5512 2886 5570 ﬁmbriae
2945 5517 3239 5587 spiramine
3288 5524 3456 5578 venti.
3525 5525 3749 5583 Profert

2142 5597 2341 5655 Paulus
2389 5602 2646 5656 candidas
2677 5602 2920 5660 limhrias
2948 5607 3093 5663 circa
3151 5626 3342 5666 manus
3396 5613 3468 5668 ad
3533 5617 3752 5671 utilita-

2142 5697 2250 5744 tem
2297 5692 2537 5762 gentium
2588 5696 2803 5763 quando
2851 5697 3015 5764 dicit,-
3070 5699 3246 5771 Magis
3302 5715 3480 5757 autem
3533 5705 3748 5760 laboret

2139 5783 2404 5851 operando
2439 5785 2678 5840 manibus
2709 5788 2819 5842 suis
2869 5791 3007 5860 quod
3035 5791 3227 5846 bonum
3275 5804 3386 5859 est,
3441 5808 3499 5850 at
3542 5797 3753 5852 habeat

2139 5869 2276 5930 unde
2339 5870 2536 5932 tribuat
2587 5879 2946 5938 necessitatem
3005 5882 3248 5957 patienti.
3315 5884 3470 5957 Quod
3525 5885 3748 5948 Paulus
