3978 6490
220 362 360 419 1097

966 356 1055 411 DE
1093 349 1646 412 ECCLESIASTICIS
1685 348 1978 407 OFFICIIS
2017 348 2198 405 LIBRI
2236 352 2326 407 IV.
2367 383 2438 393 —
2473 352 2602 409 LIB.
2642 355 2705 410 ll.

3196 0 3883 27 _______,__________..

3339 361 3474 419 1098

216 475 554 549 praediCavit,
574 486 739 547 Opere
766 472 1076 543 complevit,
1099 472 1285 528 dicens
1304 471 1373 526 ad
1398 470 1711 526 Corinthios
1733 471 1800 525 de
1826 475 1878 536 Α
1904 470 1978 525 ita
2015 470 2067 524 in
2100 471 2283 526 tunica
2305 472 2535 527 virtutes
2564 472 2776 539 animat,
2805 489 2926 543 quas
2954 478 3022 532 ad
3051 479 3197 535 solos
3223 483 3481 540 sublimes

219 586 318 626 se:
360 570 427 623 In
456 566 901 631 tribulationibus,
928 567 985 619 in
1034 564 1322 618 laboribus.
1350 564 1504 631 Quod
1556 563 1632 617 ita
1679 562 1805 615 Am-

218 660 436 717 brosius
487 660 543 712 in
566 657 754 712 eadem
784 655 1023 727 Epistola
1060 674 1072 709 :
1125 655 1400 711 Laborare
1443 669 1553 709 non
1597 651 1805 707 destitit

222 752 473 809 manibus
513 750 627 805 suis
654 791 668 815 ,
718 764 788 804 ne
829 747 916 804 cui
943 748 1125 818 gravis
1161 756 1324 804 esset.
1379 747 1511 802 Fert
1558 746 1802 801 ﬁmbrias

223 842 482 902 candidas
544 840 599 896 in
641 839 811 895 latere
836 879 852 905 ,
903 839 1120 908 quando
1155 838 1323 894 dicit:
1368 836 1582 909 Castigo
1616 852 1804 907 corpus

224 952 418 1000 meum,
449 944 497 989 et
546 934 603 988 in
640 934 938 988 servitutem
985 932 1184 1002 redigo,
1222 940 1279 987 et
1320 931 1376 986 in
1415 930 1521 985 alio
1550 930 1707 986 loco:
1735 928 1806 984 In

226 1029 487 1090 castitate,
516 1025 620 1080 hoc
646 1033 752 1089 est,
782 1023 1032 1079 castitate
1072 1022 1313 1092 corporis
1340 1062 1355 1088 ,
1409 1030 1458 1075 et
1486 1022 1543 1075 in
1588 1020 1802 1091 vigiliis.

228 1118 327 1185 Qui
355 1118 493 1171 hanc
516 1115 769 1181 custodit,
794 1114 1199 1170 immaculatum
1246 1128 1305 1168 se
1348 1112 1584 1169 custodit
1606 1112 1675 1167 ab
1704 1111 1808 1167 hoc

228 1206 444 1264 saeculo.
489 1206 620 1261 Fert
664 1207 947 1262 coccineas
986 1206 1135 1262 circa
1172 1205 1429 1261 humeros
1470 1212 1528 1259 et
1561 1212 1803 1274 pectora,

228 1299 442 1369 quando
469 1300 633 1355 dicit:
658 1296 725 1353 In
746 1299 1004 1353 charitate
1042 1314 1147 1353 non
1178 1297 1325 1367 ficta.
1357 1296 1512 1352 Ficta
1563 1296 1807 1351 charitas

228 1398 311 1445 est
336 1403 456 1459 quae
478 1388 699 1445 dimittit
722 1388 913 1443 viduas
940 1397 995 1442 et
1028 1386 1262 1457 pupillos
1283 1385 1336 1440 in
1357 1384 1725 1450 tribulatione,
1754 1392 1809 1439 et

231 1480 481 1535 subvenit
518 1480 574 1535 in
617 1479 1000 1550 prosperitate.
1053 1479 1184 1545 Quae
1225 1476 1453 1531 ﬁmbriae
1505 1484 1630 1531 ante
1679 1485 1810 1532 sunt

229 1578 284 1625 et
329 1578 514 1637 retro,
565 1570 693 1640 quia
734 1568 1048 1624 mandatum
1078 1566 1383 1623 dilectionis
1430 1574 1485 1621 et
1518 1566 1574 1621 in
1624 1568 1808 1624 Veteri

231 1661 595 1729 Testamento,
617 1668 673 1716 et
700 1660 758 1715 in
783 1659 933 1715 Novo
960 1666 1162 1713 manet.
1195 1658 1349 1713 Unde
1370 1654 1639 1713 Joannes:
1670 1656 1811 1712 Cha-

230 1754 446 1819 rissimi,
473 1770 579 1807 non
596 1752 905 1807 mandatum
929 1766 1115 1806 novum
1144 1749 1314 1805 scribo
1343 1749 1507 1815 vobis,
1533 1750 1623 1805 sed
1652 1766 1809 1805 man-

1902 560 2201 631 pertinent,
2231 563 2296 617 de
2320 578 2425 632 qua
2458 562 2812 633 Hieronymus
2852 567 2906 619 in
2931 569 3158 636 epistola
3189 572 3257 626 ad
3284 572 3481 630 Fabio-

1903 650 2012 706 lam
2046 669 2061 708 :
2092 651 2217 707 Haec
2257 653 2373 724 ipsa
2411 654 2759 724 hyacinthina
2788 657 2968 713 tunica
3008 659 3261 717 subucula
3301 667 3479 720 nomi—

1904 751 2087 810 natur,
2111 753 2167 800 et
2194 746 2412 816 proprie
2438 746 2709 816 pontiﬁcis
2748 757 2851 813 est,
2895 749 3271 823 signiﬁcatque
3314 758 3481 812 ratio~

1904 851 2031 891 nem
2052 837 2362 893 sublimium
2396 852 2504 892 non
2529 846 2716 909 patere
2741 839 3010 907 omnibus,
3054 844 3148 897 sed
3184 846 3482 915 majoribus

1905 934 2067 995 atque
2100 927 2377 998 perfectis.
2424 928 2545 998 lpsa
2575 937 2660 984 est
2688 930 2931 996 interior,
2985 932 3208 1003 ipsaque
3234 937 3481 1009 designat

1903 1019 2139 1076 virtutes
2188 1021 2403 1088 animae,
2441 1038 2562 1092 quae
2598 1037 2707 1077 non
2738 1023 2922 1079 multis
2971 1028 3199 1097 cognitae
3245 1040 3389 1094 sunt,
3428 1043 3483 1087 ct

1904 1124 2038 1179 quas
2059 1126 2274 1181 semper
2305 1112 2464 1167 debet
2498 1112 2703 1169 habere
2745 1114 3036 1183 perfectus.
3077 1117 3232 1173 Unde
3254 1121 3395 1175 Beda
3428 1123 3480 1177 in

1908 1186 2140 1254 trac'tatu
2169 1214 2332 1270 super
2357 1201 2557 1256 Lucam
2588 1220 2602 1256 :
2634 1202 2767 1270 Quis
2801 1206 2999 1260 etenim
3031 1209 3234 1264 nesciat
3272 1212 3482 1267 viscera

1904 1290 2311 1357 misericordiae,
2360 1293 2788 1365 benignitatem,
2837 1297 3216 1367 humilitatem,
3267 1306 3480 1375 patien-

1905 1382 2058 1449 tiam,
2082 1385 2425 1451 modestiam,
2452 1388 2781 1454 castitatem,
2811 1388 2993 1455 ﬁdem,
3033 1407 3183 1462 spem
3213 1403 3267 1450 ct
3286 1396 3371 1451 his
3405 1399 3481 1453 si-

1906 1476 2072 1539 milia,
2105 1477 2221 1532 sine
2263 1477 2370 1531 ulla
2393 1486 2694 1549 temporum
2741 1481 3144 1553 intercapedine
3180 1501 3211 1539 a
3242 1486 3484 1543 ﬁdelibus

1906 1582 2027 1623 esse
2054 1571 2353 1625 servanda?
2389 1571 2505 1641 lpsa
2540 1588 2646 1627 non
2675 1573 2924 1643 cingitur,
2953 1576 3047 1630 sed
3080 1576 3321 1632 camisia.
3357 1579 3486 1646 Quae

1907 1655 1982 1712 ita
2006 1668 2090 1714 est
2110 1659 2425 1728 fabrefacta,
2462 1670 2523 1717 ut
2553 1679 2658 1717 non
2697 1664 2953 1734 impediat
2986 1681 3201 1721 cursum
3239 1678 3483 1725 nostrum

1907 1748 1977 1802 ad
2002 1748 2486 1817 ministrationem,
2532 1752 2783 1821 quoniam
2817 1762 3129 1809 memoratui
3170 1755 3397 1813 virtutes
3419 1758 3487 1813 li-

228 1844 411 1899 datum
447 1853 590 1899 vetus
614 1883 630 1910 ,
685 1842 824 1913 quod
868 1841 1123 1896 habuistis
1176 1841 1241 1896 ab
1268 1840 1438 1895 initio.
1492 1840 1807 1897 Mandatum
1833 1833 1881 1894 B
1908 1840 2101 1895 herum
2124 1841 2283 1897 nobis
2312 1842 2419 1897 iter
2437 1843 2677 1913 praebent
2710 1843 2778 1898 ad
2818 1844 3326 1915 contemplationem
3368 1849 3488 1903 Dei.

227 1945 371 1992 uetus
419 1944 495 1990 est
532 1934 741 1989 verbum
779 1933 919 2004 quod
950 1932 1195 1988 audistis.
1249 1930 1452 1986 Iterum
1499 1933 1807 1988 mandatum

229 2043 416 2081 novum
444 2025 614 2081 scribo
643 2025 803 2081 vobis.
831 2024 988 2093 Quod
1020 2024 1097 2079 ita
1123 2025 1268 2081 Beda
1295 2042 1308 2079 :
1341 2024 1543 2080 Eadem
1566 2026 1807 2081 charitas

225 2126 284 2174 et
307 2120 620 2175 mandatum
640 2129 795 2174 vetus
824 2126 910 2175 est
934 2117 1080 2188 quod
1108 2120 1177 2173 ab
1205 2118 1363 2174 initio
1391 2119 1802 2186 commendata;

224 2217 282 2265 et
306 2210 620 2265 mandatum
646 2225 880 2275 novum,
930 2210 1059 2279 quia
1105 2210 1344 2266 tenebris
1376 2209 1558 2278 ejecti,
1595 2210 1807 2265 deside-

225 2299 366 2354 rium
394 2313 547 2355 novae
575 2299 712 2354 lucis
740 2297 997 2354 infundit.
1020 2297 1231 2369 Aliquae
1278 2298 1582 2354 dalmaticae
1602 2298 1809 2355 habent

224 2392 413 2463 viginti
446 2401 572 2448 octo
609 2391 853 2449 ﬁmbrias
903 2400 1030 2448 ante
1058 2400 1115 2449 et
1160 2400 1326 2449 retro.
1382 2392 1485 2449 Ubi
1519 2400 1604 2448 est
1633 2393 1807 2449 octies

224 2484 485 2556 repetitus
513 2482 844 2555 septiformis
876 2480 1113 2553 Spiritus
1150 2490 1375 2553 propter
1406 2497 1605 2553 genera
1632 2482 1808 2538 homi-

225 2593 376 2642 num,
408 2590 545 2647 quos
585 2575 780 2645 replet,
801 2581 862 2630 ut
885 2574 1106 2630 laudent
1135 2573 1328 2639 Deum,
1350 2574 1455 2629 hoc
1477 2583 1603 2640 est,
1649 2589 1808 2646 reges

224 2673 405 2732 terrae,
432 2678 488 2721 et
508 2680 699 2722 omnes
723 2663 930 2735 populi,
956 2664 1231 2736 principes
1260 2672 1317 2720 et
1333 2662 1809 2733 judices,juvenes

222 2767 279 2813 et
299 2758 561 2829 virgines,
590 2770 749 2812 senes
788 2763 845 2810 et
880 2754 1139 2825 iuniores.
1163 2755 1233 2810 Et
1257 2754 1452 2826 aliquas
1486 2755 1712 2827 triginta
1754 2761 1811 2810 et

224 2849 466 2919 triginta.
499 2847 735 2919 Singulae
764 2846 921 2903 lineae
954 2846 1278 2902 altrinsecus
1322 2845 1655 2917 quindecim,
1679 2846 1809 2916 quia

223 2943 462 2999 charitas
504 2950 559 2997 et
588 2942 643 2996 in
669 2940 853 2997 Veteri
898 2939 1246 2996 Testamento
1287 2947 1343 2995 et
1388 2940 1445 2993 in
1470 2938 1622 2995 Novo
1652 2939 1810 3010 quin-

224 3032 402 3088 decim
436 3046 617 3087 ramos
658 3045 728 3086 ex
756 3044 815 3086 se
842 3029 1109 3101 producit.
1164 3028 1421 3098 Quisquis
1477 3028 1660 3084 studet
1683 3044 1810 3100 pro-

225 3129 382 3184 desse
408 3125 667 3181 fratribus
688 3123 746 3178 in
766 3123 1094 3179 adversitate
1114 3130 1171 3178 et
1196 3122 1251 3177 in
1279 3121 1663 3193 prosperitate,
1702 3122 1807 3177 iste

1907 1929 2141 1986 Camisia
2187 1930 2405 2002 cingulo
2443 1934 2794 1989 continentiae
2838 1936 3251 2006 constringitur,
3297 1940 3487 2008 praeci-

1904 2024 2089 2095 piente
2110 2026 2339 2083 Domino
2370 2043 2383 2081 :
2410 2028 2531 2084 Sint
2578 2028 2742 2082 lumbi
2767 2030 2921 2082 vestri
2947 2030 3239 2099 praecincti,
3286 2039 3347 2085 ut
3390 2048 3489 2101 per

1904 2113 2041 2169 duas
2062 2115 2312 2183 virtutes,
2359 2117 2413 2171 id
2441 2128 2544 2183 est,
2588 2118 2953 2173 obedientiam
3000 2118 3213 2174 Domini
3241 2128 3298 2175 et
3329 2130 3489 2177 natu-

1904 2203 2074 2260 ralem
2125 2205 2541 2276 disputationem
2577 2207 2985 2278 constringatur
3019 2209 3198 2264 omnis
3220 2209 3483 2280 voluptas.

1905 2292 2031 2351 Haec
2060 2305 2189 2352 sunt
2211 2298 2537 2354 vestimenta
2557 2299 2625 2354 de
2655 2299 2849 2368 quibus
2878 2299 3136 2354 scribitur
3164 2301 3220 2356 in
3248 2301 3490 2358 Parabo-

1904 2383 1973 2440 lis
1999 2384 2333 2454 Salomonis,
2367 2386 2650 2442 Fortitudo
2678 2397 2728 2442 et
2764 2389 2922 2443 decor
2948 2389 3312 2445 indumentum
3347 2393 3484 2462 ejus.

1904 2479 1975 2534 Et
1996 2481 2052 2535 in
2073 2482 2461 2551 superioribus,
2494 2480 2563 2536 Et
2588 2480 2854 2552 cingulum
2902 2482 3124 2536 tradidit
3158 2481 3483 2541 Chananteo.

1908 2568 1968 2626 Si
1992 2570 2112 2640 quis
2132 2572 2367 2629 voluerit
2400 2572 2479 2627 uti
2510 2572 2717 2627 duabus
2741 2572 2959 2638 tunicis,
2996 2574 3247 2629 ostendet
3278 2590 3337 2631 se
3363 2590 3487 2632 esse

1906 2659 2196 2716 diaconum
2236 2670 2292 2718 et
2343 2662 2703 2725 sacerdotem,
2748 2663 2864 2718 sive
2907 2672 2969 2718 ut
3013 2672 3138 2721 octo
3176 2665 3289 2721 sint
3315 2669 3487 2724 vesti-

1908 2760 2089 2808 menta
2132 2757 2427 2810 secundum
2473 2769 2756 2810 numerum
2794 2754 3240 2811 vestimentorum
3287 2760 3489 2815 summi

1906 2842 2177 2912 pontiﬁcis
2197 2842 2402 2910 Aaron,
2437 2842 2591 2913 cujus
2632 2844 2954 2900 vestimenta
2984 2855 3278 2902 narrantur
3317 2847 3487 2905 fuisse

1907 2936 2054 2991 circa
2101 2945 2265 3008 caput
2315 2944 2372 2993 et
2412 2953 2611 3007 corpus
2656 2952 2827 3008 usque
2861 2936 2930 2991 ad
2977 2938 3162 3007 pedes.
3204 2938 3281 2996 De
3322 2943 3489 2998 vesti-

1906 3036 2089 3082 mento
2130 3028 2329 3097 pedum
2368 3036 2424 3083 et
2456 3042 2715 3083 manuum
2758 3028 3034 3083 reticetur.
3072 3029 3156 3085 Ad
3184 3030 3328 3089 illius
3360 3048 3487 3089 nor-

1907 3131 2075 3184 mam,
2110 3125 2169 3171 ut
2197 3117 2331 3185 dixi,
2364 3118 2529 3175 habet
2570 3132 2815 3175 summus
2849 3117 3096 3186 pontifex
3133 3128 3317 3177 noster
3339 3137 3369 3177 a
3395 3138 3488 3179 ca-

225 3182 387 3277 habet
440 3217 682 3273 ﬁmbrias
720 3215 1004 3271 coccineae
1041 3214 1096 3269 in
1149 3182 1383 3285 utroque
1407 3182 1675 3270 .humero.
1710 3212 1806 3269 Hae
1832 3182 1877 3245 Ο
1907 3211 2019 3282 pite
2046 3182 2219 3282 usque
2261 3182 2331 3267 ad
2369 3212 2536 3284 pedes
2578 3218 2704 3269 octo
2742 3182 3087 3267 vestimenta.
3114 3210 3357 3269 Primum
3403 3225 3490 3271 est

226 3310 345 3366 dum
375 3309 607 3364 fortunae
644 3306 936 3379 signantur
974 3320 1071 3377 per
1106 3306 1390 3362 sinistrum
1445 3312 1501 3362 et
1551 3306 1806 3362 dextrum

225 3401 528 3455 humerum.
571 3396 888 3465 Quindecim
932 3410 1114 3450 ramos
1158 3396 1443 3451 charitatis
1483 3404 1802 3451 enumerat:

226 3488 445 3544 Patiens
481 3496 556 3543 est
581 3527 597 3553 ,
648 3488 870 3557 benigna
920 3495 1020 3550 est,
1047 3501 1151 3540 non
1178 3484 1462 3539 aemulatur
1483 3524 1500 3551 ,
1554 3502 1660 3540 non
1698 3487 1809 3557 agit

224 3596 518 3653 perperam,
542 3595 646 3633 non
675 3579 917 3648 inﬂatur.
942 3593 1045 3631 non
1071 3584 1146 3630 est
1166 3575 1464 3643 ambitiosa,
1492 3592 1597 3630 non
1620 3578 1808 3647 quierit

224 3690 345 3744 quis
370 3688 466 3726 sua
485 3678 627 3735 sunt,
653 3685 757 3723 non
778 3669 1023 3722 irritatur
1040 3708 1055 3733 ,
1100 3683 1205 3721 non
1238 3667 1431 3738 cogitat
1456 3666 1677 3735 malum,
1705 3683 1811 3722 non

227 3762 422 3834 gaudet
481 3776 639 3831 super
680 3759 992 3831 iniquitate,
1038 3757 1328 3829 congaudet
1373 3766 1551 3812 autem
1580 3757 1805 3814 veritati.

229 3850 426 3907 Omnia
462 3852 668 3922 suﬂ'ert,
713 3850 890 3905 omnia
941 3850 1133 3915 credit,
1188 3850 1364 3904 omnia
1395 3858 1590 3921 sperat,
1632 3850 1811 3905 omnia

226 3946 466 4000 sustinet.
489 3944 657 4000 Linea
684 3958 805 4014 qua:
844 3942 899 3997 in
933 3942 1113 3998 medio
1135 3949 1222 3997 est
1244 3940 1399 4012 quasi
1433 3941 1603 4012 stipes
1628 3942 1809 3998 chari-

229 4037 376 4093 tatis.
407 4036 560 4104 Quod
588 4035 731 4091 enim
760 4034 1067 4106 signiﬁcant
1107 4033 1262 4089 lineae
1306 4034 1422 4088 sive
1470 4032 1695 4089 ﬁmbriae
1751 4033 1808 4091 in

228 4130 419 4186 dextro
445 4130 671 4184 humero
703 4127 819 4183 sive
851 4126 1107 4193 sinistro,
1146 4126 1251 4182 hoc
1284 4125 1595 4198 signiﬁcant
1621 4127 1677 4181 in
1705 4141 1805 4182 an-

228 4221 415 4278 teriori
447 4226 603 4290 parte
629 4219 863 4276 hominis
884 4234 1002 4290 quae
1026 4218 1262 4289 pertinet
1287 4219 1357 4273 ad
1375 4216 1585 4273 Novum
1608 4216 1804 4273 Testa-

225 4323 493 4372 mentum.
513 4312 805 4367 Sinistrum
825 4312 970 4366 latus
989 4310 1155 4365 habet
1176 4309 1439 4376 ﬁmbrias,
1464 4310 1592 4379 quia
1620 4317 1808 4364 actua-

224 4405 297 4460 lis
324 4405 432 4458 vita
480 4402 708 4459 sollicita
754 4409 858 4469 est,
885 4408 941 4457 et
987 4401 1238 4456 turbatur
1280 4414 1408 4472 erga
1444 4399 1706 4470 plurima;
1749 4410 1809 4456 at

222 4497 481 4552 dextrum
519 4495 660 4549 latus
699 4509 809 4551 non
854 4493 1038 4558 habet,
1069 4492 1195 4562 quia
1231 4491 1645 4563 contemplativa
1691 4492 1803 4547 vita

226 4587 415 4659 quieta
467 4595 552 4643 est
600 4604 612 4639 :
649 4600 747 4655 per
787 4584 961 4656 ipsam
1001 4582 1264 4653 ﬁguratur
1299 4583 1486 4654 regina
1534 4598 1654 4652 quae
1696 4590 1808 4638 stat

224 4699 261 4739 a
283 4683 508 4739 dextris.
555 4682 671 4752 Ipsa
704 4688 790 4737 est
834 4693 941 4735 una
977 4676 1260 4745 columba,
1306 4675 1546 4748 perfecta
1586 4685 1643 4732 et
1675 4691 1805 4748 pro-

224 4774 393 4839 xima,
422 4782 528 4830 stat
556 4790 586 4828 a
620 4772 848 4838 dextris,
866 4779 922 4826 et
951 4770 1086 4825 nihil
1108 4770 1165 4825 in
1190 4785 1251 4826 se
1282 4770 1565 4825 sinistrum
1610 4770 1803 4836 habet;

224 4867 452 4939 largitas
489 4864 859 4930 brachiorum,
881 4860 1185 4933 largitatem
1212 4867 1267 4914 et
1294 4860 1622 4915 hilaritatem
1656 4860 1811 4915 dato-

224 4960 307 5017 ris
334 4960 686 5015 demonstrat.
718 4954 1008 5017 Diaconus,
1035 4950 1129 5020 qui
1155 4964 1264 5005 non
1308 4957 1392 5004 est
1428 4949 1649 5003 indutus
1691 4948 1809 5003 dal-

225 5046 650 5114 matica,casula
675 5044 804 5115 legit
830 5040 1267 5106 circumcinctus,
1292 5046 1351 5095 ut
1366 5037 1616 5108 expedite
1636 5038 1809 5108 possit

226 5141 557 5205 ministrare,
579 5138 667 5192 vel
696 5137 824 5207 quia
847 5150 1003 5190 suum
1028 5140 1111 5189 est
1135 5133 1216 5189 ire
1236 5134 1305 5188 ad
1336 5132 1651 5187 comitatum
1675 5145 1804 5201 pro-

223 5243 355 5304 pter
372 5231 638 5286 instantes
665 5227 1033 5283 necessitates.
1063 5224 1183 5296 lpsa
1220 5224 1384 5280 habet
1403 5232 1652 5294 pertusas
1678 5224 1806 5279 sub—

222 5335 321 5380 tus
348 5322 482 5388 alas,
513 5321 770 5391 quoniam
793 5318 1069 5375 Christum
1091 5318 1208 5373 vult
1232 5317 1455 5383 imitari,
1483 5316 1576 5386 qui
1618 5316 1808 5372 lancea

223 5413 508 5489 perfossus
529 5422 611 5470 est
632 5414 685 5469 in
715 5413 908 5479 latere,
930 5420 986 5468 et
1010 5412 1124 5467 vult
1159 5420 1220 5466 ut
1245 5427 1345 5466 nos
1373 5424 1662 5481 sequamur
1688 5411 1805 5481 ejus

222 5506 480 5579 vestigia,
511 5505 655 5577 quod
674 5504 940 5576 signiﬁcat
966 5503 1242 5575 perfossus
1273 5504 1327 5558 in
1364 5502 1553 5559 latere.

808 5597 1032 5654 CAPUT
1069 5597 1229 5652 XXII.

302 5693 382 5749 De
402 5690 579 5747 tunica
601 5705 759 5762 quam
784 5688 1027 5744 sacerdos
1056 5689 1228 5744 induit
1256 5705 1413 5759 super
1439 5690 1729 5743 camisiam.

306 5784 461 5841 Sicut
502 5781 559 5838 in
596 5779 822 5837 camisia
866 5779 1178 5851 designatur
1216 5779 1498 5847 castigatio
1537 5779 1803 5852 corporis,

638 5877 908 5938 ΡΑτιιοι..
962 5873 1090 5937 CV.

1910 3307 2142 3363 amictus
2166 3347 2182 3371 ,
2230 3308 2527 3363 secundum
2580 3305 2805 3361 camisia
2832 3344 2846 3369 ,
2907 3304 3125 3360 tertium
3176 3306 3487 3378 cingulum,

1910 3405 2166 3467 quartum
2193 3396 2352 3465 stola,
2383 3397 2635 3466 quintum
2654 3406 2711 3453 et
2732 3406 2943 3453 sextum
2970 3399 3089 3453 duae
3116 3400 3330 3466 tunicae,
3368 3418 3487 3474 sep-

1912 3488 2106 3542 timum
2132 3488 2317 3543 casula
2341 3496 2592 3545 octavum
2624 3490 2869 3560 pallium.
2911 3490 3082 3547 Porro
3103 3493 3486 3551 vestimentum

1911 3576 2110 3647 pedum
2150 3577 2331 3646 potius
2363 3578 2599 3649 pertinet
2639 3580 2708 3635 ad
2750 3588 2966 3637 nostros
3011 3582 3293 3652 pontiﬁces
3328 3599 3489 3653 quam

1911 3666 1979 3723 ad
1991 3664 2194 3723 Aaron.
2212 3667 2421 3723 Dicitur
2443 3669 2647 3724 nostris
2673 3669 3056 3740 pontiﬁcibus:
3080 3671 3280 3728 Euntes
3308 3674 3486 3730 docete

1912 3771 2089 3811 omnes
2129 3765 2342 3827 gentes;
2366 3755 2549 3813 Aaron
2592 3765 2806 3814 tantum
2846 3759 2903 3815 in
2933 3757 3116 3816 Judaa
3148 3763 3487 3819 versabatur.

1912 3846 2204 3904 Sudarium
2216 3848 2272 3903 in
2287 3863 2452 3904 manu
2479 3849 2663 3919 potius
2682 3850 2750 3907 ad
2772 3858 2987 3908 nostros
3004 3868 3169 3923 quam
3186 3857 3257 3910 ad
3277 3853 3480 3922 Aaron,

1910 3938 2387 4011 quoniamomajor
2421 3940 2687 3996 munditia
2731 3950 2817 3997 est
2858 3943 2915 3997 in
2962 3942 3112 3999 Novo
3142 3943 3487 4001 Testamento

1910 4046 2076 4103 quam
2127 4040 2275 4088 esset
2316 4032 2374 4087 in
2420 4031 2716 4088 Veterizet
2760 4032 2851 4088 illa
2897 4034 3040 4091 bona
3081 4035 3341 4091 habemus
3367 4053 3488 4107 quae

1909 4125 1988 4180 illi
2028 4125 2356 4192 habuerunt,
2386 4134 2443 4180 et
2467 4126 2621 4196 plura
2654 4141 2751 4196 per
2774 4125 2959 4182 Iesum
2986 4126 3261 4183 Christum
3304 4130 3489 4185 Domi-

1909 4234 2043 4274 num
2085 4226 2353 4275 nostrum.
2400 4217 2668 4275 Sacerdos
2689 4220 2745 4273 in
2774 4235 2872 4275 suo
2894 4220 3076 4276 ofﬁcio
3109 4237 3216 4278 non
3248 4238 3308 4278 se
3343 4225 3495 4280 exuit

1909 4310 2116 4377 casula,
2167 4310 2294 4380 quia
2340 4311 2684 4382 praecipiente
2722 4313 2951 4368 Domino
2977 4328 3075 4385 per
3117 4315 3332 4388 Moysen
3377 4334 3485 4374 non

1909 4401 2071 4457 debet
2117 4401 2270 4457 exire
2314 4402 2381 4457 de
2425 4403 2649 4469 sanctis,
2714 4404 2854 4460 sicut
2904 4407 3166 4477 scriptum
3211 4418 3294 4465 est
3323 4427 3337 4465 :
3369 4412 3484 4466 Nec

1930 4492 2223 4562 egredietur
2242 4492 2308 4547 de
2326 4495 2545 4559 sanctis,
2573 4494 2666 4550 ubi
2695 4495 2920 4567 intelligi
2951 4497 3110 4553 datur
3137 4500 3335 4559 debere
3361 4517 3484 4559 eum

1901 4581 2105 4654 jugiter
2124 4582 2183 4638 in
2202 4584 2537 4639 continentia
2562 4593 2617 4640 et
2646 4586 2973 4643 abstinentia
3001 4604 3240 4647 manere.

2452 4673 2678 4731 CAPUT
2737 4675 2923 4733 XXIII.

2154 4768 2232 4824 De
2251 4768 2414 4841 pallio
2437 4785 2538 4840 quo
2568 4779 2790 4825 utuntur
2818 4773 3211 4846 archiepiscopi.

1979 4862 2207 4917 Pallium
2273 4862 2806 4932 archiepiscoporum
2866 4878 3031 4932 super
3096 4868 3277 4922 omnia
3328 4870 3488 4925 indu-

1910 4962 2093 5009 menta
2116 4960 2220 5018 est,
2249 4960 2311 5007 ut
2337 4952 2619 5006 laminaoin
2647 4951 2823 5007 fronte
2860 4952 3030 5008 solius
3061 4954 3350 5024 pontiﬁcis.
3392 4958 3487 5014 Illo

1906 5044 2234 5100 discernitur
2260 5040 2699 5110 archiepiscopus
2726 5055 2759 5095 a
2795 5042 3005 5098 caeteris
3034 5043 3320 5116 episcopis.
3357 5046 3485 5103 Pal-

1905 5135 2035 5189 lium
2062 5130 2327 5202 signiﬁcat
2358 5137 2625 5199 torquem,
2653 5145 2814 5201 quem
2835 5132 3083 5190 solebant
3101 5134 3340 5205 legitime
3367 5151 3485 5194 cer-

1905 5232 2083 5280 tantes
2100 5221 2365 5291 accipere.
2391 5218 2508 5289 Quo
2530 5220 2671 5276 dono
2697 5222 3054 5278 admoventur
3084 5225 3267 5281 caeteri
3310 5227 3379 5281 ad
3409 5227 3487 5283 le-

1904 5316 2153 5388 gitimum
2181 5322 2475 5370 certamen.
2500 5312 2655 5380 Quod
2680 5314 2843 5369 habet
2862 5314 2996 5369 duas
3016 5314 3189 5371 lineas
3214 5331 3247 5372 a
3272 5332 3486 5373 summo

1910 5423 2083 5479 usque
2140 5407 2392 5464 deorsum
2461 5414 2589 5463 ante
2644 5414 2701 5462 et
2759 5414 2927 5463 retro.
2996 5408 3279 5480 Signiﬁcat
3337 5412 3481 5466 enim

1913 5515 2135 5558 summa:
2161 5501 2420 5556 doctrinae
2449 5500 2700 5555 decorem
2737 5514 2836 5568 per
2877 5500 3214 5570 disciplinam
3261 5505 3486 5560 manda-

1911 5601 2086 5648 torum
2119 5592 2330 5648 Domini
2369 5589 2771 5660 acceptabilem.
2820 5589 3067 5647 Circulus
3101 5592 3247 5650 circa
3286 5594 3485 5651 collum

1912 5684 2194 5754 disciplina
2231 5691 2316 5738 est
2344 5681 2554 5737 Domini
2579 5681 2724 5736 circa
2754 5696 3061 5738 sermonem
3088 5683 3481 5755 praedicatoris,

1911 5784 2103 5837 utnon
2141 5774 2213 5832 sit
2251 5772 2387 5830 alter
2410 5787 2589 5830 sermo
2627 5771 3027 5844 praedicationis
3061 5781 3117 5830 et
3148 5774 3295 5833 aliud
3324 5790 3482 5847 opus,
