3978 6456
234 333 366 394 “Ol

231 465 354 506 rum
404 467 524 522 qum
561 465 726 524 super
757 454 948 526 pedem
985 464 1091 522 est,
1140 457 1378 527 linguam
1430 457 1800 526 praedicatoris
1829 462 1881 521 Α

228 553 410 615 potest
434 544 684 615 ﬁgurare.
719 547 887 601 Linea
916 563 1079 617 Opere
1106 559 1306 602 sutoris
1333 547 1470 601 facta
1493 549 1804 618 praecedens

230 647 263 688 ι
288 634 467 704 lingua
495 635 717 690 saudalii
748 652 918 705 usque
945 639 1010 691 ad
1041 640 1198 691 linem
1230 635 1362 708 ejus,
1426 637 1805 707 Evangelicam

227 726 653 795 pericctionem;
705 726 860 780 lineae
885 730 1237 798 procedentes
1276 744 1341 783 ex
1373 739 1602 798 utraque
1628 735 1800 798 parte,

230 815 404 887 legem
448 823 503 872 et
530 817 840 888 prepbetias
869 835 986 888 qua:
1034 821 1086 873 in
1117 819 1404 888 Evangelia
1449 819 1807 888 recapitulan—

230 914 338 962 tur.
381 907 598 962 Etenim
625 910 756 979 ipsze
803 911 1170 981 recapitulatm
1215 920 1340 966 sunt
1375 911 1443 964 ad
1483 911 1712 965 mediam
1741 909 1804 963 li-

229 1012 406 1060 neam,
441 1015 560 1068 quae
590 1015 766 1070 usque
791 1003 860 1056 ad
886 1003 1042 1056 ﬁnem
1080 1003 1269 1056 currit.
1311 1003 1564 1072 Ligatura
1600 1010 1801 1071 myste—

229 1087 372 1143 rium
398 1089 788 1146 incarnationis
811 1091 1032 1157 Christi,
1077 1108 1197 1162 quae
1240 1093 1558 1156 incarnatio,
1593 1093 1718 1161 quia
1748 1093 1808 1147 in

229 1179 495 1248 aliquibus
553 1193 742 1250 aperta
807 1192 888 1239 est
944 1183 1195 1238 humanis
1256 1184 1504 1237 sensibus
1568 1169 1808 1236 humano

230 1291 402 1342 more,
451 1276 608 1332 sicuti
653 1285 755 1341 est,
786 1278 911 1347 poni
941 1278 994 1331 in
1023 1277 1304 1348 praesepio,
1343 1277 1536 1346 pannis
1582 1274 1800 1340 involvi,

230 1376 286 1424 et
311 1377 526 1424 caetera.
572 1369 764 1439 Aliqua
794 1371 1034 1426 sandalia
1065 1371 1180 1424 sine
1207 1369 1452 1440 ligaturis
1493 1376 1639 1421 tenet
1661 1382 1801 1434 prm-

229 1458 448 1514 dioatio.
502 1460 568 1514 Et
611 1461 769 1517 aliter
805 1479 818 1514 ε
853 1461 992 1515 Dicit
1044 1461 1304 1515 Dominus
1361 1462 1414 1514 in
1473 1458 1800 1528 Evangelio:

231 1549 586 1623 Quodcunque
621 1553 1101 1624 supererogaveris,
1156 1568 1248 1621 ego
1292 1567 1409 1603 cum
1453 1550 1653 1603 rediero
1690 1547 1806 1601 red-

231 1643 356 1696 dam
407 1644 518 1697 tibi.
573 1644 817 1714 Disponit
867 1644 1121 1697 Dominus
1172 1643 1258 1697 his
1315 1643 1404 1711 qui
1453 1641 1806 1710 Evangelium

230 1731 623 1801 praidicarent,
678 1733 743 1787 de
785 1731 1074 1801 Evangelio
1121 1733 1302 1786 vivere
1339 1750 1351 1784 :
1399 1731 1808 1800 supererag—avit

979 340 1070 396 DE
1109 340 1662 398 ECCLESIASTICIS
1701 341 1988 399 OFFICHS
2027 339 2210 397 LIBRI
2247 341 2340 397 IV.
2380 319 2452 382 -έ-
2487 339 2615 394 LIB.
2660 339 2745 393 lll.

3345 340 3487 400 M03

2461 451 2688 508 CAPUT
2729 450 2918 508 XXVI.

2269 546 2650 616 Recapitulatio
2690 549 3132 614 vestimentorum.

1978 638 2224 694 Breviter
2270 640 2636 694 desideramus
2679 641 3038 712 recapitulare
3076 657 3289 698 omnem
3326 659 3489 706 orna-

1907 735 2020 783 tum
2063 730 2408 784 clericorum.
2442 731 2615 799 Caput
2663 729 2843 784 clerici
2891 745 3044 790 mens
3073 740 3175 786 est.
3225 734 3283 788 in
3325 751 3486 808 supe-

1906 821 2049 875 riore
2077 830 2232 890 parte
2277 821 2696 888 discoopertum,
2734 821 2824 875 ubi
2862 828 2944 876 est
2972 822 3148 894 imago
3175 825 3292 890 Dei,
3322 825 3375 879 in
3407 825 3488 896 in.

1907 912 2105 968 feriere
2143 922 2298 984 parte
2339 913 2734 970 circumdatum
2767 915 2995 986 capillis,
3036 919 3189 988 quasi
3218 918 3488 990 aliquibus

1905 1007 2322 1074 cogitationibus
2350 1007 2416 1061 de
2455 1007 2708 1075 praesenti
2756 1008 3099 1064 necessitate.
3138 1008 3383 1064 Amictus
3407 1020 3490 1065 est

1907 1103 2192 1172 castigatio
2244 1101 2412 1156 vocis.
2464 1101 2598 1154 Alba
2634 1109 2954 1174 cancrorum
3003 1101 3319 1156 inferiorum
3366 1118 3490 1157 sene

1907 1207 2065 1245 suum
2097 1192 2418 1262 pra‘sidente
2450 1191 2706 1261 magistra
2737 1190 2966 1256 ratione,
3002 1191 3230 1246 interius
3258 1207 3357 1261 per
3381 1192 3488 1246 dis—

1905 1282 2158 1352 ciplinam
2208 1281 2554 1334 continentiae
2602 1282 3006 1350 constringente
3047 1283 3201 1352 quasi
3253 1271 3491 1352 quodam

1907 1373 2124 1444 cingulo
2151 1372 2482 1444 voluptatem
2515 1372 2715 1426 carnis.
2754 1371 3118 1427 Calceamenti
3161 1373 3332 1439 linea,
3361 1390 3490 1452 pro-

1905 1468 2097 1521 hibitio
2128 1468 2321 1540 pedum
2365 1469 2430 1522 ad
2457 1468 2656 1526 malum
2686 1467 3009 1530 festinando.
3054 1468 3307 1524 Sandalia
3329 1487 3492 1540 orna-2

1910 1568 2016 1622 tus,
2044 1561 2144 1613 iter
2185 1559 2576 1630 prredicatoris,
2608 1561 2736 1644 quia
2759 1562 3001 1620 cmlcstia
3035 1578 3140 1616 non
3171 1563 3331 1620 debet
3373 1565 3491 1630 abs-

1906 1652 2162 1722 condere,
2212 1667 2387 1722 neque
2428 1653 2660 1706 terrenis
2699 1653 2928 1712 inhiare.
2992 1652 3236 1712 Secunda
3283 1655 3492 1726 tunica,

1907 1760 2071 1818 opera
2130 1745 2326 1812 mentis
2389 1746 2806 1812 suntzcasula,
2848 1760 3012 1814 opera
3076 1746 3321 1816 corporis
3377 1747 3484 1816 pia.

232 1819 469 1886 Paulus,
517 1824 642 1893 quia
688 1822 807 1876 sine
855 1831 1068 1891 sumptu
1117 1824 1362 1892 exposuit
1410 1823 1800 1892 Evangelium,

1911 1836 2266 1907 Stolajugum
2308 1836 2532 1906 Christi,
2558 1838 2700 1910 quod
2744 1847 2825 1892 est
2851 1838 3218 1907 Evangelinm.
3268 1838 3486 1891 Dalma-

231 1913 556 1980 operabatur
621 1911 868 1967 manibus
917 1914 1030 1967 suis
1075 1913 1256 1968 vietus
1313 1913 1416 1966 sibi
1472 1913 1798 1972 necessaria.

229 2000 376 2072 Opus
417 2002 568 2056 Pauli
588 2003 733 2072 quod
755 2004 1160 2072 supercrogavit
1201 2003 1492 2072 Evangelia
1519 2017 1802 2071 possumus

226 2091 527 2161 intelligere
573 2094 834 2164 corrigiae
869 2103 1282 2164 supererogatas
1329 2094 1622 2157 sandaliis,
1677 2107 1800 2161 qua

225 2184 475 2238 manibus
520 2184 624 2238 huc
671 2185 902 2254 illucque
928 2186 1198 2239 ducuntur
1223 2194 1281 2238 ut
1324 2185 1572 2255 ligantur.
1611 2184 1798 2240 Firmo

224 2287 410 2344 gressu
437 2274 480 2329 it
506 2275 848 2345 prauiicator,
879 2277 973 2347 qui
1003 2277 1134 2332 nulli
1153 2289 1414 2332 onerosus
1439 2286 1544 2332 est.

1909 1932 2016 1988 tica
2047 1931 2260 1985 diaconi
2303 1940 2356 1984 et
2400 1932 2482 1989 sui
2515 1932 2770 2002 n'iinistri,
2812 1947 2930 2004 qua}
2953 1941 3032 1998 est
3065 1931 3239 1984 itineri
3271 1931 3488 1998 habilis,

1907 2035 2036 2075 cura
2060 2021 2428 2092 proximorum
2454 2030 2534 2074 est
2552 2038 2565 2086 ;
2584 2022 2880 2084 sudarium,
2899 2021 2998 2108 pte
3022 2029 3075 2074 et
3103 2021 3315 2074 munda)
3345 2021 3490 2092 cogi-

1907 2113 2160 2176 tationes,
2194 2111 2389 2182 quibus
2419 2112 2748 2181 detergimus
2787 2111 3061 2164 molestias
3103 2110 3266 2163 animi
3305 2126 3369 2164 ex
3402 2111 3482 2164 in-

1903 2202 2161 2258 ﬁrmitate
2209 2201 2470 2274 corporis.
2514 2201 2740 2256 Pallium
2789 2202 3342 2272 archiepiscoporum,
3379 2209 3491 2254 tor-

1902 2311 2036 2365 ques
2068 2295 2424 2348 :Icvotiss'ma:
2452 2294 2872 2364 prmdicationis.
2916 2302 2971 2347 et
3009 2293 3062 2346 in
3092 2292 3275 2347 Veteri
3303 2291 3488 2345 Testa-

1902 2393 2086 2440 mento
2118 2394 2171 2438 ct
2199 2385 2251 2438 iu
2277 2383 2444 2438 Novo.

1407 2688 1709 2780 LIBER
1783 2687 2266 2780 TERTIUS.

1641 2846 2062 2874 ——-—’———-—

295 2940 520 3008 Domino
565 2937 882 3014 apitulante,
924 2936 1294 2993 intercedente
1337 2937 1500 2994 beato
1542 2935 1795 2991 medardo

220 3032 550 3099 confessore,
594 3030 746 3100 cujus
777 3029 1043 3085 festivitas
1070 3030 1230 3084 hodie
1260 3029 1399 3098 apud
1429 3044 1528 3084 nos
1553 3029 1794 3082 celebra-

1902 2930 2117 3001 quando
2165 2930 2217 2984 in
2265 2930 2506 2986 adversis
2536 2928 2842 3000 aﬁligimur,
2871 2930 3085 2986 dicente
3115 2931 3228 2988 Joel
3255 2951 3268 2988 :
3303 2931 3486 2990 Canite

1901 3023 2025 3076 tuba
2062 3023 2116 3075 in
2158 3021 2309 3087 Sion,
2349 3022 2672 3091 sanctiﬁcate
2713 3023 3000 3094 jejunium,
3056 3036 3231 3079 rocate
3277 3037 3483 3095 catum,

219 3137 307 3183 tur
347 3128 399 3181 in
422 3126 617 3198 gaudio
651 3135 978 3188 sanctorum,
1019 3125 1252 3194 prompti
1297 3137 1481 3177 sumus
1518 3123 1699 3176 animo
1728 3120 1795 3174 ad
1900 3125 2208 3186 congregata
2250 3115 2521 3186 populum,
2567 3117 2892 3185 sanctiﬁcata
2937 3116 3252 3185 Ecclesium,
3291 3123 3487 3178 condu-

217 3220 615 3292 suscipiendum
662 3218 756 3273 Dei
803 3207 1020 3283 munus,
1052 3217 1097 3270 si
1148 3224 1326 3270 tamen
1378 3215 1495 3284 ipse
1545 3216 1798 3285 dignatur

214 3327 446 3382 purgare
484 3320 538 3366 et
585 3319 835 3365 sere'nare
882 3309 1116 3373 oculum,
1158 3308 1212 3362 in
1264 3321 1369 3376 quo
1410 3306 1684 3360 discamus
1731 3304 1798 3357 de

217 3401 397 3457 olﬁeio
437 3402 632 3465 missm,
678 3401 806 3471 quid
837 3401 1064 3454 rationis
1091 3399 1144 3452 in
1178 3413 1236 3452 se
1265 3397 1541 3451 contineat
1572 3395 1799 3449 diversi—

220 3502 302 3547 tas
331 3493 443 3556 illa,
469 3507 588 3561 qua:
613 3490 685 3544 ibi
709 3491 888 3561 agitur
917 3508 930 3542 :
966 3504 1087 3543 cum
1119 3487 1252 3542 satis
1273 3494 1437 3549 esset,
1467 3484 1585 3539 sine
1615 3492 1800 3538 canto-

219 3583 371 3637 ribus
401 3587 455 3634 et
476 3579 782 3642 lectoribus,
813 3586 868 3633 et
891 3578 1102 3633 etetcris
1133 3592 1251 3646 qua:
1283 3574 1357 3629 ibi
1388 3582 1640 3644 aguntur,
1685 3572 1800 3626 sola

223 3673 527 3728 benedictio
562 3672 964 3742 episcoporum,
1001 3679 1093 3723 aut
1132 3668 1573 3739 presbyterorum
1604 3666 1672 3720 ad
1701 3665 1797 3719 be-

225 3764 579 3818 nedicendum
614 3779 806 3833 panem
834 3771 889 3818 et
911 3763 1116 3828 vinum,
1153 3777 1260 3831 quo
1281 3759 1596 3815 reﬁceretur
1624 3773 1800 3828 popu-

228 3855 312 3908 lus
344 3856 409 3909 ad
437 3856 736 3910 animarum
781 3855 1009 3909 salutem
1036 3871 1048 3907 :
1077 3855 1216 3908 sicut
1244 3851 1516 3922 primmvis
1548 3849 1802 3919 tempori-

226 3945 328 3999 bus
359 3945 516 4000 ﬁebat
540 3947 681 4016 apud
701 3945 1000 4016 apostolos:
1026 3961 1089 4000 ac
1109 3945 1228 3999 ideo
1248 3944 1484 4013 primum
1514 3943 1802 3998 dicendum

227 4046 309 4092 est
339 4037 406 4092 de
433 4039 618 4110 signis.

738 4167 964 4228 CAPUT
1002 4167 1291 4224 PRIMUM.

396 4257 469 4319 De
495 4262 659 4331 signis
686 4261 872 4332 quibus
899 4276 1276 4334 congregemur
1299 4260 1354 4314 in
1383 4259 1631 4328 idipsum.

300 4393 584 4464 Signorum
610 4409 736 4448 usus
765 4410 794 4447 a
827 4393 1008 4448 Veteri
1038 4393 1386 4450 Testamento
1415 4401 1662 4462 sumptus
1686 4399 1799 4458 est;

1901 3220 2021 3266 nate
2064 3226 2228 3273 senes,
2279 3218 2585 3280 congregato
2633 3209 2879 3280 parvulos
2927 3222 2974 3265 et
3031 3224 3268 3282 augentes
3327 3215 3486 3270 ubera

1901 3297 2041 3367 (Joel
2064 3298 2145 3371 ιι).
2177 3299 2328 3370 Quod
2363 3300 2433 3351 ila
2466 3298 2823 3370 Hieronymus
2877 3301 2928 3354 in
2976 3303 3166 3358 eodem
3196 3321 3208 3356 :
3241 3303 3490 3373 Clargitc

1904 3390 2030 3443 tuba
2055 3391 2107 3442 in
2135 3389 2286 3454 Sion,
2313 3397 2360 3443 et
2385 3390 2756 3458 pmnitentiam
2779 3392 2988 3461 pepulis
3015 3393 3320 3463 prmdicate.
3349 3392 3488 3450 San-

1903 3477 2137 3532 ctiﬁcate
2152 3477 2434 3548 jejunium.
2451 3479 2740 3546 praedicante
2758 3481 3114 3547 curationem,
3134 3483 3246 3538 sive
3262 3494 3484 3553 coetum,

1902 3571 1969 3624 de
1997 3571 2192 3639 quibus
2212 3569 2325 3638 jam
2350 3572 2602 3628 diximus.
2635 3571 2968 3644 Cougregate
2996 3577 3270 3647 populum,
3303 3587 3362 3632 ut
3391 3579 3486 3650 qui

1903 3662 2177 3731 dispersus
2214 3671 2556 3733 peccaverat,
2592 3675 2948 3738 congregatus
2983 3683 3210 3738 peccare
3236 3668 3484 3726 desistat.

1905 3754 2250 3810 Sanctilicate
2294 3756 2612 3824 Ecclesiam,
2657 3767 2713 3812 ut
2764 3760 2943 3815 nullus
2991 3762 3042 3816 in
3091 3763 3330 3828 Ecclesia
3377 3780 3487 3824 non

1905 3856 2123 3904 sanctus
2151 3849 2257 3903 sit:
2283 3863 2351 3902 ne
2389 3847 2529 3905 forte
2571 3851 2929 3922 impediantur
2967 3854 3239 3909 orationes
3267 3862 3484 3922 vestrae,

1905 3950 1960 3997 et
1991 3942 2258 3997 modicum
2317 3941 2635 3997 fermentum
2678 3950 2848 3996 totam
2897 3959 3128 3999 massam
3176 3953 3488 4018 corrumpat

1906 4032 1960 4104 (Ι
1986 4032 2106 4088 Cor.
2139 4035 2252 4103 xv).
2288 4034 2354 4088 Et
2402 4035 2637 4089 adunate
2688 4035 2800 4089 sive
2847 4035 3026 4106 eligite
3076 4053 3249 4102 senes,
3285 4047 3343 4094 ut
3381 4055 3488 4096 non

1908 4137 2038 4182 tetas
2073 4127 2127 4180 in
2158 4127 2259 4193 eis,
2286 4127 2379 4183 sed
2422 4128 2678 4184 sanctitas
2716 4127 2962 4198 eligatur.
2997 4127 3329 4199 Congrcgate
3356 4145 3492 4200 quo-

1906 4236 2010 4290 que
2036 4221 2286 4290 parvulos
2313 4229 2367 4274 ct
2393 4230 2646 4290 sugentes
2675 4219 2859 4283 ubera,
2892 4235 2958 4271 ne
2987 4217 3093 4272 ulla
3125 4219 3194 4272 sit
3216 4227 3347 4274 tetas
3369 4235 3492 4288 qua:

1908 4325 2013 4364 non
2058 4319 2407 4365 convertatur
2449 4311 2516 4364 ad
2563 4309 2867 4363 Dominum.
2915 4307 3176 4362 Parvulos
3209 4316 3370 4378 atque
3413 4308 3464 4362 la

1909 4411 2138 4466 clentes,
2172 4405 2234 4456 de
2265 4404 2460 4472 quibus
2509 4402 2561 4455 in
2604 4401 2833 4456 Psalmis
2869 4409 2923 4454 et
2952 4400 3004 4454 in
3047 4400 3336 4472 Evangelio
3360 4399 3494 4471 legi-

225 4487 485 4554 scriptum
515 4492 595 4539 θοι
633 4485 684 4538 in
721 4485 860 4539 libro
899 4483 1252 4538 Numerorum
1287 4503 1300 4537 Σ
1335 4483 1562 4537 Locutus
1593 4493 1668 4537 est
1696 4484 1803 4536 ΠΟ·
1829 4472 1886 4536 D
1910 4511 2060 4550 mus:
2096 4494 2178 4547 Ex
2217 4512 2304 4548 ore
2347 4493 2628 4563 infantium
2658 4503 2706 4546 ει
2747 4491 3048 4546 [agentium
3084 4490 3348 4562 ρει-[σείειί
3373 4490 3493 4544 (au-

224 4577 396 4630 minus
422 4575 490 4627 ad
523 4573 757 4644 Moysen,
784 4574 959 4628 dicens
986 4587 1004 4625 :
1034 4573 1147 4628 Fac
1172 4575 1262 4627 tibi
1287 4575 1420 4628 duas
1448 4579 1598 4628 tubas
1623 4591 1804 4645 argen-

222 4675 332 4719 teas
381 4663 620 4728 durtiles,
656 4664 842 4734 quibus
882 4681 1165 4718 convocare
1211 4666 1376 4735 possis
1414 4664 1801 4718 multitudinem

224 4759 411 4829 (Num.
441 4760 518 4828 ι).
553 4758 620 4811 Et
644 4757 802 4827 paulo
828 4765 949 4825 post
976 4775 989 4811 :
1031 4757 1255 4823 Quando
1287 4769 1458 4812 autem
1487 4775 1804 4830 congregan-

221 4851 320 4903 dus
345 4858 421 4903 est
445 4847 688 4919 populus,
720 4846 939 4916 simplex
968 4848 1211 4900 tubarum
1238 4848 1451 4918 clangor
1475 4850 1589 4911 erit,
1617 4859 1665 4902 et
1698 4866 1804 4903 non

185 4931 188 4934 ’
220 4945 424 4997 ro‘ncise
460 4943 757 4997 ululabunt.
786 4939 917 4994 Filii
940 4941 1116 4993 Aaron
1147 4940 1431 4994 sacerdotis
1455 4940 1692 5011 clangent
1721 4951 1805 4994 tu-

220 5037 320 5092 bis.
353 5035 419 5091 Et
445 5036 678 5092 iterum:
711 5032 771 5089 Si
811 5033 1019 5106 quando
1066 5032 1316 5087 habebitis
1342 5032 1572 5104 epulum,
1616 5044 1665 5086 et
1693 5033 1804 5088 dies

220 5129 382 5200 festos
423 5139 471 5183 et
512 5127 802 5192 Kalendas,
838 5127 1032 5182 sanctis
1061 5127 1196 5181 tubis
1225 5144 1379 5198 super
1411 5127 1729 5182 holocaustis
1756 5137 1805 5182 et

219 5223 456 5296 paciﬁcis
482 5223 735 5283 victimis,
766 5231 821 5276 ut
855 5222 956 5275 sint
991 5220 1132 5275 vobis
1172 5222 1226 5274 in
1269 5221 1678 5276 recordationem
1712 5220 1810 5275 Dei

222 5317 397 5386 uestri.
444 5315 761 5370 Audivimus
802 5315 1106 5384 clangorem
1157 5313 1409 5367 tubarum
1458 5314 1513 5368 in
1550 5315 1803 5368 recorda-

221 5407 372 5462 tione
423 5407 516 5462 Dei
565 5406 734 5460 nostri
775 5419 1048 5461 resonare.
1085 5404 1292 5474 Detque
1340 5403 1494 5458 nobis
1533 5404 1700 5468 Deus,
1748 5410 1808 5458 ut

222 5497 484 5570 quidquid
516 5497 640 5551 boni
681 5495 858 5551 facere
885 5495 1198 5566 poterimus,
1231 5496 1343 5550 sive
1378 5494 1725 5565 singulariter
1751 5493 1807 5549 in

223 5606 390 5647 causa
421 5598 626 5654 nostra,
670 5589 781 5644 sive
811 5589 1169 5642 communiter
1199 5585 1256 5642 in‘
1282 5604 1444 5642 causa
1474 5585 1720 5649 fratrum,
1750 5593 1812 5660 ut.

226 5693 313 5740 est
349 5683 499 5760 signa
543 5683 765 5748 moveri,
798 5683 852 5738 in
882 5683 1197 5736 memoriam
1243 5683 1359 5753 ejus
1387 5681 1665 5735 faciamus.
1694 5679 1807 5734 Au-

231 5775 442 5832 diamus
485 5783 540 5829 et
582 5776 765 5831 tubam
812 5783 1119 5842 vocantem,
1167 5789 1264 5830 nos
1317 5773 1383 5828 ad
1435 5771 1810 5843 paenitentiam

1909 4585 2022 4640 dem
2051 4584 2219 4656 (Psal.
2251 4602 2378 4650 Vill;
2417 4583 2606 4638 Matth.
2653 4583 2786 4655 κη).
2839 4582 3284 4646 Praedicationem
3325 4598 3487 4654 quam

1909 4678 2177 4748 signiﬁcat
2220 4677 2443 4746 clangor
2488 4677 2757 4740 tubarum,
2795 4673 3123 4746 Hieronymo
3166 4681 3489 4756 exponente,

1909 4771 2084 4841 signat
2119 4769 2328 4839 signum
2361 4783 2374 4822 :
2407 4767 2547 4837 quod
2587 4767 2638 4821 in
2677 4774 2862 4820 nostra
2890 4764 3136 4820 Ecclesia
3166 4764 3372 4818 reboat.
3407 4763 3495 4819 Si-

1908 4877 2069 4929 gnum
2101 4868 2342 4914 nostrum
2381 4868 2464 4914 est
2511 4874 2578 4912 ex
2619 4857 2835 4912 metallo
2876 4857 3018 4910 acris.
3055 4854 3154 4911 {Es
3192 4864 3274 4910 est
3303 4856 3493 4911 metal-

1908 4951 2015 5014 lum
2044 4951 2284 5006 durabile
2331 4959 2385 5004 et
2425 4964 2701 5003 sonorum.
2732 4947 2907 5000 liabet
2934 4946 3073 4999 idem
3106 4945 3317 5018 signum
3357 4946 3494 5002 inte-

1910 5044 2022 5097 rius
2069 5043 2334 5113 plectrum
2378 5039 2632 5105 ferreum,
2677 5052 2786 5110 quo
2829 5037 3087 5099 tunditur,
3122 5044 3182 5090 ut
3217 5036 3488 5090 audiatur.

1909 5133 2120 5204 Oraque
2164 5133 2581 5205 praedicatorum
2629 5130 2898 5204 signiﬁcat
2940 5131 3074 5185 Novi
3123 5129 3492 5196 Tcstamenti,

1909 5241 2028 5304 qua:
2064 5225 2184 5296 plus
2231 5225 2427 5281 durant
2472 5240 2633 5296 quam
2683 5225 2825 5279 tuba:
2869 5221 3083 5278 Veteris
3135 5221 3490 5304 Tesmmenti,

1911 5327 2071 5387 atque
2102 5316 2258 5372 altius
2291 5325 2565 5372 resonant.
2599 5314 2703 5370 Ora
2738 5313 3153 5384 praedicatorum
3184 5322 3492 5369 nostrorum

1911 5409 2179 5464 durabunt
2224 5425 2399 5479 usque
2443 5409 2509 5463 ad
2559 5407 2742 5470 ﬁnem,
2792 5416 2845 5460 et
2889 5407 3105 5470 auditur
3144 5406 3301 5476 longe
3330 5417 3496 5463 sonus
3561 5409 3563 5411 ’
3621 5453 3626 5460 .

1911 5516 2095 5556 eorum
2129 5516 2297 5570 usque
2327 5501 2379 5554 in
2411 5501 2544 5553 ﬁnes
2588 5507 2745 5552 terra:
2776 5497 2946 5566 (Psal.
2997 5496 3179 5570 Lxxv).
3229 5497 3495 5568 Tempore

1909 5592 2216 5649 Iudaeorum
2262 5602 2415 5645 notus
2460 5600 2578 5644 erat
2626 5597 2833 5642 tantum
2891 5591 2944 5646 in
2988 5588 3181 5645 Juda'a
3223 5588 3397 5652 Deus;
3438 5594 3496 5644 at

1912 5692 2038 5738 tunc
2070 5684 2122 5736 in
2155 5682 2301 5737 omni
2330 5691 2494 5736 terra.
2545 5681 2652 5734 Vas
2687 5680 2886 5735 metalli
2921 5682 3046 5736 teris
3073 5697 3168 5736 ora
3203 5679 3492 5752 signiﬁcat,

1911 5784 1971 5830 ut
2018 5774 2274 5841 diximus,
2321 5771 2738 5843 praedicatorum
2792 5789 2804 5825 :
2843 5770 3045 5828 ferrum
3096 5773 3346 5837 interius,
3390 5769 3494 5824 lino
