3978 6456
215 393 360 456 ηοδ

959 390 1049 452 DE
1086 386 1647 467 EQCLESIAS’I‘ICIS
1684 390 1976 458 OFFICIIS
2013 391 2195 451 LIBRI
2233 393 2321 451 IV.
2364 422 2434 437 -
2474 389 2604 452 LIB.
2645 393 2734 451 llI.

3349 391 3485 454 “06

213 515 378 580 siam,
403 510 697 583 gloriantes
723 513 778 569 in
802 513 1064 581 crinibus,
1109 513 1253 584 quod
1282 529 1390 570 non
1433 512 1608 569 solum
1646 512 1802 568 inho—
1828 516 1879 576 Α
1905 511 2102 578 Eman,
2143 515 2342 582 Asapn,
2392 511 2590 580 Ethan,
2628 524 2684 568 ut
2731 524 3098 571 concretionem
3140 517 3192 570 in
3237 516 3486 586 cymbalis

212 614 428 661 nestum
452 613 590 669 erat,
617 605 712 661 sed
729 605 895 661 etiam
923 605 1372 676 concupiscentia:
1396 604 1634 661 fomenta
1657 620 1795 676 pras-

213 699 412 755 stabat.
443 697 664 754 Masculi
689 707 834 754 stant
862 698 918 754 in
946 698 1181 754 Australi
1215 708 1386 770 parte,
1419 708 1476 753 et
1498 697 1712 754 feminae
1740 699 1796 752 in

213 787 448 857 Boreali,
478 798 539 845 ut
573 791 887 846 ostendatur
916 804 1015 860 per
1041 788 1322 846 fortiorem
1373 805 1562 845 sexum
1593 788 1798 844 ﬁrmio-

211 898 304 942 res
325 892 544 940 sanctos
567 898 782 954 semper
802 883 1056 939 constitui
1081 883 1136 937 in
1163 881 1462 951 majoribus
1486 881 1796 936 tentationi-

212 975 315 1032 bus
338 983 502 1032 aestus
536 973 697 1045 hujus
732 975 919 1031 mundi
957 991 972 1028 :
1005 982 1060 1030 et
1091 989 1190 1045 per
1223 972 1553 1045 fragiliorem
1581 988 1794 1041 sexum,

215 1066 544 1122 inﬁrmiores
572 1074 791 1122 sanctos
825 1065 1018 1137 aptiori
1063 1065 1205 1130 loco,
1252 1067 1394 1120 sicut
1437 1065 1568 1123 dicit
1602 1064 1802 1122 Paulus

215 1159 528 1230 apostolus:
557 1157 754 1214 Fidelis
781 1168 858 1214 est
883 1158 1049 1225 Deus,
1073 1160 1163 1230 qui
1189 1175 1293 1213 non
1312 1159 1542 1230 patietur
1565 1175 1653 1214 eos
1681 1168 1798 1213 ten-

213 1249 318 1302 tari
371 1264 528 1319 super
561 1248 617 1302 id
647 1247 790 1319 quod
813 1249 1028 1318 potestis
1059 1247 1109 1320 (ι
1148 1247 1272 1302 Cor.
1305 1264 1373 1314 x;
1421 1248 1582 1318 Apoc.
1609 1246 1690 1320 x).
1716 1247 1801 1304 Ad

215 1338 317 1394 hoc
366 1339 580 1408 quidem
624 1339 860 1408 pertinet
902 1339 1046 1409 quod
1091 1338 1327 1394 Joannes
1376 1339 1430 1392 in
1475 1337 1801 1409 Apocalypsi

215 1444 310 1484 sua
331 1429 468 1484 vidit
493 1429 744 1501 angelum
790 1429 1008 1496 fortem,
1047 1431 1138 1499 qui
1180 1429 1361 1500 posuit
1399 1430 1596 1500 pedem
1641 1445 1800 1484 suum

215 1518 462 1575 dextrum
483 1535 647 1591 super
670 1535 845 1585 mare,
869 1520 1150 1576 sinistrum
1178 1530 1360 1576 autem
1385 1536 1548 1592 super
1573 1530 1798 1576 terram.

214 1609 460 1667 Fortiora
495 1611 694 1666 etenim
723 1611 966 1668 membra
1008 1611 1064 1667 in
1103 1611 1401 1682 majoribus
1429 1613 1704 1684 periculis,
1746 1621 1806 1669 et

214 1701 314 1757 alia
355 1703 410 1758 in
455 1703 884 1773 competentibus
927 1703 1213 1759 sistuntur.
1254 1703 1606 1760 Locutionem
1637 1720 1801 1775 quam

214 1791 459 1852 homines
487 1795 686 1851 debent
721 1797 928 1853 habere
964 1797 1019 1853 in
1057 1798 1318 1871 Ecclesia,
1351 1798 1552 1856 Paulus
1582 1799 1802 1855 manife-

1901 605 2060 659 teneis
2088 603 2138 676 (1
2163 601 2350 659 Paral.
2378 607 2513 677 xvi).
2539 605 2606 660 Et
2625 615 2751 676 post
2775 607 3015 677 reliqua:
3039 607 3208 678 Asaph
3233 618 3407 663 autem
3428 619 3487 663 ut

1898 698 2150 769 cymbalis
2183 709 2501 769 personaret,
2549 699 2816 755 Bananias
2843 715 2961 754 vero
2991 709 3039 755 et
3073 700 3216 755 Aziel
3242 701 3491 756 sacerdo-

1898 801 1973 847 tes
2002 803 2244 847 canerent
2269 794 2405 848 tubis
2426 794 2628 864 jugiter
2654 810 2828 848 coram
2859 809 2985 847 arca
3013 793 3224 863 {dederis
3249 793 3487 851 Domini.

1899 882 1966 937 In
1993 883 2086 938 illo
2111 883 2197 938 die
2237 883 2359 954 fecit
2393 884 2562 940 David
2587 885 2870 956 principem
2903 884 2972 939 ad
3002 883 3354 953 conﬁtendum
3381 883 3492 938 Do-

1898 975 2063 1040 mino,
2094 974 2269 1045 Λεαρὴ
2299 986 2346 1030 et
2372 975 2564 1046 fratres
2592 976 2727 1047 ejus.
2767 975 2833 1030 Et
2870 976 3065 1030 iterum
3094 988 3109 1028 :
3144 973 3333 1029 Emam
3365 991 3496 1046 quo-

1898 1081 2000 1136 que
2024 1074 2074 1120 et
2103 1065 2323 1123 ldithun
2345 1078 2588 1123 canentes
2615 1068 2774 1122 tuba:
2796 1076 2844 1122 et
2863 1061 3153 1138 quatienks
3180 1065 3418 1136 cymbala
3443 1076 3491 1120 et

1901 1161 2076 1216 omnia
2104 1161 2426 1215 musicorum
2456 1176 2655 1230 organa
2687 1159 2756 1212 ad
2795 1157 3089 1213 canendum
3119 1156 3248 1211 Deo.
3288 1156 3355 1210 Et
3393 1156 3490 1210 ita

1900 1268 2022 1308 rum
2048 1271 2061 1306 :
2087 1251 2339 1306 Cantores
2361 1251 2459 1321 ﬁlii
2479 1251 2656 1321 Asaph
2685 1249 2894 1305 stabant
2925 1250 2978 1302 in
3004 1248 3186 1301 ordine
3209 1263 3305 1301 suo
3320 1247 3486 1316 juxta

1900 1353 2216 1415 prwceptum
2248 1342 2446 1408 David,
2481 1351 2529 1397 et
2569 1342 2747 1414 Asapli
2776 1351 2824 1396 et
2847 1340 3022 1395 Eman
3055 1349 3102 1393 et
3133 1338 3349 1394 ldithun
3377 1354 3497 1410 pro-

1901 1435 2177 1506 phetarum
2204 1435 2359 1505 regis.
2390 1433 2684 1489 Cantorum
2717 1434 2926 1504 primus
2963 1432 3046 1501 (ut
3071 1431 3247 1486 Verba
3279 1430 3492 1484 dierum

1904 1527 2153 1598 narrant)
2181 1527 2351 1581 Eman
2389 1527 2598 1582 exstitit
2626 1545 2638 1580 :
2675 1523 2748 1580 Hi
2779 1542 2896 1580 vero
2925 1533 3044 1580 sunt
3065 1523 3154 1594 qui
3181 1521 3492 1576 assistebant

1904 1635 2023 1672 cum
2052 1618 2177 1687 ﬁliis
2205 1621 2336 1686 suis,
2381 1619 2446 1673 de
2489 1618 2616 1688 ﬁliis
2655 1617 2822 1674 Caath
2865 1631 2883 1669 :
2929 1616 3103 1670 Eman
3132 1623 3316 1668 cantor
3350 1614 3495 1684 ﬁlius

1903 1707 2044 1775 Joel,
2087 1708 2186 1778 ﬁlii
2227 1708 2472 1775 Samuel,
2511 1709 2610 1778 ﬁlii
2657 1708 2898 1774 Elcana,
2944 1708 3044 1778 ﬁlii
3095 1703 3349 1772 Geroam,
3395 1706 3497 1776 ﬁlii

1909 1800 2102 1867 Heliel,
2124 1802 2224 1870 ﬁlii
2252 1800 2458 1867 Thohu,
2481 1801 2581 1871 ﬁlii
2604 1800 2775 1871 Suph,
2795 1800 2894 1870 ﬁlii
2915 1800 3139 1864 Eleana,
3163 1798 3262 1868 ﬁlii
3284 1797 3494 1863 Maath,

213 1894 325 1941 stat
349 1887 538 1943 dicens
573 1889 643 1943 ad
668 1888 931 1959 Ephesios
962 1903 977 1943 :
1009 1888 1299 1962 Loquentes
1340 1893 1715 1964 nobismetipsis
1751 1894 1808 1948 in
1835 1877 1882 1938 Β
1909 1892 2009 1962 ﬁlii
2039 1891 2238 1957 Masat,
2267 1893 2367 1962 ﬁlii
2400 1892 2625 1957 Eleana,
2663 1891 2975 1962 ﬁlii'Joliel,
3009 1890 3109 1962 ﬁlii
3136 1891 3366 1955 Azariaa,
3393 1887 3496 1959 ﬁlii

211 1977 454 2048 psalmis,
477 1988 525 2034 et
548 1980 755 2050 hymnis
776 1991 824 2036 et
853 1983 1072 2036 canticis
1096 1983 1462 2054 spiritualibus
1484 1983 1701 2056 (Ep/iss.
1725 1985 1804 2055 v).

212 2067 370 2135 Quod
396 2068 470 2125 ita
497 2068 808 2142 Hieronym.
840 2072 894 2126 in
921 2080 1155 2128 tractatu
1175 2084 1490 2129 memorata:
1510 2075 1762 2145 Epistolzc
1786 2094 1801 2130 :

213 2155 319 2224 Qui
351 2172 410 2213 se
437 2160 760 2215 abstinuerit
784 2163 854 2216 ab
891 2162 1157 2218 ebrietate
1193 2163 1304 2218 vini
1331 2164 1387 2218 in
1413 2179 1524 2234 quo
1546 2163 1805 2220 est-luxu-

214 2247 316 2315 ria,
345 2257 400 2304 et
434 2263 534 2318 pro
569 2250 670 2306 hoc
716 2251 910 2321 spiritu
950 2251 1116 2308 fuerit
1152 2253 1428 2325 impletus,
1477 2255 1581 2311 iste
1619 2257 1804 2313 omnia

212 2348 391 2409 potest
417 2341 664 2412 accipere
683 2343 1022 2413 spiritaliter,
1043 2345 1306 2416 psalmos,
1334 2346 1566 2418 hymnos
1595 2355 1653 2402 et
1673 2362 1805 2403 can-

214 2429 339 2485 tica.
381 2429 519 2498 Quid
560 2439 654 2486 aut
685 2432 901 2488 intersit
946 2435 1088 2490 inter
1133 2435 1423 2506 psalmum,
1461 2437 1720 2508 hymnum
1746 2445 1804 2494 et

213 2521 486 2577 canticum
525 2522 579 2578 in
616 2523 876 2593 psalterio
909 2525 1224 2596 plenissime
1261 2528 1521 2584 discimus
1545 2545 1560 2584 :
1585 2527 1675 2585 hic
1700 2544 1801 2584 au-

215 2621 323 2670 tem
347 2614 584 2671 breviter
613 2620 629 2683 ,
659 2616 892 2687 hymnos
921 2632 1046 2674 esse
1068 2617 1378 2686 dicendum,
1413 2621 1504 2690 qui
1533 2619 1804 2678 fortitudi-

211 2722 337 2763 nem
359 2715 415 2762 et
438 2706 779 2776 maiestatem
805 2710 1104 2780 praedicant
1145 2712 1262 2778 Dei,
1292 2722 1348 2768 et
1383 2711 1627 2782 ejusdem
1659 2730 1802 2770 sem-

212 2815 312 2870 per
337 2799 424 2855 vel
466 2798 730 2856 beneﬁcia
779 2801 863 2856 vel
907 2801 1053 2858 facta
1091 2803 1378 2860 mirantur.
1413 2803 1567 2872 Quod
1611 2821 1802 2862 omnes

210 2891 403 2964 psalmi
445 2893 744 2960 continent,
789 2896 986 2966 quibus
1027 2896 1254 2954 Alleluia
1295 2900 1381 2956 vel
1425 2903 1798 2972 praepositum,

212 2982 299 3040 vel
324 2985 627 3056 subjectum
650 2995 754 3043 est.
779 2985 978 3043 Psalmi
1005 2997 1185 3045 autem
1208 2992 1428 3062 proprie
1456 2993 1524 3049 ad
1561 2995 1800 3051 ethicum

211 3073 388 3131 locum
416 3075 707 3146 pertinent,
733 3087 796 3134 ut
826 3093 925 3150 per
949 3094 1213 3152 organum
1253 3086 1521 3156 corporis,
1562 3087 1692 3157 quid
1719 3087 1802 3144 fa-

210 3167 463 3224 ciendum
489 3180 545 3224 et
573 3169 704 3240 quid
747 3171 1024 3229 vitandum
1061 3175 1134 3230 sit
1172 3177 1504 3234 noverimus.
1536 3179 1638 3248 Qui
1666 3196 1796 3237 vero

1906 1983 2210 2056 Sophoniw,
2239 1985 2340 2053 ﬁlii
2364 1983 2588 2048 Thahat,
2617 1984 2716 2054 ﬁlii
2747 1983 2888 2047 Asir,
2923 1983 3023 2052 ﬁlii
3046 1982 3369 2053 Abihasaph,
3395 1980 3498 2050 ﬁlii

1905 2076 2098 2142 Chore,
2140 2075 2239 2146 ﬁlii
2287 2075 2450 2142 Saar,
2491 2075 2591 2146 ﬁlii
2628 2076 2815 2141 Caath,
2849 2075 2948 2145 ﬁlii
2983 2075 3126 2140 Levi,
3161 2075 3262 2144 ﬁlii
3299 2073 3492 2140 Israel,

1901 2179 1953 2224 et
1982 2170 2174 2239 fratres
2203 2169 2319 2240 ejus
2351 2170 2442 2240 qui
2464 2169 2675 2224 stabant
2699 2185 2731 2223 a
2755 2169 2954 2224 dextris
2993 2170 3108 2240 ejus
3135 2168 3190 2242 (Ι
3226 2167 3358 2223 Par.
3391 2167 3490 2240 vn),

1902 2259 2074 2318 Ofﬁcii
2117 2270 2298 2318 tamen
2349 2263 2564 2318 illorum
2596 2272 2785 2318 auctor
2811 2263 3022 2319 exstitit
3047 2263 3236 2318 David.
3279 2261 3355 2316 De
3385 2277 3493 2332 qua

1903 2369 1963 2409 re
1993 2353 2124 2409 dicit
2144 2353 2480 2426 Augustinus
2512 2354 2567 2408 in
2597 2354 2736 2410 libro
2767 2355 2976 2410 decimo
3003 2354 3234 2424 septimo
3256 2353 3322 2407 de
3349 2349 3494 2407 Civi-

1903 2455 2016 2502 tate
2060 2447 2180 2513 Dei,
2227 2462 2348 2518 cap.
2398 2448 2487 2504 18.
2533 2447 2665 2503 Erat
2701 2455 2885 2502 autem
2936 2446 3109 2501 David
3158 2446 3213 2500 in
3262 2445 3492 2500 canticis

1903 2539 2167 2606 eruditus,
2200 2539 2294 2609 qui
2327 2540 2668 2595 harmoniam
2700 2541 2964 2597 musicam
2997 2555 3104 2594 non
3145 2539 3353 2610 vulgari
3397 2554 3492 2594 vo-

1900 2631 2130 2702 luptate,
2167 2631 2264 2688 sed
2292 2630 2438 2687 ﬁdeli
2481 2631 2761 2688 voluntate
2795 2631 3068 2698 dilexerit,
3113 2645 3178 2686 ea
3222 2629 3334 2686 Deo
3368 2644 3488 2694 suo,

1901 2724 1996 2794 qui
2027 2738 2190 2780 verus
2221 2731 2308 2779 est
2339 2722 2503 2788 Deus,
2540 2723 2771 2794 mystica
2801 2723 2881 2778 rei
2924 2737 3135 2794 magna:
3172 2720 3494 2793 ﬁguratione

1901 2816 2173 2872 servierit.
2219 2816 2568 2872 Diversorum
2609 2816 2756 2871 enim
2785 2831 3043 2872 sonorum
3072 2812 3408 2870 rationabilis
3435 2822 3492 2868 et

1900 2909 2215 2966 moderatus
2261 2917 2558 2965 concentus
2582 2909 2840 2966 concordi
2865 2909 3127 2965 varietate
3153 2916 3492 2979 compactam

1899 3003 2036 3058 bene
2084 3002 2349 3059 ordinata:
2401 3002 2638 3058 civitatis
2693 3001 2963 3074 signiﬁcat
3011 3002 3296 3056 unitatem.
3354 2999 3492 3056 Ilinc

1899 3099 2139 3149 tractent
2175 3101 2427 3150 cantores
2455 3094 2582 3164 quid
2613 3092 2885 3165 signiﬁcet
2925 3093 3246 3166 symphonia
3275 3107 3485 3148 eorum.

1897 3186 1978 3242 Ea
2005 3187 2298 3243 admonent
2321 3185 2558 3256 plebem,
2590 3194 2651 3242 ut
2679 3186 2736 3242 in
2768 3185 2978 3242 unitate
3004 3187 3168 3242 unius
3191 3184 3287 3241 Dei
3315 3183 3492 3240 cultus

213 3254 280 3352 de
304 3256 671 3326 superioribus
707 3259 966 3333 disputat,
999 3273 1056 3322 et
1083 3276 1408 3326 conventum
1438 3244 1646 3338 mundi,
1682 3288 1796 3329 om-
1821 3244 1866 3309 C
1895 3286 2263 3352 perseverent.
2286 3244 2512 3334 Etiamsi
2533 3244 2730 3349 aliquis
2757 3279 2954 3335 surdus
2980 3277 3232 3343 adfuerit,
3256 3277 3490 3347 idipsum

212 3347 468 3418 niumque
517 3358 893 3407 creaturarum
941 3355 1190 3412 ordinem
1238 3366 1403 3430 atque
1447 3362 1799 3420 concordiam

213 3438 426 3494 subtilis
458 3439 764 3510 disputator
798 3442 1068 3509 edisserit,
1096 3445 1202 3501 iste
1221 3448 1499 3516 spirituale
1523 3451 1798 3509 canticum

213 3529 380 3594 canit,
405 3528 490 3585 vel
514 3537 686 3596 certe,
719 3539 778 3585 ut
800 3541 1023 3604 propter
1051 3533 1410 3605 simpliciores
1434 3539 1796 3611 manifestius,

211 3619 358 3689 quod
384 3617 652 3686 volumus,
683 3619 1002 3691 eloquamur
1023 3642 1037 3679 :
1061 3625 1302 3695 psalmus
1326 3629 1396 3685 ad
1427 3645 1646 3702 corpus,
1671 3648 1801 3690 can-

216 3706 383 3762 ticum
413 3707 644 3764 refertur
669 3710 736 3766 ad
768 3721 1028 3769 mentem.
1055 3714 1124 3770 Et
1145 3731 1341 3774 canere
1365 3719 1550 3792 igitur,
1577 3732 1634 3779 et
1658 3725 1801 3795 psalo

213 3799 349 3868 lere,
377 3809 433 3857 et
459 3800 681 3861 laudare
719 3805 891 3862 Deum
934 3808 1108 3881 magis
1141 3811 1323 3868 animo
1357 3829 1522 3885 quam
1549 3830 1683 3874 voce
1709 3818 1804 3875 de-

212 3895 422 3952 bemus.
467 3895 623 3965 Quod
676 3901 1154 3971 prtetermisimus,
1209 3904 1332 3974 quis
1380 3909 1800 3977 apostolicorum

213 3993 422 4064 primus
453 3997 724 4064 statuerit,
753 4005 814 4053 ut
840 3996 1054 4055 femina:
1074 3999 1267 4058 velatae
1310 4003 1578 4062 intrarent
1619 4007 1674 4062 in
1711 4023 1803 4064 eo-

213 4083 453 4152 clesiam,
485 4085 576 4142 hic
603 4102 784 4144 remur
818 4089 1200 4147 intromittere.
1237 4091 1406 4150 Linus
1445 4097 1665 4154 natione
1701 4097 1803 4154 Ita-

213 4173 316 4239 lus,
348 4183 408 4232 ut
445 4175 642 4246 legitur
675 4179 731 4232 in
771 4179 938 4249 gestis
979 4182 1396 4252 cpiscOpalibus,
1435 4200 1502 4240 ex
1529 4197 1801 4258 praecepto

213 4265 359 4321 beati
395 4263 541 4322 Petri
589 4269 874 4325 constituit
904 4278 964 4325 ut
1003 4272 1200 4330 mulier
1228 4275 1284 4331 in
1317 4276 1602 4335 ecclesiam
1623 4280 1802 4340 velato

213 4356 394 4429 capite
414 4358 684 4416 introiret.

831 4452 1059 4513 CAPUT
1098 4456 1184 4513 III.

702 4541 782 4600 De
811 4546 969 4602 choro
1002 4559 1296 4607 cantorum.

1897 3379 2044 3426 statu
2083 3369 2299 3426 illorum
2335 3369 2392 3424 in
2429 3370 2597 3424 choro
2625 3369 3028 3425 ordinatissimo
3077 3369 3354 3424 insinuant
3388 3387 3401 3422 :
3430 3377 3491 3423 ut

1897 3463 1991 3535 qui
2025 3462 2247 3518 auribus
2273 3476 2471 3532 capere
2511 3475 2619 3516 non
2657 3468 2886 3533 possunt
2921 3460 3208 3527 unitatem,
3236 3459 3356 3514 visu
3392 3475 3487 3515 ca-

1896 3554 2071 3625 piant.
2120 3553 2294 3608 Porro
2339 3561 2594 3609 cantores
2638 3551 2951 3609 laudatores
2986 3552 3082 3608 Dei
3118 3559 3266 3616 sunt,
3314 3559 3370 3606 et
3420 3551 3490 3606 ad

1898 3645 2113 3702 laudem
2155 3653 2384 3701 caeteros
2419 3644 2739 3701 excitantes.
2771 3646 2846 3700 De
2879 3659 2988 3716 quo
3023 3642 3386 3714 Hieronymus
3431 3643 3490 3698 in

1899 3744 2139 3792 tractatu
2169 3735 2321 3792 Isaiae
2348 3735 2488 3792 libro
2511 3735 2689 3806 primo
2719 3753 2734 3792 :
2765 3734 2832 3790 Et
2857 3749 3020 3806 super
3051 3735 3251 3791 choros
3287 3733 3400 3806 (qui
3430 3733 3488 3788 in

1899 3829 2038 3885 libro
2061 3828 2282 3884 Dierum
2307 3827 2521 3900 plenius
2555 3828 2954 3895 describuntur)
2980 3827 3160 3898 Asaph
3189 3835 3245 3882 et
3272 3826 3489 3882 ldithun

1900 3931 1958 3979 et
1970 3922 2141 3978 Eman
2160 3930 2216 3978 et
2237 3921 2332 3978 ﬁlii
2348 3921 2526 3980 Chore
2542 3921 2819 3979 constituti
2843 3929 2968 3978 sunt
2988 3919 3040 3994 (I
3062 3921 3191 3977 Par.
3215 3931 3332 3976 vict
3349 3919 3488 3993 xvi),

1900 4021 1961 4067 ut
1985 4011 2248 4082 paulatim
2276 4027 2306 4068 a
2333 4011 2620 4068 sacriﬁciis
2645 4011 2986 4068 victimarum
3023 4011 3091 4067 ad
3130 4010 3342 4066 laudem
3383 4009 3490 4065 Do-

1900 4104 2033 4159 mini
2059 4105 2318 4160 transiret
2345 4104 2553 4176 religio.
2585 4103 2644 4159 Id
2669 4102 3107 4174 frequentissime
3133 4103 3404 4173 reperitur
3432 4102 3491 4158 in

1901 4195 2086 4252 Veteri
2107 4195 2477 4261 Testamento,
2494 4194 2583 4250 ubi
2607 4209 2792 4250 eorum
2806 4195 3040 4251 oﬁicium
3058 4202 3335 4260 narratur,
3350 4209 3488 4265 Opus

1902 4301 2092 4342 eorum
2116 4301 2237 4342 esse
2264 4285 2658 4342 confessionem
2686 4285 2919 4342 Domini.
2949 4286 3048 4342 llic
3083 4301 3272 4342 versus
3301 4286 3488 4356 sapis-

1902 4377 2039 4433 sime
2063 4378 2378 4434 cantoribus
2403 4378 2730 4448 imputatur:
2751 4376 3082 4448 Conﬁtemini
3108 4377 3336 4434 Domino
3357 4394 3489 4450 quo-

1905 4470 2048 4525 niam
2077 4469 2261 4535 bonus,
2307 4472 2555 4542 quoniam
2596 4471 2650 4525 in
2677 4478 2926 4529 retentum
2955 4471 3314 4526 misericordia
3347 4471 3485 4542 ejus.

1904 4561 2087 4618 Nostri
2135 4571 2385 4620 cantores
2429 4579 2538 4620 non
2588 4572 2773 4619 tenent
2797 4562 3065 4635 cymbala,
3087 4578 3266 4635 neque
3289 4561 3486 4636 lyram,

245 4687 249 4690 .
285 4635 618 4710 Augustinus
675 4637 730 4694 in
784 4639 994 4710 psalmo
1041 4646 1341 4702 centesimo
1385 4648 1800 4720 quadragesimo
1824 4613 1878 4674 Β
1902 4668 2078 4724 neque
2104 4655 2364 4710 citharam
2393 4655 2662 4722 manibus,
2703 4613 2880 4726 neqde
2917 4613 3112 4712 cetera
3141 4613 3338 4727 genera
3370 4613 3489 4713 mu:

214 4745 360 4787 nono
384 4749 398 4786 :
428 4731 496 4786 Et
527 4731 728 4787 chorus
751 4733 880 4803 quid
905 4735 1193 4805 signiﬁcet,
1223 4739 1378 4794 multi
1407 4750 1626 4796 norunt.
1659 4741 1801 4798 Cho-

214 4837 359 4890 rum,
381 4822 506 4894 quia
532 4822 586 4878 in
619 4823 838 4880 civitate
863 4825 1152 4896 loquimur,
1168 4845 1338 4902 prope
1361 4847 1551 4890 omnes
1575 4846 1798 4892 norunt.

213 4913 426 4972 Chorus
457 4922 541 4971 est
560 4916 847 4972 consensio
872 4920 1230 4975 cantantium.
1259 4920 1316 4975 Si
1339 4922 1394 4977 in
1423 4925 1591 4980 choro
1613 4935 1802 4982 canta-

213 5022 361 5075 mus,
388 5007 553 5065 eorde
576 5017 880 5064 cantamus.
903 5009 960 5065 In
987 5010 1156 5067 choro
1188 5015 1526 5071 cantantium
1554 5018 1801 5088 quisquis

210 5115 351 5158 voce
395 5102 771 5174 discrepuerit,
815 5103 1040 5162 oﬁ'endit
1088 5107 1351 5176 auditum,
1406 5121 1464 5167 et
1515 5116 1800 5183 perturbat

211 5193 467 5250 chorum.
499 5194 739 5252 Isidorus
770 5214 783 5251 :
818 5195 1030 5254 Chorus
1067 5209 1155 5255 est
1197 5201 1483 5261 multitudo
1526 5204 1580 5260 in
1628 5205 1800 5262 sacris

210 5285 458 5352 collecta,
490 5295 546 5343 et
570 5289 744 5345 dictus
767 5289 990 5357 chorus,
1019 5293 1163 5362 quod
1189 5293 1343 5349 initio
1372 5295 1426 5350 in
1456 5297 1673 5354 modum
1701 5314 1798 5355 co-

212 5394 367 5436 ronae
396 5380 601 5446 circum
645 5397 769 5438 aras
803 5392 1014 5440 starent
1045 5395 1100 5441 et
1150 5387 1225 5442 ita
1259 5388 1567 5458 psallerent.
1595 5391 1798 5449 Canto-

211 5486 341 5538 rum
381 5473 628 5532 ordinem
672 5477 997 5548 suscipimus
1031 5493 1098 5534 ex
1139 5479 1390 5537 Davidica
1433 5484 1790 5543 institutione.

210 5563 444 5632 Quando
473 5568 794 5635 reportanda
820 5578 936 5624 erat
967 5585 1096 5626 arca
1141 5572 1350 5629 Domini
1381 5576 1448 5632 de
1471 5577 1632 5633 domo
1655 5577 1796 5635 Obe-

211 5655 412 5713 dedom
442 5658 504 5713 in-
533 5660 755 5716 civitate
783 5661 985 5729 David,
1025 5666 1283 5735 praecepit
1315 5666 1484 5725 David
1511 5669 1594 5740 (ut
1616 5668 1792 5728 Verba
1819 5698 1824 5700 -

213 5747 430 5813 dictum
455 5756 697 5824 narrant)
717 5755 1048 5813 constituere
1070 5757 1284 5814 Levitas
1305 5760 1370 5815 de
1397 5759 1658 5820 fratribus
1683 5765 1797 5820 suis

213 5850 470 5902 cantores
490 5844 547 5902 in
566 5847 782 5921 organis
809 5849 1155 5907 musicorum.
1177 5848 1570 5910 Constituerunt
1606 5855 1797 5916 Levita:

1897 4745 2156 4811 sicorum,
2200 4745 2296 4801 sed
2325 4746 2507 4803 corde.
2550 4746 2765 4814 Quanto
2792 4762 2890 4803 cor
2925 4747 3102 4818 majus
3124 4755 3209 4802 est
3235 4763 3484 4817 corpore,

1898 4846 2054 4894 tanto
2074 4839 2186 4894 Deo
2205 4837 2452 4895 devotius
2476 4839 2763 4895 exhibetur
2787 4839 2932 4910 quod
2959 4855 3058 4908 per
3086 4853 3184 4894 cor
3206 4838 3287 4905 ﬁt,
3318 4855 3483 4909 quam

1895 4940 1994 4995 per
2020 4940 2239 4995 corpus.
2265 4925 2368 4995 Ipsi
2402 4934 2656 4980 cantores
2685 4935 2811 4980 sunt
2835 4927 2983 4992 tuba,
3009 4926 3112 4995 ipsi
3139 4925 3481 4995 psalterium,

1897 5015 2000 5083 ipsi
2023 5015 2257 5080 cithara,
2279 5015 2381 5084 ipsi
2404 5022 2739 5085 tympanum.
2764 5015 2864 5086 ipsi
2885 5016 3103 5081 chorus,
3120 5017 3221 5088 ipsi
3243 5017 3480 5082 chordae,

1898 5104 2001 5174 ipsi
2023 5120 2308 5176 organum,
2327 5104 2427 5174 ipsi
2457 5105 2700 5177 cymbala
2722 5107 2875 5180 (Tob.
2896 5109 3036 5180 vm).
3064 5107 3484 5180 UndeAugusti—

1897 5213 2002 5254 nus
2049 5197 2105 5252 in
2150 5197 2288 5252 libro
2335 5195 2672 5256 Psalmorum
2722 5201 3000 5256 novissimi
3049 5200 3240 5272 psalmi
3281 5219 3292 5255 :
3333 5201 3480 5257 Idem

1899 5289 2004 5361 ipsi
2027 5291 2202 5346 sancti
2231 5293 2359 5347 sunt
2384 5292 2437 5347 in
2461 5294 2710 5350 omnibus
2733 5294 2955 5350 musicis
2975 5293 3214 5365 organis.
3237 5294 3303 5349 Et
3321 5294 3480 5366 paulo

1898 5390 2022 5452 post
2052 5401 2066 5437 :
2099 5381 2339 5438 Laudate
2366 5384 2652 5439 Dominum
2683 5385 2739 5439 in
2771 5387 2967 5440 sanctis
2993 5386 3128 5457 ejus.
3174 5385 3288 5442 Iloc
3330 5404 3480 5445 exse-

1899 5471 2086 5541 quitur
2115 5471 2285 5538 varie,
2315 5472 2626 5543 signiﬁcans
2655 5474 2872 5529 eosdem
2902 5473 3046 5546 ipsos
3071 5486 3285 5532 sanctos
3311 5476 3428 5546 ejus
3459 5498 3475 5536 :

1900 5559 2139 5617 Laudate
2168 5579 2286 5617 eum
2315 5563 2369 5616 in
2401 5579 2526 5617 sono
2563 5563 2721 5630 tabat,
2755 5575 2976 5636 propter
3011 5567 3184 5624 laudis
3214 5569 3479 5625 excellen-

1901 5654 2164 5709 tissimam
2188 5654 2507 5709 claritatem.
2540 5654 2779 5711 Laudate
2816 5675 2932 5713 eum
2968 5660 3022 5714 in
3051 5660 3296 5731 psalterio
3331 5673 3378 5716 et
3403 5662 3478 5717 ri—

1901 5746 2056 5800 thara
2076 5761 2094 5798 :
2122 5746 2435 5824 psalterium
2450 5760 2534 5804 est
2552 5749 2618 5805 de
2639 5751 3006 5821 superioribus
3027 5751 3253 5808 laudans
3275 5753 3476 5809 Deum:

1900 5838 2108 5895 cithara
2147 5838 2212 5895 de
2254 5837 2604 5901 inferioribus
2649 5840 2873 5903 laudans
2899 5842 3091 5914 Deum,
3137 5855 3389 5918 tanquam
3413 5845 3481 5907 de
