  <div class='ocr_page' id='page_1' title='image "/cluster/home/n/w/nwhite01/storage/ocr_20150623/105/hvd.32044021109350/557.png"; bbox 0 0 3978 6460; ppageno 0'>
   <div class='ocr_carea' id='block_1_1' title="bbox 511 369 652 428">
    <p class='ocr_par' dir='ltr' id='par_1_1' title="bbox 511 369 652 428">
     <span class='ocr_line' id='line_1_1' title="bbox 511 369 652 428; baseline -0.035 0"><span class='ocrx_word' id='word_1_1' title='bbox 511 369 652 428; x_wconf 71' lang='grc'><strong>1107</strong></span> 
     </span>
    </p>
   </div>
   <div class='ocr_carea' id='block_1_2' title="bbox 1585 361 2727 423">
    <p class='ocr_par' dir='ltr' id='par_1_2' title="bbox 1585 361 2727 423">
     <span class='ocr_line' id='line_1_2' title="bbox 1585 361 2727 423; baseline -0.003 0"><span class='ocrx_word' id='word_1_2' title='bbox 1585 365 1874 423; x_wconf 77' lang='lat' dir='ltr'><strong>MALARII</strong></span> <span class='ocrx_word' id='word_1_3' title='bbox 1909 363 2347 422; x_wconf 72' lang='lat' dir='ltr'><strong>PRESBYTER!</strong></span> <span class='ocrx_word' id='word_1_4' title='bbox 2387 361 2727 420; x_wconf 77' lang='lat' dir='ltr'><strong>METENSIS</strong></span> 
     </span>
    </p>
   </div>
   <div class='ocr_carea' id='block_1_3' title="bbox 507 477 3803 555">
    <p class='ocr_par' dir='ltr' id='par_1_3' title="bbox 507 477 3803 555">
     <span class='ocr_line' id='line_1_3' title="bbox 507 477 3803 555; baseline -0.002 -10"><span class='ocrx_word' id='word_1_5' title='bbox 507 486 820 545; x_wconf 68' lang='lat' dir='ltr'><strong>celestibus</strong></span> <span class='ocrx_word' id='word_1_6' title='bbox 858 492 913 540; x_wconf 90' lang='lat' dir='ltr'><strong>et</strong></span> <span class='ocrx_word' id='word_1_7' title='bbox 943 485 1314 549; x_wconf 92' lang='lat' dir='ltr'><strong>terrestribus,</strong></span> <span class='ocrx_word' id='word_1_8' title='bbox 1365 493 1622 555; x_wconf 90' lang='lat' dir='ltr'><strong>tanquam</strong></span> <span class='ocrx_word' id='word_1_9' title='bbox 1664 500 1788 540; x_wconf 87' lang='lat' dir='ltr'><strong>eum</strong></span> <span class='ocrx_word' id='word_1_10' title='bbox 1828 484 1920 554; x_wconf 89' lang='lat' dir='ltr'><strong>qui</strong></span> <span class='ocrx_word' id='word_1_11' title='bbox 1965 481 2092 538; x_wconf 83' lang='lat' dir='ltr'><strong>fecit</strong></span> <span class='ocrx_word' id='word_1_12' title='bbox 2119 480 2171 543; x_wconf 77' lang='grc' dir='ltr'><strong>Α</strong></span> <span class='ocrx_word' id='word_1_13' title='bbox 2196 489 2400 547; x_wconf 85' lang='lat' dir='ltr'><strong>nostra,</strong></span> <span class='ocrx_word' id='word_1_14' title='bbox 2436 489 2496 536; x_wconf 90' lang='lat' dir='ltr'><strong>ut</strong></span> <span class='ocrx_word' id='word_1_15' title='bbox 2521 481 2590 536; x_wconf 89' lang='lat' dir='ltr'><strong>ad</strong></span> <span class='ocrx_word' id='word_1_16' title='bbox 2618 480 2878 536; x_wconf 79' lang='lat' dir='ltr'><strong>virtutem</strong></span> <span class='ocrx_word' id='word_1_17' title='bbox 2903 477 3264 551; x_wconf 79' lang='lat' dir='ltr'><strong>decoremque</strong></span> <span class='ocrx_word' id='word_1_18' title='bbox 3291 480 3589 536; x_wconf 73' lang='lat' dir='ltr'><strong>castitatis</strong></span> <span class='ocrx_word' id='word_1_19' title='bbox 3613 495 3803 550; x_wconf 78' lang='lat' dir='ltr'><strong>perve-</strong></span> 
     </span>
    </p>
   </div>
   <div class='ocr_carea' id='block_1_4' title="bbox 507 576 2094 648">
    <p class='ocr_par' dir='ltr' id='par_1_4' title="bbox 507 576 2094 648">
     <span class='ocr_line' id='line_1_4' title="bbox 507 576 2094 648; baseline -0.003 -12"><span class='ocrx_word' id='word_1_20' title='bbox 507 580 708 637; x_wconf 83' lang='lat' dir='ltr'><strong>coelum</strong></span> <span class='ocrx_word' id='word_1_21' title='bbox 737 587 794 634; x_wconf 90' lang='lat' dir='ltr'><strong>et</strong></span> <span class='ocrx_word' id='word_1_22' title='bbox 820 586 1040 634; x_wconf 88' lang='lat' dir='ltr'><strong>terram.</strong></span> <span class='ocrx_word' id='word_1_23' title='bbox 1073 576 1195 633; x_wconf 71' lang='lat' dir='ltr'><strong>iam</strong></span> <span class='ocrx_word' id='word_1_24' title='bbox 1227 579 1424 648; x_wconf 85' lang='lat' dir='ltr'><strong>quippe</strong></span> <span class='ocrx_word' id='word_1_25' title='bbox 1459 578 1512 631; x_wconf 89' lang='lat' dir='ltr'><strong>in</strong></span> <span class='ocrx_word' id='word_1_26' title='bbox 1541 577 1648 631; x_wconf 88' lang='lat' dir='ltr'><strong>alio</strong></span> <span class='ocrx_word' id='word_1_27' title='bbox 1675 577 1890 646; x_wconf 78' lang='lat' dir='ltr'><strong>psalmo</strong></span> <span class='ocrx_word' id='word_1_28' title='bbox 1929 591 2094 646; x_wconf 81' lang='lat' dir='ltr'><strong>expo-</strong></span> 
     </span>
    </p>
   </div>
   <div class='ocr_carea' id='block_1_5' title="bbox 509 665 2094 741">
    <p class='ocr_par' dir='ltr' id='par_1_5' title="bbox 509 665 2094 741">
     <span class='ocr_line' id='line_1_5' title="bbox 509 665 2094 741; baseline -0.005 -14"><span class='ocrx_word' id='word_1_29' title='bbox 509 671 716 728; x_wconf 85' lang='lat' dir='ltr'><strong>suimus</strong></span> <span class='ocrx_word' id='word_1_30' title='bbox 749 670 1063 741; x_wconf 84' lang='lat' dir='ltr'><strong>psalterium</strong></span> <span class='ocrx_word' id='word_1_31' title='bbox 1104 670 1333 738; x_wconf 82' lang='lat' dir='ltr'><strong>desuper</strong></span> <span class='ocrx_word' id='word_1_32' title='bbox 1364 669 1564 724; x_wconf 88' lang='lat' dir='ltr'><strong>habere</strong></span> <span class='ocrx_word' id='word_1_33' title='bbox 1595 683 1849 723; x_wconf 90' lang='lat' dir='ltr'><strong>sonorum</strong></span> <span class='ocrx_word' id='word_1_34' title='bbox 1877 667 2008 720; x_wconf 87' lang='lat' dir='ltr'><strong>illud</strong></span> <span class='ocrx_word' id='word_1_35' title='bbox 2033 665 2094 719; x_wconf 89' lang='lat' dir='ltr'><strong>li-</strong></span> 
     </span>
    </p>
   </div>
   <div class='ocr_carea' id='block_1_6' title="bbox 509 757 2095 835">
    <p class='ocr_par' dir='ltr' id='par_1_6' title="bbox 509 757 2095 835">
     <span class='ocr_line' id='line_1_6' title="bbox 509 757 2095 835; baseline -0.004 -19"><span class='ocrx_word' id='word_1_36' title='bbox 509 779 694 835; x_wconf 89' lang='lat' dir='ltr'><strong>gnum,</strong></span> <span class='ocrx_word' id='word_1_37' title='bbox 727 763 812 816; x_wconf 89' lang='lat' dir='ltr'><strong>cui</strong></span> <span class='ocrx_word' id='word_1_38' title='bbox 840 776 1127 818; x_wconf 80' lang='lat' dir='ltr'><strong>nervorum</strong></span> <span class='ocrx_word' id='word_1_39' title='bbox 1157 761 1346 825; x_wconf 86' lang='lat' dir='ltr'><strong>series,</strong></span> <span class='ocrx_word' id='word_1_40' title='bbox 1373 769 1432 814; x_wconf 90' lang='lat' dir='ltr'><strong>ut</strong></span> <span class='ocrx_word' id='word_1_41' title='bbox 1451 760 1730 814; x_wconf 85' lang='lat' dir='ltr'><strong>meliorem</strong></span> <span class='ocrx_word' id='word_1_42' title='bbox 1752 773 1941 811; x_wconf 59' lang='lat' dir='ltr'><strong>sonum</strong></span> <span class='ocrx_word' id='word_1_43' title='bbox 1973 757 2095 811; x_wconf 81' lang='lat' dir='ltr'><strong>red-</strong></span> 
     </span>
    </p>
   </div>
   <div class='ocr_carea' id='block_1_7' title="bbox 509 849 2090 924">
    <p class='ocr_par' dir='ltr' id='par_1_7' title="bbox 509 849 2090 924">
     <span class='ocr_line' id='line_1_7' title="bbox 509 849 2090 924; baseline -0.003 -17"><span class='ocrx_word' id='word_1_44' title='bbox 509 853 621 918; x_wconf 89' lang='lat' dir='ltr'><strong>dat,</strong></span> <span class='ocrx_word' id='word_1_45' title='bbox 649 853 934 918; x_wconf 84' lang='lat' dir='ltr'><strong>incumbit,</strong></span> <span class='ocrx_word' id='word_1_46' title='bbox 977 853 1118 922; x_wconf 90' lang='lat' dir='ltr'><strong>quod</strong></span> <span class='ocrx_word' id='word_1_47' title='bbox 1158 853 1360 924; x_wconf 89' lang='lat' dir='ltr'><strong>lignum</strong></span> <span class='ocrx_word' id='word_1_48' title='bbox 1393 852 1601 906; x_wconf 80' lang='lat' dir='ltr'><strong>cithara</strong></span> <span class='ocrx_word' id='word_1_49' title='bbox 1642 850 1865 904; x_wconf 80' lang='lat' dir='ltr'><strong>inferius</strong></span> <span class='ocrx_word' id='word_1_50' title='bbox 1908 849 2090 903; x_wconf 83' lang='lat' dir='ltr'><strong>habet.</strong></span> 
     </span>
    </p>
   </div>
   <div class='ocr_carea' id='block_1_8' title="bbox 510 941 2096 1014">
    <p class='ocr_par' dir='ltr' id='par_1_8' title="bbox 510 941 2096 1014">
     <span class='ocr_line' id='line_1_8' title="bbox 510 941 2096 1014; baseline -0.001 -18"><span class='ocrx_word' id='word_1_51' title='bbox 510 941 751 997; x_wconf 85' lang='lat' dir='ltr'><strong>Laudate</strong></span> <span class='ocrx_word' id='word_1_52' title='bbox 783 960 903 997; x_wconf 82' lang='lat' dir='ltr'><strong>eum</strong></span> <span class='ocrx_word' id='word_1_53' title='bbox 931 944 986 997; x_wconf 85' lang='lat' dir='ltr'><strong>iu</strong></span> <span class='ocrx_word' id='word_1_54' title='bbox 1012 953 1257 1014; x_wconf 79' lang='lat' dir='ltr'><strong>tympano</strong></span> <span class='ocrx_word' id='word_1_55' title='bbox 1303 954 1351 996; x_wconf 87' lang='lat' dir='ltr'><strong>et</strong></span> <span class='ocrx_word' id='word_1_56' title='bbox 1395 944 1552 997; x_wconf 80' lang='lat' dir='ltr'><strong>choro</strong></span> <span class='ocrx_word' id='word_1_57' title='bbox 1584 959 1603 997; x_wconf 92' lang='lat'><strong><em>:</em></strong></span> <span class='ocrx_word' id='word_1_58' title='bbox 1633 950 1949 1012; x_wconf 83' lang='lat' dir='ltr'><strong>tympanum</strong></span> <span class='ocrx_word' id='word_1_59' title='bbox 1987 941 2096 994; x_wconf 85' lang='lat' dir='ltr'><strong>lau-</strong></span> 
     </span>
    </p>
   </div>
   <div class='ocr_carea' id='block_1_9' title="bbox 508 1031 2096 1103">
    <p class='ocr_par' dir='ltr' id='par_1_9' title="bbox 508 1031 2096 1103">
     <span class='ocr_line' id='line_1_9' title="bbox 508 1031 2096 1103; baseline -0.002 -14"><span class='ocrx_word' id='word_1_60' title='bbox 508 1031 605 1089; x_wconf 87' lang='lat' dir='ltr'><strong>dat</strong></span> <span class='ocrx_word' id='word_1_61' title='bbox 637 1034 944 1100; x_wconf 71' lang='lat' dir='ltr'><strong>Dominul,</strong></span> <span class='ocrx_word' id='word_1_62' title='bbox 975 1049 1097 1088; x_wconf 91' lang='lat' dir='ltr'><strong>cum</strong></span> <span class='ocrx_word' id='word_1_63' title='bbox 1129 1033 1244 1103; x_wconf 88' lang='lat' dir='ltr'><strong>jam</strong></span> <span class='ocrx_word' id='word_1_64' title='bbox 1285 1033 1339 1087; x_wconf 92' lang='lat' dir='ltr'><strong>in</strong></span> <span class='ocrx_word' id='word_1_65' title='bbox 1382 1048 1546 1088; x_wconf 89' lang='lat' dir='ltr'><strong>carne</strong></span> <span class='ocrx_word' id='word_1_66' title='bbox 1575 1041 1780 1086; x_wconf 86' lang='lat' dir='ltr'><strong>mutata</strong></span> <span class='ocrx_word' id='word_1_67' title='bbox 1823 1031 1969 1086; x_wconf 86' lang='lat' dir='ltr'><strong>nulla</strong></span> <span class='ocrx_word' id='word_1_68' title='bbox 2010 1038 2096 1086; x_wconf 86' lang='lat' dir='ltr'><strong>est</strong></span> 
     </span>
    </p>
   </div>
   <div class='ocr_carea' id='block_1_10' title="bbox 512 1122 2095 1192">
    <p class='ocr_par' dir='ltr' id='par_1_10' title="bbox 512 1122 2095 1192">
     <span class='ocr_line' id='line_1_10' title="bbox 512 1122 2095 1192; baseline -0.001 -15"><span class='ocrx_word' id='word_1_69' title='bbox 512 1131 744 1179; x_wconf 86' lang='lat' dir='ltr'><strong>terrenae</strong></span> <span class='ocrx_word' id='word_1_70' title='bbox 772 1124 1133 1192; x_wconf 88' lang='lat' dir='ltr'><strong>corruptionis</strong></span> <span class='ocrx_word' id='word_1_71' title='bbox 1177 1123 1463 1178; x_wconf 82' lang='lat' dir='ltr'><strong>inﬁrmitas</strong></span> <span class='ocrx_word' id='word_1_72' title='bbox 1490 1138 1504 1177; x_wconf 91' lang='lat'><strong>:</strong></span> <span class='ocrx_word' id='word_1_73' title='bbox 1533 1124 1597 1178; x_wconf 92' lang='lat' dir='ltr'><strong>de</strong></span> <span class='ocrx_word' id='word_1_74' title='bbox 1630 1123 1776 1178; x_wconf 89' lang='lat' dir='ltr'><strong>corio</strong></span> <span class='ocrx_word' id='word_1_75' title='bbox 1812 1123 2009 1192; x_wconf 89' lang='lat' dir='ltr'><strong>quippe</strong></span> <span class='ocrx_word' id='word_1_76' title='bbox 2034 1122 2095 1176; x_wconf 82' lang='lat' dir='ltr'><strong>ﬁt</strong></span> 
     </span>
    </p>
   </div>
   <div class='ocr_carea' id='block_1_11' title="bbox 512 1215 2097 1288">
    <p class='ocr_par' dir='ltr' id='par_1_11' title="bbox 512 1215 2097 1288">
     <span class='ocr_line' id='line_1_11' title="bbox 512 1215 2097 1288; baseline -0.002 -16"><span class='ocrx_word' id='word_1_77' title='bbox 512 1227 824 1288; x_wconf 82' lang='lat' dir='ltr'><strong>tympanum</strong></span> <span class='ocrx_word' id='word_1_78' title='bbox 866 1221 1138 1273; x_wconf 75' lang='lat' dir='ltr'><strong>exsiccato</strong></span> <span class='ocrx_word' id='word_1_79' title='bbox 1182 1227 1345 1286; x_wconf 88' lang='lat' dir='ltr'><strong>atque</strong></span> <span class='ocrx_word' id='word_1_80' title='bbox 1391 1218 1623 1272; x_wconf 87' lang='lat' dir='ltr'><strong>ﬁrmato.</strong></span> <span class='ocrx_word' id='word_1_81' title='bbox 1657 1216 1870 1272; x_wconf 88' lang='lat' dir='ltr'><strong>Chorus</strong></span> <span class='ocrx_word' id='word_1_82' title='bbox 1913 1215 2097 1269; x_wconf 85' lang='lat' dir='ltr'><strong>laudat</strong></span> 
     </span>
    </p>
   </div>
   <div class='ocr_carea' id='block_1_12' title="bbox 511 1307 2098 1380">
    <p class='ocr_par' dir='ltr' id='par_1_12' title="bbox 511 1307 2098 1380">
     <span class='ocr_line' id='line_1_12' title="bbox 511 1307 2098 1380; baseline -0.003 -16"><span class='ocrx_word' id='word_1_83' title='bbox 511 1309 822 1376; x_wconf 91' lang='lat' dir='ltr'><strong>Dominum,</strong></span> <span class='ocrx_word' id='word_1_84' title='bbox 846 1311 1062 1380; x_wconf 83' lang='lat' dir='ltr'><strong>quando</strong></span> <span class='ocrx_word' id='word_1_85' title='bbox 1089 1326 1211 1364; x_wconf 88' lang='lat' dir='ltr'><strong>eum</strong></span> <span class='ocrx_word' id='word_1_86' title='bbox 1250 1310 1431 1364; x_wconf 81' lang='lat' dir='ltr'><strong>laudat</strong></span> <span class='ocrx_word' id='word_1_87' title='bbox 1454 1319 1644 1380; x_wconf 81' lang='lat' dir='ltr'><strong>pacata</strong></span> <span class='ocrx_word' id='word_1_88' title='bbox 1674 1311 1926 1364; x_wconf 87' lang='lat' dir='ltr'><strong>societas.</strong></span> <span class='ocrx_word' id='word_1_89' title='bbox 1954 1307 2098 1360; x_wconf 86' lang='lat' dir='ltr'><strong>Lau-</strong></span> 
     </span>
    </p>
   </div>
   <div class='ocr_carea' id='block_1_13' title="bbox 507 1405 2096 1479">
    <p class='ocr_par' dir='ltr' id='par_1_13' title="bbox 507 1405 2096 1479">
     <span class='ocr_line' id='line_1_13' title="bbox 507 1405 2096 1479; baseline -0.001 -18"><span class='ocrx_word' id='word_1_90' title='bbox 507 1407 632 1461; x_wconf 80' lang='lat' dir='ltr'><strong>date</strong></span> <span class='ocrx_word' id='word_1_91' title='bbox 671 1424 790 1462; x_wconf 85' lang='lat' dir='ltr'><strong>eum</strong></span> <span class='ocrx_word' id='word_1_92' title='bbox 835 1409 891 1463; x_wconf 83' lang='lat' dir='ltr'><strong>in</strong></span> <span class='ocrx_word' id='word_1_93' title='bbox 926 1408 1136 1462; x_wconf 78' lang='lat' dir='ltr'><strong>chordis</strong></span> <span class='ocrx_word' id='word_1_94' title='bbox 1179 1419 1227 1462; x_wconf 87' lang='lat' dir='ltr'><strong>et</strong></span> <span class='ocrx_word' id='word_1_95' title='bbox 1278 1425 1476 1479; x_wconf 84' lang='lat' dir='ltr'><strong>organo</strong></span> <span class='ocrx_word' id='word_1_96' title='bbox 1508 1423 1526 1460; x_wconf 87' lang='lat'><strong><em>:</em></strong></span> <span class='ocrx_word' id='word_1_97' title='bbox 1556 1408 1788 1462; x_wconf 86' lang='lat' dir='ltr'><strong>chordas</strong></span> <span class='ocrx_word' id='word_1_98' title='bbox 1831 1405 1994 1461; x_wconf 82' lang='lat' dir='ltr'><strong>habet</strong></span> <span class='ocrx_word' id='word_1_99' title='bbox 2039 1413 2096 1460; x_wconf 89' lang='lat' dir='ltr'><strong>et</strong></span> 
     </span>
    </p>
   </div>
   <div class='ocr_carea' id='block_1_14' title="bbox 508 1497 2096 1570">
    <p class='ocr_par' dir='ltr' id='par_1_14' title="bbox 508 1497 2096 1570">
     <span class='ocr_line' id='line_1_14' title="bbox 508 1497 2096 1570; baseline 0.001 -18"><span class='ocrx_word' id='word_1_100' title='bbox 508 1497 849 1566; x_wconf 85' lang='lat' dir='ltr'><strong>psalterium,</strong></span> <span class='ocrx_word' id='word_1_101' title='bbox 879 1507 936 1554; x_wconf 91' lang='lat' dir='ltr'><strong>et</strong></span> <span class='ocrx_word' id='word_1_102' title='bbox 961 1499 1191 1564; x_wconf 85' lang='lat' dir='ltr'><strong>cithara,</strong></span> <span class='ocrx_word' id='word_1_103' title='bbox 1224 1515 1343 1568; x_wconf 64' lang='lat' dir='ltr'><strong>quae</strong></span> <span class='ocrx_word' id='word_1_104' title='bbox 1379 1501 1627 1570; x_wconf 85' lang='lat' dir='ltr'><strong>superius</strong></span> <span class='ocrx_word' id='word_1_105' title='bbox 1669 1507 2096 1554; x_wconf 90' lang='lat' dir='ltr'><strong>commemorata</strong></span> 
     </span>
    </p>
   </div>
   <div class='ocr_carea' id='block_1_15' title="bbox 507 1587 2096 1660">
    <p class='ocr_par' dir='ltr' id='par_1_15' title="bbox 507 1587 2096 1660">
     <span class='ocr_line' id='line_1_15' title="bbox 507 1587 2096 1660; baseline 0.001 -18"><span class='ocrx_word' id='word_1_106' title='bbox 507 1595 654 1642; x_wconf 88' lang='lat' dir='ltr'><strong>sunt.</strong></span> <span class='ocrx_word' id='word_1_107' title='bbox 701 1587 975 1660; x_wconf 84' lang='lat' dir='ltr'><strong>Organum</strong></span> <span class='ocrx_word' id='word_1_108' title='bbox 1007 1599 1189 1648; x_wconf 87' lang='lat' dir='ltr'><strong>autem</strong></span> <span class='ocrx_word' id='word_1_109' title='bbox 1219 1591 1467 1658; x_wconf 82' lang='lat' dir='ltr'><strong>generale</strong></span> <span class='ocrx_word' id='word_1_110' title='bbox 1505 1607 1698 1645; x_wconf 87' lang='lat' dir='ltr'><strong>nomen</strong></span> <span class='ocrx_word' id='word_1_111' title='bbox 1731 1599 1815 1644; x_wconf 83' lang='lat' dir='ltr'><strong>est</strong></span> <span class='ocrx_word' id='word_1_112' title='bbox 1842 1605 2096 1644; x_wconf 79' lang='lat' dir='ltr'><strong>vasorum</strong></span> 
     </span>
    </p>
   </div>
   <div class='ocr_carea' id='block_1_16' title="bbox 507 1680 2100 1752">
    <p class='ocr_par' dir='ltr' id='par_1_16' title="bbox 507 1680 2100 1752">
     <span class='ocr_line' id='line_1_16' title="bbox 507 1680 2100 1752; baseline 0.001 -18"><span class='ocrx_word' id='word_1_113' title='bbox 507 1680 749 1734; x_wconf 90' lang='lat' dir='ltr'><strong>omnium</strong></span> <span class='ocrx_word' id='word_1_114' title='bbox 775 1682 1123 1736; x_wconf 91' lang='lat' dir='ltr'><strong>musicorum.</strong></span> <span class='ocrx_word' id='word_1_115' title='bbox 1151 1683 1409 1748; x_wconf 89' lang='lat' dir='ltr'><strong>Quamvis</strong></span> <span class='ocrx_word' id='word_1_116' title='bbox 1426 1683 1539 1752; x_wconf 87' lang='lat' dir='ltr'><strong>jam</strong></span> <span class='ocrx_word' id='word_1_117' title='bbox 1560 1682 1854 1736; x_wconf 84' lang='lat' dir='ltr'><strong>obtinuerit</strong></span> <span class='ocrx_word' id='word_1_118' title='bbox 1876 1695 2100 1737; x_wconf 86' lang='lat' dir='ltr'><strong>consue-</strong></span> 
     </span>
    </p>
   </div>
   <div class='ocr_carea' id='block_1_17' title="bbox 508 1771 2097 1845">
    <p class='ocr_par' dir='ltr' id='par_1_17' title="bbox 508 1771 2097 1845">
     <span class='ocr_line' id='line_1_17' title="bbox 508 1771 2097 1845; baseline 0.003 -21"><span class='ocrx_word' id='word_1_119' title='bbox 508 1771 661 1836; x_wconf 87' lang='lat' dir='ltr'><strong>tudo,</strong></span> <span class='ocrx_word' id='word_1_120' title='bbox 699 1779 759 1826; x_wconf 90' lang='lat' dir='ltr'><strong>ut</strong></span> <span class='ocrx_word' id='word_1_121' title='bbox 787 1789 988 1844; x_wconf 87' lang='lat' dir='ltr'><strong>organa</strong></span> <span class='ocrx_word' id='word_1_122' title='bbox 1027 1777 1244 1845; x_wconf 85' lang='lat' dir='ltr'><strong>proprie</strong></span> <span class='ocrx_word' id='word_1_123' title='bbox 1288 1776 1538 1829; x_wconf 89' lang='lat' dir='ltr'><strong>dicantur</strong></span> <span class='ocrx_word' id='word_1_124' title='bbox 1578 1793 1641 1830; x_wconf 90' lang='lat' dir='ltr'><strong>ea</strong></span> <span class='ocrx_word' id='word_1_125' title='bbox 1680 1792 1800 1845; x_wconf 71' lang='lat' dir='ltr'><strong>quae</strong></span> <span class='ocrx_word' id='word_1_126' title='bbox 1840 1776 2097 1830; x_wconf 84' lang='lat' dir='ltr'><strong>inﬂantur</strong></span> 
     </span>
    </p>
   </div>
   <div class='ocr_carea' id='block_1_18' title="bbox 2194 573 3800 643">
    <p class='ocr_par' dir='ltr' id='par_1_18' title="bbox 2194 573 3800 643">
     <span class='ocr_line' id='line_1_18' title="bbox 2194 573 3800 643; baseline 0.001 -13"><span class='ocrx_word' id='word_1_127' title='bbox 2194 578 2332 641; x_wconf 86' lang='lat' dir='ltr'><strong>niat,</strong></span> <span class='ocrx_word' id='word_1_128' title='bbox 2361 575 2529 632; x_wconf 86' lang='lat' dir='ltr'><strong>arctis</strong></span> <span class='ocrx_word' id='word_1_129' title='bbox 2563 591 2622 630; x_wconf 87' lang='lat' dir='ltr'><strong>se</strong></span> <span class='ocrx_word' id='word_1_130' title='bbox 2647 590 2875 630; x_wconf 84' lang='lat' dir='ltr'><strong>necesse</strong></span> <span class='ocrx_word' id='word_1_131' title='bbox 2898 583 2981 630; x_wconf 89' lang='lat' dir='ltr'><strong>est</strong></span> <span class='ocrx_word' id='word_1_132' title='bbox 3002 573 3352 643; x_wconf 71' lang='lat' dir='ltr'><strong>ieiuniorum,</strong></span> <span class='ocrx_word' id='word_1_133' title='bbox 3382 578 3706 640; x_wconf 87' lang='lat' dir='ltr'><strong>orationis,</strong></span> <span class='ocrx_word' id='word_1_134' title='bbox 3729 578 3800 632; x_wconf 78' lang='lat' dir='ltr'><strong>vi-</strong></span> 
     </span>
    </p>
   </div>
   <div class='ocr_carea' id='block_1_19' title="bbox 2193 669 3796 742">
    <p class='ocr_par' dir='ltr' id='par_1_19' title="bbox 2193 669 3796 742">
     <span class='ocr_line' id='line_1_19' title="bbox 2193 669 3796 742; baseline 0.002 -20"><span class='ocrx_word' id='word_1_135' title='bbox 2193 669 2442 739; x_wconf 82' lang='lat' dir='ltr'><strong>giliarum</strong></span> <span class='ocrx_word' id='word_1_136' title='bbox 2491 678 2548 723; x_wconf 92' lang='lat' dir='ltr'><strong>et</strong></span> <span class='ocrx_word' id='word_1_137' title='bbox 2591 669 2759 724; x_wconf 86' lang='lat' dir='ltr'><strong>totius</strong></span> <span class='ocrx_word' id='word_1_138' title='bbox 2802 669 3148 724; x_wconf 69' lang='lat' dir='ltr'><strong>continentiae</strong></span> <span class='ocrx_word' id='word_1_139' title='bbox 3198 669 3491 725; x_wconf 84' lang='lat' dir='ltr'><strong>laboribus</strong></span> <span class='ocrx_word' id='word_1_140' title='bbox 3553 672 3796 742; x_wconf 84' lang='lat' dir='ltr'><strong>subigat,</strong></span> 
     </span>
    </p>
   </div>
   <div class='ocr_carea' id='block_1_20' title="bbox 2194 761 3798 833">
    <p class='ocr_par' dir='ltr' id='par_1_20' title="bbox 2194 761 3798 833">
     <span class='ocr_line' id='line_1_20' title="bbox 2194 761 3798 833; baseline 0.004 -18"><span class='ocrx_word' id='word_1_141' title='bbox 2194 762 2390 833; x_wconf 85' lang='lat' dir='ltr'><strong>quibus</strong></span> <span class='ocrx_word' id='word_1_142' title='bbox 2412 761 2690 818; x_wconf 84' lang='lat' dir='ltr'><strong>naturales</strong></span> <span class='ocrx_word' id='word_1_143' title='bbox 2709 770 2766 816; x_wconf 88' lang='lat' dir='ltr'><strong>et</strong></span> <span class='ocrx_word' id='word_1_144' title='bbox 2799 763 2947 818; x_wconf 84' lang='lat' dir='ltr'><strong>velut</strong></span> <span class='ocrx_word' id='word_1_145' title='bbox 2973 763 3239 832; x_wconf 85' lang='lat' dir='ltr'><strong>ingenitas</strong></span> <span class='ocrx_word' id='word_1_146' title='bbox 3259 761 3376 832; x_wconf 83' lang='lat' dir='ltr'><strong>ejus</strong></span> <span class='ocrx_word' id='word_1_147' title='bbox 3397 763 3798 822; x_wconf 76' lang='lat' dir='ltr'><strong>delectationes</strong></span> 
     </span>
    </p>
   </div>
   <div class='ocr_carea' id='block_1_21' title="bbox 2195 851 3796 925">
    <p class='ocr_par' dir='ltr' id='par_1_21' title="bbox 2195 851 3796 925">
     <span class='ocr_line' id='line_1_21' title="bbox 2195 851 3796 925; baseline 0.001 -19"><span class='ocrx_word' id='word_1_148' title='bbox 2195 854 2492 917; x_wconf 76' lang='lat' dir='ltr'><strong>exsiccare,</strong></span> <span class='ocrx_word' id='word_1_149' title='bbox 2523 861 2686 921; x_wconf 90' lang='lat' dir='ltr'><strong>atque</strong></span> <span class='ocrx_word' id='word_1_150' title='bbox 2715 851 2782 906; x_wconf 87' lang='lat' dir='ltr'><strong>ad</strong></span> <span class='ocrx_word' id='word_1_151' title='bbox 2819 868 2961 917; x_wconf 88' lang='lat' dir='ltr'><strong>eam,</strong></span> <span class='ocrx_word' id='word_1_152' title='bbox 2988 869 3151 922; x_wconf 88' lang='lat' dir='ltr'><strong>quam</strong></span> <span class='ocrx_word' id='word_1_153' title='bbox 3185 853 3608 917; x_wconf 83' lang='lat' dir='ltr'><strong>desideramus.</strong></span> <span class='ocrx_word' id='word_1_154' title='bbox 3636 856 3796 925; x_wconf 63' lang='lat' dir='ltr'><strong>digni.</strong></span> 
     </span>
    </p>
   </div>
   <div class='ocr_carea' id='block_1_22' title="bbox 2195 943 3795 1013">
    <p class='ocr_par' dir='ltr' id='par_1_22' title="bbox 2195 943 3795 1013">
     <span class='ocr_line' id='line_1_22' title="bbox 2195 943 3795 1013; baseline 0.001 -13"><span class='ocrx_word' id='word_1_155' title='bbox 2195 955 2363 1000; x_wconf 80' lang='lat' dir='ltr'><strong>tatem</strong></span> <span class='ocrx_word' id='word_1_156' title='bbox 2414 945 2628 998; x_wconf 80' lang='lat' dir='ltr'><strong>virtutis</strong></span> <span class='ocrx_word' id='word_1_157' title='bbox 2671 943 2934 999; x_wconf 87' lang='lat' dir='ltr'><strong>accedere</strong></span> <span class='ocrx_word' id='word_1_158' title='bbox 2967 959 3255 1013; x_wconf 86' lang='lat' dir='ltr'><strong>queamus.</strong></span> <span class='ocrx_word' id='word_1_159' title='bbox 3307 945 3373 998; x_wconf 84' lang='lat' dir='ltr'><strong>Et</strong></span> <span class='ocrx_word' id='word_1_160' title='bbox 3420 945 3486 998; x_wconf 88' lang='lat' dir='ltr'><strong>in</strong></span> <span class='ocrx_word' id='word_1_161' title='bbox 3527 945 3641 999; x_wconf 86' lang='lat' dir='ltr'><strong>alio</strong></span> <span class='ocrx_word' id='word_1_162' title='bbox 3691 945 3795 1002; x_wconf 74' lang='lat' dir='ltr'><strong>loco</strong></span> 
     </span>
    </p>
   </div>
   <div class='ocr_carea' id='block_1_23' title="bbox 2194 1036 3792 1108">
    <p class='ocr_par' dir='ltr' id='par_1_23' title="bbox 2194 1036 3792 1108">
     <span class='ocr_line' id='line_1_23' title="bbox 2194 1036 3792 1108; baseline -0.002 -13"><span class='ocrx_word' id='word_1_163' title='bbox 2194 1039 2439 1108; x_wconf 76' lang='lat' dir='ltr'><strong>ejusdem</strong></span> <span class='ocrx_word' id='word_1_164' title='bbox 2471 1057 2483 1092; x_wconf 92' lang='lat'><strong>:</strong></span> <span class='ocrx_word' id='word_1_165' title='bbox 2513 1038 2651 1105; x_wconf 85' lang='lat' dir='ltr'><strong>Quid</strong></span> <span class='ocrx_word' id='word_1_166' title='bbox 2701 1051 2801 1106; x_wconf 88' lang='lat' dir='ltr'><strong>per</strong></span> <span class='ocrx_word' id='word_1_167' title='bbox 2852 1037 3099 1108; x_wconf 86' lang='lat' dir='ltr'><strong>byssum,</strong></span> <span class='ocrx_word' id='word_1_168' title='bbox 3147 1036 3251 1090; x_wconf 87' lang='lat' dir='ltr'><strong>nisi</strong></span> <span class='ocrx_word' id='word_1_169' title='bbox 3295 1038 3560 1091; x_wconf 88' lang='lat' dir='ltr'><strong>candens</strong></span> <span class='ocrx_word' id='word_1_170' title='bbox 3611 1037 3792 1096; x_wconf 73' lang='lat' dir='ltr'><strong>decore</strong></span> 
     </span>
    </p>
   </div>
   <div class='ocr_carea' id='block_1_24' title="bbox 2195 1128 3793 1200">
    <p class='ocr_par' dir='ltr' id='par_1_24' title="bbox 2195 1128 3793 1200">
     <span class='ocr_line' id='line_1_24' title="bbox 2195 1128 3793 1200; baseline 0.001 -15"><span class='ocrx_word' id='word_1_171' title='bbox 2195 1131 2474 1186; x_wconf 76' lang='lat' dir='ltr'><strong>munditia:</strong></span> <span class='ocrx_word' id='word_1_172' title='bbox 2519 1128 2819 1199; x_wconf 75' lang='lat' dir='ltr'><strong>corporalis</strong></span> <span class='ocrx_word' id='word_1_173' title='bbox 2851 1128 3077 1184; x_wconf 85' lang='lat' dir='ltr'><strong>castitas</strong></span> <span class='ocrx_word' id='word_1_174' title='bbox 3116 1128 3479 1199; x_wconf 77' lang='lat' dir='ltr'><strong>designatur?</strong></span> <span class='ocrx_word' id='word_1_175' title='bbox 3537 1128 3600 1183; x_wconf 80' lang='lat' dir='ltr'><strong>In</strong></span> <span class='ocrx_word' id='word_1_176' title='bbox 3649 1132 3793 1200; x_wconf 80' lang='lat' dir='ltr'><strong>signi-</strong></span> 
     </span>
    </p>
   </div>
   <div class='ocr_carea' id='block_1_25' title="bbox 2195 1221 3788 1292">
    <p class='ocr_par' dir='ltr' id='par_1_25' title="bbox 2195 1221 3788 1292">
     <span class='ocr_line' id='line_1_25' title="bbox 2195 1221 3788 1292; baseline -0.001 -12"><span class='ocrx_word' id='word_1_177' title='bbox 2195 1224 2450 1280; x_wconf 77' lang='lat' dir='ltr'><strong>ﬁcatione</strong></span> <span class='ocrx_word' id='word_1_178' title='bbox 2489 1239 2594 1278; x_wconf 89' lang='lat' dir='ltr'><strong>non</strong></span> <span class='ocrx_word' id='word_1_179' title='bbox 2627 1224 2902 1292; x_wconf 84' lang='lat' dir='ltr'><strong>discrepat</strong></span> <span class='ocrx_word' id='word_1_180' title='bbox 2949 1231 3194 1278; x_wconf 85' lang='lat' dir='ltr'><strong>nostrum</strong></span> <span class='ocrx_word' id='word_1_181' title='bbox 3241 1221 3434 1285; x_wconf 86' lang='lat' dir='ltr'><strong>linum,</strong></span> <span class='ocrx_word' id='word_1_182' title='bbox 3489 1239 3610 1292; x_wconf 83' lang='lat' dir='ltr'><strong>quo</strong></span> <span class='ocrx_word' id='word_1_183' title='bbox 3635 1225 3788 1279; x_wconf 84' lang='lat' dir='ltr'><strong>nostri</strong></span> 
     </span>
    </p>
   </div>
   <div class='ocr_carea' id='block_1_26' title="bbox 2194 1314 3788 1387">
    <p class='ocr_par' dir='ltr' id='par_1_26' title="bbox 2194 1314 3788 1387">
     <span class='ocr_line' id='line_1_26' title="bbox 2194 1314 3788 1387; baseline -0.003 -13"><span class='ocrx_word' id='word_1_184' title='bbox 2194 1326 2449 1374; x_wconf 82' lang='lat' dir='ltr'><strong>cantores</strong></span> <span class='ocrx_word' id='word_1_185' title='bbox 2484 1316 2793 1371; x_wconf 82' lang='lat' dir='ltr'><strong>vestiuntur</strong></span> <span class='ocrx_word' id='word_1_186' title='bbox 2830 1331 2862 1369; x_wconf 87' lang='lat' dir='ltr'><strong>a</strong></span> <span class='ocrx_word' id='word_1_187' title='bbox 2887 1317 3068 1387; x_wconf 84' lang='lat' dir='ltr'><strong>bysso.</strong></span> <span class='ocrx_word' id='word_1_188' title='bbox 3117 1314 3223 1384; x_wconf 85' lang='lat' dir='ltr'><strong>Ipsi</strong></span> <span class='ocrx_word' id='word_1_189' title='bbox 3249 1315 3394 1369; x_wconf 85' lang='lat' dir='ltr'><strong>enim</strong></span> <span class='ocrx_word' id='word_1_190' title='bbox 3419 1314 3652 1369; x_wconf 73' lang='lat' dir='ltr'><strong>labores</strong></span> <span class='ocrx_word' id='word_1_191' title='bbox 3674 1331 3788 1385; x_wconf 83' lang='lat' dir='ltr'><strong>quos</strong></span> 
     </span>
    </p>
   </div>
   <div class='ocr_carea' id='block_1_27' title="bbox 2195 1406 3788 1478">
    <p class='ocr_par' dir='ltr' id='par_1_27' title="bbox 2195 1406 3788 1478">
     <span class='ocr_line' id='line_1_27' title="bbox 2195 1406 3788 1478; baseline -0.002 -13"><span class='ocrx_word' id='word_1_192' title='bbox 2195 1425 2358 1478; x_wconf 84' lang='lat' dir='ltr'><strong>supra</strong></span> <span class='ocrx_word' id='word_1_193' title='bbox 2394 1409 2652 1473; x_wconf 76' lang='lat' dir='ltr'><strong>diximus,</strong></span> <span class='ocrx_word' id='word_1_194' title='bbox 2691 1424 2801 1463; x_wconf 83' lang='lat' dir='ltr'><strong>non</strong></span> <span class='ocrx_word' id='word_1_195' title='bbox 2829 1416 2957 1462; x_wconf 90' lang='lat' dir='ltr'><strong>sunt</strong></span> <span class='ocrx_word' id='word_1_196' title='bbox 2979 1406 3202 1471; x_wconf 86' lang='lat' dir='ltr'><strong>candor,</strong></span> <span class='ocrx_word' id='word_1_197' title='bbox 3236 1406 3328 1462; x_wconf 86' lang='lat' dir='ltr'><strong>sed</strong></span> <span class='ocrx_word' id='word_1_198' title='bbox 3353 1421 3468 1475; x_wconf 86' lang='lat' dir='ltr'><strong>per</strong></span> <span class='ocrx_word' id='word_1_199' title='bbox 3501 1422 3604 1461; x_wconf 83' lang='lat' dir='ltr'><strong>eos</strong></span> <span class='ocrx_word' id='word_1_200' title='bbox 3623 1422 3788 1475; x_wconf 78' lang='lat' dir='ltr'><strong>perre-</strong></span> 
     </span>
    </p>
   </div>
   <div class='ocr_carea' id='block_1_28' title="bbox 2197 1497 3789 1567">
    <p class='ocr_par' dir='ltr' id='par_1_28' title="bbox 2197 1497 3789 1567">
     <span class='ocr_line' id='line_1_28' title="bbox 2197 1497 3789 1567; baseline -0.003 -11"><span class='ocrx_word' id='word_1_201' title='bbox 2197 1502 2346 1557; x_wconf 88' lang='lat' dir='ltr'><strong>nitur</strong></span> <span class='ocrx_word' id='word_1_202' title='bbox 2366 1500 2431 1555; x_wconf 86' lang='lat' dir='ltr'><strong>ad</strong></span> <span class='ocrx_word' id='word_1_203' title='bbox 2480 1499 2825 1562; x_wconf 83' lang='lat' dir='ltr'><strong>candorem;</strong></span> <span class='ocrx_word' id='word_1_204' title='bbox 2875 1514 2940 1552; x_wconf 87' lang='lat' dir='ltr'><strong>ac</strong></span> <span class='ocrx_word' id='word_1_205' title='bbox 2986 1499 3125 1562; x_wconf 90' lang='lat' dir='ltr'><strong>ideo,</strong></span> <span class='ocrx_word' id='word_1_206' title='bbox 3180 1506 3242 1552; x_wconf 91' lang='lat' dir='ltr'><strong>ut</strong></span> <span class='ocrx_word' id='word_1_207' title='bbox 3283 1497 3657 1567; x_wconf 71' lang='lat' dir='ltr'><strong>praetulimns,</strong></span> <span class='ocrx_word' id='word_1_208' title='bbox 3705 1513 3789 1567; x_wconf 86' lang='lat' dir='ltr'><strong>per</strong></span> 
     </span>
    </p>
   </div>
   <div class='ocr_carea' id='block_1_29' title="bbox 2199 1587 3784 1662">
    <p class='ocr_par' dir='ltr' id='par_1_29' title="bbox 2199 1587 3784 1662">
     <span class='ocr_line' id='line_1_29' title="bbox 2199 1587 3784 1662; baseline -0.005 -14"><span class='ocrx_word' id='word_1_209' title='bbox 2199 1593 2440 1651; x_wconf 87' lang='lat' dir='ltr'><strong>casulam</strong></span> <span class='ocrx_word' id='word_1_210' title='bbox 2495 1606 2784 1662; x_wconf 91' lang='lat' dir='ltr'><strong>possumus</strong></span> <span class='ocrx_word' id='word_1_211' title='bbox 2815 1589 3119 1659; x_wconf 80' lang='lat' dir='ltr'><strong>intelligere</strong></span> <span class='ocrx_word' id='word_1_212' title='bbox 3147 1589 3290 1658; x_wconf 88' lang='lat' dir='ltr'><strong>ipsos</strong></span> <span class='ocrx_word' id='word_1_213' title='bbox 3320 1587 3590 1651; x_wconf 79' lang='lat' dir='ltr'><strong>labores;</strong></span> <span class='ocrx_word' id='word_1_214' title='bbox 3639 1589 3688 1641; x_wconf 86' lang='lat' dir='ltr'><strong>in</strong></span> <span class='ocrx_word' id='word_1_215' title='bbox 3709 1603 3784 1641; x_wconf 83' lang='lat' dir='ltr'><strong>ca-</strong></span> 
     </span>
    </p>
   </div>
   <div class='ocr_carea' id='block_1_30' title="bbox 2199 1681 3783 1754">
    <p class='ocr_par' dir='ltr' id='par_1_30' title="bbox 2199 1681 3783 1754">
     <span class='ocr_line' id='line_1_30' title="bbox 2199 1681 3783 1754; baseline -0.006 -10"><span class='ocrx_word' id='word_1_216' title='bbox 2199 1691 2357 1744; x_wconf 85' lang='lat' dir='ltr'><strong>misia</strong></span> <span class='ocrx_word' id='word_1_217' title='bbox 2409 1701 2539 1740; x_wconf 93' lang='lat' dir='ltr'><strong>vero</strong></span> <span class='ocrx_word' id='word_1_218' title='bbox 2592 1685 2766 1754; x_wconf 83' lang='lat' dir='ltr'><strong>ipsam</strong></span> <span class='ocrx_word' id='word_1_219' title='bbox 2795 1682 3116 1737; x_wconf 86' lang='lat' dir='ltr'><strong>munditiam</strong></span> <span class='ocrx_word' id='word_1_220' title='bbox 3160 1682 3344 1736; x_wconf 87' lang='lat' dir='ltr'><strong>carnis</strong></span> <span class='ocrx_word' id='word_1_221' title='bbox 3381 1697 3516 1750; x_wconf 67' lang='lat' dir='ltr'><strong>quae</strong></span> <span class='ocrx_word' id='word_1_222' title='bbox 3563 1681 3783 1751; x_wconf 83' lang='lat' dir='ltr'><strong>splendet</strong></span> 
     </span>
    </p>
   </div>
   <div class='ocr_carea' id='block_1_31' title="bbox 2203 1773 3785 1843">
    <p class='ocr_par' dir='ltr' id='par_1_31' title="bbox 2203 1773 3785 1843">
     <span class='ocr_line' id='line_1_31' title="bbox 2203 1773 3785 1843; baseline -0.004 -7"><span class='ocrx_word' id='word_1_223' title='bbox 2203 1791 2329 1836; x_wconf 88' lang='lat' dir='ltr'><strong>ante</strong></span> <span class='ocrx_word' id='word_1_224' title='bbox 2351 1778 2660 1832; x_wconf 89' lang='lat' dir='ltr'><strong>Dominum.</strong></span> <span class='ocrx_word' id='word_1_225' title='bbox 2719 1775 2798 1829; x_wconf 79' lang='lat' dir='ltr'><strong>Ex</strong></span> <span class='ocrx_word' id='word_1_226' title='bbox 2830 1774 2984 1829; x_wconf 88' lang='lat' dir='ltr'><strong>nobis</strong></span> <span class='ocrx_word' id='word_1_227' title='bbox 3013 1773 3148 1843; x_wconf 88' lang='lat' dir='ltr'><strong>ipsis</strong></span> <span class='ocrx_word' id='word_1_228' title='bbox 3189 1787 3494 1842; x_wconf 85' lang='lat' dir='ltr'><strong>possumus</strong></span> <span class='ocrx_word' id='word_1_229' title='bbox 3521 1774 3785 1830; x_wconf 77' lang='lat' dir='ltr'><strong>addiscere</strong></span> 
     </span>
    </p>
   </div>
   <div class='ocr_carea' id='block_1_32' title="bbox 506 1861 3785 1938">
    <p class='ocr_par' dir='ltr' id='par_1_32' title="bbox 506 1861 3785 1938">
     <span class='ocr_line' id='line_1_32' title="bbox 506 1861 3785 1938; baseline 0.001 -21"><span class='ocrx_word' id='word_1_230' title='bbox 506 1861 744 1919; x_wconf 80' lang='lat' dir='ltr'><strong>follibus.</strong></span> <span class='ocrx_word' id='word_1_231' title='bbox 786 1864 938 1932; x_wconf 85' lang='lat' dir='ltr'><strong>Quod</strong></span> <span class='ocrx_word' id='word_1_232' title='bbox 967 1881 1137 1936; x_wconf 88' lang='lat' dir='ltr'><strong>genus</strong></span> <span class='ocrx_word' id='word_1_233' title='bbox 1178 1867 1540 1937; x_wconf 84' lang='lat' dir='ltr'><strong>signiﬁcatum</strong></span> <span class='ocrx_word' id='word_1_234' title='bbox 1577 1869 1664 1923; x_wconf 93' lang='lat' dir='ltr'><strong>hic</strong></span> <span class='ocrx_word' id='word_1_235' title='bbox 1704 1884 1825 1923; x_wconf 82' lang='lat' dir='ltr'><strong>esse</strong></span> <span class='ocrx_word' id='word_1_236' title='bbox 1862 1884 1966 1922; x_wconf 90' lang='lat' dir='ltr'><strong>non</strong></span> <span class='ocrx_word' id='word_1_237' title='bbox 2012 1884 2101 1922; x_wconf 93' lang='lat' dir='ltr'><strong>ar-</strong></span> <span class='ocrx_word' id='word_1_238' title='bbox 2129 1862 2176 1922; x_wconf 84' lang='grc' dir='ltr'><strong>Β</strong></span> <span class='ocrx_word' id='word_1_239' title='bbox 2205 1873 2352 1928; x_wconf 88' lang='lat' dir='ltr'><strong>aliud</strong></span> <span class='ocrx_word' id='word_1_240' title='bbox 2401 1886 2524 1925; x_wconf 89' lang='lat' dir='ltr'><strong>esse</strong></span> <span class='ocrx_word' id='word_1_241' title='bbox 2571 1867 2856 1938; x_wconf 78' lang='lat' dir='ltr'><strong>jejunium,</strong></span> <span class='ocrx_word' id='word_1_242' title='bbox 2890 1865 3169 1920; x_wconf 86' lang='lat' dir='ltr'><strong>orationes</strong></span> <span class='ocrx_word' id='word_1_243' title='bbox 3205 1874 3262 1918; x_wconf 88' lang='lat' dir='ltr'><strong>et</strong></span> <span class='ocrx_word' id='word_1_244' title='bbox 3286 1865 3529 1935; x_wconf 74' lang='lat' dir='ltr'><strong>vigilias,</strong></span> <span class='ocrx_word' id='word_1_245' title='bbox 3575 1876 3630 1920; x_wconf 85' lang='lat' dir='ltr'><strong>et</strong></span> <span class='ocrx_word' id='word_1_246' title='bbox 3655 1865 3785 1920; x_wconf 75' lang='lat' dir='ltr'><strong>aliud</strong></span> 
     </span>
    </p>
   </div>
   <div class='ocr_carea' id='block_1_33' title="bbox 507 1955 2092 2028">
    <p class='ocr_par' dir='ltr' id='par_1_33' title="bbox 507 1955 2092 2028">
     <span class='ocr_line' id='line_1_33' title="bbox 507 1955 2092 2028; baseline 0.004 -18"><span class='ocrx_word' id='word_1_247' title='bbox 507 1955 700 2010; x_wconf 86' lang='lat' dir='ltr'><strong>bitror.</strong></span> <span class='ocrx_word' id='word_1_248' title='bbox 739 1955 874 2011; x_wconf 82' lang='lat' dir='ltr'><strong>Nam</strong></span> <span class='ocrx_word' id='word_1_249' title='bbox 909 1974 1030 2014; x_wconf 89' lang='lat' dir='ltr'><strong>cum</strong></span> <span class='ocrx_word' id='word_1_250' title='bbox 1075 1974 1335 2028; x_wconf 79' lang='lat' dir='ltr'><strong>organum</strong></span> <span class='ocrx_word' id='word_1_251' title='bbox 1366 1963 1686 2016; x_wconf 79' lang='lat' dir='ltr'><strong>vocabulum</strong></span> <span class='ocrx_word' id='word_1_252' title='bbox 1723 1962 1970 2016; x_wconf 76' lang='lat' dir='ltr'><strong>Grtecum</strong></span> <span class='ocrx_word' id='word_1_253' title='bbox 2003 1963 2092 2025; x_wconf 90' lang='lat' dir='ltr'><strong>sit,</strong></span> 
     </span>
    </p>
   </div>
   <div class='ocr_carea' id='block_1_34' title="bbox 510 2050 2096 2121">
    <p class='ocr_par' dir='ltr' id='par_1_34' title="bbox 510 2050 2096 2121">
     <span class='ocr_line' id='line_1_34' title="bbox 510 2050 2096 2121; baseline 0.005 -20"><span class='ocrx_word' id='word_1_254' title='bbox 510 2057 570 2102; x_wconf 86' lang='lat' dir='ltr'><strong>ut</strong></span> <span class='ocrx_word' id='word_1_255' title='bbox 600 2050 731 2112; x_wconf 82' lang='lat' dir='ltr'><strong>dixi,</strong></span> <span class='ocrx_word' id='word_1_256' title='bbox 757 2051 1008 2121; x_wconf 83' lang='lat' dir='ltr'><strong>generale</strong></span> <span class='ocrx_word' id='word_1_257' title='bbox 1036 2055 1286 2108; x_wconf 89' lang='lat' dir='ltr'><strong>omnibus</strong></span> <span class='ocrx_word' id='word_1_258' title='bbox 1313 2055 1534 2110; x_wconf 87' lang='lat' dir='ltr'><strong>musicis</strong></span> <span class='ocrx_word' id='word_1_259' title='bbox 1569 2057 1962 2120; x_wconf 84' lang='lat' dir='ltr'><strong>instrumentis,</strong></span> <span class='ocrx_word' id='word_1_260' title='bbox 1992 2057 2096 2109; x_wconf 83' lang='lat' dir='ltr'><strong>huc</strong></span> 
     </span>
    </p>
   </div>
   <div class='ocr_carea' id='block_1_35' title="bbox 511 2139 2091 2218">
    <p class='ocr_par' dir='ltr' id='par_1_35' title="bbox 511 2139 2091 2218">
     <span class='ocr_line' id='line_1_35' title="bbox 511 2139 2091 2218; baseline 0.005 -24"><span class='ocrx_word' id='word_1_261' title='bbox 511 2141 597 2194; x_wconf 90' lang='lat' dir='ltr'><strong>cui</strong></span> <span class='ocrx_word' id='word_1_262' title='bbox 635 2139 787 2196; x_wconf 81' lang='lat' dir='ltr'><strong>folles</strong></span> <span class='ocrx_word' id='word_1_263' title='bbox 814 2144 1161 2211; x_wconf 87' lang='lat' dir='ltr'><strong>adhibentur,</strong></span> <span class='ocrx_word' id='word_1_264' title='bbox 1208 2147 1316 2200; x_wconf 93' lang='lat' dir='ltr'><strong>alio</strong></span> <span class='ocrx_word' id='word_1_265' title='bbox 1355 2146 1528 2202; x_wconf 56' lang='lat' dir='ltr'><strong>Graeci</strong></span> <span class='ocrx_word' id='word_1_266' title='bbox 1559 2149 1776 2202; x_wconf 89' lang='lat' dir='ltr'><strong>nomine</strong></span> <span class='ocrx_word' id='word_1_267' title='bbox 1802 2149 2091 2218; x_wconf 88' lang='lat' dir='ltr'><strong>appellant.</strong></span> 
     </span>
    </p>
   </div>
   <div class='ocr_carea' id='block_1_36' title="bbox 513 2229 2094 2310">
    <p class='ocr_par' dir='ltr' id='par_1_36' title="bbox 513 2229 2094 2310">
     <span class='ocr_line' id='line_1_36' title="bbox 513 2229 2094 2310; baseline 0.006 -25"><span class='ocrx_word' id='word_1_268' title='bbox 513 2229 584 2286; x_wconf 89' lang='lat' dir='ltr'><strong>Ut</strong></span> <span class='ocrx_word' id='word_1_269' title='bbox 603 2245 782 2288; x_wconf 86' lang='lat' dir='ltr'><strong>autem</strong></span> <span class='ocrx_word' id='word_1_270' title='bbox 805 2249 1064 2306; x_wconf 76' lang='lat' dir='ltr'><strong>organum</strong></span> <span class='ocrx_word' id='word_1_271' title='bbox 1095 2238 1328 2302; x_wconf 88' lang='lat' dir='ltr'><strong>dicatur,</strong></span> <span class='ocrx_word' id='word_1_272' title='bbox 1354 2241 1526 2310; x_wconf 91' lang='lat' dir='ltr'><strong>magis</strong></span> <span class='ocrx_word' id='word_1_273' title='bbox 1555 2238 1746 2294; x_wconf 88' lang='lat' dir='ltr'><strong>Latina</strong></span> <span class='ocrx_word' id='word_1_274' title='bbox 1782 2249 1835 2296; x_wconf 90' lang='lat' dir='ltr'><strong>et</strong></span> <span class='ocrx_word' id='word_1_275' title='bbox 1872 2254 1936 2294; x_wconf 87' lang='lat' dir='ltr'><strong>ca</strong></span> <span class='ocrx_word' id='word_1_276' title='bbox 1974 2241 2094 2295; x_wconf 89' lang='lat' dir='ltr'><strong>vul-</strong></span> 
     </span>
    </p>
   </div>
   <div class='ocr_carea' id='block_1_37' title="bbox 508 2325 2100 2404">
    <p class='ocr_par' dir='ltr' id='par_1_37' title="bbox 508 2325 2100 2404">
     <span class='ocr_line' id='line_1_37' title="bbox 508 2325 2100 2404; baseline 0.008 -27"><span class='ocrx_word' id='word_1_277' title='bbox 508 2325 654 2395; x_wconf 81' lang='lat' dir='ltr'><strong>garis</strong></span> <span class='ocrx_word' id='word_1_278' title='bbox 699 2336 783 2383; x_wconf 89' lang='lat' dir='ltr'><strong>est</strong></span> <span class='ocrx_word' id='word_1_279' title='bbox 822 2333 1172 2386; x_wconf 81' lang='lat' dir='ltr'><strong>consuetudo.</strong></span> <span class='ocrx_word' id='word_1_280' title='bbox 1208 2333 1361 2400; x_wconf 85' lang='lat' dir='ltr'><strong>Quod</strong></span> <span class='ocrx_word' id='word_1_281' title='bbox 1401 2349 1530 2404; x_wconf 88' lang='lat' dir='ltr'><strong>ergo</strong></span> <span class='ocrx_word' id='word_1_282' title='bbox 1570 2336 1666 2400; x_wconf 82' lang='lat' dir='ltr'><strong>ait,</strong></span> <span class='ocrx_word' id='word_1_283' title='bbox 1708 2337 1761 2390; x_wconf 92' lang='lat' dir='ltr'><strong>in</strong></span> <span class='ocrx_word' id='word_1_284' title='bbox 1799 2337 2018 2391; x_wconf 82' lang='lat' dir='ltr'><strong>chordis</strong></span> <span class='ocrx_word' id='word_1_285' title='bbox 2043 2345 2100 2390; x_wconf 90' lang='lat' dir='ltr'><strong>et</strong></span> 
     </span>
    </p>
   </div>
   <div class='ocr_carea' id='block_1_38' title="bbox 507 2419 2098 2498">
    <p class='ocr_par' dir='ltr' id='par_1_38' title="bbox 507 2419 2098 2498">
     <span class='ocr_line' id='line_1_38' title="bbox 507 2419 2098 2498; baseline 0.009 -28"><span class='ocrx_word' id='word_1_286' title='bbox 507 2432 731 2488; x_wconf 88' lang='lat' dir='ltr'><strong>organo,</strong></span> <span class='ocrx_word' id='word_1_287' title='bbox 761 2419 974 2476; x_wconf 85' lang='lat' dir='ltr'><strong>videtur</strong></span> <span class='ocrx_word' id='word_1_288' title='bbox 998 2424 1128 2478; x_wconf 92' lang='lat' dir='ltr'><strong>mihi</strong></span> <span class='ocrx_word' id='word_1_289' title='bbox 1155 2425 1372 2493; x_wconf 86' lang='lat' dir='ltr'><strong>aliquod</strong></span> <span class='ocrx_word' id='word_1_290' title='bbox 1410 2441 1671 2494; x_wconf 80' lang='lat' dir='ltr'><strong>organum</strong></span> <span class='ocrx_word' id='word_1_291' title='bbox 1697 2429 1842 2498; x_wconf 90' lang='lat' dir='ltr'><strong>quod</strong></span> <span class='ocrx_word' id='word_1_292' title='bbox 1865 2430 2098 2484; x_wconf 83' lang='lat' dir='ltr'><strong>chordas</strong></span> 
     </span>
    </p>
   </div>
   <div class='ocr_carea' id='block_1_39' title="bbox 508 2509 2099 2590">
    <p class='ocr_par' dir='ltr' id='par_1_39' title="bbox 508 2509 2099 2590">
     <span class='ocr_line' id='line_1_39' title="bbox 508 2509 2099 2590; baseline 0.008 -26"><span class='ocrx_word' id='word_1_293' title='bbox 508 2509 709 2564; x_wconf 85' lang='lat' dir='ltr'><strong>habeat</strong></span> <span class='ocrx_word' id='word_1_294' title='bbox 736 2511 1041 2581; x_wconf 73' lang='lat' dir='ltr'><strong>signiﬁcare</strong></span> <span class='ocrx_word' id='word_1_295' title='bbox 1068 2515 1322 2572; x_wconf 88' lang='lat' dir='ltr'><strong>voluisse.</strong></span> <span class='ocrx_word' id='word_1_296' title='bbox 1372 2518 1490 2573; x_wconf 85' lang='lat' dir='ltr'><strong>Non</strong></span> <span class='ocrx_word' id='word_1_297' title='bbox 1518 2521 1663 2574; x_wconf 89' lang='lat' dir='ltr'><strong>enim</strong></span> <span class='ocrx_word' id='word_1_298' title='bbox 1697 2521 1952 2590; x_wconf 87' lang='lat' dir='ltr'><strong>psalteria</strong></span> <span class='ocrx_word' id='word_1_299' title='bbox 1983 2522 2099 2578; x_wconf 85' lang='lat' dir='ltr'><strong>sola</strong></span> 
     </span>
    </p>
   </div>
   <div class='ocr_carea' id='block_1_40' title="bbox 509 2601 2101 2682">
    <p class='ocr_par' dir='ltr' id='par_1_40' title="bbox 509 2601 2101 2682">
     <span class='ocr_line' id='line_1_40' title="bbox 509 2601 2101 2682; baseline 0.011 -29"><span class='ocrx_word' id='word_1_300' title='bbox 509 2608 565 2654; x_wconf 88' lang='lat' dir='ltr'><strong>et</strong></span> <span class='ocrx_word' id='word_1_301' title='bbox 601 2601 823 2658; x_wconf 80' lang='lat' dir='ltr'><strong>citharae</strong></span> <span class='ocrx_word' id='word_1_302' title='bbox 863 2605 1098 2662; x_wconf 87' lang='lat' dir='ltr'><strong>chordas</strong></span> <span class='ocrx_word' id='word_1_303' title='bbox 1136 2608 1351 2670; x_wconf 85' lang='lat' dir='ltr'><strong>habent,</strong></span> <span class='ocrx_word' id='word_1_304' title='bbox 1386 2611 1477 2665; x_wconf 88' lang='lat' dir='ltr'><strong>sed</strong></span> <span class='ocrx_word' id='word_1_305' title='bbox 1505 2613 1632 2680; x_wconf 83' lang='lat' dir='ltr'><strong>quia</strong></span> <span class='ocrx_word' id='word_1_306' title='bbox 1663 2613 1716 2666; x_wconf 87' lang='lat' dir='ltr'><strong>in</strong></span> <span class='ocrx_word' id='word_1_307' title='bbox 1753 2613 2014 2682; x_wconf 83' lang='lat' dir='ltr'><strong>psalterio</strong></span> <span class='ocrx_word' id='word_1_308' title='bbox 2041 2622 2101 2670; x_wconf 80' lang='lat' dir='ltr'><strong>et</strong></span> 
     </span>
    </p>
   </div>
   <div class='ocr_carea' id='block_1_41' title="bbox 507 2693 2098 2774">
    <p class='ocr_par' dir='ltr' id='par_1_41' title="bbox 507 2693 2098 2774">
     <span class='ocr_line' id='line_1_41' title="bbox 507 2693 2098 2774; baseline 0.009 -27"><span class='ocrx_word' id='word_1_309' title='bbox 507 2693 718 2749; x_wconf 87' lang='lat' dir='ltr'><strong>cithara</strong></span> <span class='ocrx_word' id='word_1_310' title='bbox 746 2706 968 2768; x_wconf 82' lang='lat' dir='ltr'><strong>propter</strong></span> <span class='ocrx_word' id='word_1_311' title='bbox 999 2712 1192 2756; x_wconf 88' lang='lat' dir='ltr'><strong>sonum</strong></span> <span class='ocrx_word' id='word_1_312' title='bbox 1221 2703 1291 2755; x_wconf 84' lang='lat' dir='ltr'><strong>ab</strong></span> <span class='ocrx_word' id='word_1_313' title='bbox 1326 2701 1673 2759; x_wconf 72' lang='lat' dir='ltr'><strong>inferioribus</strong></span> <span class='ocrx_word' id='word_1_314' title='bbox 1707 2711 1764 2758; x_wconf 85' lang='lat' dir='ltr'><strong>et</strong></span> <span class='ocrx_word' id='word_1_315' title='bbox 1802 2707 2098 2774; x_wconf 85' lang='lat' dir='ltr'><strong>superiori-</strong></span> 
     </span>
    </p>
   </div>
   <div class='ocr_carea' id='block_1_42' title="bbox 509 2783 2102 2860">
    <p class='ocr_par' dir='ltr' id='par_1_42' title="bbox 509 2783 2102 2860">
     <span class='ocr_line' id='line_1_42' title="bbox 509 2783 2102 2860; baseline 0.008 -22"><span class='ocrx_word' id='word_1_316' title='bbox 509 2783 611 2838; x_wconf 88' lang='lat' dir='ltr'><strong>bus</strong></span> <span class='ocrx_word' id='word_1_317' title='bbox 641 2786 919 2842; x_wconf 88' lang='lat' dir='ltr'><strong>inventum</strong></span> <span class='ocrx_word' id='word_1_318' title='bbox 947 2799 1032 2844; x_wconf 85' lang='lat' dir='ltr'><strong>est</strong></span> <span class='ocrx_word' id='word_1_319' title='bbox 1070 2789 1272 2860; x_wconf 86' lang='lat' dir='ltr'><strong>aliquid</strong></span> <span class='ocrx_word' id='word_1_320' title='bbox 1311 2793 1452 2860; x_wconf 89' lang='lat' dir='ltr'><strong>quod</strong></span> <span class='ocrx_word' id='word_1_321' title='bbox 1493 2793 1788 2848; x_wconf 86' lang='lat' dir='ltr'><strong>secundum</strong></span> <span class='ocrx_word' id='word_1_322' title='bbox 1835 2797 1978 2850; x_wconf 83' lang='lat' dir='ltr'><strong>hanc</strong></span> <span class='ocrx_word' id='word_1_323' title='bbox 2023 2796 2102 2850; x_wconf 87' lang='lat' dir='ltr'><strong>di-</strong></span> 
     </span>
    </p>
   </div>
   <div class='ocr_carea' id='block_1_43' title="bbox 507 2875 2101 2955">
    <p class='ocr_par' dir='ltr' id='par_1_43' title="bbox 507 2875 2101 2955">
     <span class='ocr_line' id='line_1_43' title="bbox 507 2875 2101 2955; baseline 0.008 -27"><span class='ocrx_word' id='word_1_324' title='bbox 507 2875 855 2933; x_wconf 86' lang='lat' dir='ltr'><strong>stinctionem</strong></span> <span class='ocrx_word' id='word_1_325' title='bbox 884 2881 1056 2950; x_wconf 89' lang='lat' dir='ltr'><strong>possit</strong></span> <span class='ocrx_word' id='word_1_326' title='bbox 1081 2881 1327 2954; x_wconf 77' lang='lat' dir='ltr'><strong>intelligi,</strong></span> <span class='ocrx_word' id='word_1_327' title='bbox 1354 2883 1497 2938; x_wconf 88' lang='lat' dir='ltr'><strong>aliud</strong></span> <span class='ocrx_word' id='word_1_328' title='bbox 1519 2901 1618 2940; x_wconf 89' lang='lat' dir='ltr'><strong>nos</strong></span> <span class='ocrx_word' id='word_1_329' title='bbox 1639 2886 1693 2940; x_wconf 90' lang='lat' dir='ltr'><strong>in</strong></span> <span class='ocrx_word' id='word_1_330' title='bbox 1710 2886 1856 2955; x_wconf 83' lang='lat' dir='ltr'><strong>ipsis</strong></span> <span class='ocrx_word' id='word_1_331' title='bbox 1882 2887 2101 2941; x_wconf 89' lang='lat' dir='ltr'><strong>chordis</strong></span> 
     </span>
    </p>
   </div>
   <div class='ocr_carea' id='block_1_44' title="bbox 507 2972 2100 3047">
    <p class='ocr_par' dir='ltr' id='par_1_44' title="bbox 507 2972 2100 3047">
     <span class='ocr_line' id='line_1_44' title="bbox 507 2972 2100 3047; baseline 0.008 -27"><span class='ocrx_word' id='word_1_332' title='bbox 507 2983 755 3036; x_wconf 66' lang='lat' dir='ltr'><strong>qumrere</strong></span> <span class='ocrx_word' id='word_1_333' title='bbox 787 2972 1066 3028; x_wconf 86' lang='lat' dir='ltr'><strong>admonuit</strong></span> <span class='ocrx_word' id='word_1_334' title='bbox 1104 2992 1119 3028; x_wconf 87' lang='lat'><strong>:</strong></span> <span class='ocrx_word' id='word_1_335' title='bbox 1159 2977 1286 3044; x_wconf 86' lang='lat' dir='ltr'><strong>quia</strong></span> <span class='ocrx_word' id='word_1_336' title='bbox 1326 2977 1455 3047; x_wconf 63' lang='lat' dir='ltr'><strong>ipsae</strong></span> <span class='ocrx_word' id='word_1_337' title='bbox 1503 2993 1633 3032; x_wconf 90' lang='lat' dir='ltr'><strong>caro</strong></span> <span class='ocrx_word' id='word_1_338' title='bbox 1669 2989 1819 3045; x_wconf 78' lang='lat' dir='ltr'><strong>sunt,</strong></span> <span class='ocrx_word' id='word_1_339' title='bbox 1857 2979 1951 3034; x_wconf 88' lang='lat' dir='ltr'><strong>sed</strong></span> <span class='ocrx_word' id='word_1_340' title='bbox 1985 2977 2100 3046; x_wconf 86' lang='lat' dir='ltr'><strong>jam</strong></span> 
     </span>
    </p>
   </div>
   <div class='ocr_carea' id='block_1_45' title="bbox 510 3062 2101 3135">
    <p class='ocr_par' dir='ltr' id='par_1_45' title="bbox 510 3062 2101 3135">
     <span class='ocr_line' id='line_1_45' title="bbox 510 3062 2101 3135; baseline 0.011 -24"><span class='ocrx_word' id='word_1_341' title='bbox 510 3062 857 3129; x_wconf 84' lang='lat' dir='ltr'><strong>corruptione</strong></span> <span class='ocrx_word' id='word_1_342' title='bbox 895 3063 1140 3120; x_wconf 79' lang='lat' dir='ltr'><strong>liberata.</strong></span> <span class='ocrx_word' id='word_1_343' title='bbox 1199 3069 1406 3135; x_wconf 84' lang='lat' dir='ltr'><strong>Quibus</strong></span> <span class='ocrx_word' id='word_1_344' title='bbox 1447 3071 1570 3126; x_wconf 88' lang='lat' dir='ltr'><strong>ideo</strong></span> <span class='ocrx_word' id='word_1_345' title='bbox 1621 3071 1855 3128; x_wconf 75' lang='lat' dir='ltr'><strong>fortasse</strong></span> <span class='ocrx_word' id='word_1_346' title='bbox 1896 3074 2101 3128; x_wconf 75' lang='lat' dir='ltr'><strong>addidit</strong></span> 
     </span>
    </p>
   </div>
   <div class='ocr_carea' id='block_1_46' title="bbox 505 3159 2100 3229">
    <p class='ocr_par' dir='ltr' id='par_1_46' title="bbox 505 3159 2100 3229">
     <span class='ocr_line' id='line_1_46' title="bbox 505 3159 2100 3229; baseline 0.008 -22"><span class='ocrx_word' id='word_1_347' title='bbox 505 3166 792 3222; x_wconf 76' lang='lat' dir='ltr'><strong>organum,</strong></span> <span class='ocrx_word' id='word_1_348' title='bbox 829 3171 937 3210; x_wconf 90' lang='lat' dir='ltr'><strong>non</strong></span> <span class='ocrx_word' id='word_1_349' title='bbox 969 3166 1030 3212; x_wconf 91' lang='lat' dir='ltr'><strong>ut</strong></span> <span class='ocrx_word' id='word_1_350' title='bbox 1063 3159 1286 3229; x_wconf 73' lang='lat' dir='ltr'><strong>singula:</strong></span> <span class='ocrx_word' id='word_1_351' title='bbox 1315 3171 1526 3228; x_wconf 91' lang='lat' dir='ltr'><strong>sonent,</strong></span> <span class='ocrx_word' id='word_1_352' title='bbox 1575 3163 1668 3218; x_wconf 79' lang='lat' dir='ltr'><strong>sed</strong></span> <span class='ocrx_word' id='word_1_353' title='bbox 1695 3173 1756 3218; x_wconf 91' lang='lat' dir='ltr'><strong>ut</strong></span> <span class='ocrx_word' id='word_1_354' title='bbox 1789 3164 2100 3221; x_wconf 77' lang='lat' dir='ltr'><strong>diversitate</strong></span> 
     </span>
    </p>
   </div>
   <div class='ocr_carea' id='block_1_47' title="bbox 2201 1956 3782 2025">
    <p class='ocr_par' dir='ltr' id='par_1_47' title="bbox 2201 1956 3782 2025">
     <span class='ocr_line' id='line_1_47' title="bbox 2201 1956 3782 2025; baseline -0.006 -3"><span class='ocrx_word' id='word_1_355' title='bbox 2201 1965 2522 2023; x_wconf 87' lang='lat' dir='ltr'><strong>munditiam</strong></span> <span class='ocrx_word' id='word_1_356' title='bbox 2574 1961 2778 2016; x_wconf 90' lang='lat' dir='ltr'><strong>carnis.</strong></span> <span class='ocrx_word' id='word_1_357' title='bbox 2821 1959 2972 2013; x_wconf 78' lang='lat' dir='ltr'><strong>Multi</strong></span> <span class='ocrx_word' id='word_1_358' title='bbox 3023 1959 3167 2013; x_wconf 90' lang='lat' dir='ltr'><strong>enim</strong></span> <span class='ocrx_word' id='word_1_359' title='bbox 3207 1956 3482 2025; x_wconf 86' lang='lat' dir='ltr'><strong>jejunant,</strong></span> <span class='ocrx_word' id='word_1_360' title='bbox 3525 1971 3582 2013; x_wconf 87' lang='lat' dir='ltr'><strong>et</strong></span> <span class='ocrx_word' id='word_1_361' title='bbox 3619 1969 3782 2025; x_wconf 84' lang='lat' dir='ltr'><strong>orant,</strong></span> 
     </span>
    </p>
   </div>
   <div class='ocr_carea' id='block_1_48' title="bbox 2199 2049 3780 2125">
    <p class='ocr_par' dir='ltr' id='par_1_48' title="bbox 2199 2049 3780 2125">
     <span class='ocr_line' id='line_1_48' title="bbox 2199 2049 3780 2125; baseline 0 -20"><span class='ocrx_word' id='word_1_362' title='bbox 2199 2075 2266 2114; x_wconf 80' lang='lat' dir='ltr'><strong>ac</strong></span> <span class='ocrx_word' id='word_1_363' title='bbox 2290 2055 2534 2125; x_wconf 86' lang='lat' dir='ltr'><strong>vigilant,</strong></span> <span class='ocrx_word' id='word_1_364' title='bbox 2566 2061 2622 2107; x_wconf 90' lang='lat' dir='ltr'><strong>ct</strong></span> <span class='ocrx_word' id='word_1_365' title='bbox 2639 2051 2782 2122; x_wconf 89' lang='lat' dir='ltr'><strong>quod</strong></span> <span class='ocrx_word' id='word_1_366' title='bbox 2814 2051 3036 2121; x_wconf 84' lang='lat' dir='ltr'><strong>gravius</strong></span> <span class='ocrx_word' id='word_1_367' title='bbox 3057 2060 3161 2112; x_wconf 77' lang='lat' dir='ltr'><strong>est,</strong></span> <span class='ocrx_word' id='word_1_368' title='bbox 3188 2049 3514 2118; x_wconf 78' lang='lat' dir='ltr'><strong>delinquunt</strong></span> <span class='ocrx_word' id='word_1_369' title='bbox 3535 2065 3642 2120; x_wconf 77' lang='lat' dir='ltr'><strong>per</strong></span> <span class='ocrx_word' id='word_1_370' title='bbox 3669 2066 3780 2105; x_wconf 70' lang='grc' dir='ltr'><strong>ατο</strong></span> 
     </span>
    </p>
   </div>
   <div class='ocr_carea' id='block_1_49' title="bbox 2197 2142 3783 2218">
    <p class='ocr_par' dir='ltr' id='par_1_49' title="bbox 2197 2142 3783 2218">
     <span class='ocr_line' id='line_1_49' title="bbox 2197 2142 3783 2218; baseline -0.004 -13"><span class='ocrx_word' id='word_1_371' title='bbox 2197 2151 2284 2205; x_wconf 83' lang='lat' dir='ltr'><strong>nis</strong></span> <span class='ocrx_word' id='word_1_372' title='bbox 2331 2146 2647 2218; x_wconf 88' lang='lat' dir='ltr'><strong>appetitum.</strong></span> <span class='ocrx_word' id='word_1_373' title='bbox 2727 2143 2881 2199; x_wconf 85' lang='lat' dir='ltr'><strong>Unde</strong></span> <span class='ocrx_word' id='word_1_374' title='bbox 2939 2150 2995 2197; x_wconf 90' lang='lat' dir='ltr'><strong>et</strong></span> <span class='ocrx_word' id='word_1_375' title='bbox 3043 2142 3404 2212; x_wconf 75' lang='lat' dir='ltr'><strong>Hieronymus</strong></span> <span class='ocrx_word' id='word_1_376' title='bbox 3451 2144 3507 2197; x_wconf 86' lang='lat' dir='ltr'><strong>in</strong></span> <span class='ocrx_word' id='word_1_377' title='bbox 3555 2153 3783 2199; x_wconf 76' lang='lat' dir='ltr'><strong>tractatu</strong></span> 
     </span>
    </p>
   </div>
   <div class='ocr_carea' id='block_1_50' title="bbox 2199 2233 3783 2314">
    <p class='ocr_par' dir='ltr' id='par_1_50' title="bbox 2199 2233 3783 2314">
     <span class='ocr_line' id='line_1_50' title="bbox 2199 2233 3783 2314; baseline -0.006 -16"><span class='ocrx_word' id='word_1_378' title='bbox 2199 2241 2455 2314; x_wconf 67' lang='lat' dir='ltr'><strong>Epistolaa</strong></span> <span class='ocrx_word' id='word_1_379' title='bbox 2494 2240 2560 2294; x_wconf 92' lang='lat' dir='ltr'><strong>ad</strong></span> <span class='ocrx_word' id='word_1_380' title='bbox 2589 2237 2887 2306; x_wconf 84' lang='lat' dir='ltr'><strong>Ephesios:</strong></span> <span class='ocrx_word' id='word_1_381' title='bbox 2919 2233 3119 2300; x_wconf 88' lang='lat' dir='ltr'><strong>Quanti</strong></span> <span class='ocrx_word' id='word_1_382' title='bbox 3167 2235 3305 2287; x_wconf 87' lang='lat' dir='ltr'><strong>enim</strong></span> <span class='ocrx_word' id='word_1_383' title='bbox 3341 2234 3568 2303; x_wconf 83' lang='lat' dir='ltr'><strong>diligunt</strong></span> <span class='ocrx_word' id='word_1_384' title='bbox 3599 2235 3783 2289; x_wconf 82' lang='lat' dir='ltr'><strong>Domi-</strong></span> 
     </span>
    </p>
   </div>
   <div class='ocr_carea' id='block_1_51' title="bbox 2197 2325 3774 2402">
    <p class='ocr_par' dir='ltr' id='par_1_51' title="bbox 2197 2325 3774 2402">
     <span class='ocr_line' id='line_1_51' title="bbox 2197 2325 3774 2402; baseline -0.006 -13"><span class='ocrx_word' id='word_1_385' title='bbox 2197 2351 2352 2397; x_wconf 84' lang='lat' dir='ltr'><strong>num,</strong></span> <span class='ocrx_word' id='word_1_386' title='bbox 2398 2332 2574 2402; x_wconf 83' lang='lat' dir='ltr'><strong>parati</strong></span> <span class='ocrx_word' id='word_1_387' title='bbox 2599 2329 2811 2393; x_wconf 81' lang='lat' dir='ltr'><strong>exsilia,</strong></span> <span class='ocrx_word' id='word_1_388' title='bbox 2832 2341 2901 2396; x_wconf 88' lang='lat' dir='ltr'><strong>pa</strong></span> <span class='ocrx_word' id='word_1_389' title='bbox 2911 2327 3012 2380; x_wconf 78' lang='lat' dir='ltr'><strong>rati</strong></span> <span class='ocrx_word' id='word_1_390' title='bbox 3036 2327 3310 2396; x_wconf 85' lang='lat' dir='ltr'><strong>martyria,</strong></span> <span class='ocrx_word' id='word_1_391' title='bbox 3331 2327 3501 2395; x_wconf 86' lang='lat' dir='ltr'><strong>parati</strong></span> <span class='ocrx_word' id='word_1_392' title='bbox 3525 2325 3774 2394; x_wconf 73' lang='lat' dir='ltr'><strong>inopiam</strong></span> 
     </span>
    </p>
   </div>
   <div class='ocr_carea' id='block_1_52' title="bbox 2197 2417 3778 2492">
    <p class='ocr_par' dir='ltr' id='par_1_52' title="bbox 2197 2417 3778 2492">
     <span class='ocr_line' id='line_1_52' title="bbox 2197 2417 3778 2492; baseline -0.008 -10"><span class='ocrx_word' id='word_1_393' title='bbox 2197 2436 2258 2482; x_wconf 86' lang='lat' dir='ltr'><strong>et</strong></span> <span class='ocrx_word' id='word_1_394' title='bbox 2309 2425 2494 2480; x_wconf 84' lang='lat' dir='ltr'><strong>omnia</strong></span> <span class='ocrx_word' id='word_1_395' title='bbox 2547 2436 2732 2492; x_wconf 83' lang='lat' dir='ltr'><strong>proco</strong></span> <span class='ocrx_word' id='word_1_396' title='bbox 2779 2417 3238 2474; x_wconf 84' lang='lat' dir='ltr'><strong>contumeliarum</strong></span> <span class='ocrx_word' id='word_1_397' title='bbox 3261 2430 3452 2486; x_wconf 72' lang='lat' dir='ltr'><strong>genera</strong></span> <span class='ocrx_word' id='word_1_398' title='bbox 3482 2417 3778 2482; x_wconf 74' lang='lat' dir='ltr'><strong>sustinere,</strong></span> 
     </span>
    </p>
   </div>
   <div class='ocr_carea' id='block_1_53' title="bbox 2191 2510 3502 2581">
    <p class='ocr_par' dir='ltr' id='par_1_53' title="bbox 2191 2510 3502 2581">
     <span class='ocr_line' id='line_1_53' title="bbox 2191 2510 3502 2581; baseline -0.01 -5"><span class='ocrx_word' id='word_1_399' title='bbox 2191 2529 2258 2576; x_wconf 74' lang='lat' dir='ltr'><strong>et</strong></span> <span class='ocrx_word' id='word_1_400' title='bbox 2281 2516 2642 2573; x_wconf 86' lang='lat' dir='ltr'><strong>nihilominus</strong></span> <span class='ocrx_word' id='word_1_401' title='bbox 2669 2512 2851 2568; x_wconf 86' lang='lat' dir='ltr'><strong>carnis</strong></span> <span class='ocrx_word' id='word_1_402' title='bbox 2870 2510 3122 2581; x_wconf 74' lang='lat' dir='ltr'><strong>passione</strong></span> <span class='ocrx_word' id='word_1_403' title='bbox 3147 2510 3502 2580; x_wconf 73' lang='lat' dir='ltr'><strong>superantur!</strong></span> 
     </span>
    </p>
   </div>
   <div class='ocr_carea' id='block_1_54' title="bbox 2823 2690 3163 2753">
    <p class='ocr_par' dir='ltr' id='par_1_54' title="bbox 2823 2690 3163 2753">
     <span class='ocr_line' id='line_1_54' title="bbox 2823 2690 3163 2753; baseline -0.021 -1"><span class='ocrx_word' id='word_1_404' title='bbox 2823 2694 3054 2753; x_wconf 78' lang='lat' dir='ltr'><strong>CAPUT</strong></span> <span class='ocrx_word' id='word_1_405' title='bbox 3096 2690 3163 2747; x_wconf 73' lang='grc' dir='ltr'><strong>ν.</strong></span> 
     </span>
    </p>
   </div>
   <div class='ocr_carea' id='block_1_55' title="bbox 2543 2835 3476 2910">
    <p class='ocr_par' dir='ltr' id='par_1_55' title="bbox 2543 2835 3476 2910">
     <span class='ocr_line' id='line_1_55' title="bbox 2543 2835 3476 2910; baseline -0.005 -17"><span class='ocrx_word' id='word_1_406' title='bbox 2543 2835 2620 2893; x_wconf 88' lang='lat' dir='ltr'><strong>De</strong></span> <span class='ocrx_word' id='word_1_407' title='bbox 2647 2839 2865 2892; x_wconf 79' lang='lat' dir='ltr'><strong>introitu</strong></span> <span class='ocrx_word' id='word_1_408' title='bbox 2887 2838 3114 2910; x_wconf 66' lang='lat' dir='ltr'><strong>episcopi</strong></span> <span class='ocrx_word' id='word_1_409' title='bbox 3141 2837 3208 2891; x_wconf 85' lang='lat' dir='ltr'><strong>ad</strong></span> <span class='ocrx_word' id='word_1_410' title='bbox 3234 2835 3476 2890; x_wconf 83' lang='lat' dir='ltr'><strong>missam.</strong></span> 
     </span>
    </p>
   </div>
   <div class='ocr_carea' id='block_1_56' title="bbox 2273 2967 3776 3048">
    <p class='ocr_par' dir='ltr' id='par_1_56' title="bbox 2273 2967 3776 3048">
     <span class='ocr_line' id='line_1_56' title="bbox 2273 2967 3776 3048; baseline -0.008 -13"><span class='ocrx_word' id='word_1_411' title='bbox 2273 2978 2529 3036; x_wconf 73' lang='lat' dir='ltr'><strong>Ofﬁcium</strong></span> <span class='ocrx_word' id='word_1_412' title='bbox 2571 2978 2715 3048; x_wconf 90' lang='lat' dir='ltr'><strong>quod</strong></span> <span class='ocrx_word' id='word_1_413' title='bbox 2765 2985 2992 3032; x_wconf 77' lang='lat' dir='ltr'><strong>vocatur</strong></span> <span class='ocrx_word' id='word_1_414' title='bbox 3037 2974 3297 3030; x_wconf 79' lang='lat' dir='ltr'><strong>introitus</strong></span> <span class='ocrx_word' id='word_1_415' title='bbox 3369 2972 3590 3035; x_wconf 65' lang='lat' dir='ltr'><strong>missa,</strong></span> <span class='ocrx_word' id='word_1_416' title='bbox 3633 2967 3776 3024; x_wconf 75' lang='lat' dir='ltr'><strong>habet</strong></span> 
     </span>
    </p>
   </div>
   <div class='ocr_carea' id='block_1_57' title="bbox 2201 3064 3772 3141">
    <p class='ocr_par' dir='ltr' id='par_1_57' title="bbox 2201 3064 3772 3141">
     <span class='ocr_line' id='line_1_57' title="bbox 2201 3064 3772 3141; baseline -0.007 -14"><span class='ocrx_word' id='word_1_417' title='bbox 2201 3073 2422 3128; x_wconf 85' lang='lat' dir='ltr'><strong>initium</strong></span> <span class='ocrx_word' id='word_1_418' title='bbox 2471 3088 2502 3125; x_wconf 89' lang='lat' dir='ltr'><strong>a</strong></span> <span class='ocrx_word' id='word_1_419' title='bbox 2531 3072 2707 3141; x_wconf 88' lang='lat' dir='ltr'><strong>prima</strong></span> <span class='ocrx_word' id='word_1_420' title='bbox 2738 3069 3055 3138; x_wconf 72' lang='lat' dir='ltr'><strong>antiphona,</strong></span> <span class='ocrx_word' id='word_1_421' title='bbox 3101 3082 3222 3138; x_wconf 67' lang='lat' dir='ltr'><strong>qua</strong></span> <span class='ocrx_word' id='word_1_422' title='bbox 3263 3065 3472 3121; x_wconf 86' lang='lat' dir='ltr'><strong>dicitur</strong></span> <span class='ocrx_word' id='word_1_423' title='bbox 3520 3064 3772 3126; x_wconf 54' lang='lat' dir='ltr'><strong>[strains</strong></span> 
     </span>
    </p>
   </div>
   <div class='ocr_carea' id='block_1_58' title="bbox 2199 3159 3777 3231">
    <p class='ocr_par' dir='ltr' id='par_1_58' title="bbox 2199 3159 3777 3231">
     <span class='ocr_line' id='line_1_58' title="bbox 2199 3159 3777 3231; baseline -0.007 -11"><span class='ocrx_word' id='word_1_424' title='bbox 2199 3175 2261 3220; x_wconf 86' lang='lat' dir='ltr'><strong>et</strong></span> <span class='ocrx_word' id='word_1_425' title='bbox 2298 3165 2482 3218; x_wconf 79' lang='lat' dir='ltr'><strong>linitur</strong></span> <span class='ocrx_word' id='word_1_426' title='bbox 2521 3164 2574 3218; x_wconf 89' lang='lat' dir='ltr'><strong>in</strong></span> <span class='ocrx_word' id='word_1_427' title='bbox 2601 3162 2848 3218; x_wconf 87' lang='lat' dir='ltr'><strong>oratione</strong></span> <span class='ocrx_word' id='word_1_428' title='bbox 2883 3176 3008 3231; x_wconf 70' lang='lat' dir='ltr'><strong>quae</strong></span> <span class='ocrx_word' id='word_1_429' title='bbox 3039 3175 3069 3214; x_wconf 86' lang='lat' dir='ltr'><strong>a</strong></span> <span class='ocrx_word' id='word_1_430' title='bbox 3099 3159 3396 3215; x_wconf 83' lang='lat' dir='ltr'><strong>sacerdote</strong></span> <span class='ocrx_word' id='word_1_431' title='bbox 3437 3159 3641 3212; x_wconf 80' lang='lat' dir='ltr'><strong>dicitur</strong></span> <span class='ocrx_word' id='word_1_432' title='bbox 3667 3164 3777 3210; x_wconf 67' lang='lat' dir='ltr'><strong>ante</strong></span> 
     </span>
    </p>
   </div>
   <div class='ocr_carea' id='block_1_59' title="bbox 508 3236 3777 3328">
    <p class='ocr_par' dir='ltr' id='par_1_59' title="bbox 508 3236 3777 3328">
     <span class='ocr_line' id='line_1_59' title="bbox 508 3236 3777 3328; baseline 0.002 -29"><span class='ocrx_word' id='word_1_433' title='bbox 508 3245 932 3302; x_wconf 85' lang='lat' dir='ltr'><strong>concordissima</strong></span> <span class='ocrx_word' id='word_1_434' title='bbox 958 3261 1274 3317; x_wconf 87' lang='lat' dir='ltr'><strong>consonent,</strong></span> <span class='ocrx_word' id='word_1_435' title='bbox 1307 3254 1446 3309; x_wconf 89' lang='lat' dir='ltr'><strong>sicut</strong></span> <span class='ocrx_word' id='word_1_436' title='bbox 1473 3255 1755 3310; x_wconf 86' lang='lat' dir='ltr'><strong>ordinatur</strong></span> <span class='ocrx_word' id='word_1_437' title='bbox 1787 3257 1840 3310; x_wconf 91' lang='lat' dir='ltr'><strong>in</strong></span> <span class='ocrx_word' id='word_1_438' title='bbox 1871 3272 2095 3328; x_wconf 82' lang='lat' dir='ltr'><strong>organo.</strong></span> <span class='ocrx_word' id='word_1_439' title='bbox 2125 3236 2174 3306; x_wconf 65' lang='grc' dir='ltr'><strong>ἶ)</strong></span> <span class='ocrx_word' id='word_1_440' title='bbox 2197 3256 2516 3312; x_wconf 74' lang='lat' dir='ltr'><strong>lectionem.</strong></span> <span class='ocrx_word' id='word_1_441' title='bbox 2539 3255 2800 3310; x_wconf 83' lang='lat' dir='ltr'><strong>introitus</strong></span> <span class='ocrx_word' id='word_1_442' title='bbox 2821 3253 3062 3324; x_wconf 75' lang='lat' dir='ltr'><strong>episcopi</strong></span> <span class='ocrx_word' id='word_1_443' title='bbox 3083 3252 3150 3306; x_wconf 87' lang='lat' dir='ltr'><strong>ad</strong></span> <span class='ocrx_word' id='word_1_444' title='bbox 3171 3251 3422 3312; x_wconf 84' lang='lat' dir='ltr'><strong>missam,</strong></span> <span class='ocrx_word' id='word_1_445' title='bbox 3444 3251 3545 3319; x_wconf 77' lang='lat' dir='ltr'><strong>qui</strong></span> <span class='ocrx_word' id='word_1_446' title='bbox 3569 3248 3777 3302; x_wconf 55' lang='lat' dir='ltr'><strong>viam</strong></span> 
     </span>
    </p>
   </div>
   <div class='ocr_carea' id='block_1_60' title="bbox 507 3330 3778 3418">
    <p class='ocr_par' dir='ltr' id='par_1_60' title="bbox 507 3330 3778 3418">
     <span class='ocr_line' id='line_1_60' title="bbox 507 3330 3778 3418; baseline 0.002 -28"><span class='ocrx_word' id='word_1_447' title='bbox 507 3330 796 3390; x_wconf 82' lang='lat' dir='ltr'><strong>Habebunt</strong></span> <span class='ocrx_word' id='word_1_448' title='bbox 834 3337 980 3392; x_wconf 88' lang='lat' dir='ltr'><strong>enim</strong></span> <span class='ocrx_word' id='word_1_449' title='bbox 1028 3340 1194 3395; x_wconf 86' lang='lat' dir='ltr'><strong>etiam</strong></span> <span class='ocrx_word' id='word_1_450' title='bbox 1235 3344 1406 3398; x_wconf 88' lang='lat' dir='ltr'><strong>sancti</strong></span> <span class='ocrx_word' id='word_1_451' title='bbox 1455 3343 1810 3399; x_wconf 73' lang='lat' dir='ltr'><strong>dili‘erentiam</strong></span> <span class='ocrx_word' id='word_1_452' title='bbox 1857 3347 1926 3400; x_wconf 85' lang='lat' dir='ltr'><strong>ad</strong></span> <span class='ocrx_word' id='word_1_453' title='bbox 1975 3362 2102 3402; x_wconf 88' lang='lat' dir='ltr'><strong>suos</strong></span> <span class='ocrx_word' id='word_1_454' title='bbox 2195 3349 2535 3411; x_wconf 78' lang='lat' dir='ltr'><strong>estChristi,</strong></span> <span class='ocrx_word' id='word_1_455' title='bbox 2575 3348 2744 3418; x_wconf 82' lang='lat' dir='ltr'><strong>ipsius</strong></span> <span class='ocrx_word' id='word_1_456' title='bbox 2769 3347 3058 3402; x_wconf 78' lang='lat' dir='ltr'><strong>adventum</strong></span> <span class='ocrx_word' id='word_1_457' title='bbox 3092 3344 3338 3398; x_wconf 81' lang='lat' dir='ltr'><strong>nobisad</strong></span> <span class='ocrx_word' id='word_1_458' title='bbox 3371 3343 3778 3398; x_wconf 63' lang='lat' dir='ltr'><strong>mnos-iamre-</strong></span> 
     </span>
    </p>
   </div>
   <div class='ocr_carea' id='block_1_61' title="bbox 510 3430 3771 3510">
    <p class='ocr_par' dir='ltr' id='par_1_61' title="bbox 510 3430 3771 3510">
     <span class='ocr_line' id='line_1_61' title="bbox 510 3430 3771 3510; baseline 0.002 -32"><span class='ocrx_word' id='word_1_459' title='bbox 510 3435 892 3494; x_wconf 87' lang='lat' dir='ltr'><strong>consonantes,</strong></span> <span class='ocrx_word' id='word_1_460' title='bbox 931 3445 1038 3485; x_wconf 83' lang='lat' dir='ltr'><strong>non</strong></span> <span class='ocrx_word' id='word_1_461' title='bbox 1063 3430 1428 3500; x_wconf 86' lang='lat' dir='ltr'><strong>dissonantes,</strong></span> <span class='ocrx_word' id='word_1_462' title='bbox 1462 3435 1515 3489; x_wconf 90' lang='lat' dir='ltr'><strong>id</strong></span> <span class='ocrx_word' id='word_1_463' title='bbox 1540 3444 1641 3504; x_wconf 87' lang='lat' dir='ltr'><strong>est,</strong></span> <span class='ocrx_word' id='word_1_464' title='bbox 1675 3438 2098 3503; x_wconf 83' lang='lat' dir='ltr'><strong>consentientes,</strong></span> <span class='ocrx_word' id='word_1_465' title='bbox 2195 3441 2372 3504; x_wconf 79' lang='lat' dir='ltr'><strong>ducit,</strong></span> <span class='ocrx_word' id='word_1_466' title='bbox 2401 3449 2460 3495; x_wconf 87' lang='lat' dir='ltr'><strong>et</strong></span> <span class='ocrx_word' id='word_1_467' title='bbox 2483 3437 2663 3510; x_wconf 88' lang='lat' dir='ltr'><strong>populi</strong></span> <span class='ocrx_word' id='word_1_468' title='bbox 2685 3437 3067 3491; x_wconf 61' lang='lat' dir='ltr'><strong>adiuratione!!!</strong></span> <span class='ocrx_word' id='word_1_469' title='bbox 3096 3434 3162 3488; x_wconf 86' lang='lat' dir='ltr'><strong>ad</strong></span> <span class='ocrx_word' id='word_1_470' title='bbox 3185 3447 3333 3497; x_wconf 84' lang='lat' dir='ltr'><strong>eum,</strong></span> <span class='ocrx_word' id='word_1_471' title='bbox 3369 3433 3490 3486; x_wconf 77' lang='lat' dir='ltr'><strong>sive</strong></span> <span class='ocrx_word' id='word_1_472' title='bbox 3517 3447 3613 3502; x_wconf 83' lang='lat' dir='ltr'><strong>per</strong></span> <span class='ocrx_word' id='word_1_473' title='bbox 3637 3443 3771 3484; x_wconf 69' lang='lat' dir='ltr'><strong>sua.</strong></span> 
     </span>
    </p>
   </div>
   <div class='ocr_carea' id='block_1_62' title="bbox 505 3519 3773 3604">
    <p class='ocr_par' dir='ltr' id='par_1_62' title="bbox 505 3519 3773 3604">
     <span class='ocr_line' id='line_1_62' title="bbox 505 3519 3773 3604; baseline 0.002 -34"><span class='ocrx_word' id='word_1_474' title='bbox 505 3531 616 3570; x_wconf 85' lang='lat' dir='ltr'><strong>non</strong></span> <span class='ocrx_word' id='word_1_475' title='bbox 645 3519 1048 3590; x_wconf 86' lang='lat' dir='ltr'><strong>dissentientes,</strong></span> <span class='ocrx_word' id='word_1_476' title='bbox 1077 3527 1218 3582; x_wconf 80' lang='lat' dir='ltr'><strong>sicut</strong></span> <span class='ocrx_word' id='word_1_477' title='bbox 1247 3528 1309 3582; x_wconf 77' lang='lat' dir='ltr'><strong>tit</strong></span> <span class='ocrx_word' id='word_1_478' title='bbox 1332 3531 1687 3586; x_wconf 85' lang='lat' dir='ltr'><strong>suavissimus</strong></span> <span class='ocrx_word' id='word_1_479' title='bbox 1712 3542 1907 3587; x_wconf 86' lang='lat' dir='ltr'><strong>cantus</strong></span> <span class='ocrx_word' id='word_1_480' title='bbox 1935 3548 2000 3588; x_wconf 83' lang='lat' dir='ltr'><strong>ex</strong></span> <span class='ocrx_word' id='word_1_481' title='bbox 2025 3532 2102 3586; x_wconf 87' lang='lat' dir='ltr'><strong>di-</strong></span> <span class='ocrx_word' id='word_1_482' title='bbox 2193 3531 2665 3604; x_wconf 70' lang='lat' dir='ltr'><strong>prredicationem.</strong></span> <span class='ocrx_word' id='word_1_483' title='bbox 2688 3530 2802 3583; x_wconf 81' lang='lat' dir='ltr'><strong>sive</strong></span> <span class='ocrx_word' id='word_1_484' title='bbox 2829 3542 3047 3584; x_wconf 86' lang='lat' dir='ltr'><strong>suorum</strong></span> <span class='ocrx_word' id='word_1_485' title='bbox 3069 3525 3517 3597; x_wconf 65' lang='lat' dir='ltr'><strong>praedicam.</strong></span> <span class='ocrx_word' id='word_1_486' title='bbox 3541 3523 3773 3577; x_wconf 70' lang='lat' dir='ltr'><strong>introitus</strong></span> 
     </span>
    </p>
   </div>
   <div class='ocr_carea' id='block_1_63' title="bbox 509 3610 3774 3692">
    <p class='ocr_par' dir='ltr' id='par_1_63' title="bbox 509 3610 3774 3692">
     <span class='ocr_line' id='line_1_63' title="bbox 509 3610 3774 3692; baseline 0.002 -31"><span class='ocrx_word' id='word_1_487' title='bbox 509 3610 684 3666; x_wconf 89' lang='lat' dir='ltr'><strong>versis</strong></span> <span class='ocrx_word' id='word_1_488' title='bbox 702 3613 943 3681; x_wconf 87' lang='lat' dir='ltr'><strong>quidem,</strong></span> <span class='ocrx_word' id='word_1_489' title='bbox 974 3618 1068 3672; x_wconf 89' lang='lat' dir='ltr'><strong>sed</strong></span> <span class='ocrx_word' id='word_1_490' title='bbox 1097 3636 1204 3674; x_wconf 90' lang='lat' dir='ltr'><strong>non</strong></span> <span class='ocrx_word' id='word_1_491' title='bbox 1233 3621 1476 3677; x_wconf 87' lang='lat' dir='ltr'><strong>adversis</strong></span> <span class='ocrx_word' id='word_1_492' title='bbox 1502 3625 1641 3679; x_wconf 80' lang='lat' dir='ltr'><strong>inter</strong></span> <span class='ocrx_word' id='word_1_493' title='bbox 1664 3640 1739 3680; x_wconf 90' lang='lat' dir='ltr'><strong>se.</strong></span> <span class='ocrx_word' id='word_1_494' title='bbox 1771 3625 1937 3679; x_wconf 81' lang='lat' dir='ltr'><strong>Stella</strong></span> <span class='ocrx_word' id='word_1_495' title='bbox 1961 3628 2098 3679; x_wconf 68' lang='lat' dir='ltr'><strong>enim</strong></span> <span class='ocrx_word' id='word_1_496' title='bbox 2191 3622 2442 3692; x_wconf 72' lang='lat' dir='ltr'><strong>episcopi</strong></span> <span class='ocrx_word' id='word_1_497' title='bbox 2463 3622 2776 3676; x_wconf 84' lang='lat' dir='ltr'><strong>celebratur</strong></span> <span class='ocrx_word' id='word_1_498' title='bbox 2810 3634 2982 3688; x_wconf 88' lang='lat' dir='ltr'><strong>usque</strong></span> <span class='ocrx_word' id='word_1_499' title='bbox 3001 3619 3071 3672; x_wconf 85' lang='lat' dir='ltr'><strong>ad</strong></span> <span class='ocrx_word' id='word_1_500' title='bbox 3095 3617 3400 3672; x_wconf 84' lang='lat' dir='ltr'><strong>sessionem</strong></span> <span class='ocrx_word' id='word_1_501' title='bbox 3425 3631 3608 3670; x_wconf 75' lang='lat' dir='ltr'><strong>suam.</strong></span> <span class='ocrx_word' id='word_1_502' title='bbox 3649 3613 3774 3668; x_wconf 72' lang='lat' dir='ltr'><strong>Tu-</strong></span> 
     </span>
    </p>
   </div>
   <div class='ocr_carea' id='block_1_64' title="bbox 508 3701 3773 3785">
    <p class='ocr_par' dir='ltr' id='par_1_64' title="bbox 508 3701 3773 3785">
     <span class='ocr_line' id='line_1_64' title="bbox 508 3701 3773 3785; baseline 0.002 -31"><span class='ocrx_word' id='word_1_503' title='bbox 508 3701 686 3770; x_wconf 68' lang='lat' dir='ltr'><strong>di/fert</strong></span> <span class='ocrx_word' id='word_1_504' title='bbox 713 3706 769 3758; x_wconf 83' lang='lat' dir='ltr'><strong>in</strong></span> <span class='ocrx_word' id='word_1_505' title='bbox 789 3705 1052 3775; x_wconf 74' lang='lat' dir='ltr'><strong>claritate,</strong></span> <span class='ocrx_word' id='word_1_506' title='bbox 1082 3711 1158 3764; x_wconf 89' lang='lat' dir='ltr'><strong>sic</strong></span> <span class='ocrx_word' id='word_1_507' title='bbox 1185 3721 1233 3765; x_wconf 81' lang='lat' dir='ltr'><strong>et</strong></span> <span class='ocrx_word' id='word_1_508' title='bbox 1255 3717 1565 3769; x_wconf 72' lang='lat' dir='ltr'><strong>resurrectio</strong></span> <span class='ocrx_word' id='word_1_509' title='bbox 1585 3726 1935 3770; x_wconf 78' lang='lat' dir='ltr'><strong>mortuorum.</strong></span> <span class='ocrx_word' id='word_1_510' title='bbox 1964 3715 2102 3770; x_wconf 80' lang='lat' dir='ltr'><strong>Lau-</strong></span> <span class='ocrx_word' id='word_1_511' title='bbox 2187 3717 2280 3785; x_wconf 66' lang='lat' dir='ltr'><strong>git</strong></span> <span class='ocrx_word' id='word_1_512' title='bbox 2297 3715 2446 3770; x_wconf 84' lang='lat' dir='ltr'><strong>enim</strong></span> <span class='ocrx_word' id='word_1_513' title='bbox 2463 3729 2534 3769; x_wconf 83' lang='lat' dir='ltr'><strong>ex</strong></span> <span class='ocrx_word' id='word_1_514' title='bbox 2560 3723 2717 3784; x_wconf 87' lang='lat' dir='ltr'><strong>parte</strong></span> <span class='ocrx_word' id='word_1_515' title='bbox 2727 3711 2970 3766; x_wconf 78' lang='lat' dir='ltr'><strong>ofﬁcium</strong></span> <span class='ocrx_word' id='word_1_516' title='bbox 2985 3711 3136 3780; x_wconf 77' lang='lat' dir='ltr'><strong>quod</strong></span> <span class='ocrx_word' id='word_1_517' title='bbox 3161 3707 3418 3764; x_wconf 84' lang='lat' dir='ltr'><strong>Christus</strong></span> <span class='ocrx_word' id='word_1_518' title='bbox 3433 3707 3773 3778; x_wconf 73' lang='lat' dir='ltr'><strong>corporalita</strong></span> 
     </span>
    </p>
   </div>
   <div class='ocr_carea' id='block_1_65' title="bbox 509 3793 3776 3877">
    <p class='ocr_par' dir='ltr' id='par_1_65' title="bbox 509 3793 3776 3877">
     <span class='ocr_line' id='line_1_65' title="bbox 509 3793 3776 3877; baseline 0.002 -30"><span class='ocrx_word' id='word_1_519' title='bbox 509 3793 632 3850; x_wconf 84' lang='lat' dir='ltr'><strong>date</strong></span> <span class='ocrx_word' id='word_1_520' title='bbox 666 3813 781 3851; x_wconf 77' lang='lat' dir='ltr'><strong>cum</strong></span> <span class='ocrx_word' id='word_1_521' title='bbox 819 3801 872 3854; x_wconf 86' lang='lat' dir='ltr'><strong>in</strong></span> <span class='ocrx_word' id='word_1_522' title='bbox 902 3802 1154 3872; x_wconf 81' lang='lat' dir='ltr'><strong>cymbalis</strong></span> <span class='ocrx_word' id='word_1_523' title='bbox 1195 3806 1320 3860; x_wconf 79' lang='lat' dir='ltr'><strong>bene</strong></span> <span class='ocrx_word' id='word_1_524' title='bbox 1356 3809 1682 3874; x_wconf 79' lang='lat' dir='ltr'><strong>sonantibus,</strong></span> <span class='ocrx_word' id='word_1_525' title='bbox 1726 3808 1954 3862; x_wconf 79' lang='lat' dir='ltr'><strong>laudat&#39;e-</strong></span> <span class='ocrx_word' id='word_1_526' title='bbox 1977 3823 2096 3861; x_wconf 86' lang='lat' dir='ltr'><strong>eum</strong></span> <span class='ocrx_word' id='word_1_527' title='bbox 2187 3807 2438 3877; x_wconf 71' lang='lat' dir='ltr'><strong>gessitin</strong></span> <span class='ocrx_word' id='word_1_528' title='bbox 2463 3813 2629 3868; x_wconf 85' lang='lat' dir='ltr'><strong>terra,</strong></span> <span class='ocrx_word' id='word_1_529' title='bbox 2656 3804 2770 3858; x_wconf 87' lang='lat' dir='ltr'><strong>sive</strong></span> <span class='ocrx_word' id='word_1_530' title='bbox 2786 3803 3032 3872; x_wconf 86' lang='lat' dir='ltr'><strong>discipuli</strong></span> <span class='ocrx_word' id='word_1_531' title='bbox 3058 3799 3197 3868; x_wconf 82' lang='lat' dir='ltr'><strong>ejus,</strong></span> <span class='ocrx_word' id='word_1_532' title='bbox 3225 3813 3515 3870; x_wconf 82' lang='lat' dir='ltr'><strong>usquequo</strong></span> <span class='ocrx_word' id='word_1_533' title='bbox 3549 3795 3776 3853; x_wconf 52' lang='lat' dir='ltr'><strong>astuta</strong></span> 
     </span>
    </p>
   </div>
   <div class='ocr_carea' id='block_1_66' title="bbox 509 3885 3774 3971">
    <p class='ocr_par' dir='ltr' id='par_1_66' title="bbox 509 3885 3774 3971">
     <span class='ocr_line' id='line_1_66' title="bbox 509 3885 3774 3971; baseline 0.003 -33"><span class='ocrx_word' id='word_1_534' title='bbox 509 3885 566 3937; x_wconf 85' lang='lat' dir='ltr'><strong>in</strong></span> <span class='ocrx_word' id='word_1_535' title='bbox 604 3889 852 3956; x_wconf 85' lang='lat' dir='ltr'><strong>cymbalis</strong></span> <span class='ocrx_word' id='word_1_536' title='bbox 879 3892 1208 3959; x_wconf 82' lang='lat' dir='ltr'><strong>iubilationis</strong></span> <span class='ocrx_word' id='word_1_537' title='bbox 1253 3897 1310 3969; x_wconf 80' lang='lat' dir='ltr'><strong>(I</strong></span> <span class='ocrx_word' id='word_1_538' title='bbox 1349 3897 1473 3954; x_wconf 88' lang='lat' dir='ltr'><strong>Cor.</strong></span> <span class='ocrx_word' id='word_1_539' title='bbox 1523 3901 1635 3970; x_wconf 78' lang='lat' dir='ltr'><strong>xv).</strong></span> <span class='ocrx_word' id='word_1_540' title='bbox 1667 3900 1924 3971; x_wconf 70' lang='lat' dir='ltr'><strong>Cymbala</strong></span> <span class='ocrx_word' id='word_1_541' title='bbox 1966 3901 2098 3954; x_wconf 81' lang='lat' dir='ltr'><strong>invi—</strong></span> <span class='ocrx_word' id='word_1_542' title='bbox 2197 3902 2269 3956; x_wconf 81' lang='lat' dir='ltr'><strong>ad</strong></span> <span class='ocrx_word' id='word_1_543' title='bbox 2291 3901 2475 3955; x_wconf 87' lang='lat' dir='ltr'><strong>sedem</strong></span> <span class='ocrx_word' id='word_1_544' title='bbox 2506 3907 2809 3970; x_wconf 80' lang='lat' dir='ltr'><strong>paternam.</strong></span> <span class='ocrx_word' id='word_1_545' title='bbox 2831 3897 2943 3952; x_wconf 80' lang='lat' dir='ltr'><strong>Hoc</strong></span> <span class='ocrx_word' id='word_1_546' title='bbox 2969 3896 3210 3952; x_wconf 77' lang='lat' dir='ltr'><strong>ofﬁcium</strong></span> <span class='ocrx_word' id='word_1_547' title='bbox 3232 3896 3442 3949; x_wconf 76' lang='lat' dir='ltr'><strong>addidit</strong></span> <span class='ocrx_word' id='word_1_548' title='bbox 3463 3897 3644 3949; x_wconf 59' lang='lat' dir='ltr'><strong>misa</strong></span> <span class='ocrx_word' id='word_1_549' title='bbox 3663 3891 3774 3947; x_wconf 66' lang='lat' dir='ltr'><strong>Ce-</strong></span> 
     </span>
    </p>
   </div>
   <div class='ocr_carea' id='block_1_67' title="bbox 511 3987 3767 4063">
    <p class='ocr_par' dir='ltr' id='par_1_67' title="bbox 511 3987 3767 4063">
     <span class='ocr_line' id='line_1_67' title="bbox 511 3987 3767 4063; baseline 0.003 -32"><span class='ocrx_word' id='word_1_550' title='bbox 511 3992 632 4032; x_wconf 83' lang='lat' dir='ltr'><strong>cem</strong></span> <span class='ocrx_word' id='word_1_551' title='bbox 673 3987 964 4052; x_wconf 85' lang='lat' dir='ltr'><strong>tanguntur</strong></span> <span class='ocrx_word' id='word_1_552' title='bbox 1003 3997 1064 4041; x_wconf 91' lang='lat' dir='ltr'><strong>ut</strong></span> <span class='ocrx_word' id='word_1_553' title='bbox 1101 3998 1316 4057; x_wconf 85' lang='lat' dir='ltr'><strong>sonent,</strong></span> <span class='ocrx_word' id='word_1_554' title='bbox 1357 3991 1478 4048; x_wconf 89' lang='lat' dir='ltr'><strong>ideo</strong></span> <span class='ocrx_word' id='word_1_555' title='bbox 1523 4009 1552 4046; x_wconf 83' lang='lat' dir='ltr'><strong>a</strong></span> <span class='ocrx_word' id='word_1_556' title='bbox 1587 3993 1908 4063; x_wconf 78' lang='lat' dir='ltr'><strong>quibusdam</strong></span> <span class='ocrx_word' id='word_1_557' title='bbox 1939 3993 2098 4048; x_wconf 89' lang='lat' dir='ltr'><strong>labiis</strong></span> <span class='ocrx_word' id='word_1_558' title='bbox 2189 3992 2448 4049; x_wconf 77' lang='lat' dir='ltr'><strong>-lestinus.</strong></span> <span class='ocrx_word' id='word_1_559' title='bbox 2489 3991 2606 4053; x_wconf 76' lang='lat' dir='ltr'><strong>ille,</strong></span> <span class='ocrx_word' id='word_1_560' title='bbox 2651 4000 2708 4046; x_wconf 92' lang='lat' dir='ltr'><strong>ut</strong></span> <span class='ocrx_word' id='word_1_561' title='bbox 2733 3992 2785 4045; x_wconf 90' lang='lat' dir='ltr'><strong>in</strong></span> <span class='ocrx_word' id='word_1_562' title='bbox 2811 3988 2993 4045; x_wconf 82' lang='lat' dir='ltr'><strong>Gestis</strong></span> <span class='ocrx_word' id='word_1_563' title='bbox 3019 3989 3427 4060; x_wconf 78' lang='lat' dir='ltr'><strong>pontiﬁcalibus</strong></span> <span class='ocrx_word' id='word_1_564' title='bbox 3450 3990 3767 4051; x_wconf 72' lang='lat' dir='ltr'><strong>conti-olm,</strong></span> 
     </span>
    </p>
   </div>
   <div class='ocr_carea' id='block_1_68' title="bbox 510 4070 3774 4154">
    <p class='ocr_par' dir='ltr' id='par_1_68' title="bbox 510 4070 3774 4154">
     <span class='ocr_line' id='line_1_68' title="bbox 510 4070 3774 4154; baseline 0.003 -31"><span class='ocrx_word' id='word_1_565' title='bbox 510 4070 710 4126; x_wconf 84' lang='lat' dir='ltr'><strong>nostris</strong></span> <span class='ocrx_word' id='word_1_566' title='bbox 738 4086 1048 4145; x_wconf 85' lang='lat' dir='ltr'><strong>comparata</strong></span> <span class='ocrx_word' id='word_1_567' title='bbox 1086 4089 1229 4135; x_wconf 87' lang='lat' dir='ltr'><strong>sunt.</strong></span> <span class='ocrx_word' id='word_1_568' title='bbox 1264 4081 1370 4139; x_wconf 87' lang='lat' dir='ltr'><strong>Sed</strong></span> <span class='ocrx_word' id='word_1_569' title='bbox 1411 4084 1601 4139; x_wconf 87' lang='lat' dir='ltr'><strong>melius</strong></span> <span class='ocrx_word' id='word_1_570' title='bbox 1633 4085 1854 4154; x_wconf 82' lang='lat' dir='ltr'><strong>intelligi</strong></span> <span class='ocrx_word' id='word_1_571' title='bbox 1884 4094 2014 4154; x_wconf 87' lang='lat' dir='ltr'><strong>puto</strong></span> <span class='ocrx_word' id='word_1_572' title='bbox 2040 4086 2097 4140; x_wconf 89' lang='lat' dir='ltr'><strong>in</strong></span> <span class='ocrx_word' id='word_1_573' title='bbox 2197 4086 2514 4148; x_wconf 86' lang='lat' dir='ltr'><strong>constituit,</strong></span> <span class='ocrx_word' id='word_1_574' title='bbox 2567 4093 2626 4138; x_wconf 85' lang='lat' dir='ltr'><strong>nt</strong></span> <span class='ocrx_word' id='word_1_575' title='bbox 2669 4084 2861 4154; x_wconf 87' lang='lat' dir='ltr'><strong>psalmi</strong></span> <span class='ocrx_word' id='word_1_576' title='bbox 2911 4083 3079 4138; x_wconf 84' lang='lat' dir='ltr'><strong>David</strong></span> <span class='ocrx_word' id='word_1_577' title='bbox 3135 4092 3357 4138; x_wconf 87' lang='lat' dir='ltr'><strong>centum</strong></span> <span class='ocrx_word' id='word_1_578' title='bbox 3401 4081 3774 4152; x_wconf 72' lang='lat' dir='ltr'><strong>quiiqoagiuh</strong></span> 
     </span>
    </p>
   </div>
   <div class='ocr_carea' id='block_1_69' title="bbox 510 4163 3776 4246">
    <p class='ocr_par' dir='ltr' id='par_1_69' title="bbox 510 4163 3776 4246">
     <span class='ocr_line' id='line_1_69' title="bbox 510 4163 3776 4246; baseline 0.003 -30"><span class='ocrx_word' id='word_1_579' title='bbox 510 4163 773 4233; x_wconf 80' lang='lat' dir='ltr'><strong>cymbalis</strong></span> <span class='ocrx_word' id='word_1_580' title='bbox 793 4170 1189 4238; x_wconf 90' lang='lat' dir='ltr'><strong>quodammodo</strong></span> <span class='ocrx_word' id='word_1_581' title='bbox 1219 4174 1434 4231; x_wconf 87' lang='lat' dir='ltr'><strong>laudare</strong></span> <span class='ocrx_word' id='word_1_582' title='bbox 1464 4175 1774 4240; x_wconf 89' lang='lat' dir='ltr'><strong>Dominum,</strong></span> <span class='ocrx_word' id='word_1_583' title='bbox 1799 4177 1924 4231; x_wconf 90' lang='lat' dir='ltr'><strong>dum</strong></span> <span class='ocrx_word' id='word_1_584' title='bbox 1953 4176 2098 4244; x_wconf 84' lang='lat' dir='ltr'><strong>quis-</strong></span> <span class='ocrx_word' id='word_1_585' title='bbox 2190 4187 2328 4234; x_wconf 79' lang='lat' dir='ltr'><strong>ante</strong></span> <span class='ocrx_word' id='word_1_586' title='bbox 2360 4177 2688 4233; x_wconf 73' lang='lat' dir='ltr'><strong>sacriﬁcium</strong></span> <span class='ocrx_word' id='word_1_587' title='bbox 2709 4175 3073 4246; x_wconf 86' lang='lat' dir='ltr'><strong>psallerentur</strong></span> <span class='ocrx_word' id='word_1_588' title='bbox 3096 4175 3497 4244; x_wconf 78' lang='lat' dir='ltr'><strong>antiphonatisn</strong></span> <span class='ocrx_word' id='word_1_589' title='bbox 3529 4189 3598 4227; x_wconf 83' lang='lat' dir='ltr'><strong>ex</strong></span> <span class='ocrx_word' id='word_1_590' title='bbox 3613 4170 3776 4226; x_wconf 54' lang='lat' dir='ltr'><strong>omni</strong></span> 
     </span>
    </p>
   </div>
   <div class='ocr_carea' id='block_1_70' title="bbox 509 4257 3774 4339">
    <p class='ocr_par' dir='ltr' id='par_1_70' title="bbox 509 4257 3774 4339">
     <span class='ocr_line' id='line_1_70' title="bbox 509 4257 3774 4339; baseline 0.002 -27"><span class='ocrx_word' id='word_1_591' title='bbox 509 4266 619 4326; x_wconf 85' lang='lat' dir='ltr'><strong>que</strong></span> <span class='ocrx_word' id='word_1_592' title='bbox 641 4257 939 4318; x_wconf 87' lang='lat' dir='ltr'><strong>honoratur</strong></span> <span class='ocrx_word' id='word_1_593' title='bbox 965 4279 996 4318; x_wconf 87' lang='lat' dir='ltr'><strong>a</strong></span> <span class='ocrx_word' id='word_1_594' title='bbox 1019 4267 1288 4336; x_wconf 80' lang='lat' dir='ltr'><strong>proximo,</strong></span> <span class='ocrx_word' id='word_1_595' title='bbox 1322 4284 1428 4323; x_wconf 85' lang='lat' dir='ltr'><strong>non</strong></span> <span class='ocrx_word' id='word_1_596' title='bbox 1465 4284 1496 4322; x_wconf 91' lang='lat' dir='ltr'><strong>a</strong></span> <span class='ocrx_word' id='word_1_597' title='bbox 1539 4270 1849 4339; x_wconf 81' lang='lat' dir='ltr'><strong>semetipso,</strong></span> <span class='ocrx_word' id='word_1_598' title='bbox 1875 4276 1930 4326; x_wconf 88' lang='lat' dir='ltr'><strong>et</strong></span> <span class='ocrx_word' id='word_1_599' title='bbox 1955 4268 2095 4324; x_wconf 84' lang='lat' dir='ltr'><strong>invi-</strong></span> <span class='ocrx_word' id='word_1_600' title='bbox 2195 4271 2322 4332; x_wconf 82' lang='lat' dir='ltr'><strong>bus,</strong></span> <span class='ocrx_word' id='word_1_601' title='bbox 2353 4270 2494 4339; x_wconf 86' lang='lat' dir='ltr'><strong>quod</strong></span> <span class='ocrx_word' id='word_1_602' title='bbox 2521 4277 2647 4323; x_wconf 86' lang='lat' dir='ltr'><strong>ante</strong></span> <span class='ocrx_word' id='word_1_603' title='bbox 2669 4284 2774 4323; x_wconf 83' lang='lat' dir='ltr'><strong>non</strong></span> <span class='ocrx_word' id='word_1_604' title='bbox 2801 4266 2986 4332; x_wconf 83' lang='lat' dir='ltr'><strong>ﬁebat,</strong></span> <span class='ocrx_word' id='word_1_605' title='bbox 3017 4267 3122 4322; x_wconf 91' lang='lat' dir='ltr'><strong>nisi</strong></span> <span class='ocrx_word' id='word_1_606' title='bbox 3151 4275 3362 4321; x_wconf 79' lang='lat' dir='ltr'><strong>tantum</strong></span> <span class='ocrx_word' id='word_1_607' title='bbox 3383 4264 3618 4336; x_wconf 74' lang='lat' dir='ltr'><strong>epistola</strong></span> <span class='ocrx_word' id='word_1_608' title='bbox 3641 4263 3774 4320; x_wconf 62' lang='lat' dir='ltr'><strong>belli</strong></span> 
     </span>
    </p>
   </div>
   <div class='ocr_carea' id='block_1_71' title="bbox 510 4349 1880 4432">
    <p class='ocr_par' dir='ltr' id='par_1_71' title="bbox 510 4349 1880 4432">
     <span class='ocr_line' id='line_1_71' title="bbox 510 4349 1880 4432; baseline 0.008 -27"><span class='ocrx_word' id='word_1_609' title='bbox 510 4358 632 4405; x_wconf 83' lang='lat' dir='ltr'><strong>cem</strong></span> <span class='ocrx_word' id='word_1_610' title='bbox 655 4349 984 4412; x_wconf 81' lang='lat' dir='ltr'><strong>honorantes</strong></span> <span class='ocrx_word' id='word_1_611' title='bbox 1006 4358 1138 4414; x_wconf 79' lang='lat' dir='ltr'><strong>dant</strong></span> <span class='ocrx_word' id='word_1_612' title='bbox 1159 4358 1376 4414; x_wconf 86' lang='lat' dir='ltr'><strong>laudem</strong></span> <span class='ocrx_word' id='word_1_613' title='bbox 1399 4359 1510 4416; x_wconf 84' lang='lat' dir='ltr'><strong>Deo</strong></span> <span class='ocrx_word' id='word_1_614' title='bbox 1543 4359 1724 4431; x_wconf 81' lang='lat' dir='ltr'><strong>(Rom.</strong></span> <span class='ocrx_word' id='word_1_615' title='bbox 1756 4360 1880 4432; x_wconf 85' lang='lat' dir='ltr'><strong>xu).</strong></span> 
     </span>
    </p>
   </div>
   <div class='ocr_carea' id='block_1_72' title="bbox 1111 4481 1466 4547">
    <p class='ocr_par' dir='ltr' id='par_1_72' title="bbox 1111 4481 1466 4547">
     <span class='ocr_line' id='line_1_72' title="bbox 1111 4481 1466 4547; baseline 0.006 -2"><span class='ocrx_word' id='word_1_616' title='bbox 1111 4481 1344 4547; x_wconf 79' lang='lat' dir='ltr'><strong>CAPUT</strong></span> <span class='ocrx_word' id='word_1_617' title='bbox 1375 4491 1466 4547; x_wconf 80' lang='grc' dir='ltr'><strong>Π.</strong></span> 
     </span>
    </p>
   </div>
   <div class='ocr_carea' id='block_1_73' title="bbox 939 4591 1659 4659">
    <p class='ocr_par' dir='ltr' id='par_1_73' title="bbox 939 4591 1659 4659">
     <span class='ocr_line' id='line_1_73' title="bbox 939 4591 1659 4659; baseline 0.011 -8"><span class='ocrx_word' id='word_1_618' title='bbox 939 4591 1014 4652; x_wconf 76' lang='lat' dir='ltr'><strong>De</strong></span> <span class='ocrx_word' id='word_1_619' title='bbox 1040 4601 1339 4656; x_wconf 76' lang='lat' dir='ltr'><strong>vestimento</strong></span> <span class='ocrx_word' id='word_1_620' title='bbox 1363 4616 1659 4659; x_wconf 87' lang='lat' dir='ltr'><strong>cantorum.</strong></span> 
     </span>
    </p>
   </div>
   <div class='ocr_carea' id='block_1_74' title="bbox 581 4705 2090 4787">
    <p class='ocr_par' dir='ltr' id='par_1_74' title="bbox 581 4705 2090 4787">
     <span class='ocr_line' id='line_1_74' title="bbox 581 4705 2090 4787; baseline 0.009 -26"><span class='ocrx_word' id='word_1_621' title='bbox 581 4705 750 4762; x_wconf 62' lang='lat' dir='ltr'><strong>Primi</strong></span> <span class='ocrx_word' id='word_1_622' title='bbox 802 4717 1054 4768; x_wconf 86' lang='lat' dir='ltr'><strong>cantores</strong></span> <span class='ocrx_word' id='word_1_623' title='bbox 1096 4715 1274 4770; x_wconf 87' lang='lat' dir='ltr'><strong>vestiti</strong></span> <span class='ocrx_word' id='word_1_624' title='bbox 1313 4727 1472 4771; x_wconf 89' lang='lat' dir='ltr'><strong>erant</strong></span> <span class='ocrx_word' id='word_1_625' title='bbox 1512 4717 1766 4787; x_wconf 83' lang='lat' dir='ltr'><strong>byssinis,</strong></span> <span class='ocrx_word' id='word_1_626' title='bbox 1809 4727 1870 4773; x_wconf 89' lang='lat' dir='ltr'><strong>ut</strong></span> <span class='ocrx_word' id='word_1_627' title='bbox 1913 4719 2090 4775; x_wconf 76' lang='lat' dir='ltr'><strong>Verba</strong></span> 
     </span>
    </p>
   </div>
   <div class='ocr_carea' id='block_1_75' title="bbox 514 4797 2092 4880">
    <p class='ocr_par' dir='ltr' id='par_1_75' title="bbox 514 4797 2092 4880">
     <span class='ocr_line' id='line_1_75' title="bbox 514 4797 2092 4880; baseline 0.007 -27"><span class='ocrx_word' id='word_1_628' title='bbox 514 4797 725 4854; x_wconf 86' lang='lat' dir='ltr'><strong>dierum</strong></span> <span class='ocrx_word' id='word_1_629' title='bbox 759 4812 988 4858; x_wconf 89' lang='lat' dir='ltr'><strong>narrant</strong></span> <span class='ocrx_word' id='word_1_630' title='bbox 1025 4805 1252 4863; x_wconf 86' lang='lat' dir='ltr'><strong>dicendo</strong></span> <span class='ocrx_word' id='word_1_631' title='bbox 1285 4827 1298 4862; x_wconf 91' lang='lat'><strong>:</strong></span> <span class='ocrx_word' id='word_1_632' title='bbox 1336 4807 1465 4863; x_wconf 82' lang='lat' dir='ltr'><strong>Tum</strong></span> <span class='ocrx_word' id='word_1_633' title='bbox 1491 4807 1686 4865; x_wconf 63' lang='lat' dir='ltr'><strong>Levius</strong></span> <span class='ocrx_word' id='word_1_634' title='bbox 1707 4827 1867 4880; x_wconf 86' lang='lat' dir='ltr'><strong>quam</strong></span> <span class='ocrx_word' id='word_1_635' title='bbox 1913 4820 2092 4864; x_wconf 81' lang='lat' dir='ltr'><strong>canto-</strong></span> 
     </span>
    </p>
   </div>
   <div class='ocr_carea' id='block_1_76' title="bbox 511 4893 2092 4974">
    <p class='ocr_par' dir='ltr' id='par_1_76' title="bbox 511 4893 2092 4974">
     <span class='ocr_line' id='line_1_76' title="bbox 511 4893 2092 4974; baseline 0.007 -28"><span class='ocrx_word' id='word_1_636' title='bbox 511 4909 616 4958; x_wconf 81' lang='lat' dir='ltr'><strong>res,</strong></span> <span class='ocrx_word' id='word_1_637' title='bbox 637 4893 694 4948; x_wconf 75' lang='lat' dir='ltr'><strong>id</strong></span> <span class='ocrx_word' id='word_1_638' title='bbox 711 4907 810 4961; x_wconf 82' lang='lat' dir='ltr'><strong>est,</strong></span> <span class='ocrx_word' id='word_1_639' title='bbox 834 4897 925 4967; x_wconf 87' lang='lat' dir='ltr'><strong>qui</strong></span> <span class='ocrx_word' id='word_1_640' title='bbox 953 4898 1048 4952; x_wconf 85' lang='lat' dir='ltr'><strong>sub</strong></span> <span class='ocrx_word' id='word_1_641' title='bbox 1081 4901 1254 4972; x_wconf 78' lang='lat' dir='ltr'><strong>Asaplt</strong></span> <span class='ocrx_word' id='word_1_642' title='bbox 1281 4912 1450 4970; x_wconf 81' lang='lat' dir='ltr'><strong>erant,</strong></span> <span class='ocrx_word' id='word_1_643' title='bbox 1497 4913 1545 4958; x_wconf 83' lang='lat' dir='ltr'><strong>et</strong></span> <span class='ocrx_word' id='word_1_644' title='bbox 1573 4904 1664 4974; x_wconf 78' lang='lat' dir='ltr'><strong>qui</strong></span> <span class='ocrx_word' id='word_1_645' title='bbox 1681 4903 1776 4958; x_wconf 86' lang='lat' dir='ltr'><strong>sub</strong></span> <span class='ocrx_word' id='word_1_646' title='bbox 1801 4903 1994 4967; x_wconf 83' lang='lat' dir='ltr'><strong>Eman,</strong></span> <span class='ocrx_word' id='word_1_647' title='bbox 2043 4913 2092 4957; x_wconf 85' lang='lat' dir='ltr'><strong>et</strong></span> 
     </span>
    </p>
   </div>
   <div class='ocr_carea' id='block_1_77' title="bbox 508 4984 2088 5066">
    <p class='ocr_par' dir='ltr' id='par_1_77' title="bbox 508 4984 2088 5066">
     <span class='ocr_line' id='line_1_77' title="bbox 508 4984 2088 5066; baseline 0.008 -30"><span class='ocrx_word' id='word_1_648' title='bbox 508 4984 600 5055; x_wconf 86' lang='lat' dir='ltr'><strong>qui</strong></span> <span class='ocrx_word' id='word_1_649' title='bbox 639 4986 733 5039; x_wconf 88' lang='lat' dir='ltr'><strong>sub</strong></span> <span class='ocrx_word' id='word_1_650' title='bbox 758 4985 976 5042; x_wconf 75' lang='lat' dir='ltr'><strong>Iditliun</strong></span> <span class='ocrx_word' id='word_1_651' title='bbox 993 4990 1097 5058; x_wconf 75' lang='lat' dir='ltr'><strong>ﬁlii</strong></span> <span class='ocrx_word' id='word_1_652' title='bbox 1131 5003 1178 5044; x_wconf 86' lang='lat' dir='ltr'><strong>et</strong></span> <span class='ocrx_word' id='word_1_653' title='bbox 1208 4992 1396 5061; x_wconf 80' lang='lat' dir='ltr'><strong>fratres</strong></span> <span class='ocrx_word' id='word_1_654' title='bbox 1437 5011 1619 5049; x_wconf 80' lang='lat' dir='ltr'><strong>eorum</strong></span> <span class='ocrx_word' id='word_1_655' title='bbox 1640 4997 1806 5050; x_wconf 74' lang='lat' dir='ltr'><strong>vestiti</strong></span> <span class='ocrx_word' id='word_1_656' title='bbox 1847 4995 2088 5066; x_wconf 68' lang='lat' dir='ltr'><strong>byssiuis,</strong></span> 
     </span>
    </p>
   </div>
   <div class='ocr_carea' id='block_1_78' title="bbox 509 5075 2087 5159">
    <p class='ocr_par' dir='ltr' id='par_1_78' title="bbox 509 5075 2087 5159">
     <span class='ocr_line' id='line_1_78' title="bbox 509 5075 2087 5159; baseline 0.009 -32"><span class='ocrx_word' id='word_1_657' title='bbox 509 5075 792 5144; x_wconf 75' lang='lat' dir='ltr'><strong>cymbalis,</strong></span> <span class='ocrx_word' id='word_1_658' title='bbox 838 5088 887 5132; x_wconf 84' lang='lat' dir='ltr'><strong>et</strong></span> <span class='ocrx_word' id='word_1_659' title='bbox 927 5080 1193 5150; x_wconf 84' lang='lat' dir='ltr'><strong>psalteriis</strong></span> <span class='ocrx_word' id='word_1_660' title='bbox 1229 5095 1274 5137; x_wconf 84' lang='lat' dir='ltr'><strong>et</strong></span> <span class='ocrx_word' id='word_1_661' title='bbox 1315 5087 1530 5140; x_wconf 78' lang='lat' dir='ltr'><strong>citharis</strong></span> <span class='ocrx_word' id='word_1_662' title='bbox 1572 5089 1949 5157; x_wconf 72' lang='lat' dir='ltr'><strong>conm&#39;cpabam</strong></span> <span class='ocrx_word' id='word_1_663' title='bbox 1999 5086 2087 5159; x_wconf 82' lang='lat' dir='ltr'><strong>(Il</strong></span> 
     </span>
    </p>
   </div>
   <div class='ocr_carea' id='block_1_79' title="bbox 508 5163 2079 5251">
    <p class='ocr_par' dir='ltr' id='par_1_79' title="bbox 508 5163 2079 5251">
     <span class='ocr_line' id='line_1_79' title="bbox 508 5163 2079 5251; baseline 0.011 -32"><span class='ocrx_word' id='word_1_664' title='bbox 508 5163 641 5222; x_wconf 84' lang='lat' dir='ltr'><strong>Par.</strong></span> <span class='ocrx_word' id='word_1_665' title='bbox 679 5171 750 5238; x_wconf 85' lang='lat' dir='ltr'><strong>v).</strong></span> <span class='ocrx_word' id='word_1_666' title='bbox 787 5171 862 5224; x_wconf 77' lang='lat' dir='ltr'><strong>Ex</strong></span> <span class='ocrx_word' id='word_1_667' title='bbox 887 5184 1080 5228; x_wconf 88' lang='lat' dir='ltr'><strong>natura</strong></span> <span class='ocrx_word' id='word_1_668' title='bbox 1106 5176 1248 5246; x_wconf 75' lang='lat' dir='ltr'><strong>hyssi</strong></span> <span class='ocrx_word' id='word_1_669' title='bbox 1270 5193 1556 5246; x_wconf 88' lang='lat' dir='ltr'><strong>possumus</strong></span> <span class='ocrx_word' id='word_1_670' title='bbox 1583 5181 1886 5249; x_wconf 83' lang='lat' dir='ltr'><strong>intelligere</strong></span> <span class='ocrx_word' id='word_1_671' title='bbox 1915 5197 2079 5251; x_wconf 86' lang='lat' dir='ltr'><strong>quam</strong></span> 
     </span>
    </p>
   </div>
   <div class='ocr_carea' id='block_1_80' title="bbox 499 5260 2088 5342">
    <p class='ocr_par' dir='ltr' id='par_1_80' title="bbox 499 5260 2088 5342">
     <span class='ocr_line' id='line_1_80' title="bbox 499 5260 2088 5342; baseline 0.011 -32"><span class='ocrx_word' id='word_1_672' title='bbox 499 5260 752 5329; x_wconf 73' lang='lat' dir='ltr'><strong>proxima</strong></span> <span class='ocrx_word' id='word_1_673' title='bbox 784 5263 892 5318; x_wconf 84' lang='lat' dir='ltr'><strong>sint</strong></span> <span class='ocrx_word' id='word_1_674' title='bbox 913 5265 1056 5320; x_wconf 88' lang='lat' dir='ltr'><strong>inter</strong></span> <span class='ocrx_word' id='word_1_675' title='bbox 1073 5281 1130 5321; x_wconf 89' lang='lat' dir='ltr'><strong>se</strong></span> <span class='ocrx_word' id='word_1_676' title='bbox 1163 5268 1276 5322; x_wconf 73' lang='lat' dir='ltr'><strong>haec</strong></span> <span class='ocrx_word' id='word_1_677' title='bbox 1305 5269 1428 5332; x_wconf 88' lang='lat' dir='ltr'><strong>duo,</strong></span> <span class='ocrx_word' id='word_1_678' title='bbox 1458 5271 1653 5341; x_wconf 88' lang='lat' dir='ltr'><strong>byssus</strong></span> <span class='ocrx_word' id='word_1_679' title='bbox 1675 5281 1729 5326; x_wconf 90' lang='lat' dir='ltr'><strong>et</strong></span> <span class='ocrx_word' id='word_1_680' title='bbox 1764 5273 1954 5337; x_wconf 88' lang='lat' dir='ltr'><strong>linum,</strong></span> <span class='ocrx_word' id='word_1_681' title='bbox 1979 5288 2088 5342; x_wconf 90' lang='lat' dir='ltr'><strong>quo</strong></span> 
     </span>
    </p>
   </div>
   <div class='ocr_carea' id='block_1_81' title="bbox 509 5350 2088 5418">
    <p class='ocr_par' dir='ltr' id='par_1_81' title="bbox 509 5350 2088 5418">
     <span class='ocr_line' id='line_1_81' title="bbox 509 5350 2088 5418; baseline 0.011 -16"><span class='ocrx_word' id='word_1_682' title='bbox 509 5350 678 5404; x_wconf 90' lang='lat' dir='ltr'><strong>nostri</strong></span> <span class='ocrx_word' id='word_1_683' title='bbox 707 5360 961 5409; x_wconf 89' lang='lat' dir='ltr'><strong>cantores</strong></span> <span class='ocrx_word' id='word_1_684' title='bbox 982 5366 1226 5411; x_wconf 88' lang='lat' dir='ltr'><strong>utuntur.</strong></span> <span class='ocrx_word' id='word_1_685' title='bbox 1241 5359 1380 5414; x_wconf 91' lang='lat' dir='ltr'><strong>Dicit</strong></span> <span class='ocrx_word' id='word_1_686' title='bbox 1403 5359 1544 5415; x_wconf 89' lang='lat' dir='ltr'><strong>Beda</strong></span> <span class='ocrx_word' id='word_1_687' title='bbox 1570 5362 1623 5416; x_wconf 87' lang='lat' dir='ltr'><strong>in</strong></span> <span class='ocrx_word' id='word_1_688' title='bbox 1648 5362 1786 5418; x_wconf 88' lang='lat' dir='ltr'><strong>libro</strong></span> <span class='ocrx_word' id='word_1_689' title='bbox 1801 5365 1869 5418; x_wconf 90' lang='lat' dir='ltr'><strong>de</strong></span> <span class='ocrx_word' id='word_1_690' title='bbox 1884 5365 2088 5418; x_wconf 87' lang='lat' dir='ltr'><strong>Taber-</strong></span> 
     </span>
    </p>
   </div>
   <div class='ocr_carea' id='block_1_82' title="bbox 507 5443 2090 5525">
    <p class='ocr_par' dir='ltr' id='par_1_82' title="bbox 507 5443 2090 5525">
     <span class='ocr_line' id='line_1_82' title="bbox 507 5443 2090 5525; baseline 0.01 -30"><span class='ocrx_word' id='word_1_691' title='bbox 507 5443 702 5498; x_wconf 87' lang='lat' dir='ltr'><strong>naculo</strong></span> <span class='ocrx_word' id='word_1_692' title='bbox 743 5455 797 5498; x_wconf 89' lang='lat' dir='ltr'><strong>et</strong></span> <span class='ocrx_word' id='word_1_693' title='bbox 825 5446 980 5502; x_wconf 86' lang='lat' dir='ltr'><strong>Vasis</strong></span> <span class='ocrx_word' id='word_1_694' title='bbox 1010 5449 1128 5520; x_wconf 87' lang='lat' dir='ltr'><strong>ejus</strong></span> <span class='ocrx_word' id='word_1_695' title='bbox 1157 5450 1268 5521; x_wconf 84' lang='lat' dir='ltr'><strong>(lib.</strong></span> <span class='ocrx_word' id='word_1_696' title='bbox 1309 5469 1344 5506; x_wconf 87' lang='lat' dir='ltr'><strong>n</strong></span> <span class='ocrx_word' id='word_1_697' title='bbox 1366 5493 1381 5516; x_wconf 95' lang='lat'><strong>,</strong></span> <span class='ocrx_word' id='word_1_698' title='bbox 1412 5469 1528 5524; x_wconf 81' lang='lat' dir='ltr'><strong>cap.</strong></span> <span class='ocrx_word' id='word_1_699' title='bbox 1555 5455 1680 5524; x_wconf 69' lang='lat'><strong>45):</strong></span> <span class='ocrx_word' id='word_1_700' title='bbox 1713 5456 1911 5525; x_wconf 86' lang='lat' dir='ltr'><strong>Byssus</strong></span> <span class='ocrx_word' id='word_1_701' title='bbox 1937 5469 2090 5510; x_wconf 84' lang='lat' dir='ltr'><strong>nam-</strong></span> 
     </span>
    </p>
   </div>
   <div class='ocr_carea' id='block_1_83' title="bbox 509 5537 2089 5610">
    <p class='ocr_par' dir='ltr' id='par_1_83' title="bbox 509 5537 2089 5610">
     <span class='ocr_line' id='line_1_83' title="bbox 509 5537 2089 5610; baseline 0.012 -26"><span class='ocrx_word' id='word_1_702' title='bbox 509 5547 633 5600; x_wconf 82' lang='lat' dir='ltr'><strong>que,</strong></span> <span class='ocrx_word' id='word_1_703' title='bbox 665 5543 725 5588; x_wconf 89' lang='lat' dir='ltr'><strong>ut</strong></span> <span class='ocrx_word' id='word_1_704' title='bbox 752 5537 948 5607; x_wconf 52' lang='lat' dir='ltr'><strong>saepius</strong></span> <span class='ocrx_word' id='word_1_705' title='bbox 974 5552 1455 5598; x_wconf 87' lang='lat' dir='ltr'><strong>commemoratum</strong></span> <span class='ocrx_word' id='word_1_706' title='bbox 1477 5553 1580 5610; x_wconf 89' lang='lat' dir='ltr'><strong>est,</strong></span> <span class='ocrx_word' id='word_1_707' title='bbox 1634 5547 1700 5600; x_wconf 84' lang='lat' dir='ltr'><strong>de</strong></span> <span class='ocrx_word' id='word_1_708' title='bbox 1726 5555 1868 5600; x_wconf 87' lang='lat' dir='ltr'><strong>terra</strong></span> <span class='ocrx_word' id='word_1_709' title='bbox 1902 5547 2089 5603; x_wconf 86' lang='lat' dir='ltr'><strong>viridis</strong></span> 
     </span>
    </p>
   </div>
   <div class='ocr_carea' id='block_1_84' title="bbox 511 5627 2084 5707">
    <p class='ocr_par' dir='ltr' id='par_1_84' title="bbox 511 5627 2084 5707">
     <span class='ocr_line' id='line_1_84' title="bbox 511 5627 2084 5707; baseline 0.011 -29"><span class='ocrx_word' id='word_1_710' title='bbox 511 5627 754 5680; x_wconf 82' lang='lat' dir='ltr'><strong>nascitur</strong></span> <span class='ocrx_word' id='word_1_711' title='bbox 781 5647 795 5682; x_wconf 82' lang='lat'><strong>;</strong></span> <span class='ocrx_word' id='word_1_712' title='bbox 821 5631 914 5685; x_wconf 86' lang='lat' dir='ltr'><strong>sed</strong></span> <span class='ocrx_word' id='word_1_713' title='bbox 935 5642 1089 5686; x_wconf 90' lang='lat' dir='ltr'><strong>eruta</strong></span> <span class='ocrx_word' id='word_1_714' title='bbox 1116 5635 1182 5688; x_wconf 92' lang='lat' dir='ltr'><strong>de</strong></span> <span class='ocrx_word' id='word_1_715' title='bbox 1208 5643 1374 5701; x_wconf 89' lang='lat' dir='ltr'><strong>terra,</strong></span> <span class='ocrx_word' id='word_1_716' title='bbox 1408 5637 1666 5703; x_wconf 84' lang='lat' dir='ltr'><strong>siccatur,</strong></span> <span class='ocrx_word' id='word_1_717' title='bbox 1712 5641 2084 5707; x_wconf 73' lang='lat' dir='ltr'><strong>coiitunditur,</strong></span> 
     </span>
    </p>
   </div>
   <div class='ocr_carea' id='block_1_85' title="bbox 505 5718 2086 5799">
    <p class='ocr_par' dir='ltr' id='par_1_85' title="bbox 505 5718 2086 5799">
     <span class='ocr_line' id='line_1_85' title="bbox 505 5718 2086 5799; baseline 0.009 -27"><span class='ocrx_word' id='word_1_718' title='bbox 505 5718 781 5786; x_wconf 87' lang='lat' dir='ltr'><strong>coquitur,</strong></span> <span class='ocrx_word' id='word_1_719' title='bbox 809 5728 1108 5790; x_wconf 90' lang='lat' dir='ltr'><strong>torquetur,</strong></span> <span class='ocrx_word' id='word_1_720' title='bbox 1141 5734 1195 5779; x_wconf 91' lang='lat' dir='ltr'><strong>et</strong></span> <span class='ocrx_word' id='word_1_721' title='bbox 1233 5741 1428 5796; x_wconf 88' lang='lat' dir='ltr'><strong>magno</strong></span> <span class='ocrx_word' id='word_1_722' title='bbox 1455 5737 1509 5782; x_wconf 86' lang='lat' dir='ltr'><strong>et</strong></span> <span class='ocrx_word' id='word_1_723' title='bbox 1536 5728 1694 5799; x_wconf 90' lang='lat' dir='ltr'><strong>longo</strong></span> <span class='ocrx_word' id='word_1_724' title='bbox 1721 5731 1984 5786; x_wconf 83' lang='lat' dir='ltr'><strong>exercitio</strong></span> <span class='ocrx_word' id='word_1_725' title='bbox 2019 5733 2086 5788; x_wconf 87' lang='lat' dir='ltr'><strong>ad</strong></span> 
     </span>
    </p>
   </div>
   <div class='ocr_carea' id='block_1_86' title="bbox 505 5809 2084 5892">
    <p class='ocr_par' dir='ltr' id='par_1_86' title="bbox 505 5809 2084 5892">
     <span class='ocr_line' id='line_1_86' title="bbox 505 5809 2084 5892; baseline 0.009 -26"><span class='ocrx_word' id='word_1_726' title='bbox 505 5809 795 5866; x_wconf 87' lang='lat' dir='ltr'><strong>candidum</strong></span> <span class='ocrx_word' id='word_1_727' title='bbox 823 5813 890 5867; x_wconf 90' lang='lat' dir='ltr'><strong>de</strong></span> <span class='ocrx_word' id='word_1_728' title='bbox 912 5815 1072 5870; x_wconf 88' lang='lat' dir='ltr'><strong>viridi</strong></span> <span class='ocrx_word' id='word_1_729' title='bbox 1101 5817 1421 5888; x_wconf 85' lang='lat' dir='ltr'><strong>producitur</strong></span> <span class='ocrx_word' id='word_1_730' title='bbox 1455 5819 1694 5878; x_wconf 87' lang='lat' dir='ltr'><strong>colorem</strong></span> <span class='ocrx_word' id='word_1_731' title='bbox 1721 5839 1736 5892; x_wconf 72' lang='grc' dir='ltr'><strong>ί</strong></span> <span class='ocrx_word' id='word_1_732' title='bbox 1775 5823 1857 5880; x_wconf 84' lang='lat' dir='ltr'><strong>sic</strong></span> <span class='ocrx_word' id='word_1_733' title='bbox 1873 5832 1931 5880; x_wconf 87' lang='lat' dir='ltr'><strong>et</strong></span> <span class='ocrx_word' id='word_1_734' title='bbox 1957 5839 2084 5880; x_wconf 85' lang='lat' dir='ltr'><strong>caro</strong></span> 
     </span>
    </p>
   </div>
   <div class='ocr_carea' id='block_1_87' title="bbox 2198 4356 3772 4430">
    <p class='ocr_par' dir='ltr' id='par_1_87' title="bbox 2198 4356 3772 4430">
     <span class='ocr_line' id='line_1_87' title="bbox 2198 4356 3772 4430; baseline -0.005 -16"><span class='ocrx_word' id='word_1_735' title='bbox 2198 4360 2425 4430; x_wconf 79' lang='lat' dir='ltr'><strong>apostoli</strong></span> <span class='ocrx_word' id='word_1_736' title='bbox 2478 4357 2630 4412; x_wconf 84' lang='lat' dir='ltr'><strong>Pauli</strong></span> <span class='ocrx_word' id='word_1_737' title='bbox 2676 4358 3010 4412; x_wconf 88' lang='lat' dir='ltr'><strong>recitabatur</strong></span> <span class='ocrx_word' id='word_1_738' title='bbox 3049 4365 3104 4411; x_wconf 91' lang='lat' dir='ltr'><strong>et</strong></span> <span class='ocrx_word' id='word_1_739' title='bbox 3123 4367 3372 4411; x_wconf 86' lang='lat' dir='ltr'><strong>sanctum</strong></span> <span class='ocrx_word' id='word_1_740' title='bbox 3413 4356 3772 4427; x_wconf 61' lang='lat' dir='ltr'><strong>liv-ngenium,</strong></span> 
     </span>
    </p>
   </div>
   <div class='ocr_carea' id='block_1_88' title="bbox 2197 4445 3771 4517">
    <p class='ocr_par' dir='ltr' id='par_1_88' title="bbox 2197 4445 3771 4517">
     <span class='ocr_line' id='line_1_88' title="bbox 2197 4445 3771 4517; baseline -0.004 -12"><span class='ocrx_word' id='word_1_741' title='bbox 2197 4459 2254 4505; x_wconf 88' lang='lat' dir='ltr'><strong>et</strong></span> <span class='ocrx_word' id='word_1_742' title='bbox 2275 4450 2352 4505; x_wconf 92' lang='lat' dir='ltr'><strong>sic</strong></span> <span class='ocrx_word' id='word_1_743' title='bbox 2383 4449 2548 4503; x_wconf 88' lang='lat' dir='ltr'><strong>missa</strong></span> <span class='ocrx_word' id='word_1_744' title='bbox 2571 4447 2967 4502; x_wconf 84' lang='lat' dir='ltr'><strong>celebrabatur.</strong></span> <span class='ocrx_word' id='word_1_745' title='bbox 2996 4445 3154 4513; x_wconf 61' lang='lat' dir='ltr'><strong>Quod</strong></span> <span class='ocrx_word' id='word_1_746' title='bbox 3178 4461 3278 4501; x_wconf 91' lang='lat' dir='ltr'><strong>nos</strong></span> <span class='ocrx_word' id='word_1_747' title='bbox 3301 4447 3375 4500; x_wconf 85' lang='lat' dir='ltr'><strong>ita</strong></span> <span class='ocrx_word' id='word_1_748' title='bbox 3407 4446 3771 4517; x_wconf 75' lang='lat' dir='ltr'><strong>intelligimus,</strong></span> 
     </span>
    </p>
   </div>
   <div class='ocr_carea' id='block_1_89' title="bbox 2197 4539 3773 4610">
    <p class='ocr_par' dir='ltr' id='par_1_89' title="bbox 2197 4539 3773 4610">
     <span class='ocr_line' id='line_1_89' title="bbox 2197 4539 3773 4610; baseline -0.005 -12"><span class='ocrx_word' id='word_1_749' title='bbox 2197 4552 2258 4598; x_wconf 89' lang='lat' dir='ltr'><strong>ut</strong></span> <span class='ocrx_word' id='word_1_750' title='bbox 2299 4558 2364 4598; x_wconf 86' lang='lat' dir='ltr'><strong>ex</strong></span> <span class='ocrx_word' id='word_1_751' title='bbox 2396 4541 2646 4596; x_wconf 89' lang='lat' dir='ltr'><strong>omnibus</strong></span> <span class='ocrx_word' id='word_1_752' title='bbox 2687 4539 2912 4610; x_wconf 84' lang='lat' dir='ltr'><strong>psalmis</strong></span> <span class='ocrx_word' id='word_1_753' title='bbox 2949 4544 3271 4608; x_wconf 71' lang='lat' dir='ltr'><strong>excerperet</strong></span> <span class='ocrx_word' id='word_1_754' title='bbox 3310 4539 3650 4609; x_wconf 86' lang='lat' dir='ltr'><strong>antiphonas</strong></span> <span class='ocrx_word' id='word_1_755' title='bbox 3669 4551 3773 4608; x_wconf 64' lang='lat' dir='ltr'><strong>qua</strong></span> 
     </span>
    </p>
   </div>
   <div class='ocr_carea' id='block_1_90' title="bbox 2116 4605 3775 4706">
    <p class='ocr_par' dir='ltr' id='par_1_90' title="bbox 2116 4605 3775 4706">
     <span class='ocr_line' id='line_1_90' title="bbox 2116 4605 3775 4706; baseline -0.003 -16"><span class='ocrx_word' id='word_1_756' title='bbox 2116 4605 2172 4666; x_wconf 68' lang='grc' dir='ltr'><strong><em>Β</em></strong></span> <span class='ocrx_word' id='word_1_757' title='bbox 2195 4634 2558 4706; x_wconf 84' lang='lat' dir='ltr'><strong>psallerentur</strong></span> <span class='ocrx_word' id='word_1_758' title='bbox 2581 4633 2635 4688; x_wconf 91' lang='lat' dir='ltr'><strong>in</strong></span> <span class='ocrx_word' id='word_1_759' title='bbox 2651 4605 2831 4688; x_wconf 76' lang='lat' dir='ltr'><strong>cilicio</strong></span> <span class='ocrx_word' id='word_1_760' title='bbox 2847 4633 3047 4688; x_wconf 62' lang='lat' dir='ltr'><strong>missae.</strong></span> <span class='ocrx_word' id='word_1_761' title='bbox 3072 4605 3209 4687; x_wconf 73' lang='lat' dir='ltr'><strong>Nam</strong></span> <span class='ocrx_word' id='word_1_762' title='bbox 3236 4642 3398 4687; x_wconf 73' lang='lat' dir='ltr'><strong>antea</strong></span> 
     </span>
    </p>
   </div>
   <div class='ocr_carea' id='block_1_91' title="bbox 2189 4714 3775 4796">
    <p class='ocr_par' dir='ltr' id='par_1_91' title="bbox 2189 4714 3775 4796">
     <span class='ocr_line' id='line_1_91' title="bbox 2189 4714 3775 4796; baseline -0.008 -13"><span class='ocrx_word' id='word_1_763' title='bbox 2189 4729 2356 4782; x_wconf 86' lang='lat' dir='ltr'><strong>missa</strong></span> <span class='ocrx_word' id='word_1_764' title='bbox 2392 4742 2424 4780; x_wconf 87' lang='lat' dir='ltr'><strong>a</strong></span> <span class='ocrx_word' id='word_1_765' title='bbox 2453 4727 2706 4782; x_wconf 86' lang='lat' dir='ltr'><strong>lectione.</strong></span> <span class='ocrx_word' id='word_1_766' title='bbox 2738 4726 2841 4793; x_wconf 91' lang='lat' dir='ltr'><strong>Qui</strong></span> <span class='ocrx_word' id='word_1_767' title='bbox 2867 4714 2984 4781; x_wconf 83' lang='lat' dir='ltr'><strong>mos</strong></span> <span class='ocrx_word' id='word_1_768' title='bbox 3011 4726 3189 4782; x_wconf 81' lang='lat' dir='ltr'><strong>adhuc</strong></span> <span class='ocrx_word' id='word_1_769' title='bbox 3215 4727 3566 4783; x_wconf 74' lang='lat' dir='ltr'><strong>retineturia</strong></span> 
     </span>
    </p>
   </div>
   <div class='ocr_carea' id='block_1_92' title="bbox 2187 4817 3779 4890">
    <p class='ocr_par' dir='ltr' id='par_1_92' title="bbox 2187 4817 3779 4890">
     <span class='ocr_line' id='line_1_92' title="bbox 2187 4817 3779 4890; baseline -0.002 -15"><span class='ocrx_word' id='word_1_770' title='bbox 2187 4818 2420 4876; x_wconf 71' lang='lat' dir='ltr'><strong>Pascha:</strong></span> <span class='ocrx_word' id='word_1_771' title='bbox 2461 4827 2520 4874; x_wconf 88' lang='lat' dir='ltr'><strong>et</strong></span> <span class='ocrx_word' id='word_1_772' title='bbox 2577 4819 2632 4873; x_wconf 92' lang='lat' dir='ltr'><strong>in</strong></span> <span class='ocrx_word' id='word_1_773' title='bbox 2661 4818 2862 4890; x_wconf 81' lang='lat' dir='ltr'><strong>vigiliis</strong></span> <span class='ocrx_word' id='word_1_774' title='bbox 2887 4817 3270 4883; x_wconf 74' lang='lat' dir='ltr'><strong>Pentectistos;</strong></span> <span class='ocrx_word' id='word_1_775' title='bbox 3332 4817 3592 4874; x_wconf 76' lang='lat' dir='ltr'><strong>Christus</strong></span> <span class='ocrx_word' id='word_1_776' title='bbox 3625 4818 3779 4873; x_wconf 63' lang='lat' dir='ltr'><strong>Filia</strong></span> 
     </span>
    </p>
   </div>
   <div class='ocr_carea' id='block_1_93' title="bbox 2189 4910 3770 4982">
    <p class='ocr_par' dir='ltr' id='par_1_93' title="bbox 2189 4910 3770 4982">
     <span class='ocr_line' id='line_1_93' title="bbox 2189 4910 3770 4982; baseline -0.004 -15"><span class='ocrx_word' id='word_1_777' title='bbox 2189 4911 2310 4977; x_wconf 85' lang='lat' dir='ltr'><strong>Dei,</strong></span> <span class='ocrx_word' id='word_1_778' title='bbox 2357 4913 2448 4982; x_wconf 80' lang='lat' dir='ltr'><strong>qui</strong></span> <span class='ocrx_word' id='word_1_779' title='bbox 2490 4910 2643 4981; x_wconf 80' lang='lat' dir='ltr'><strong>elegit</strong></span> <span class='ocrx_word' id='word_1_780' title='bbox 2669 4925 2804 4966; x_wconf 85' lang='lat' dir='ltr'><strong>suos</strong></span> <span class='ocrx_word' id='word_1_781' title='bbox 2855 4919 2977 4965; x_wconf 78' lang='lat' dir='ltr'><strong>ante</strong></span> <span class='ocrx_word' id='word_1_782' title='bbox 3013 4910 3199 4964; x_wconf 76' lang='lat' dir='ltr'><strong>mundi</strong></span> <span class='ocrx_word' id='word_1_783' title='bbox 3227 4911 3677 4972; x_wconf 63' lang='lat' dir='ltr'><strong>constitutionem,</strong></span> <span class='ocrx_word' id='word_1_784' title='bbox 3711 4916 3770 4961; x_wconf 62' lang='grc' dir='ltr'><strong>ε</strong></span> 
     </span>
    </p>
   </div>
   <div class='ocr_carea' id='block_1_94' title="bbox 2189 5000 3779 5072">
    <p class='ocr_par' dir='ltr' id='par_1_94' title="bbox 2189 5000 3779 5072">
     <span class='ocr_line' id='line_1_94' title="bbox 2189 5000 3779 5072; baseline -0.001 -14"><span class='ocrx_word' id='word_1_785' title='bbox 2189 5013 2357 5059; x_wconf 76' lang='lat' dir='ltr'><strong>essent</strong></span> <span class='ocrx_word' id='word_1_786' title='bbox 2382 5003 2550 5057; x_wconf 74' lang='lat' dir='ltr'><strong>sancti</strong></span> <span class='ocrx_word' id='word_1_787' title='bbox 2572 5013 2619 5056; x_wconf 80' lang='lat' dir='ltr'><strong>et</strong></span> <span class='ocrx_word' id='word_1_788' title='bbox 2641 5001 2968 5056; x_wconf 79' lang='lat' dir='ltr'><strong>immaculati</strong></span> <span class='ocrx_word' id='word_1_789' title='bbox 2989 5000 3207 5070; x_wconf 73' lang='lat' dir='ltr'><strong>(Ephes.</strong></span> <span class='ocrx_word' id='word_1_790' title='bbox 3241 5001 3304 5072; x_wconf 85' lang='lat' dir='ltr'><strong>I),</strong></span> <span class='ocrx_word' id='word_1_791' title='bbox 3325 5002 3482 5057; x_wconf 74' lang='lat' dir='ltr'><strong>misit</strong></span> <span class='ocrx_word' id='word_1_792' title='bbox 3501 5014 3779 5072; x_wconf 64' lang='lat' dir='ltr'><strong>preco-6</strong></span> 
     </span>
    </p>
   </div>
   <div class='ocr_carea' id='block_1_95' title="bbox 2195 5094 3780 5164">
    <p class='ocr_par' dir='ltr' id='par_1_95' title="bbox 2195 5094 3780 5164">
     <span class='ocr_line' id='line_1_95' title="bbox 2195 5094 3780 5164; baseline -0.001 -13"><span class='ocrx_word' id='word_1_793' title='bbox 2195 5096 2250 5151; x_wconf 88' lang='lat' dir='ltr'><strong>in</strong></span> <span class='ocrx_word' id='word_1_794' title='bbox 2275 5095 2456 5150; x_wconf 82' lang='lat' dir='ltr'><strong>Veteri</strong></span> <span class='ocrx_word' id='word_1_795' title='bbox 2493 5095 2860 5159; x_wconf 87' lang='lat' dir='ltr'><strong>Testamento,</strong></span> <span class='ocrx_word' id='word_1_796' title='bbox 2884 5103 2944 5148; x_wconf 93' lang='lat' dir='ltr'><strong>ut</strong></span> <span class='ocrx_word' id='word_1_797' title='bbox 2973 5097 3042 5149; x_wconf 89' lang='lat' dir='ltr'><strong>de</strong></span> <span class='ocrx_word' id='word_1_798' title='bbox 3069 5094 3192 5149; x_wconf 87' lang='lat' dir='ltr'><strong>aliis</strong></span> <span class='ocrx_word' id='word_1_799' title='bbox 3215 5103 3451 5157; x_wconf 82' lang='lat' dir='ltr'><strong>taceam,</strong></span> <span class='ocrx_word' id='word_1_800' title='bbox 3483 5097 3580 5164; x_wconf 67' lang='lat' dir='ltr'><strong>qui</strong></span> <span class='ocrx_word' id='word_1_801' title='bbox 3611 5094 3780 5149; x_wconf 63' lang='lat' dir='ltr'><strong>suasi-</strong></span> 
     </span>
    </p>
   </div>
   <div class='ocr_carea' id='block_1_96' title="bbox 2195 5186 3776 5256">
    <p class='ocr_par' dir='ltr' id='par_1_96' title="bbox 2195 5186 3776 5256">
     <span class='ocr_line' id='line_1_96' title="bbox 2195 5186 3776 5256; baseline -0.001 -14"><span class='ocrx_word' id='word_1_802' title='bbox 2195 5197 2307 5242; x_wconf 85' lang='lat' dir='ltr'><strong>tate</strong></span> <span class='ocrx_word' id='word_1_803' title='bbox 2348 5203 2413 5242; x_wconf 89' lang='lat' dir='ltr'><strong>ac</strong></span> <span class='ocrx_word' id='word_1_804' title='bbox 2454 5187 2823 5242; x_wconf 88' lang='lat' dir='ltr'><strong>modulatione</strong></span> <span class='ocrx_word' id='word_1_805' title='bbox 2859 5187 3006 5241; x_wconf 86' lang='lat' dir='ltr'><strong>vocis</strong></span> <span class='ocrx_word' id='word_1_806' title='bbox 3043 5186 3302 5256; x_wconf 83' lang='lat' dir='ltr'><strong>populum</strong></span> <span class='ocrx_word' id='word_1_807' title='bbox 3345 5197 3506 5241; x_wconf 78' lang='lat' dir='ltr'><strong>suum</strong></span> <span class='ocrx_word' id='word_1_808' title='bbox 3549 5201 3776 5256; x_wconf 60' lang='lat' dir='ltr'><strong>wre-</strong></span> 
     </span>
    </p>
   </div>
   <div class='ocr_carea' id='block_1_97' title="bbox 2187 5277 3778 5350">
    <p class='ocr_par' dir='ltr' id='par_1_97' title="bbox 2187 5277 3778 5350">
     <span class='ocr_line' id='line_1_97' title="bbox 2187 5277 3778 5350; baseline -0.001 -16"><span class='ocrx_word' id='word_1_809' title='bbox 2187 5288 2388 5350; x_wconf 84' lang='lat' dir='ltr'><strong>garent</strong></span> <span class='ocrx_word' id='word_1_810' title='bbox 2433 5279 2499 5334; x_wconf 84' lang='lat' dir='ltr'><strong>ad</strong></span> <span class='ocrx_word' id='word_1_811' title='bbox 2549 5279 2710 5334; x_wconf 86' lang='lat' dir='ltr'><strong>unius</strong></span> <span class='ocrx_word' id='word_1_812' title='bbox 2754 5279 2849 5333; x_wconf 88' lang='lat' dir='ltr'><strong>Dei</strong></span> <span class='ocrx_word' id='word_1_813' title='bbox 2893 5277 3120 5334; x_wconf 80' lang='lat' dir='ltr'><strong>cultum.</strong></span> <span class='ocrx_word' id='word_1_814' title='bbox 3161 5278 3410 5344; x_wconf 80' lang='lat' dir='ltr'><strong>Quorum</strong></span> <span class='ocrx_word' id='word_1_815' title='bbox 3447 5290 3648 5334; x_wconf 71' lang='lat' dir='ltr'><strong>auctor</strong></span> <span class='ocrx_word' id='word_1_816' title='bbox 3687 5279 3778 5333; x_wconf 72' lang='lat' dir='ltr'><strong>fuit</strong></span> 
     </span>
    </p>
   </div>
   <div class='ocr_carea' id='block_1_98' title="bbox 2193 5369 3776 5440">
    <p class='ocr_par' dir='ltr' id='par_1_98' title="bbox 2193 5369 3776 5440">
     <span class='ocr_line' id='line_1_98' title="bbox 2193 5369 3776 5440; baseline -0.001 -14"><span class='ocrx_word' id='word_1_817' title='bbox 2193 5371 2383 5433; x_wconf 84' lang='lat' dir='ltr'><strong>David,</strong></span> <span class='ocrx_word' id='word_1_818' title='bbox 2417 5371 2482 5426; x_wconf 92' lang='lat' dir='ltr'><strong>de</strong></span> <span class='ocrx_word' id='word_1_819' title='bbox 2519 5385 2626 5440; x_wconf 88' lang='lat' dir='ltr'><strong>quo</strong></span> <span class='ocrx_word' id='word_1_820' title='bbox 2656 5369 3014 5440; x_wconf 85' lang='lat' dir='ltr'><strong>Augustinum</strong></span> <span class='ocrx_word' id='word_1_821' title='bbox 3055 5369 3392 5438; x_wconf 74' lang='lat' dir='ltr'><strong>pmtulimus</strong></span> <span class='ocrx_word' id='word_1_822' title='bbox 3423 5371 3700 5426; x_wconf 79' lang='lat' dir='ltr'><strong>dicentem</strong></span> <span class='ocrx_word' id='word_1_823' title='bbox 3723 5371 3776 5425; x_wconf 76' lang='lat' dir='ltr'><strong>il</strong></span> 
     </span>
    </p>
   </div>
   <div class='ocr_carea' id='block_1_99' title="bbox 2193 5459 3774 5531">
    <p class='ocr_par' dir='ltr' id='par_1_99' title="bbox 2193 5459 3774 5531">
     <span class='ocr_line' id='line_1_99' title="bbox 2193 5459 3774 5531; baseline -0.002 -14"><span class='ocrx_word' id='word_1_824' title='bbox 2193 5461 2564 5531; x_wconf 86' lang='lat' dir='ltr'><strong>superioribus</strong></span> <span class='ocrx_word' id='word_1_825' title='bbox 2608 5459 2827 5530; x_wconf 86' lang='lat' dir='ltr'><strong>(Supra,</strong></span> <span class='ocrx_word' id='word_1_826' title='bbox 2851 5479 2898 5516; x_wconf 78' lang='grc' dir='ltr'><strong>ε.</strong></span> <span class='ocrx_word' id='word_1_827' title='bbox 2919 5461 2975 5525; x_wconf 75' lang='grc'><strong>5,</strong></span> <span class='ocrx_word' id='word_1_828' title='bbox 3003 5463 3227 5531; x_wconf 73' lang='lat' dir='ltr'><strong>August.</strong></span> <span class='ocrx_word' id='word_1_829' title='bbox 3244 5462 3311 5516; x_wconf 79' lang='lat' dir='ltr'><strong>de</strong></span> <span class='ocrx_word' id='word_1_830' title='bbox 3347 5460 3571 5517; x_wconf 72' lang='lat' dir='ltr'><strong>Civiline</strong></span> <span class='ocrx_word' id='word_1_831' title='bbox 3594 5462 3712 5516; x_wconf 77' lang='lat' dir='ltr'><strong>Dei.</strong></span> <span class='ocrx_word' id='word_1_832' title='bbox 3737 5461 3774 5514; x_wconf 69' lang='grc' dir='ltr'>ι</span> 
     </span>
    </p>
   </div>
   <div class='ocr_carea' id='block_1_100' title="bbox 2194 5553 3782 5623">
    <p class='ocr_par' dir='ltr' id='par_1_100' title="bbox 2194 5553 3782 5623">
     <span class='ocr_line' id='line_1_100' title="bbox 2194 5553 3782 5623; baseline 0.002 -15"><span class='ocrx_word' id='word_1_833' title='bbox 2194 5568 2328 5618; x_wconf 86' lang='lat' dir='ltr'><strong>xvn,</strong></span> <span class='ocrx_word' id='word_1_834' title='bbox 2360 5570 2476 5623; x_wconf 82' lang='lat' dir='ltr'><strong>cap.</strong></span> <span class='ocrx_word' id='word_1_835' title='bbox 2503 5553 2611 5622; x_wconf 72' lang='lat' dir='ltr'><strong>ll).</strong></span> <span class='ocrx_word' id='word_1_836' title='bbox 2645 5553 2776 5607; x_wconf 88' lang='lat' dir='ltr'><strong>Erat</strong></span> <span class='ocrx_word' id='word_1_837' title='bbox 2808 5562 2988 5607; x_wconf 89' lang='lat' dir='ltr'><strong>autem</strong></span> <span class='ocrx_word' id='word_1_838' title='bbox 3021 5553 3190 5608; x_wconf 86' lang='lat' dir='ltr'><strong>David</strong></span> <span class='ocrx_word' id='word_1_839' title='bbox 3214 5556 3299 5609; x_wconf 88' lang='lat' dir='ltr'><strong>vir</strong></span> <span class='ocrx_word' id='word_1_840' title='bbox 3327 5555 3382 5609; x_wconf 88' lang='lat' dir='ltr'><strong>in</strong></span> <span class='ocrx_word' id='word_1_841' title='bbox 3407 5559 3642 5611; x_wconf 75' lang='lat' dir='ltr'><strong>canticis</strong></span> <span class='ocrx_word' id='word_1_842' title='bbox 3661 5569 3782 5610; x_wconf 71' lang='lat' dir='ltr'><strong>eru-</strong></span> 
     </span>
    </p>
   </div>
   <div class='ocr_carea' id='block_1_101' title="bbox 2193 5647 3779 5721">
    <p class='ocr_par' dir='ltr' id='par_1_101' title="bbox 2193 5647 3779 5721">
     <span class='ocr_line' id='line_1_101' title="bbox 2193 5647 3779 5721; baseline 0.004 -20"><span class='ocrx_word' id='word_1_843' title='bbox 2193 5648 2372 5710; x_wconf 90' lang='lat' dir='ltr'><strong>ditus,</strong></span> <span class='ocrx_word' id='word_1_844' title='bbox 2420 5647 2512 5716; x_wconf 92' lang='lat' dir='ltr'><strong>qui</strong></span> <span class='ocrx_word' id='word_1_845' title='bbox 2567 5647 2905 5702; x_wconf 86' lang='lat' dir='ltr'><strong>harmoniam</strong></span> <span class='ocrx_word' id='word_1_846' title='bbox 2951 5649 3215 5703; x_wconf 86' lang='lat' dir='ltr'><strong>musicam</strong></span> <span class='ocrx_word' id='word_1_847' title='bbox 3283 5665 3391 5706; x_wconf 86' lang='lat' dir='ltr'><strong>non</strong></span> <span class='ocrx_word' id='word_1_848' title='bbox 3428 5651 3636 5721; x_wconf 80' lang='lat' dir='ltr'><strong>vulgari</strong></span> <span class='ocrx_word' id='word_1_849' title='bbox 3687 5665 3779 5706; x_wconf 75' lang='lat' dir='ltr'><strong>vo-</strong></span> 
     </span>
    </p>
   </div>
   <div class='ocr_carea' id='block_1_102' title="bbox 2192 5736 3775 5812">
    <p class='ocr_par' dir='ltr' id='par_1_102' title="bbox 2192 5736 3775 5812">
     <span class='ocr_line' id='line_1_102' title="bbox 2192 5736 3775 5812; baseline 0.001 -22"><span class='ocrx_word' id='word_1_850' title='bbox 2192 5736 2434 5805; x_wconf 89' lang='lat' dir='ltr'><strong>luptate,</strong></span> <span class='ocrx_word' id='word_1_851' title='bbox 2511 5737 2605 5791; x_wconf 91' lang='lat' dir='ltr'><strong>sed</strong></span> <span class='ocrx_word' id='word_1_852' title='bbox 2653 5736 2795 5792; x_wconf 82' lang='lat' dir='ltr'><strong>ﬁdeli</strong></span> <span class='ocrx_word' id='word_1_853' title='bbox 2842 5737 3118 5794; x_wconf 88' lang='lat' dir='ltr'><strong>voluntate</strong></span> <span class='ocrx_word' id='word_1_854' title='bbox 3175 5739 3394 5805; x_wconf 79' lang='lat' dir='ltr'><strong>dilexit,</strong></span> <span class='ocrx_word' id='word_1_855' title='bbox 3439 5751 3497 5796; x_wconf 88' lang='lat' dir='ltr'><strong>et</strong></span> <span class='ocrx_word' id='word_1_856' title='bbox 3547 5742 3775 5812; x_wconf 75' lang='lat' dir='ltr'><strong>reliqua.</strong></span> 
     </span>
    </p>
   </div>
   <div class='ocr_carea' id='block_1_103' title="bbox 2189 5826 3776 5902">
    <p class='ocr_par' dir='ltr' id='par_1_103' title="bbox 2189 5826 3776 5902">
     <span class='ocr_line' id='line_1_103' title="bbox 2189 5826 3776 5902; baseline 0.004 -17"><span class='ocrx_word' id='word_1_857' title='bbox 2189 5827 2320 5885; x_wconf 87' lang='lat' dir='ltr'><strong>Post</strong></span> <span class='ocrx_word' id='word_1_858' title='bbox 2370 5841 2496 5883; x_wconf 88' lang='lat' dir='ltr'><strong>eum</strong></span> <span class='ocrx_word' id='word_1_859' title='bbox 2553 5826 2758 5897; x_wconf 85' lang='lat' dir='ltr'><strong>Eman,</strong></span> <span class='ocrx_word' id='word_1_860' title='bbox 2809 5827 3017 5901; x_wconf 81' lang='lat' dir='ltr'><strong>Asaph,</strong></span> <span class='ocrx_word' id='word_1_861' title='bbox 3063 5829 3242 5888; x_wconf 77' lang='lat' dir='ltr'><strong>Ethan</strong></span> <span class='ocrx_word' id='word_1_862' title='bbox 3301 5841 3361 5890; x_wconf 79' lang='lat' dir='ltr'><strong>et</strong></span> <span class='ocrx_word' id='word_1_863' title='bbox 3421 5832 3663 5902; x_wconf 71' lang='lat' dir='ltr'><strong>ldithu.</strong></span> <span class='ocrx_word' id='word_1_864' title='bbox 3707 5836 3776 5892; x_wconf 73' lang='lat' dir='ltr'><strong>ds</strong></span> 
     </span>
    </p>
   </div>
  </div>
