3978 6490
244 410 379 470 1109

984 410 1074 470 DE
1110 409 1668 470 ECGLESIASTICIS
1705 409 1994 469 OFFICHS
2031 408 2211 468 LIBRI
2247 406 2337 464 ιν.
2377 437 2450 450 --
2483 405 2615 462 LlB.
2656 406 2739 462 Ill.

3368 403 3501 464 tuo

241 525 440 597 quibus
471 523 585 594 jam
640 525 963 596 prmdictum
1010 535 1115 591 est,
1154 534 1212 583 et
1257 526 1386 596 quid
1415 525 1683 598 signiticet
1729 540 1824 582 eo-
1846 524 1900 586 Α
1924 537 2120 592 corpus
2155 520 2355 576 Christi
2379 519 2598 592 plenum
2625 516 2791 574 odore
2812 514 2975 572 bono.
3007 512 3122 570 Hoc
3141 514 3287 571 enim
3309 531 3507 590 corpus

242 634 361 674 rum
381 617 721 688 psalterium,
745 619 976 684 cithara,
1026 625 1359 690 tympanum,
1390 617 1623 681 chordae,
1657 632 1818 689 orga-

239 729 386 775 num,
417 720 472 768 et
499 720 714 768 caetera.
766 711 893 768 Haec
915 713 1098 768 omnia
1126 720 1252 767 sunt
1281 711 1332 766 in
1360 726 1526 782 opere
1550 718 1605 766 et
1633 718 1817 765 canui.

241 805 394 874 Unde
423 819 542 862 mos
564 803 783 859 inolevit
800 813 859 859 ut
879 820 986 859 non
1013 805 1264 860 sedeatur
1288 802 1344 858 in
1365 802 1615 866 ecclesia,
1644 816 1820 870 quan-

239 895 328 954 diu
367 913 605 970 praesens
665 896 897 952 ofﬁcium
946 897 1147 967 agitur,
1195 895 1448 967 quoniam
1495 893 1728 966 operarii
1767 901 1823 949 et

237 981 493 1045 lahorarii
539 987 738 1044 Christi
782 989 895 1044 sive
943 1002 1251 1059 prmconum
1300 985 1416 1056 ejus
1472 986 1820 1055 deputantur,

239 1083 329 1151 qui
374 1082 743 1153 praedestinati
778 1079 843 1136 ad
872 1080 1075 1136 cultum
1101 1080 1261 1134 unius
1284 1078 1380 1133 Dei
1413 1085 1698 1132 vocantur.
1744 1073 1824 1129 De

239 1190 345 1244 quo
371 1182 514 1231 statu
544 1175 674 1230 dicit
700 1167 912 1229 libellus
937 1175 1028 1244 qui
1066 1171 1385 1228 inscribitur
1418 1172 1483 1226 de
1505 1170 1694 1224 ordine
1714 1169 1823 1224 Ro-

240 1281 402 1321 mano
433 1284 446 1321 :
503 1285 522 1317 ι
556 1265 808 1320 Pontifex
840 1265 1029 1336 incipit
1073 1261 1259 1319 Gloria
1292 1263 1347 1316 in
1373 1261 1588 1318 excelsis
1613 1260 1746 1326 Deo,
1775 1261 1821 1316 si

239 1363 448 1426 tempus
495 1353 677 1423 fuerit,
717 1362 773 1410 et
815 1371 924 1412 non
974 1355 1126 1410 sedet
1177 1361 1470 1423 antequam
1511 1353 1657 1407 dicat
1701 1360 1822 1421 post

240 1447 537 1503 orationem
582 1446 812 1516 primam
852 1447 1037 1501 Amen.
1080 1466 1099 1497 ι
1157 1443 1474 1515 Quicunque
1523 1445 1666 1497 enim
1711 1444 1822 1498 Deo

241 1535 548 1602 attrahitur,
598 1535 955 1591 delectatione
991 1533 1298 1599 attrahitur,
1342 1551 1448 1590 non
1476 1535 1818 1590 necessitate.

238 1633 390 1689 Unde
411 1631 740 1704 Augustinus
760 1631 815 1686 in
839 1640 1073 1687 tractatu
1103 1646 1267 1700 super
1287 1629 1550 1686 Joannem
1571 1645 1822 1687 sermone

239 1724 497 1781 vicesimo
529 1724 688 1780 tertio
719 1742 731 1778 :
765 1723 937 1780 Porro
964 1723 1010 1780 si
1033 1732 1206 1794 poetae
1233 1713 1414 1779 dicere
1441 1722 1612 1790 licuit,

486 1899 580 1920 .....
601 1864 778 1918 Trahit
797 1877 886 1918 sua
911 1872 1166 1930 quemue
1182 1863 1410 1928 voluptas
1433 1877 1448 1914 :

1066 1948 1278 2006 Vticam.
1300 1951 1358 2004 in
1379 1947 1568 2005 Bucol.

239 2101 347 2141 non
369 2085 688 2152 necessitas,
715 2083 809 2142 sed
841 2083 1124 2157 voluptas;
1155 2101 1261 2140 non
1293 2083 1574 2155 obligatio,
1613 2081 1708 2138 sed
1735 2081 1827 2138 de-

239 2174 502 2242 lectatio;
541 2184 744 2246 quanto
785 2176 979 2232 fortius
1028 2192 1126 2232 nos
1169 2175 1353 2230 dicere
1385 2175 1644 2255 debemus
1679 2174 1826 2231 trahi

1921 618 2099 687 primo
2146 631 2369 672 necesse
2409 625 2494 672 est
2533 614 2820 686 praedicari
2867 613 2921 667 in
2950 612 3204 668 omnibus
3228 611 3506 683 gentibus.

1925 707 2078 764 Unde
2121 707 2318 762 Paulus
2347 708 2563 763 dicebat
2595 707 2663 761 ad
2688 706 2851 760 rudes
2875 704 3184 760 Corinthios
3208 720 3224 758 :
3255 703 3408 758 Nihil
3427 722 3509 760 me

1913 797 2153 869 judicavi
2175 799 2311 852 scire
2345 799 2482 852 inter
2509 813 2597 852 vos
2640 797 2742 851 nisi
2779 793 3048 850 Christum
3069 795 3274 860 Jesum,
3302 805 3349 851 et
3370 797 3511 852 hunc

1920 889 2237 960 cruciﬁxum
2275 887 2327 961 (Ι
2355 887 2479 943 Cor.
2511 888 2596 960 ιι).
2629 888 2765 944 Dein
2795 887 3038 943 ferantur
3068 887 3417 952 candelabra,
3446 893 3510 942 ut

1921 995 2085 1051 super
2105 975 2513 1035 fundamentum
2537 980 2651 1052 jam
2678 981 2916 1052 positum
2952 979 3128 1035 luceat
3177 980 3270 1034 lux
3303 980 3508 1050 praedi-

1922 1083 2165 1129 catorum
2186 1089 2370 1129 coram
2399 1074 2728 1129 hominibus.
2757 1071 2879 1128 Jam
2905 1073 3023 1128 illos
3060 1072 3397 1128 illuminatos
3422 1087 3512 1129 se-

1922 1174 2160 1236 quantur
2213 1164 2551 1233 subdiaconi,
2604 1172 2665 1219 ut
2710 1165 2882 1236 possit
2925 1165 3346 1235 praedicatorum
3379 1165 3516 1220 ordo

1923 1257 2124 1323 dicere,
2166 1256 2496 1328 Sapientiam
2545 1256 2813 1329 loquimur
2854 1257 2992 1311 inter
3021 1258 3275 1328 perfectos
3302 1256 3351 1329 (I
3385 1254 3512 1311 Cor.

1922 1348 2006 1422 ιι).
2065 1347 2418 1419 Evangelium
2457 1349 2566 1404 illis
2588 1349 2869 1420 jungatur,
2901 1350 2952 1402 in
2983 1365 3091 1420 quo
3129 1357 3216 1404 est
3241 1349 3516 1404 declarata

1919 1441 2221 1512 perfectio:
2254 1439 2312 1496 Si
2336 1441 2413 1496 vis
2456 1441 2652 1510 inquit,
2699 1441 2962 1512 perfectus
2999 1457 3129 1506 esse,
3177 1439 3324 1502 uade,
3356 1439 3517 1493 vende

1922 1535 2098 1589 omnia
2118 1533 2198 1606 (Μ
2202 1533 2486 1607 atthaux).
2510 1533 2808 1607 Episcopus
2823 1544 2880 1590 et
2901 1535 3005 1590 sibi
3027 1534 3304 1606 conjuncti
3341 1533 3519 1587 Evan-

1920 1626 2124 1698 gelium
2169 1635 2488 1696 sequantur,
2526 1625 2684 1697 juxta
2711 1627 2843 1683 illud
2866 1628 3240 1700 evangelicum
3271 1643 3286 1682 :
3314 1627 3376 1684 Si
3400 1626 3518 1697 quis

1921 1717 2030 1773 vult
2045 1725 2158 1788 post
2174 1735 2255 1772 me
2273 1719 2446 1773 venire
2461 1719 2675 1791 abneget
2692 1721 3050 1792 semetipsum,
3068 1731 3116 1774 et
3134 1719 3285 1774 tollat
3309 1736 3518 1774 crucem

1921 1826 2094 1876 suam,
2112 1821 2162 1865 et
2183 1821 2429 1882 sequatur
2449 1828 2530 1866 me
2556 1811 2778 1885 (Matth.
2796 1813 2930 1883 χιιι).
2948 1813 3089 1869 Ante
3111 1813 3298 1870 oculos
3325 1815 3523 1869 habeat

1839 1892 1897 1955 -Β
1925 1903 2222 1973 saepissime
2255 1904 2541 1974 episcopus
2569 1905 2714 1974 quod
2761 1905 2814 1960 in
2849 1915 3030 1961 mente
3068 1921 3285 1976 semper
3309 1913 3522 1976 oportet

1929 1993 2187 2049 retinere.
2237 1991 2456 2065 Septem
2495 1997 2775 2066 propheta:
2805 1997 2918 2052 sive
2947 1997 3162 2050 diaconi
3187 2005 3315 2052 sunt
3338 1997 3392 2051 in
3420 1997 3522 2054 mi-

1928 2086 2176 2153 nisterio,
2202 2087 2327 2156 quia
2354 2088 2778 2158 septempliciter
2797 2088 3056 2144 dividitur
3080 2087 3360 2159 Scriptura
3382 2089 3524 2144 inter

1928 2176 2138 2234 Novum
2171 2178 2580 2236 Testamentum
2613 2189 2670 2237 et
2697 2181 2864 2238 Vetus
2892 2198 3012 2253 qua:
3053 2183 3346 2254 Evangelio
3368 2183 3525 2238 mini-

237 2265 516 2321 hominem
556 2267 623 2321 ad
653 2265 928 2321 Christum
972 2266 1066 2336 qu
1101 2265 1401 2321 delectatur
1436 2265 1689 2333 veritate,
1735 2266 1829 2321 ἀθ-
1930 2279 2130 2328 strant.
2160 2272 2461 2344 Episcopus
2496 2273 2678 2331 medio
2704 2275 2911 2330 vicario
2937 2275 3139 2331 Christi
3168 2275 3323 2344 quasi
3350 2275 3526 2330 Evan-

233 2355 466 2412 lectatur
490 2358 842 2425 beatitudine,
894 2357 1200 2414 delectatur
1244 2358 1478 2429 justitia,
1525 2359 1829 2416 delectatur
1931 2363 2152 2435 gelium,
2194 2363 2360 2420 habet
2405 2365 2460 2419 in
2490 2363 2641 2420 Novo
2674 2365 3021 2421 Testamento
3046 2366 3325 2421 ministros
3356 2366 3526 2420 histe-

240 2449 568 2521 sempiterna
595 2451 728 2504 vita.
761 2445 841 2505 Ac
874 2450 997 2506 ideo
1045 2457 1330 2506 cantorum
1355 2449 1530 2506 dulcis
1553 2466 1659 2507 vox
1703 2451 1830 2506 huic
1930 2455 2048 2520 rite,
2081 2463 2142 2509 ut
2167 2453 2374 2512 Lucam
2396 2457 2453 2511 in
2481 2455 2708 2512 Actibus
2743 2457 3150 2528 apostolorum;
3184 2457 3527 2513 babetmini-

239 2543 389 2614 Operi
418 2541 598 2597 dedita
627 2550 729 2609 est,
761 2550 823 2597 ut
868 2558 965 2598 sua
993 2541 1274 2597 dulcedine
1298 2541 1492 2597 idonea
1520 2541 1594 2596 sit
1622 2542 1829 2597 hortari
1931 2556 2076 2604 stros
2104 2548 2161 2603 in
2183 2558 2392 2620 septem
2422 2549 2680 2621 Epistolis
2707 2550 3023 2617 canonicis;
3058 2551 3224 2606 habet
3247 2549 3528 2605 ministros

239 2632 496 2704 pOpulum
524 2631 591 2686 ad
615 2629 985 2687 conﬁtendum
1003 2629 1253 2686 Domino.
1279 2631 1358 2686 Ita
1384 2632 1530 2686 enim
1565 2632 1828 2702 scriptum
1932 2639 1988 2694 in
2011 2641 2422 2708 quatuordecim
2461 2642 2720 2712 Epistolis
2747 2641 2898 2698 Pauli
2925 2659 2940 2709 ;
2979 2642 3143 2697 habet
3171 2642 3451 2698 ministros
3470 2641 3526 2698 in

240 2733 323 2780 est
359 2725 414 2778 in
441 2724 580 2779 libro
601 2719 1052 2793 Paralipomenon
1083 2721 1170 2796 (ΙΙ
1197 2719 1334 2778 Par.
1363 2723 1442 2795 v).
1488 2722 1658 2794 Igitur
1691 2739 1830 2778 cuu-
1929 2730 2281 2802 Apocalypsi,
2306 2748 2362 2787 1n
2390 2719 2571 2789 Veteri
2597 2735 2964 2800 Testamento,
2991 2734 3046 2790 in
3075 2734 3214 2807 lege,
3238 2734 3526 2805 prophetis

242 2817 346 2872 etis
367 2815 574 2886 pariter
600 2823 656 2870 ct
680 2815 825 2871 tubis
859 2824 914 2870 et
941 2830 1096 2884 voce,
1137 2813 1399 2887 cymbalis
1424 2822 1478 2871 et
1499 2815 1756 2886 organis,,
1777 2822 1833 2871 et
1933 2831 1992 2880 et
2023 2823 2268 2894 psalmis.
2300 2824 2454 2882 Unde
2495 2827 2759 2898 scriptum
2790 2835 2876 2883 est
2914 2827 2972 2883 in
3007 2825 3299 2898 Evangelio
3325 2807 3523 2881 Lucas:

243 2907 441 2963 diversi
471 2907 682 2979 generis
715 2907 1048 2964 musicorum
1075 2908 1516 2976 concinentibus,
1559 2917 1615 2964 et
1641 2924 1830 2965 vocem
1938 2916 2071 2984 Quae
2092 2918 2288 2989 scripta
2310 2927 2432 2974 sunt
2452 2920 2511 2975 in
2538 2919 2649 2992 lege
2669 2919 2892 2991 Moysis,
2928 2930 2976 2975 et
2993 2920 3284 2992 prophetia,
3307 2928 3356 2974 et
3379 2917 3524 2990 psal-

243 2996 301 3053 in
321 2997 550 3053 sublime
579 2997 912 3066 tollentibus,
937 2997 1100 3071 longe
1129 2999 1340 3055 sonitus
1361 3000 1598 3068 auditur,
1626 3008 1686 3056 ut
1706 3016 1830 3056 cum
1933 3009 2034 3064 mis
2055 3008 2120 3064 de
2147 3026 2228 3064 me
2260 3008 2412 3082 (Luc,
2441 3011 2612 3083 ιχιν),
2662 3013 2735 3066 At
2763 3013 2808 3068 si
2830 3011 3070 3084 quinque
3109 3011 3331 3078 ςυει-ίηι,
3363 3012 3525 3082 quin-

239 3087 767 3149 Dominumlaudare
791 3093 1084 3165 cmpissent
1107 3102 1164 3150 et
1181 3093 1462 3150 dicerent:
1495 3091 1832 3164 Conﬁtemini
1936 3115 2043 3170 que
2093 3099 2376 3157 ministros
2420 3101 2688 3158 librorum
2733 3102 3071 3159 demonstrat
3138 3103 3190 3158 in
3234 3102 3530 3173 Evangelio

240 3183 467 3240 Domino
495 3185 742 3259 quoniam
765 3185 949 3254 bonus,
989 3189 1239 3259 quoniam
1258 3188 1315 3242 in
1333 3197 1588 3243 aeternum
1621 3187 1828 3245 miseri-
1937 3190 2275 3248 ministrare.
2310 3191 2611 3264 Episcopus
2658 3193 2714 3248 in
2739 3194 2918 3250 medio
2957 3193 3115 3264 quasi
3152 3189 3530 3264 Evangelium,

241 3278 422 3333 cordia
446 3279 583 3350 ejus,
609 3279 926 3350 impleretur
951 3281 1143 3338 domus
1167 3280 1265 3341 Dei
1291 3282 1454 3349 nube,
1480 3297 1582 3339 nec
1603 3289 1828 3353 possent
1933 3281 2104 3340 habet
2149 3283 2207 3339 in
2244 3283 2396 3341 Novo
2421 3284 2771 3342 Testamento
2795 3285 3036 3357 primum
3064 3285 3310 3341 ordinem
3337 3284 3532 3354 praedi-

239 3368 558 3425 ‘sacerdotes
597 3376 745 3427 stare
785 3378 842 3426 et
886 3372 1202 3429 ministrare
1246 3379 1467 3442 propter
1493 3373 1783 3444 caliginem
1807 3390 1826 3428 ε
1936 3381 2185 3428 catorum
2217 3373 2482 3442 historiae,
2525 3375 2824 3432 secundum
2865 3375 3252 3446 Epistolarum,
3309 3375 3530 3429 tertium

245 3461 608 3532 Compleverat
628 3459 957 3533 enimgloria
974 3463 1186 3518 Domini
1203 3462 1832 3522 domumDomini.Pra-
1931 3469 2349 3538 prophetarum,
2402 3475 2566 3525 utest
2609 3468 2986 3542 Apocalypsis,
3036 3469 3091 3524 in
3123 3467 3306 3524 Veteri
3337 3467 3530 3522 Testa-

246 3553 474 3608 conihus
492 3551 868 3622 psallentibus,
900 3553 1116 3622 quando
1133 3551 1337 3622 placuit
1359 3551 1578 3610 Christo
1599 3553 1832 3614 Domino
1935 3567 2122 3616 mento
2158 3574 2324 3615 unum
2357 3558 2514 3630 legis,
2557 3566 2616 3614 et
2634 3553 2868 3614 alterum
2896 3559 3213 3630 prophetiae.
3272 3557 3400 3614 Haec
3423 3557 3533 3614 duo

241 3643 600 3715 ‘psallentium
626 3642 836 3709 venire,
865 3639 1110 3698 ascendit
1136 3658 1302 3713 super
1324 3657 1546 3699 currum
1573 3659 1750 3713 suum,
1777 3652 1835 3704 et
1937 3647 2219 3722 Philippus
2239 3651 2296 3707 in
2313 3648 2536 3708 Joannis
2549 3651 2903 3724 Evangelium
2923 3653 2994 3708 ad
3021 3652 3263 3709 medium
3289 3651 3528 3721 deducit,
3575 3691 3580 3698 .

245 3739 397 3792 venit
418 3740 472 3794 in
495 3739 753 3794 mundum
776 3739 1062 3809 disponere
1089 3740 1340 3796 eumdem
1358 3755 1576 3796 currum
1593 3753 1692 3812 per
1711 3741 1834 3797 loca
1938 3742 2166 3799 dicens:
2195 3742 2369 3809 Quem
2409 3744 2620 3815 scripsit
2663 3742 2870 3815 Moyses
2898 3745 2959 3798 in
3002 3742 3134 3816 lege,
3153 3753 3204 3799 et
3244 3743 3529 3816 prophetat,

247 3843 509 3900 congrua.
562 3829 640 3886 De
671 3845 780 3900 quo
807 3847 969 3888 curru
997 3831 1436 3889 dicitPsalmista
1466 3851 1479 3887 :
1511 3831 1712 3889 Curras
1733 3833 1835 3891 Dei
1937 3837 2233 3892 invenimus
2256 3835 2441 3893 Iesum
2465 3836 2638 3908 ﬁlium
2660 3837 2855 3909 Ioseph
2884 3856 2917 3892 α
2947 3835 3221 3893 Nasareth
3243 3837 3426 3910 (Joan.
3461 3835 3524 3910 1).

247 3919 425 4008 tlccem
448 3920 677 3976 millibus
703 3915 976 3995 multiplex
1002 3919 1174 3997 (Psal.
1207 3923 1397 3997 vau).
1459 3923 1610 3984 Unde
1636 3925 1836 3984 itemm
1936 3927 2010 3986 At
2029 3928 2077 3984 si
2098 3927 2300 3986 fuerint
2313 3936 2428 3986 tres
2452 3929 2886 3986 ministrationes
2903 3929 3070 3985 trium
3097 3928 3380 3995 librorum,
3407 3927 3529 3987 fons

245 4011 578 4084 Augustinus
597 4009 662 4069 in
685 4013 904 4086 psalmo
923 4017 1262 4086 sexagesimo
1288 4017 1518 4087 septimo
1543 4034 1556 4071 :
1594 4017 1837 4073 Multitu-
1939 4021 2117 4077 omnis
2141 4021 2422 4092 sapientia:
2447 4020 2800 4092 Evangelium
2831 4021 2886 4076 in
2915 4021 3096 4078 medio
3131 4021 3265 4078 duos
3287 4021 3451 4077 libros
3471 4022 3527 4078 in

247 4104 430 4162 dinem
456 4115 766 4163 sanctorum
796 4116 957 4180 atque
984 4109 1222 4165 ﬁdelium
1251 4110 1343 4180 qui
1369 4110 1635 4180 portando
1661 4112 1835 4168 Deum
1939 4098 2097 4171 Novo
2125 4111 2495 4179 Testamento,
2541 4113 2753 4170 scilicet
2799 4113 3165 4184 Epistolarum
3202 4121 3257 4168 et
3296 4114 3529 4182 prophe-

247 4197 386 4280 liunt
415 4203 811 4272 quodammodo
838 4221 1034 4261 currus
1052 4206 1171 4274 Dei,
1199 4207 1435 4279 signavit
1455 4209 1562 4264 hoc
1587 4207 1832 4264 nomine.
1941 4213 2145 4260 tarum.
2172 4205 2332 4262 Liber
2353 4205 2526 4263 Actus
2553 4206 2944 4277 apostolorum,
2964 4207 3058 4276 qui
3087 4205 3323 4262 mittitur
3352 4206 3527 4262 Theo—

249 4289 404 4349 Hanc
429 4294 484 4347 in
511 4294 780 4349 manendo
805 4292 1107 4368 [minando]
1141 4305 1196 4352 et
1219 4299 1456 4368 regendo
1485 4299 1732 4369 perducit
1753 4299 1816 4356 in
1933 4296 2111 4370 philo,
2141 4296 2397 4370 Epistolis
2420 4296 2782 4368 coniungitur.
2821 4297 2902 4353 Ex
2930 4312 3038 4351 una
3064 4312 3123 4352 re
3151 4304 3235 4351 est
3262 4295 3528 4365 Eoistola,

251 4376 419 4440 ﬁnem
470 4392 732 4456 tanquam
765 4402 989 4443 currum
1036 4403 1215 4456 suum,
1256 4389 1404 4445 velut
1448 4389 1504 4446 in
1533 4389 1713 4447 locum
1741 4389 1839 4446 ali-
1941 4386 2071 4458 quia
2091 4386 2327 4442 mittitur
2347 4387 2508 4444 alicui
2530 4388 2765 4454 homini;
2789 4403 2855 4442 ex
2879 4385 3219 4456 altera,~quia
3246 4387 3530 4442 historiam

247 4495 414 4551 quem
442 4479 791 4536 destinatum.
821 4480 1106 4537 Multitudo
1145 4483 1331 4540 decem
1353 4483 1588 4541 millium
1625 4492 1840 4542 sancto-
1941 4489 2157 4537 tantum
2181 4482 2442 4548 continet,
2492 4489 2601 4538 stat
2627 4495 2727 4554 per
2753 4496 2812 4537 se
2839 4498 2852 4535 :
2879 4481 2936 4536 in
2969 4478 3151 4538 Veteri
3183 4479 3529 4536 Testamento

248 4586 373 4626 rum
395 4578 479 4650 est
519 4572 576 4627 in
610 4571 892 4628 ordinibus
911 4571 1300 4630 ecclesiasticis
1335 4583 1390 4630 et
1417 4575 1473 4630 in
1499 4575 1838 4632 auditoribus
1861 4645 1905 4650 _
1942 4589 2141 4642 unum;
2174 4575 2352 4630 omnis
2374 4573 2659 4646 Scriptura
2682 4573 2825 4645 apud
2846 4581 3060 4629 veteres
3078 4571 3168 4628 lex
3193 4573 3529 4640 nominatur,

248 4648 459 4718 eorum.
517 4661 736 4734 Septem
767 4663 971 4735 gradus
1013 4673 1142 4721 sunt
1173 4667 1566 4735 ordinatorum,
1610 4675 1838 4725 octavus
1861 4645 1917 4708 D
1944 4666 2088 4723 sicut
2129 4665 2195 4721 de
2218 4664 2449 4722 Psalmis
2475 4645 2676 4721 dicitur
2704 4683 2718 4720 :
2748 4664 2821 4719 Et
2863 4663 2918 4719 in
2943 4663 3054 4737 lege
3075 4675 3241 4721 uestra
3277 4665 3530 4735 scriptum

249 4759 556 4817 cantorum,
608 4769 780 4810 nonus
822 4762 877 4810 et
909 4756 1155 4812 decimus
1199 4759 1508 4814 auditorum
1549 4759 1836 4830 utriusque
1943 4769 2041 4827 est,
2062 4759 2188 4831 quia
2211 4776 2305 4831 ego
2322 4759 2440 4814 dixi
2464 4773 2483 4812 :
2509 4759 2599 4813 Dii
2628 4759 2750 4814 estis
2781 4757 2955 4832 (Psal.
2988 4758 3200 4830 Lxxxr).
3247 4758 3397 4814 Unde
3421 4757 3531 4812 Au—

249 4859 433 4904 sexus.
456 4844 686 4899 Millium
707 4845 941 4915 additur,
964 4847 1034 4902 ad
1051 4847 1836 4920 insinuandamperfcctionem
1944 4853 2193 4925 gustinus
2222 4861 2555 4908 memoratus
2579 4853 2636 4906 in
2665 4859 2900 4908 tractatu
2924 4866 3086 4921 super
3098 4849 3385 4916 Joannem,
3415 4864 3530 4904 ser-

249 4951 463 4994 eorum.
499 4939 766 4994 Veniente
785 4939 1038 5007 Domino,
1069 4941 1221 4996 ducit
1245 4955 1430 4996 secum
1449 4943 1745 5012 prophetas
1777 4950 1836 5001 et
1943 4959 2106 5000 mone
2131 4943 2551 5013 quadragesimo
2579 4951 2773 5011 quarto
2799 4959 2812 4995 :
2871 4940 3070 5012 Legem
3101 4939 3390 5010 appellavit
3417 4938 3528 4994 Do—

250 5032 526 5102 sapientes
555 5040 611 5088 et
645 5032 854 5089 scribas
885 5051 898 5086 :
923 5033 1027 5089 hos
1055 5033 1111 5088 in
1142 5033 1436 5105 Evangelia
1475 5034 1756 5105 promittit
1775 5049 1840 5092 se
1945 5037 2131 5092 minus
2159 5033 2488 5107 generaliter
2541 5048 2731 5089 omnes
2762 5032 2880 5088 illas
2913 5031 3247 5104 Scripturas,
3276 5030 3528 5104 quamvis

249 5124 474 5180 mittere
520 5124 589 5180 ad
618 5124 951 5180 invitandum
989 5124 1268 5196 populum.
1309 5125 1449 5181 Ecce
1489 5142 1605 5197 ego,
1635 5125 1837 5196 inquit,
1949 5127 2078 5183 alibi
2105 5126 2417 5198 specialiter
2443 5126 2588 5184 dicat
2612 5127 2809 5198 legem,
2831 5142 2865 5181 a
2890 5125 3167 5197 prophetis
3190 5139 3310 5180 eam
3338 5122 3530 5180 distin—

250 5218 463 5272 mittam
491 5217 560 5271 ad
582 5235 668 5273 uos
698 5218 973 5290 prophetas
1007 5229 1049 5273 at
1076 5219 1336 5290 sapientes
1353 5226 1404 5273 et
1429 5218 1652 5286 scribas,
1673 5231 1731 5275 et
1749 5233 1839 5274 re-

253 5310 408 5380 liqua
463 5310 679 5382 (Matth.
704 5310 887 5384 nni).
933 5311 1157 5367 Diaconi
1199 5311 1257 5365 in
1293 5309 1413 5367 loco
1445 5312 1841 5382 prophetarum

252 5409 410 5468 Sunt,
461 5402 555 5473 qui
597 5403 917 5457 annuntiant
949 5417 1021 5457 ex
1043 5402 1335 5472 Evangelia
1371 5401 1611 5458 futuram
1635 5402 1840 5474 (vitam.

254 5489 612 5560 Subdiacoui,
649 5493 706 5547 in
732 5492 853 5548 loco
875 5493 1203 5563 sapientum,
1254 5494 1350 5564 qui
1369 5518 1372 5520 τ
1392 5494 1574 5549 sciunt
1592 5495 1844 5551 ordinate

253 5597 392 5640 vasa
431 5583 645 5639 Domini
681 5584 989 5654 disponere,
1036 5593 1092 5638 et
1117 5585 1260 5654 quod
1301 5585 1538 5656 primum
1563 5585 1844 5642 ferendum
1884 5599 1893 5610 '

257 5676 356 5742 sit,
393 5677 645 5748 quodque
673 5676 962 5748 posterius.
1005 5674 1255 5747 Acolythi
1291 5678 1362 5746 in,
1373 5678 1492 5733 loco
1514 5679 1841 5747 scribarum,

258 5769 358 5840 qui
414 5771 718 5826 accendunt
757 5769 920 5824 corda
961 5766 1198 5822 ﬁdelium
1240 5784 1308 5824 ex
1344 5767 1622 5839 Scriptura
1665 5786 1840 5827 sacra.

255 5863 542 5926 .Praevenit
581 5863 642 5922 in
681 5860 955 5951 thuribulo
1006 5859 1325 5934 thymiama,
1380 5862 1530 5936 quod
1569 5864 1846 5937 signiﬁcat

1949 5235 2143 5292 guens,
2196 5220 2358 5276 sicuti
2396 5230 2500 5288 est,
2526 5219 2638 5277 Lex
2671 5230 2721 5276 et
2751 5219 3017 5292 propheta:
3056 5235 3218 5291 usque
3247 5217 3318 5272 ad
3359 5215 3531 5272 Joan-

1949 5328 2068 5368 nem
2109 5313 2546 5384 prophetauerqu
2581 5312 2794 5386 (Matth.
2827 5313 2927 5384 ιι).
2974 5312 3042 5367 Ει
3068 5309 3174 5388 :‘In
3218 5310 3301 5366 his
3325 5309 3530 5365 duobus

1949 5403 2217 5459 mandatis
2260 5413 2375 5460 tota
2404 5405 2491 5460 lea:
2510 5403 2694 5475 pendet
2721 5411 2769 5458 et
2797 5404 3062 5475 propheta
3093 5401 3321 5475 (Matth.
3349 5397 3528 5475 xm).

1949 5495 2261 5568 Aliquando
2299 5505 2485 5553 autem
2529 5499 2585 5552 in
2608 5497 2715 5552 tria
2739 5497 2926 5554 divisit
2957 5497 3176 5554 easdem
3219 5495 3530 5568 Scripturas

1950 5589 2046 5645 ubi
2071 5591 2183 5644 ait:
2211 5588 2508 5658 Oportebat
2554 5588 2737 5644 omnia
2764 5588 2976 5660 impleri
3019 5605 3138 5660 quae
3164 5588 3363 5659 scripta
3405 5596 3532 5644 sunt

1951 5679 2008 5737 in
2033 5680 2150 5751 lege
2172 5690 2228 5734 et
2244 5680 2523 5750 prophetis
2544 5688 2600 5734 et
2623 5679 2846 5750 psalmis
2871 5680 2939 5735 de
2960 5696 3065 5736 me.
3100 5678 3157 5735 Si
3181 5697 3319 5736 unus
3346 5680 3526 5746 fuerit,

1952 5787 2120 5828 unum
2150 5778 2479 5841 praeceptum
2526 5769 2834 5840 dilectionis
2862 5770 3117 5838 ostendit,
3141 5779 3200 5826 ut
3240 5771 3530 5843 Apostolus

1952 5864 2023 5922 ad
2057 5861 2276 5922 Galatas
2301 5879 2316 5920 :
2342 5859 2526 5921 Omnis
2545 5859 2632 5921 lea:
2657 5863 2714 5920 in
2737 5862 2837 5921 hoc
2855 5877 3092 5920 sermone
3113 5863 3356 5936 impletur
3379 5873 3397 5913 .’
3431 5860 3531 5914 Di-
