3978 6466
508 395 644 456 illi

1546 395 1881 455 AMALARII
1919 395 2360 455 PRESBYTER]
2398 394 2744 455 METENSIS

3659 396 3793 459 ιιιε

504 517 634 588 luges
652 511 1123 588 proximum'tuum
1148 514 1282 572 sicut
1305 523 1525 589 tetpsum
1554 517 1697 591 (Gal.
1735 518 1812 588 v).
1853 516 2092 573 Ministe—
2118 519 2172 581 Α
2195 515 2413 573 Patrem
2445 517 2546 573 nisi
2576 519 2644 573 ab
2681 516 2875 572 eodem
2902 515 3184 589 unigenito
3225 516 3359 574 Filio
3383 516 3533 587 ejus,
3590 521 3687 589 qui
3713 534 3788 579 est

506 607 647 663 rium
668 608 946 678 propheta:
974 618 1080 675 est,
1111 624 1181 665 ex
1211 611 1695 666 memoratislibris
1724 611 2090 683 evangelicam

502 699 791 755 veritatem
821 700 1141 772 approbare.
1172 700 1244 759 Ut
1270 704 1548 758 moderate
1581 704 1866 774 prophetia
1908 704 2090 775 dispo-

503 803 684 858 natur,
740 794 939 851 habeat
973 802 1099 850 ante
1127 811 1185 850 se
1237 795 1691 852 subdiaconorum
1739 799 2085 869 sapientiam,

501 885 711 942 scilicet
731 895 789 940 ut
820 902 1059 958 congruo
1085 895 1326 959 tempore
1364 891 1704 961 prophetent,
1751 899 1806 946 et
1844 892 1917 946 ita
1943 893 2089 946 ordi—

503 985 655 1041 nate,
703 985 764 1030 ut
811 978 983 1048 possit
1027 979 1144 1049 capi
1177 979 1244 1034 ab
1271 980 1613 1037 auditoribus
1666 983 1809 1053 quod
1860 983 2082 1038 dicitur.

501 1070 887 1142 Acolythorum
917 1072 1031 1139 lux,
1067 1073 1352 1130 doctorum
1387 1075 1620 1147 expleat,
1673 1085 1733 1132 ut
1776 1080 1833 1133 in
1859 1080 2087 1136 manife-

503 1169 642 1216 stam
671 1162 844 1218 lucem
871 1165 1168 1234 perducant
1212 1175 1544 1224 memoratos
1573 1169 1760 1226 libros.
1810 1171 1912 1240 Qui
1939 1173 2085 1230 enim

502 1253 778 1310 Christum
809 1257 1065 1327 praecedit
1086 1257 1152 1312 ad
1174 1259 1408 1329 aliquem
1429 1261 1628 1328 locum,
1653 1271 1712 1317 ut
1733 1263 2084 1336 Evangelium

499 1347 776 1416 praedicet,
824 1349 896 1403 ita
926 1350 1200 1420 sapienter
1230 1352 1391 1408 debet
1440 1355 1770 1424 praecedere,
1829 1365 1888 1410 ut
1911 1359 2086 1428 prosit

501 1442 838 1498 auditoribus
869 1455 923 1498 et
961 1445 1211 1516 explanet
1239 1447 1503 1503 obscuros
1539 1462 1732 1504 sensus
1771 1448 2085 1520 Scriptura-

499 1548 638 1587 rum.
677 1532 970 1605 Postquam
1005 1537 1201 1594 transit
1227 1539 1462 1595 vicarius
1487 1539 1542 1594 in
1565 1541 1742 1596 medio
1770 1542 2083 1599 adolescen-

437 1661 442 1664 -
498 1623 732 1679 tularum
784 1628 1315 1698 tympanistriarum,
1380 1631 1447 1687 de
1503 1632 1699 1703 quibus
1744 1633 2082 1706 Augustinus

494 1715 586 1785 qui
631 1733 793 1786 supra
827 1736 840 1772 :
870 1718 928 1774 ln
956 1719 1279 1787 ministerio,
1326 1723 1523 1794 inquit,
1586 1725 1910 1794 honorabili,
1954 1745 2081 1784 nam

495 1809 570 1863 ita
599 1811 798 1865 suntin
829 1812 1005 1867 medio
1027 1813 1279 1880 ministri,
1304 1817 1580 1886 praepositi
1598 1817 1964 1874 Eeclesiarum
1989 1836 2080 1875 uo-

493 1917 702 1969 varum,
730 1904 833 1959 hoc
857 1905 1000 1958 enim
1032 1915 1158 1960 sunt
1195 1906 1735 1976 adolescentularum,
1769 1925 1930 1967 carne
1953 1912 2079 1968 edo-
2106 1883 2154 1943 Β

494 1995 628 2047 mila
676 1993 846 2050 Deum
897 1997 1252 2054 laudantium.
1317 1999 1632 2070 Sapientia,
1695 2003 1748 2058 id
1794 2011 1900 2070 est,
1946 2004 2078 2059 sub-

491 2085 724 2150 diaconi,
753 2087 956 2141 vadunt
979 2089 1033 2142 in
1057 2090 1236 2144 medio
1257 2091 1785 2148 adolescentularum
1810 2097 2080 2165 tympani-

492 2175 774 2243 striarum,
809 2186 866 2231 ut
891 2179 1122 2234 doceant
1146 2196 1308 2251 quem
1337 2182 1560 2239 laudare
1597 2185 1830 2240 debeant
1867 2194 2079 2256 tympa-

490 2268 715 2324 nistrize.
770 2267 1189 2341 Tympanistria:
1230 2283 1482 2330 cantores
1524 2285 1670 2332 sunt.
1721 2276 2078 2333 Ministerium

488 2370 773 2416 cantorum
807 2363 1020 2419 laudem
1060 2374 1295 2432 resonat,
1348 2377 1407 2422 ut
1438 2369 1580 2424 idem
1627 2370 1680 2424 in
1710 2370 2077 2441 psalmo‘sep-

485 2455 792 2525 tuagesimo
845 2458 1127 2513 secundo:
1179 2458 1281 2526 Qui
1307 2459 1451 2514 enim
1478 2468 1661 2515 cantat
1683 2460 1921 2528 laudem,
1966 2477 2077 2517 non

485 2546 660 2602 solum
694 2547 898 2616 laudat,
923 2551 1017 2605 sed
1045 2552 1209 2605 etiam
1241 2552 1490 2609 hilariter
1528 2553 1745 2620 laudat;
1779 2553 1871 2623 qui
1893 2561 2079 2609 cantat

486 2636 720 2705 laudem,
750 2656 860 2697 non
887 2642 1061 2697 solum
1097 2643 1303 2710 laudat,
1353 2646 1449 2700 sed
1496 2654 1552 2700 et
1578 2654 1726 2700 amat
1747 2661 1871 2702 eum
1915 2663 2076 2717 quem

481 2738 685 2786 cantat.
710 2731 906 2788 Notum
933 2742 1016 2790 est
1043 2734 1174 2806 quid
1193 2747 1407 2790 veteres
1428 2745 1682 2791 cantores
1705 2737 1761 2792 in
1790 2737 1908 2810 lege
1932 2754 2078 2794 ama-

484 2823 637 2890 bant,
673 2823 741 2880 de
765 2841 993 2896 quorum
1025 2842 1256 2897 persona
1290 2828 1716 2896 dicebatDavid,
1766 2827 1832 2883 Ut
1864 2830 2077 2901 jumen-

484 2927 594 2971 tum
615 2917 788 2988 [actus
816 2936 932 2974 sum
951 2921 1092 2992 apud
1119 2931 1168 2976 te
1199 2919 1372 2993 (Psal.
1395 2923 1592 2995 Lxxn),
1620 2922 1824 2979 scilicet
1849 2931 1908 2978 ut
1937 2924 2076 2981 libe-

481 3024 574 3064 ros
598 3010 883 3078 haberent,
912 3013 1106 3083 opibus
1129 3014 1491 3079 abundarent,
1522 3015 1726 3070 honore
1762 3014 2076 3072 fruerentur

481 3113 538 3158 et
563 3103 795 3158 sanitate
818 3106 1132 3176 gauderent.
1149 3105 1367 3161 Christo
1395 3108 1615 3162 homine
1637 3124 1777 3163 novo
1801 3111 2070 3176 veniente,

480 3209 579 3247 cor
613 3209 802 3250 eorum
848 3197 1045 3252 mutari
1072 3197 1357 3266 oportebat
1400 3197 1469 3252 ad
1494 3198 1739 3254 meliora.
1795 3199 2072 3270 Sapientia

2193 610 2248 666 in
2277 611 2397 666 sinu
2418 610 2596 665 Patris
2623 609 2776 682 (Luc.
2799 611 2902 682 ιιι),
2925 611 3274 667 edoceantur.
3306 610 3464 679 Quod
3488 615 3784 682 separatim

2190 705 2426 761 diximus
2451 706 2516 760 de
2544 701 2811 771 diaconis,
2837 713 2896 760 et
2914 705 3284 772 subdiaconis,
3315 714 3372 762 et
3391 705 3701 777 awlythis,
3724 709 3784 765 de

2188 813 2515 869 unoquoque
2529 797 2794 868 discipulo
2817 797 3021 854 Christi
3046 799 3415 871 intelligimus,
3444 801 3553 856 sed
3572 811 3785 873 propter

2188 892 2451 962 quosdam
2500 891 2779 962 profectus
2825 890 3141 960 affectuum,
3190 894 3353 950 unius
3404 895 3782 966 praedicatoris

2187 998 2324 1055 opus
2354 984 2700 1057 distinguitur
2737 1001 2836 1056 per
2866 987 3194 1058 multiplices
3216 988 3462 1044 ordines.
3517 987 3780 1044 Caeterum

2186 1075 2472 1146 propheta,
2499 1075 2759 1132 diaconus
2787 1077 3025 1148 sapiens,
3055 1085 3111 1132 et
3138 1079 3340 1135 scriba.
3394 1079 3644 1150 Sapiens
3668 1081 3780 1136 sub-

2186 1166 2465 1233 diaconus,
2490 1168 2755 1238 propheta
2778 1177 2832 1224 et
2863 1170 3043 1225 scriba
3069 1185 3085 1236 ;
3121 1171 3299 1226 scriba
3325 1171 3649 1243 acolythus,
3674 1188 3777 1242 pro-

2183 1258 2345 1329 pheta
2381 1267 2436 1313 et
2471 1260 2708 1328 sapiens.
2759 1259 2929 1317 Docet
2973 1260 3228 1319 Christus
3263 1279 3426 1320 orare
3468 1264 3772 1334 discipulos.

2184 1348 2546 1419 Quapropter,
2591 1360 2865 1419 cantores,
2918 1353 2973 1408 id
2999 1361 3103 1422 est,
3157 1354 3481 1412 laudatores
3531 1357 3772 1412 adventus

2184 1440 2417 1509 Domini,
2462 1444 2785 1499 annuntiant
2831 1453 3047 1516 tempus
3096 1461 3217 1503 esse
3255 1455 3316 1502 ut
3347 1450 3527 1505 corda
3571 1461 3768 1520 patrum

2183 1543 2568 1590 convertantur
2615 1537 2672 1592 in
2702 1537 2862 1594 filios.
2907 1538 3062 1594 Sicut
3099 1539 3379 1596 Abraham
3417 1550 3543 1597 tres
3571 1545 3770 1615 angelos

2180 1629 2316 1684 vidit
2337 1625 2487 1700 (Gen.
2516 1629 2695 1701 xvm);
2727 1639 2782 1686 et
2809 1639 2998 1688 tamen
3029 1649 3197 1688 unum
3234 1633 3408 1690 Deum
3435 1637 3687 1692 adoravit
3722 1650 3768 1692 et

2182 1721 2411 1776 credidit
2456 1722 2759 1778 trinitatem
2810 1723 2864 1778 in
2912 1724 3140 1792 unitate,
3190 1725 3270 1781 sic
3311 1734 3370 1782 et
3421 1728 3595 1783 modo
3647 1729 3770 1784 ﬁlios

2181 1811 2412 1868 Abrahae
2451 1822 2700 1883 oporteat
2725 1813 2972 1871 credere.
3035 1815 3101 1870 Et
3121 1815 3332 1883 dicunt,
3381 1817 3541 1875 Sicut
3577 1832 3681 1875 erat
3721 1823 3768 1876 in

2179 1905 2459 1977 principio,
2483 1915 2532 1960 et
2553 1923 2713 1973 nunc,
2734 1916 2783 1963 et
2808 1924 3030 1977 semper,
3063 1918 3117 1966 et
3141 1910 3373 1982 reliqua.
3419 1912 3566 1968 Ecce
3593 1916 3768 1970 mtSSiS

2183 1996 2372 2063 multa,
2405 1996 2471 2052 de
2497 2012 2603 2068 qua
2628 1998 2826 2054 dicitur
2858 1999 2916 2054 in
2944 1999 3276 2072 Evangelio:
3330 2001 3525 2059 Messi:
3569 2007 3766 2076 quidem

2182 2089 2368 2158 multa,
2411 2093 2640 2165 operarii
2661 2102 2836 2148 autem
2859 2095 3058 2164 pauci:
3097 2103 3278 2166 rogate
3326 2112 3448 2167 ergo
3494 2099 3761 2152 dominans

2181 2185 2386 2249 messis,
2413 2193 2466 2237 ut
2500 2185 2670 2240 mittat
2701 2187 2970 2257 operarios
2997 2188 3051 2242 in
3076 2205 3297 2244 messem
3319 2206 3463 2244 suam
3494 2189 3651 2260 (Luc.
3682 2195 3757 2260 ι).

2180 2273 2436 2329 Christus
2473 2275 2734 2332 Dominus
2777 2278 2972 2335 messis
3008 2279 3178 2334 mittit
3207 2281 3468 2350 operarios
3525 2282 3580 2335 in
3604 2297 3762 2337 tues-

2180 2380 2297 2420 sem
2325 2381 2498 2433 suam,
2551 2377 2614 2422 ut
2640 2369 2902 2439 scriptum
2925 2378 3012 2425 est
3042 2369 3098 2425 in
3125 2370 3272 2426 Luca
3299 2389 3313 2425 :
3361 2368 3479 2425 Post
3511 2371 3621 2426 Ιιωε
3653 2389 3757 2426 au-

2179 2465 2280 2510 tem
2302 2456 2592 2528 designavit
2632 2459 2891 2514 Dominus
2925 2469 2973 2516 et
3002 2460 3138 2516 alios
3164 2463 3491 2533 septuaginta
3518 2464 3652 2517 duos
3672 2505 3688 2530 ,
3717 2475 3764 2519 et

2177 2548 2463 2603 misit‘illos
2490 2549 2636 2604 binos
2659 2562 2778 2605 ante
2803 2552 2994 2620 faciem
3019 2569 3171 2608 suam
3192 2554 3249 2607 in
3271 2570 3475 2608 omnem
3508 2555 3764 2608 civitatem

2177 2650 2225 2693 et
2243 2639 2416 2694 locum
2434 2657 2537 2713 quo
2562 2651 2676 2695 erat
2693 2641 2802 2711 ipse
2825 2651 3073 2697 venturus
3097 2642 3248 2716 (Luc.
3272 2645 3352 2716 Χ).
3379 2644 3589 2700 Eodem
3613 2648 3764 2704 modo

2177 2729 2419 2786 vicissim
2466 2730 2573 2787 duo
2619 2741 2675 2787 et
2700 2734 2808 2786 duo
2848 2732 3064 2788 diaconi
3112 2732 3444 2788 altrinsecus
3483 2742 3540 2789 et
3571 2736 3763 2789 vadunt

2176 2824 2408 2880 osculari
2440 2825 2609 2881 latera
2641 2825 2849 2880 altaris.
2902 2824 3010 2881 Per
3035 2826 3282 2882 osculum
3331 2841 3525 2882 eorum
3558 2828 3764 2882 demon-

2177 2925 2388 2971 stratur
2432 2931 2538 2987 pax
2567 2933 2732 2987 quam
2780 2917 2860 2972 eis
2902 2918 3303 2974 commendavit
3348 2917 3654 2986 Dominus,
3694 2919 3762 2974 di-

2177 3024 2308 3065 cens
2342 3027 2355 3062 :
2396 3008 2461 3064 In
2484 3026 2849 3081 quamcunque
2887 3010 3100 3065 domum
3145 3011 3494 3078 intraveritis,
3542 3011 3758 3081 primum

2175 3098 2332 3152 dicite
2353 3115 2372 3153 :
2417 3098 2538 3153 Pax
2569 3099 2690 3153 huic
2716 3099 2898 3154 domui
2940 3099 3154 3172 (Matth.
3189 3101 3269 3172 χ).
3302 3099 3512 3167 ⁸Αιιειιηιξ
3551 3102 3635 3155 vel
3666 3101 3758 3155 alio

2175 3191 2336 3247 modo
2369 3207 2555 3248 mensa
2584 3207 2704 3263 qua:
2737 3192 3034 3260 osculatur,
3069 3194 3232 3250 corda
3263 3193 3576 3250 electorum
3606 3193 3760 3265 signi-

480 3286 936 3345 subdiaconorum
982 3291 1206 3346 innovat
1239 3307 1332 3348 eos
1370 3294 1545 3363 utqui
1577 3309 1742 3349 unum
1768 3305 1926 3350 antea
1955 3303 2072 3350 tan-
2097 3271 2143 3336 Ο
2175 3283 2302 3338 θοδῑ
2357 3282 2471 3338 Sive
2519 3283 2574 3338 ίη
2627 3281 2967 3339 Hierusalem
3027 3285 3143 3341 Sive
3198 3293 3358 3339 θιῑΐεὶ
3407 3285 3758 3341 Hierusalem-

481 3390 593 3435 tum
631 3381 800 3437 Deum
847 3383 1115 3450 dicebant,
1147 3400 1254 3440 non
1295 3383 1353 3440 in
1394 3384 1568 3440 tribus
1596 3386 1844 3456 personis
1887 3387 2072 3443 dicant

479 3487 652 3537 nunc,
685 3471 868 3529 Gloria
898 3474 1070 3541 Patri,
1100 3486 1148 3530 et
1172 3473 1338 3542 Filio,
1365 3485 1414 3531 et
1439 3474 1665 3548 Spiritui
1705 3485 1907 3530 sancto.
1962 3475 2068 3532 Sed

485 3566 912 3635 exspectandum
945 3573 1028 3621 est
1048 3582 1222 3638 usque
1251 3567 1379 3622 dum
1427 3567 1483 3624 id
1512 3567 1608 3622 ﬁat
1639 3569 1785 3639 quod
1809 3576 2067 3638 precatur

483 3669 682 3724 sponsa
715 3655 770 3710 in
793 3655 1034 3712 Canticis
1062 3657 1424 3725 canticorum,
1457 3657 1738 3713 Osculetur
1762 3676 1843 3713 me
1889 3658 2067 3714 osculo

475 3745 585 3800 oris
607 3746 691 3799 sui
713 3745 891 3818 (Cant.
924 3746 985 3818 ι).
1015 3747 1178 3803 Scitis
1212 3748 1429 3805 dicente
1456 3748 1738 3820 Apostolo,
1789 3749 2068 3806 Christum

479 3838 836 3907 semetipsum
861 3838 1245 3905 exinanivisse,
1269 3848 1324 3895 et
1342 3837 1575 3895 formam
1604 3841 1748 3896 servi
1769 3841 2066 3912 accepisse.

473 3928 815 3998 Quapropter
846 3938 1132 3999 postquam
1180 3939 1539 3999 prmscntatus
1563 3940 1647 3986 est
1673 3931 1949 3998 Ecclesiae,
1984 3932 2067 3987 in-

473 4021 706 4078 clinatus
749 4029 859 4078 stat
885 4037 1058 4094 usque
1084 4024 1153 4079 ad
1186 4023 1558 4096 impletionem
1581 4041 1693 4080 sua:
1712 4025 2064 4093 humilitatis,

473 4115 529 4168 in
557 4128 667 4184 qua
713 4111 890 4170 factus
912 4121 993 4170 est
1021 4113 1168 4170 Patri
1207 4115 1469 4172 obediens
1517 4130 1688 4186 usque
1725 4115 1794 4170 ad
1831 4122 2066 4170 mortem

475 4203 641 4279 (Phil.
672 4205 756 4280 ιι).
796 4205 854 4261 In
880 4205 996 4276 ipsa
1033 4206 1385 4264 inclinatione
1431 4208 1527 4265 dat
1555 4223 1746 4280 pacem
1772 4207 2061 4274 ministris,

473 4301 566 4373 qui
597 4317 628 4356 a
653 4299 858 4358 dextris
904 4301 1144 4372 laevaque
1168 4309 1310 4357 sunt.
1364 4299 1484 4372 ipse
1522 4308 1606 4356 est
1630 4301 1775 4357 enim
1801 4314 1930 4371 pax,
1967 4313 2067 4370 per

473 4407 636 4463 quem
669 4395 1050 4452 reconciliatur
1085 4393 1325 4450 Ecclesia
1354 4392 1489 4460 Deo,
1539 4391 1653 4448 sive
1693 4391 1758 4447 de
1783 4389 1934 4445 Novo
1965 4389 2068 4445 Te-

473 4481 767 4552 stamento,
807 4488 922 4542 sive
963 4487 1030 4542 de
1065 4486 1290 4542 Veteri:
1346 4483 1466 4555 Ipse
1516 4482 1785 4539 destruxit
1832 4481 2064 4537 medium

473 4579 725 4647 parietem
749 4579 1166 4642 inimicitiarum,
1213 4588 1260 4631 et
1293 4577 1414 4646 fecit
1438 4585 1715 4645 utrumque
1738 4590 1945 4638 unum;
1974 4589 2065 4644 pa-

2172 3375 2326 3433 Unde
2377 3375 2671 3448 Gregorius
2725 3377 2780 3431 in
2831 3377 2969 3433 libro
3017 3378 3084 3434 de
3109 3376 3500 3434 .lEdiﬁcatione
3547 3380 3757 3450 templi:

2170 3466 2345 3524 Corda
2393 3467 2577 3537 itaque
2603 3476 2915 3524 sanctorum
2953 3483 3154 3524 mensas
3186 3468 3280 3523 Dei
3306 3477 3456 3524 sunt.
3510 3472 3551 3541 -ιν
3578 3469 3756 3524 Postea

2171 3565 2520 3614 revertuntur
2539 3560 2606 3615 ad
2627 3561 2957 3632 episcopum.
2986 3559 3079 3615 Sic
3112 3561 3507 3634 et,‘Evangelio
3536 3563 3757 3629 dicente,

2169 3651 2399 3723 legimus
2433 3651 2628 3708 fecisse
2652 3654 2847 3709 missos
2884 3653 2974 3710 illo
3001 3660 3260 3724 tempore.
3314 3653 3385 3707 Et
3427 3656 3643 3719 mersi,
3684 3656 3761 3709 in-

2171 3743 2307 3813 quit,
2344 3742 2568 3813 apostoli
2588 3745 2959 3800 nuntiaverunt
2992 3744 3086 3798 illa
3109 3762 3226 3816 qua:
3249 3744 3485 3815 fecerunt
3517 3744 3756 3818 (Luat).

2174 3837 2246 3892 Et
2292 3837 2347 3892 in
2388 3837 2780 3908 sequentibus:
2811 3837 2881 3892 Et
2916 3839 3117 3908 factum
3151 3848 3249 3904 est,
3301 3855 3424 3893 cum
3468 3841 3613 3894 solus
3635 3847 3759 3892 esset

2175 3938 2526 3996 orans,erant
2551 3945 2668 3984 cum
2691 3927 2785 3984 illo
2801 3930 3044 4000 discipuli
3058 3931 3173 4000 ejus
3198 3930 3353 4000 (Luc.
3385 3931 3483 4003 ιι).
3515 3931 3650 3986 Sunt
3675 3930 3759 3984 di-

2170 4020 2363 4090 scipuli
2385 4035 2507 4075 cum
2534 4019 2775 4087 Christo,
2801 4019 3052 4076 Christus
3081 4021 3228 4076 solus
3255 4029 3402 4076 orat.
3444 4020 3572 4074 Dein
3596 4029 3750 4091 post-

2168 4125 2334 4181 quam
2377 4117 2588 4181 tempus
2620 4111 2838 4166 advenit
2861 4111 3116 4182 prasconii
3145 4112 3446 4168 Dominica:
3466 4113 3754 4182 passionis,

2171 4211 2446 4269 cantores,
2489 4211 2551 4258 ut
2598 4204 2666 4259 ad
2693 4203 3016 4259 memoriam
3046 4205 3312 4259 reducant
3345 4205 3554 4261 Christi
3584 4206 3759 4261 novis-

2170 4297 2368 4352 simam
2407 4294 2867 4361 humiliationem,
2911 4294 3100 4350 dicunt
3123 4310 3343 4350 versum
3373 4296 3446 4352 de
3474 4294 3752 4352 Psalterio.

2166 4385 2488 4443 Psalterium
2516 4400 2581 4441 ex
2615 4384 2858 4441 inferiori
2876 4394 3033 4457 parte
3059 4386 3386 4456 percutitur,
3420 4395 3477 4441 et
3503 4402 3576 4441 ex
3607 4402 3755 4457 supe-

2165 4478 2312 4533 riore
2337 4485 2497 4549 parte
2519 4476 2684 4533 habet
2722 4476 2778 4531 in
2807 4491 2916 4546 quo
2943 4477 3135 4532 reboat
3166 4494 3181 4531 :
3207 4475 3289 4531 sic
3316 4485 3372 4531 et
3393 4491 3539 4548 opus
3560 4477 3755 4548 passio-

2167 4573 2254 4628 nis
2283 4571 2488 4626 Christi
2536 4570 2606 4625 ab
2624 4568 2881 4626 inferiore
2900 4579 3053 4641 parte
3073 4569 3236 4626 habet
3277 4585 3669 4642 percussumm
3691 4611 3704 4635 ,
3723 4583 3756 4622 ι

475 4686 586 4724 cem
615 4669 756 4723 dedit
784 4669 865 4724 his
883 4671 974 4736 qui
994 4669 1167 4740 longe,
1192 4678 1240 4723 et
1262 4683 1442 4738 pacem
1467 4666 1547 4719 his
1568 4665 1658 4735 qui
1685 4681 1843 4735 prope
1890 4665 2054 4737 (Eph.
2080 4661 2135 4723 D
2161 4664 2440 4735 superiore
2459 4669 2620 4734 parte
2641 4661 2978 4718 dulcedinem
3001 4660 3423 4716 resurrectionis
3447 4677 3576 4731 qum
3601 4658 3758 4717 resd-

477 4761 560 4834 ιι).
591 4760 849 4818 Eamdem
871 4775 1056 4831 pacem
1077 4759 1236 4815 oﬂ‘ert
1255 4756 1568 4813 cantoribus
1595 4755 1687 4826 qui
1722 4765 1868 4809 retro
1887 4763 2058 4825 stant,

475 4853 779 4925 adimplens
826 4868 944 4924 qua:
1003 4851 1139 4908 dixit
1183 4848 1463 4921 discipulis
1501 4865 1514 4901 :
1560 4844 1755 4902 Pacem
1796 4863 1964 4901 meam
1991 4848 2058 4902 do

473 4935 641 5012 vobis,
693 4963 874 5019 pacem
900 4961 1069 4999 meam
1109 4941 1343 5013 relinquo
1375 4940 1517 4995 vobis
1544 4937 1726 5012 (Joan.
1755 4937 1891 5009 χεν),
1930 4953 2060 5008 pra:-

475 5038 723 5094 sentibus
750 5038 864 5102 dat,
910 5034 1248 5100 absentibus,
1288 5032 1401 5087 sive
1438 5031 1650 5087 Veteris
1701 5029 2057 5095 Testamenti,

474 5132 587 5188 sive
620 5130 778 5197 Novi,
819 5129 1094 5199 relinquit.
1139 5126 1254 5182 Hoc
1281 5133 1367 5182 est
1407 5125 1549 5195 quod
1585 5123 1822 5179 solemus
1853 5123 2057 5191 dicere,

473 5227 653 5282 innuit
695 5225 981 5296 episcopus
1019 5220 1260 5278 cantori.
1315 5218 1432 5284 Quo
1465 5215 1610 5271 facto
1655 5217 1918 5286 sapientia
1962 5216 2058 5273 Dei

472 5319 629 5388 quasi
672 5315 908 5372 adventu
937 5314 1411 5374 subdiaconorum,
1457 5307 1763 5378 intelligunt
1807 5317 2060 5363 cantores

476 5411 667 5467 mutati
692 5409 806 5480 jam
832 5409 898 5464 de
922 5407 1128 5471 Veteri,
1163 5405 1406 5459 trinitate
1434 5401 1599 5454 Deum
1624 5398 1867 5465 laudare,
1896 5407 1951 5454 et
1979 5399 2060 5453 di-

474 5513 623 5571 cunt,
656 5505 840 5561 Gloria
865 5503 1018 5558 Patri
1043 5514 1092 5558 et
1115 5501 1257 5556 Filio
1281 5511 1328 5556 et
1357 5499 1578 5571 Spiritui
1597 5507 1798 5552 sancto.
1831 5496 2057 5552 Diaconi

474 5597 628 5667 quasi
664 5597 864 5653 chorus
905 5597 1289 5667 prophetarum
1332 5599 1479 5648 stant
1524 5606 1647 5645 cum
1681 5603 1747 5644 eo
1787 5585 2057 5641 humiliati

474 5699 531 5744 et
579 5689 786 5754 dicunt,
841 5689 1083 5753 Domine,
1123 5688 1248 5740 doce
1289 5702 1382 5738 nos
1406 5700 1558 5738 orare
1608 5681 1823 5753 (Matth.
1854 5678 1969 5751 Vl);
2002 5688 2058 5734 et

477 5780 673 5850 spiritu
695 5780 1011 5849 prephetim,
1044 5780 1094 5833 id
1121 5785 1227 5840 est,
1257 5776 1451 5846 spiritu
1471 5772 1816 5828 revelationis
1857 5786 2059 5842 cogno-

479 5880 638 5930 scunt
665 5886 772 5927 non
808 5885 866 5926 se
891 5870 1278 5966 possqbabere
1316 5867 1565 5924 atiectum
1619 5865 1674 5921 in
1696 5864 1947 5923 oratione
1976 5862 2047 5924 ad

2164 4764 2243 4810 tat
2274 4755 2430 4826 longe
2456 4753 2672 4823 lateque
2707 4768 2805 4824 per
2832 4769 2928 4808 ora
2955 4743 3396 4822 praedicatorum.
3456 4752 3758 4823 Adimpleto

2167 4857 2412 4918 tempore
2462 4855 2808 4918 praeconatus
2832 4846 3178 4916 praeconium,
3221 4845 3370 4900 vadit
3409 4843 3668 4900 Christus
3696 4843 3760 4898 sd

2165 4937 2526 5003 Hierusalem,
2567 4937 2621 4991 in
2647 4952 2752 5008 qua
2773 4944 2858 4992 est
2887 4935 3056 4990 altare
3083 4935 3228 5005 quod
3255 4933 3545 4990 osculatur
3576 4936 3629 4989 in
3651 4948 3756 4988 me-

2165 5032 2276 5098 dio,
2301 5015 2555 5100 quoniam
2577 5029 2692 5100 ipse
2724 5036 2806 5084 est
2833 5029 2896 5084 de
2922 5041 3030 5096 quo
3052 5027 3253 5084 dicitur
3277 5027 3332 5081 in
3361 5025 3617 5083 Canticis
3640 5041 3758 5082 cau-

2166 5125 2395 5180 ticorum
2415 5138 2429 5176 :
2448 5121 2625 5176 Media
2645 5121 2899 5175 charitate
2920 5119 3204 5174 constravit
3227 5126 3444 5188 propter
3463 5117 3613 5187 ﬁlias
3636 5116 3761 5172 Hie-

2165 5213 2393 5269 rusalem
2424 5212 2601 5286 (Cant.
2627 5211 2730 5285 ιιι).
2770 5210 3020 5266 Vicarius
3045 5208 3250 5265 Christi
3292 5209 3412 5264 ha‘c
3446 5210 3635 5264 omnia
3657 5211 3761 5278 agit

2167 5307 2220 5362 in
2248 5307 2563 5361 memoriam
2587 5304 2748 5376 primi
2792 5303 3056 5359 adventus
3085 5301 3310 5357 Christi.
3357 5299 3660 5357 Osculatur
3681 5301 3759 5355 al-

2164 5408 2303 5466 tare,
2336 5405 2397 5453 ut
2431 5396 2682 5452 ostendat
2711 5394 3002 5451 adventum
3038 5392 3243 5449 Christi
3266 5391 3438 5448 fuisse
3487 5393 3544 5446 in
3571 5392 3759 5446 Hieru-

2161 5491 2359 5556 salem;
2407 5487 2684 5544 osculatur
2702 5483 3070 5555 Evangelium,
3122 5483 3176 5538 in
3199 5498 3309 5552 quo
3336 5485 3447 5538 duo
3473 5482 3658 5553 populi
3691 5479 3758 5534 ad

2159 5583 2353 5654 pedem
2382 5581 2707 5644 redeunt,ut
2731 5585 2788 5633 et
2809 5591 2910 5631 nos
2937 5591 3033 5630 eos
3060 5574 3349 5646 diligamus
3377 5577 3474 5645 qui
3499 5573 3756 5644 disiuncti

2162 5680 2365 5731 eranta
2397 5671 2590 5737 nobis;
2629 5669 2816 5725 oscula
2865 5668 3055 5722 viéarii
3085 5666 3288 5722 Christi
3326 5667 3517 5721 osculo
3551 5662 3758 5720 Christi

2162 5773 2501 5839 congruunt:
2539 5765 2678 5820 sicut
2709 5762 2959 5819 Christus
2993 5763 3170 5833 primo
3198 5760 3450 5815 osculum
3480 5760 3568 5814 his
3612 5771 3760 5827 pra-

2161 5862 2277 5920 bui'i
2303 5859 2393 5932 qui
2421 5859 2600 5932 primo
2621 5857 2968 5915 crediderunt
2997 5873 3010 5911 :
3045 5854 3124 5910 sic
3150 5853 3441 5928 episcopus
3473 5848 3759 5914 ministris
