3978 6462
141 413 144 416 ~
187 375 339 432 1H3

949 374 1038 433 DE
1077 375 1636 438 ECCLESIASTICIS
1675 377 1964 440 OFFICIIS
2003 381 2184 441 LIBRI
2221 382 2314 444 IV.
2351 414 2423 428 --
2459 385 2588 443 LIB.
2626 385 2718 449 III.

3326 385 3463 449 1114

188 484 386 559 primis
415 500 430 540 :
461 483 530 540 Et
554 483 697 541 sicut
717 483 963 544 Chnstus
987 488 1073 544 his
1097 505 1156 546 se
1180 490 1358 559 offert,
1379 493 1541 561 ultro,
1575 494 1772 565 quibus
1798 498 1851 558 Α
1877 497 2008 552 ritus
2033 508 2232 567 sancte,
2260 501 2503 557 miserere
2524 515 2544 555 :
2573 501 2759 558 Potest
2791 509 2846 559 et
2885 503 3205 576 simpliciter
3237 507 3463 583 intelligi

186 578 358 644 dicit,
409 577 608 632 missus
659 593 778 634 sum
824 581 892 635 ad
933 597 1062 638 oves
1095 599 1215 654 quae
1263 587 1541 655 perierant
1582 588 1775 645 domus

186 667 378 735 Israel,
417 667 498 724 sic
521 669 806 742 episcopus
833 671 993 728 altari
1031 690 1130 746 per
1153 677 1297 747 quod
1326 679 1614 736 recolimus
1651 679 1777 736 Hie-

187 761 449 828 rusalem,
484 762 538 816 in
567 778 673 834 qua
697 763 958 822 Dominus
981 782 1110 825 suos
1129 770 1317 826 dilexit
1339 786 1510 843 usque
1530 773 1584 828 in
1614 773 1772 830 ﬁnem

187 849 786 910 secundumJoannem.
823 855 893 911 Et
917 857 1324 919 sicutChristus
1343 864 1537 920 ascivit
1585 873 1775 936 postea

187 943 446 1014 gentilem
473 946 748 1016 populum,
774 950 868 1020 qui
892 953 1269 1010 reconciliatus
1289 962 1372 1011 est
1395 956 1506 1012 Deo
1536 957 1591 1012 in
1624 957 1775 1014 Novo

190 1033 570 1102 Testamento;
601 1037 681 1093 sic
708 1038 990 1111 episcopus
1013 1041 1385 1115 Evangelium,
1413 1047 1554 1116 quod
1573 1057 1656 1102 est
1671 1046 1778 1102 No-

189 1139 318 1178 vum
346 1125 772 1184 Testamentum.
798 1129 1420 1204 BemanetEvangelium
1449 1135 1503 1190 in
1530 1135 1686 1192 altari
1709 1137 1777 1193 ab

193 1215 351 1270 initio
389 1214 551 1272 oilicii
573 1233 744 1288 usque
773 1220 898 1275 dum
931 1237 962 1276 a
993 1222 1242 1278 ministro
1269 1234 1579 1282 assumatur
1607 1227 1673 1282 ad
1701 1227 1778 1284 le-

189 1307 425 1377 gendum
452 1325 466 1361 :
501 1309 627 1377 quia
659 1310 726 1366 ab
749 1310 903 1367 initio
924 1312 1186 1369 adventus
1205 1313 1429 1382 Christi,
1454 1316 1775 1388 Evangelica

188 1401 438 1458 doctrina
472 1403 713 1458 resonuit
734 1403 790 1459 in
819 1404 1155 1462 Hierusalem
1185 1405 1400 1479 (Matth.
1433 1407 1546 1480 xv),
1575 1416 1630 1464 et
1653 1409 1778 1466 inde

190 1491 364 1546 exivit
406 1492 474 1547 ad
516 1492 827 1563 publicum,
873 1495 1014 1550 sicut
1051 1497 1314 1567 scriptum
1352 1507 1473 1556 est:
1525 1499 1604 1554 De
1645 1498 1778 1556 Sion

189 1581 349 1635 exivit
374 1589 480 1648 lex,
528 1592 575 1637 et
605 1583 816 1638 verbum
836 1583 1050 1640 Domini
1071 1587 1136 1641 de
1166 1585 1504 1643 Hierusalem
1528 1589 1663 1662 (Isa.
1689 1591 1773 1664 ιι).

189 1670 397 1726 Deinde
421 1671 613 1727 transit
639 1673 928 1744 episcopus
952 1675 1021 1730 ad
1035 1676 1311 1733 dexteram
1343 1679 1552 1736 altaris.
1582 1680 1777 1753 Liquet

1875 591 1944 646 de
1965 591 2129 663 Kyrie
2151 593 2355 650 eleison
2411 595 2720 652 necessario
2749 598 3104 654 constitutum
3130 615 3253 656 esse
3283 617 3314 656 a
3335 617 3467 673 pra:-

1873 684 2185 753 ceptoribus
2215 685 2496 753 Ecclesiae,
2545 695 2604 742 ut
2631 694 2884 743 cantores
2928 697 3052 758 post
3077 691 3283 746 ﬁnitam
3326 693 3470 749 anti-

1873 773 2109 843 phonam
2133 775 2496 847 deprecentur
2529 776 2743 834 Domini
2769 778 3199 836 misericordiam
3225 798 3346 853 quae
3374 783 3470 841 de-

1873 866 2076 934 primat
2096 866 2313 923 inanem
2331 868 2823 941 jactantiam,’quae
2851 869 2990 926 solet
3017 872 3169 941 sequi
3195 881 3465 931 cantores.

1877 955 2090 1012 Habent
2114 959 2258 1014 enim
2283 962 2576 1030 quamdam
2624 961 3040 1018 exsultationem
3070 971 3293 1034 propter
3314 979 3471 1035 egre-

1876 1045 2018 1117 giam
2049 1049 2495 1118 compositionem
2546 1049 2926 1119 melodiarum,
2979 1061 3038 1108 et
3080 1069 3187 1110 non
3212 1055 3466 1110 humilia-

1878 1137 2079 1192 tionem
2101 1138 2371 1208 lectionis,
2395 1157 2503 1213 qua
2538 1142 2916 1200 illuminantur
2936 1146 3003 1198 ad
3029 1145 3267 1200 studium
3293 1147 3473 1201 humi-

1876 1227 2044 1285 litatis
2071 1227 2207 1302 (Col.
2241 1231 2326 1302 ιι).
2368 1233 2486 1301 Qua
2513 1234 2580 1289 de
2622 1249 2682 1289 re
2709 1244 2942 1306 possunt
2981 1233 3250 1291 fallaciter
3291 1236 3466 1307 decipi

1875 1337 1976 1392 per
2017 1324 2414 1396 philosophiam
2471 1334 2528 1383 et
2577 1328 2796 1384 inanem
2843 1328 3115 1385 fallaciam
3171 1331 3468 1386 secundum

1876 1413 2225 1470 traditionem
2255 1415 2558 1472 hominum.
2584 1418 2688 1474 Ubi
2710 1427 2795 1475 est
2813 1435 2940 1475 vera
2966 1420 3331 1491 philosophia,
3364 1438 3473 1477 non

1879 1509 2123 1579 sequitur
2151 1511 2329 1567 inanis
2359 1511 2571 1569 fallacia
2607 1533 2620 1569 :
2661 1513 2755 1570 ubi
2785 1523 2868 1571 est
2891 1530 3152 1587 pomposa
3199 1516 3471 1584 doctrina,

1879 1602 2124 1672 sequitur
2155 1601 2418 1672 iactantia
2457 1607 2643 1662 animi.
2695 1607 2762 1663 Et
2791 1607 2899 1664 alio
2950 1609 3112 1664 modo
3141 1628 3154 1665 :
3180 1608 3322 1666 Ante
3349 1625 3470 1666 om-

1877 1710 2002 1750 nem
2033 1696 2338 1754 orationem
2393 1701 2683 1770 specialem
2729 1702 3072 1758 sacerdotum
3122 1719 3345 1760 necesse
3388 1714 3474 1761 est

183 1760 441 1816 omnibus
462 1761 605 1832 QUOd
633 1777 847 1866 θεωρεῖ·
874 1763 1246 1866 (ἷῐιτίδῐξιεθὲξῑ
1276 1770 1554 1866 defletam
1582 1773 1773 1842 Vitam.
1803 1862 1840 1866 _
1877 1787 2184 1853 praecedere
2217 1760 2647 1846 misericordiam
2686 1793 2900 1849 Domini
2949 1805 3174 1866 propter
3203 1804 3314 1852 tres
3339 1811 3473 1852 cau-

182 1859 478 1956 Postqllam
501 1854 803 1956 ΐεδξξπθιξξ
826 1871 856 1909 ³
879 1858 1128 1956 filo-"lli?
1162 1859 1383 1916 Diaconi
1412 1870 1600 1932 Postea
1629 1872 1778 1921 ειδηι
1803 1862 1852 1922 Β
1878 1893 1990 1945 sas,
2021 1895 2142 1950 quae
2181 1881 2314 1936 mihi
2345 1882 2402 1938 in
2450 1893 2703 1956 promptu
2732 1854 3069 1944 occurrunt:
3095 1887 3214 1944 Una
3257 1896 3359 1955 est,
3411 1900 3473 1943 ut

183 1939 245 1994 in
278 1941 490 2010 ordine,
518 1943 713 2013 quibus
748 1944 838 2000 ille
865 1946 1004 2002 dixit
1035 1966 1048 2004 :
1079 1948 1144 2005 Si
1161 1952 1276 2020 quis
1303 1951 1409 2006 vult
1437 1963 1552 2024 post
1577 1971 1660 2009 me
1687 1973 1773 2010 ve-

180 2032 324 2099 nire,
365 2033 577 2106 abneget
617 2040 968 2108 semetipsum,
1012 2049 1060 2095 et
1091 2041 1240 2097 tollat
1273 2061 1478 2100 crucem
1507 2064 1682 2114 suam,
1723 2058 1774 2104 et

177 2135 437 2194 sequatur
455 2145 536 2182 me
561 2127 774 2200 (Matth.
794 2131 928 2198 xw).
961 2132 1060 2199 Qui
1087 2142 1212 2204 post
1227 2151 1350 2190 eum
1374 2145 1542 2204 stant,
1563 2138 1770 2196 ﬁrmati

182 2228 346 2286 sunt,
385 2228 448 2275 ut
483 2206 609 2276 eum
649 2232 948 2293 sequantur
972 2241 1142 2296 usque
1168 2228 1235 2282 ad
1274 2238 1530 2298 mortem,
1563 2239 1619 2286 et
1648 2247 1771 2288 cum

179 2328 252 2370 eo
282 2321 557 2370 transeant
583 2315 651 2370 ad
671 2322 934 2372 aeternam
963 2318 1151 2374 vitam.
1185 2319 1356 2390 Major
1374 2337 1504 2391 pars
1549 2323 1605 2378 in
1633 2325 1770 2380 dex-

184 2412 300 2460 tera
337 2413 490 2474 parte
509 2413 635 2470 stat,
684 2415 740 2461 et
765 2408 942 2462 minor
968 2408 1023 2462 in
1053 2409 1292 2466 sinistra.
1345 2411 1486 2480 Quid
1511 2430 1771 2473 numerus

183 2495 404 2550 illorum
431 2496 721 2568 signiticet,
773 2500 1090 2569 praedictum
1127 2510 1231 2556 est.
1278 2503 1360 2560 Ad
1390 2506 1770 2565 insinuandum

181 2586 344 2642 nobis
393 2586 562 2643 libere
596 2588 765 2644 Vetus
791 2589 1198 2662 Testamentum
1246 2591 1426 2666 legere
1462 2605 1519 2651 et
1559 2606 1766 2666 tenere,

177 2687 242 2734 ut
271 2679 560 2752 Apostolus
587 2698 601 2738 :
638 2679 830 2735 Omnia
856 2690 1029 2738 autem
1051 2684 1266 2754 probate
1311 2685 1367 2758 (ι
1395 2686 1599 2762 Thess.)
1626 2708 1639 2745 :
1666 2690 1770 2746 ali-

177 2786 289 2842 qua
331 2786 460 2842 pars
504 2772 884 2829 ministrorum
926 2775 981 2830 in
1007 2775 1229 2833 sinistra
1279 2788 1434 2849 parte
1490 2789 1620 2847 stat,
1670 2797 1768 2853 per

177 2878 344 2934 quam
364 2864 679 2936 temporalis
704 2865 1008 2922 benedictio
1033 2867 1368 2940 designatur.
1406 2870 1567 2928 Certe
1589 2881 1644 2929 et
1671 2889 1769 2930 no-

176 2964 294 3011 stra
331 2956 574 3013 Ecclesia
610 2966 901 3028 utrumque
934 2959 1072 3030 petit
1099 2975 1132 3015 a
1157 2961 1384 3018 Domino
1413 2980 1428 3017 :
1460 2971 1516 3019 et
1555 2972 1764 3037 tempo-

177 3047 348 3104 ralem
377 3049 839 3118 benedictionem,
858 3057 915 3106 et
934 3059 1211 3108 aeternam.
1256 3053 1633 3126 Temporalem
1657 3073 1758 3128 pe-

178 3140 349 3196 timus
373 3141 592 3212 quando
619 3156 906 3213 precamur
939 3151 999 3198 ut
1027 3144 1170 3201 Deus
1199 3157 1488 3204 conservet
1509 3148 1762 3205 dominos

175 3239 414 3296 nostros,
475 3231 614 3289 ﬁlios
643 3249 863 3302 eorum,
911 3234 1120 3293 fructus
1164 3245 1360 3306 terrae,
1391 3247 1447 3295 et
1471 3255 1662 3310 pacem
1706 3241 1763 3297 in
1791 3225 1835 3290 C

179 3330 328 3376 terra
365 3332 580 3389 nostra;
616 3331 673 3378 at
698 3332 976 3390 aeternam,
1011 3327 1226 3396 quando
1237 3325 1530 3396 justitiam,
1560 3331 1770 3400 sapien-

176 3414 310 3470 tiam
330 3425 387 3471 et
409 3415 752 3482 charitatem,
777 3424 884 3471 etc.
907 3415 1052 3471 Inter
1069 3417 1186 3472 haec
1209 3419 1390 3474 omnia
1414 3429 1560 3475 stant
1588 3421 1768 3494 acoly-

176 3505 258 3561 thi
298 3515 353 3561 et
383 3513 570 3562 tenent
600 3520 790 3561 cereos
823 3506 878 3560 in
916 3507 1186 3563 manibus.
1219 3507 1358 3576 Quid
1388 3509 1533 3565 aliud
1561 3511 1767 3582 signiﬁ-

175 3606 288 3664 cat,
322 3596 428 3652 nisi
473 3612 912 3667 unumquemque
941 3597 1218 3654 doctorem
1247 3599 1446 3657 debere
1477 3602 1679 3659 habere
1705 3603 1760 3660 in

171 3691 426 3747 manibus
447 3689 747 3746 doctrinam
772 3705 947 3757 suam,
963 3698 1024 3746 ut
1047 3691 1223 3764 magis
1249 3693 1466 3750 studeat
1483 3709 1648 3766 opere
1667 3695 1764 3753 do-

170 3793 323 3846 cere,
360 3793 522 3849 quam
550 3777 756 3835 verbis.

780 3891 1011 3950 CAPUT
1048 3893 1138 3952 VI.

708 3983 789 4040 De
814 3983 980 4058 Kgrie
1012 3986 1227 4043 eleison.

245 4077 359 4136 Hoc
382 4093 545 4151 opere
572 4078 860 4150 completo,
895 4080 950 4136 id
973 4088 1076 4148 est,
1119 4081 1356 4139 adunato
1373 4096 1472 4154 per
1497 4083 1762 4155 praedica-

169 4174 376 4232 tionem
415 4173 614 4231 Christi
646 4174 842 4244 populo
886 4175 982 4230 Dei
1009 4190 1076 4230 ex
1115 4191 1314 4249 magna
1359 4185 1534 4248 parte,
1570 4178 1624 4234 in
1652 4193 1760 4249 quo

166 4276 421 4324 cantores
452 4281 648 4338 magno
692 4268 987 4323 certamine
1030 4267 1449 4326 laboraverunt:
1481 4285 1550 4327 ne
1577 4271 1758 4343 aliqua

164 4357 520 4430 praesumptio
548 4357 755 4413 inutilis
784 4357 1052 4428 subripiat
1077 4358 1242 4414 corda
1269 4374 1477 4426 eorum,
1508 4359 1761 4417 hortatur

164 4464 265 4506 eos
315 4449 574 4505 Dominus
607 4448 828 4506 dicere:
877 4448 1071 4515 Dicite,
1102 4451 1236 4505 servi
1278 4451 1488 4507 inutiles
1552 4469 1754 4508 sumus.

167 4538 326 4598 Unde
355 4538 500 4595 Beda
529 4539 585 4594 in
621 4547 858 4595 tractatu
887 4554 1049 4609 super
1075 4539 1278 4596 Lucam
1304 4559 1317 4595 :
1369 4540 1516 4598 Servi
1543 4543 1756 4598 inutiles

1876 1982 2162 2030 serenetur
2211 1974 2364 2032 mens
2413 1979 2714 2034 sacerdotis
2759 1979 2827 2034 ad
2875 1995 2940 2035 ea
2979 1981 3306 2038 intendenda
3351 1996 3472 2051 quae

1873 2079 1970 2122 ore
1995 2051 2126 2122 dicit
2155 2084 2169 2121 :
2217 2069 2389 2124 altera
2431 2079 2492 2125 ut
2521 2070 2714 2142 dignus
2737 2073 2811 2128 sit
2845 2072 2993 2143 loqui
3023 2072 3158 2139 Deo,
3206 2083 3470 2144 quantum

1872 2158 1940 2213 ad
1971 2168 2225 2216 naturam
2251 2162 2548 2218 humanam
2581 2165 2855 2234 pertinet:
2891 2167 3073 2231 tertia,
3107 2167 3272 2236 quod,
3312 2167 3357 2222 si
3383 2176 3474 2222 tte-

1872 2251 1962 2307 dio
1987 2251 2172 2324 aliquo
2204 2255 2474 2325 corporali
2503 2255 2978 2328 aﬁ‘ectus'spiritus
3005 2259 3125 2314 sine
3150 2267 3331 2314 mente
3354 2272 3474 2314 ora-

1868 2344 2031 2410 verit,
2060 2344 2322 2401 Dominus
2352 2362 2460 2403 non
2511 2347 2568 2402 in
2616 2347 2801 2404 furore
2843 2364 2946 2404 suo
2993 2350 3255 2420 respiciat
3305 2365 3473 2420 super

1869 2437 2043 2504 illum,
2075 2438 2171 2494 sed
2200 2439 2254 2493 in
2270 2439 2476 2508 judicio
2529 2441 2940 2507 misericordiae,
2988 2450 3206 2512 oportet
3232 2449 3294 2495 ut
3327 2455 3471 2510 prae-

1869 2529 2029 2586 cedat
2074 2529 2277 2600 aliquid
2311 2532 2449 2599 tale,
2499 2533 2645 2602 quod
2671 2533 2901 2603 repellat
2923 2532 3291 2590 redundantes
3319 2532 3468 2604 cogi-

1870 2619 2106 2677 tationes
2132 2637 2161 2676 a
2189 2631 2393 2690 mente,
2427 2639 2548 2694 quae
2570 2625 2824 2680 accidunt
2853 2626 2992 2692 visu,
3021 2624 3208 2681 auditu
3232 2625 3472 2682 caeteris-

1869 2729 1977 2784 que
2012 2715 2283 2782 sensibus,
2338 2725 2399 2771 ut
2449 2717 2505 2772 in
2534 2718 2783 2773 oratione
2819 2733 2974 2774 mens
3021 2717 3134 2775 sola
3176 2716 3471 2774 invisibilia

1869 2805 2071 2877 cogitet
2106 2808 2361 2877 quoniam
2399 2807 2658 2865 invisibili
2699 2809 2958 2880 loquitur.
3011 2809 3089 2866 Ac
3118 2809 3240 2866 ideo
3267 2809 3322 2864 in
3351 2825 3472 2864 om—

1866 2898 2028 2954 nibus
2071 2901 2308 2969 peractis
2359 2900 2551 2958 oﬁiciis
2601 2902 2847 2973 sequitur
2885 2901 3050 2974 Kyrie
3097 2901 3305 2959 eleison
3341 2909 3469 2958 ante

1867 2993 2170 3049 orationem
2207 2994 2568 3062 Dominicam,
2616 3003 2679 3050 ut
2707 3003 2793 3053 est
2833 2996 2888 3052 in
2935 2996 3241 3052 matutinali
3293 3005 3349 3052 et
3377 3010 3471 3052 ve-

1867 3087 2151 3156 spertinali
2184 3087 2395 3158 synaxi.
2445 3087 2582 3144 Nam
2611 3090 2756 3160 quod
2807 3105 2908 3146 nos
2935 3090 3094 3158 Galli,
3127 3089 3300 3147 ﬁnitis
3321 3090 3469 3162 psal-

1866 3175 1970 3231 mis
1998 3177 2430 3244 nocturnalibus,
2467 3178 2707 3235 solemus
2743 3189 2967 3236 cantare
3025 3181 3333 3238 orationem
3362 3180 3468 3238 Do-

1869 3268 2166 3324 minicam:
2204 3267 2450 3326 Romana
2491 3271 2736 3327 Ecclesia
2760 3272 3140 3341 praetermittit.

2478 3403 2709 3461 CAPUT
2744 3404 2854 3462 VII.

2503 3494 2584 3550 De
2623 3497 2808 3551 cereis.

1939 3607 2256 3665 Dicentibus
2278 3608 2439 3682 Kyrie
2465 3609 2668 3666 eleison
2686 3611 3022 3680 cantoribus,
3038 3609 3272 3685 acolythi
3290 3628 3322 3669 e
3346 3628 3462 3670 ma-

1867 3703 2026 3760 nibus
2050 3713 2260 3774 ponunt
2285 3719 2473 3761 cereos
2502 3705 2559 3761 in
2597 3713 2801 3761 terram
2829 3705 3175 3772 altrinsecus,
3211 3713 3267 3761 et
3291 3721 3461 3762 unum

1887 3813 1923 3852 ιι
1963 3797 2182 3854 medio:
2241 3797 2498 3869 quoniam
2541 3807 2668 3870 post
2714 3806 2935 3871 peracta
2979 3799 3121 3855 bona
3157 3813 3342 3870 opera,
3393 3799 3464 3854 ad

1891 3897 2074 3944 antam
2105 3889 2468 3945 humilitatem
2513 3906 2614 3947 nos
2659 3891 2878 3947 deducit
2924 3888 3162 3961 Spiritus
3207 3899 3454 3958 sanctus,

1865 3982 2019 4054 cujus
2045 3983 2227 4039 lumen
2257 3983 2505 4056 signatur
2525 3982 2728 4040 lumine
2755 3997 3059 4050 cereorum,
3093 3983 3186 4054 qui
3220 3983 3458 4056 superbis

1864 4077 2080 4144 resistit,
2111 4084 2161 4131 et
2177 4076 2462 4132 humilibus
2481 4077 2571 4131 dat
2594 4079 2820 4149 gratiam
2837 4076 2977 4150 (Jac.
2995 4077 3093 4151 tv),
3124 4085 3186 4133 ut
3202 4093 3332 4134 vere
3358 4092 3458 4132 nos

1864 4183 2255 4241 cognoscamus
2283 4183 2403 4225 esse
2429 4168 2672 4225 cinerem
2697 4176 2752 4225 et
2779 4169 3076 4239 pulverem.
3109 4167 3228 4237 Quo
3253 4167 3458 4223 lumine

1863 4259 2198 4316 illuminatus
2221 4267 2306 4316 est
2332 4258 2642 4332 patriarcha
2664 4259 2962 4326 Abraham,
2989 4259 3206 4330 quando
3233 4267 3356 4328 post
3377 4258 3457 4312 lo-

1863 4352 2136 4408 cutionem
2164 4352 2377 4407 Domini
2410 4351 2477 4406 ad
2507 4365 2566 4407 se
2599 4349 2799 4407 factam
2824 4392 2840 4416 ,
2890 4348 3028 4405 dixit
3059 4367 3074 4404 :
3128 4347 3268 4416 Quia
3295 4346 3455 4405 semet

1865 4443 2014 4515 coepi,
2051 4442 2239 4514 loquar
2265 4442 2336 4496 ad
2360 4440 2647 4496 Dominum
2691 4457 2887 4508 meum,
2934 4457 3053 4495 cum
3076 4441 3177 4497 sint
3211 4440 3382 4513 pulvis
3407 4448 3460 4496 et

1867 4535 1998 4591 cinis
2026 4529 2178 4607 (Gen.
2210 4532 2392 4607 xvm).
2453 4531 2656 4590 Cereus
2702 4534 2759 4589 in
2805 4533 2984 4590 medio
3007 4541 3176 4599 stans,
3209 4549 3333 4591 eum
3362 4533 3459 4590 de-

163 4647 369 4696 sumus,
398 4632 525 4702 quia
541 4648 643 4686 non
661 4640 779 4687 sunt
802 4631 1074 4703 condigna:
1093 4634 1364 4703 passiones
1386 4633 1544 4704 hujus
1560 4644 1758 4705 tempo-
1781 4621 1836 4681 D
1861 4625 2039 4698 signat
2063 4625 2154 4696 qui
2187 4624 2360 4681 dixit:
2393 4622 2494 4679 Ubi
2535 4625 2642 4680 duo
2668 4623 2747 4681 vel
2777 4635 2881 4680 tres
2903 4628 3204 4698 congregati
3250 4627 3453 4698 fuerint

164 4725 242 4778 ris
267 4722 336 4777 ad
372 4731 799 4793 superventuram
837 4721 1058 4791 gloriam
1091 4739 1209 4794 qua:
1233 4723 1549 4778 revelabitur
1571 4725 1627 4779 in
1665 4741 1758 4779 no-

163 4811 407 4885 bis(Luc.
436 4829 503 4879 x;
528 4811 681 4866 Rom.
708 4827 837 4875 vm;
867 4811 958 4865 Ps.
991 4813 1112 4884 cn).
1137 4813 1202 4867 Et
1230 4813 1390 4869 alibi:
1410 4815 1514 4880 Qui
1538 4825 1756 4871 coronat

162 4915 215 4959 te
241 4905 298 4959 in
340 4903 676 4958 miseratione
701 4911 749 4956 et
793 4902 1155 4956 misericordia
1197 4901 1413 4974 (Matth.
1462 4905 1580 4977 xx).
1637 4904 1754 4960 Non

161 4998 266 5063 ait,
290 4998 345 5052 in
375 4996 585 5052 meritis
624 5004 680 5051 et
723 4993 978 5066 operibus
1020 4994 1152 5060 tuis,
1206 4995 1333 5065 quia
1363 4995 1518 5064 cujus
1544 4996 1755 5052 miseri-

160 5090 349 5147 cordia
374 5087 754 5159 praavenimur,
802 5095 861 5142 ut
883 5086 995 5143 Deo
1017 5086 1337 5154 serviamus,
1381 5087 1500 5158 ejus
1527 5103 1754 5144 munere

161 5193 492 5240 coronemur
515 5221 532 5247 ,
580 5188 641 5235 ut
667 5179 970 5236 sublimiter
995 5195 1117 5235 cum
1146 5179 1238 5235 illo
1264 5195 1572 5250 regnemus.
1598 5180 1752 5248 Quod

160 5274 453 5332 debuimus
480 5273 683 5339 facere,
713 5271 959 5329 fecimus.
1003 5270 1084 5326 Re
1109 5286 1235 5326 vera
1267 5270 1588 5327 debuimus:
1623 5273 1750 5342 quia

157 5369 255 5440 qui
304 5381 412 5423 non
445 5367 597 5422 venit
629 5363 928 5421 ministrari
959 5363 1055 5419 sed
1095 5363 1429 5429 ministrare,
1481 5363 1752 5420 debitores

157 5461 266 5517 sibi
295 5473 397 5516 nos
424 5457 571 5523 fecit,
598 5472 707 5512 non
756 5455 958 5511 nostris
1000 5453 1252 5509 videlicet
1293 5453 1548 5525 operibus
1583 5453 1752 5510 conﬁ-

159 5556 386 5618 dentes,
448 5551 544 5607 sed
574 5550 642 5604 de
685 5545 801 5616 ejus
844 5560 1059 5616 semper
1084 5543 1332 5600 examine
1352 5556 1628 5613 paventes.
1673 5542 1752 5597 Ac

160 5648 286 5702 ideo
315 5645 496 5700 dicant
520 5649 776 5698 cantores
802 5657 814 5692 :
864 5636 1028 5708 Kyrie
1055 5637 1283 5702 eleison,
1327 5635 1549 5690 Domine
1582 5645 1748 5705 pater,

158 5737 426 5792 miserere.
459 5732 665 5788 Christe
687 5729 905 5805 eleison,
946 5729 1209 5793 miserere,
1253 5726 1342 5798 qui
1365 5742 1458 5780 nos
1487 5724 1751 5779 redemisti

156 5832 554 5901 sanguineum.
584 5819 652 5880 Ει
677 5821 908 5883 iterum:
940 5813 1105 5891 Kyrie
1132 5813 1352 5882 eleison,
1384 5813 1604 5881 Domine
1631 5810 1752 5894 Spi-
1809 5875 1816 5884 Ι

1857 4716 1914 4770 in
1943 4717 2152 4772 nomine
2175 4732 2312 4781 meo,
2346 4715 2401 4770 in
2454 4714 2624 4771 medio
2673 4731 2854 4770 eorum
2883 4731 2999 4771 sum
3025 4715 3240 4788 (Matth.
3265 4717 3446 4788 xvm).

1859 4805 2127 4862 Numerus
2168 4814 2598 4862 cereoslatarum
2624 4821 2732 4861 non
2762 4806 3059 4875 pertransit
3084 4808 3450 4876 septenarium

1857 4914 2185 4955 numerum:
2232 4898 2490 4968 quoniam
2521 4891 2824 4966 septiformi
2864 4894 3070 4965 Spiritu
3116 4895 3452 4950 illuminatur

1857 4991 2035 5046 omnis
2060 4988 2325 5051 Ecclesia,
2361 4988 2454 5057 qui
2481 4984 2814 5057 septiformis
2850 4985 3074 5056 spiritus
3102 4985 3452 5057 singulariter

1859 5082 1914 5135 in
1939 5080 2157 5136 Christo
2194 5079 2421 5136 habitat.
2460 5077 2727 5149 Episcopo
2775 5079 3103 5134 ascendente
3139 5077 3207 5134 ad
3235 5078 3442 5145 sedem,

1856 5178 2157 5225 cereostata
2188 5175 2467 5224 mutantur
2515 5168 2580 5224 de
2633 5167 2767 5224 locis
2815 5168 2929 5225 suis
2973 5168 3029 5223 in
3063 5168 3253 5223 ordine
3285 5168 3447 5224 unius

1855 5259 2033 5328 lineae,
2059 5267 2284 5332 excepto
2308 5260 2484 5331 primo
2507 5275 2681 5331 usque
2701 5259 2768 5315 ad
2791 5258 2984 5315 altare.
3011 5259 3116 5316 Per
3135 5268 3445 5318 cereoslata

1853 5353 2006 5409 varia
2055 5353 2196 5408 dona
2255 5353 2554 5423 gratiarum
2603 5349 2837 5420 Spiritus
2889 5351 3063 5406 sancti
3116 5349 3440 5420 ﬁgurantur,

1850 5459 1948 5515 per
1984 5460 2104 5514 qua:
2136 5444 2469 5500 illuminatur
2523 5442 2786 5498 Ecclesia.
2844 5440 2904 5496 In
2939 5441 3095 5498 donis
3126 5442 3442 5500 memoratis

1853 5537 1960 5592 duo
1985 5537 2241 5592 debemus
2279 5534 2592 5598 memorari,
2647 5532 2700 5587 id
2751 5541 2836 5589 est
2870 5532 3164 5588 multifaria
3194 5534 3352 5600 dona,
3383 5540 3440 5590 et

1849 5627 2111 5682 unitatem
2142 5625 2383 5695 spiritus.
2446 5624 2549 5678 Per
2599 5631 2903 5679 cereoslata
2961 5623 3283 5680 altrinsecus
3340 5638 3438 5694 po-

1847 5717 1951 5773 sita
1978 5730 2149 5786 usque
2178 5731 2321 5770 nunc
2348 5713 2636 5769 distributa
2657 5712 2797 5767 dona
2825 5728 2923 5784 per
2950 5714 3110 5770 corda
3137 5713 3434 5770 electorum

1847 5810 2149 5893 signantur.
2183 5806 2286 5864 Per
2331 5805 2797 5884 compositionem.
2826 5805 2989 5871 unius
3023 5805 3201 5887 lineae,
3253 5805 3438 5874 unitas
