3978 6506
231 434 380 498 1117

975 439 1066 497 DE
1101 436 1656 498 ECCLESlASTlCIS
1695 435 1985 497 OFFICIIS
2016 436 2197 497 LIBRI
2230 438 2322 498 Π.
2358 470 2430 482 -
2464 439 2595 497 LIB.
2636 439 2723 496 III.

3348 430 3485 499 itis

222 568 423 626 corpus
451 550 567 623 ejus
594 552 737 623 quod
761 560 1036 610 terrenum
1066 564 1180 620 est,
1215 554 1281 610 ad
1312 570 1509 625 corpus
1538 540 1807 609 excellen-
1832 557 1885 621 Α
1909 569 2105 610 nomen
2135 555 2315 611 habet.
2374 553 2685 612 Lectiouem
2723 569 2843 627 quae
2892 554 3094 627 legitur
3128 565 3253 628 post
3291 559 3486 615 sessio-

222 647 361 713 tius,
388 645 445 702 id
475 653 576 713 est,
606 647 674 701 ad
699 662 892 717 corpus
921 648 1140 705 cceleste
1155 656 1530 729 convertatur.
1561 647 1688 703 ldeo
1717 645 1802 701 di-

229 739 369 796 citur
396 738 620 794 Deusin
652 738 804 794 cmlis
856 740 1119 807 habitare,
1174 740 1299 811 quia
1345 737 1519 808 major
1566 737 1804 808 cognitio

221 838 308 886 cst
332 830 387 885 in
416 829 571 886 cretis
601 828 742 884 illius
769 844 993 885 summa:
1044 829 1344 898 maiestatis
1371 839 1425 884 et
1472 830 1721 885 essentia:
1748 828 1823 909 in_

222 922 434 994 angelis
460 921 546 978 vel
590 923 647 978 in
679 920 961 977 animabus
989 931 1329 988 sanctOrum,
1362 934 1523 991 quam
1575 922 1629 976 in
1658 929 1803 975 terra

218 1009 593 1068 habitantibus
622 1012 827 1068 sanctis
876 1014 1101 1082 propter
1160 1012 1513 1084 gravedinem
1570 1008 1805 1068 carnalis

218 1103 595 1170 habitationis,
646 1119 766 1174 quae
810 1103 901 1158 vix
934 1103 1201 1174 permittit
1231 1103 1469 1160 animam
1515 1100 1583 1181 ad
1608 1117 1805 1175 purum

220 1194 472 1254 tet-italis
498 1193 682 1252 lumen
694 1193 982 1267 advolare.

849 1272 1075 1343 CAPUT
1108 1284 1182 1341 Χ.

704 1375 783 1431 De
810 1380 1037 1432 sessione
1064 1377 1308 1448 episcopi.

292 1462 495 1523 Deinde
521 1466 771 1524 Christus
808 1470 1050 1525 ascendit
1082 1470 1137 1523 in
1182 1469 1400 1534 costum,
1436 1474 1498 1523 ut
1523 1468 1708 1525 sedeat
1736 1469 1805 1525 ad

210 1557 496 1613 dexteram
521 1558 721 1615 Patris.
744 1560 1049 1630 Episcopus
1075 1560 1204 1630 quia
1227 1559 1467 1615 vicarius
1486 1569 1573 1615 est
1600 1560 1804 1615 Christi

208 1648 274 1703 in
294 1650 547 1706 omnibus
574 1652 891 1707 memoratis
921 1652 1190 1721 superius,
1218 1653 1378 1709 debet
1403 1662 1459 1707 et
1480 1651 1571 1708 hic
1597 1652 1664 1708 ad
1686 1668 1803 1709 me-

210 1741 449 1796 moriam
498 1743 659 1798 nobis
708 1744 1079 1799 inthronizare
1111 1743 1317 1799 Christi
1345 1744 1720 1800 asCensioncm
1748 1751 1805 1798 et

206 1833 422 1888 sedem.
452 1833 791 1906 Quapropter
836 1837 1081 1892 ascendit
1112 1836 1167 1891 in
1196 1836 1378 1893 sedem
1399 1847 1524 1909 post
1572 1851 1709 1906 opus
1750 1845 1805 1893 et

202 1923 460 2007 laborem
525 1927 812 1983 ministerii
870 1929 1165 1985 commissi.
1234 1928 1481 1984 Christus
1538 1926 1876 1998 dispositoB
1903 1926 2146 1981 dicentes
2195 1944 2210 1979 :

202 2029 383 2071 curru
412 2031 510 2072 suo
542 2033 642 2088 per
666 2019 1040 2074 convenientia
1078 2018 1219 2085 loca,
1248 2016 1303 2073 id
1328 2027 1434 2085 est,
1458 2018 1803 2090 presbyteros

206 2106 273 2164 in
296 2123 396 2163 suo
432 2108 659 2165 ordine:
697 2111 1057 2167 subdiaconos
1084 2112 1139 2166 in
1166 2126 1284 2177 suo,
1319 2119 1655 2181 eteterosque
1684 2128 1805 2183 gra-

1906 664 2055 717 nem,
2109 649 2355 719 sequitur
2406 658 2619 716 cantus,
2676 650 2765 719 qui
2822 658 3049 706 vocatur
3083 652 3479 723 responsorius.

1906 732 2329 811 Responsorium
2378 748 2440 795 ut
2491 741 2633 796 idem
2684 741 2775 810 qui
2827 755 3028 811 supra,
3087 738 3209 797 Itali
3245 740 3485 800 tradide-

1906 842 2053 888 runt.
2131 835 2278 902 Quos
2344 834 2469 889 inde
2537 836 2910 905 responsorios
2979 843 3171 892 cantus
3245 846 3479 903 vocant,

1905 923 2049 992 quod
2101 924 2207 978 alio
2259 922 2577 991 desinente,
2642 924 2698 981 id
2752 926 2890 981 alter
2936 929 3279 998 respondeat.
3340 928 3483 984 Usus

1904 1002 2153 1070 lectionis
2205 1023 2261 1070 et
2321 1024 2566 1071 cantus:
2623 1025 2867 1089 sumptus
2923 1027 3007 1073 est
3065 1030 3096 1073 e
3152 1008 3336 1074 Veteri
3384 1016 3487 1075 Te-

1903 1110 2193 1172 stamento,
2248 1114 2313 1161 ut
2362 1105 2562 1179 legitur
2612 1108 2668 1162 in
2724 1106 2863 1162 libro
2908 1109 3133 1176 Esdrre,
3196 1109 3341 1179 quod
3388 1125 3487 1180 po-

1902 1198 2138 1252 nendum
2164 1205 2248 1254 est
2290 1198 2345 1254 in
2387 1200 2692 1255 nocturnaii
2718 1198 2919 1267 ‘omcio,
2950 1201 2995 1256 si
3024 1200 3286 1257 Dominus
3314 1201 3481 1257 dedc-

1901 1286 1976 1342 rit
2003 1285 2089 1359 (ll
2129 1287 2293 1342 Esdr.
2334 1288 2477 1362 vm).
2507 1288 2806 1346 Possumus
2832 1292 2997 1346 etiam
3024 1288 3200 1347 oﬂicio
3242 1291 3484 1346 cantoris

1904 1377 2138 1434 ollicium
2157 1380 2437 1450 prephetze
2460 1379 2780 1450 intelligere.
2803 1380 2988 1437 Lectio
3010 1379 3148 1453 legis
3172 1389 3226 1436 et
3245 1380 3478 1450 prophe—

1904 1477 2084 1525 tarum
2146 1469 2601 1541 frequentabatur
2656 1482 2687 1527 a
2754 1471 2951 1542 populo
3020 1473 3262 1543 antiquo.
3326 1472 3483 1529 Unde

1904 1562 2165 1632 scriptum
2195 1569 2277 1616 est
2325 1561 2378 1616 in
2425 1562 2652 1617 Actibus
2697 1563 3116 1634 apostolorum:
3160 1561 3231 1617 Et
3259 1562 3483 1633 ingressi

1904 1668 2225 1723 synagogam
2249 1653 2333 1706 die
2361 1652 2719 1717 sabbatorum,
2747 1652 3014 1707 sederunt.
3037 1652 3171 1709 Post
3193 1653 3482 1708 lectionem

1904 1752 2087 1798 autem
2144 1744 2281 1815 legis
2332 1753 2386 1799 et
2446 1738 2838 1815 prophetarum
2889 1746 3158 1800 miserunt
3206 1744 3482 1816 principes

1902 1832 2207 1906 Synagogie
2238 1833 2305 1888 ad
2332 1840 2449 1901 eos,
2473 1834 2529 1889 id
2564 1843 2668 1901 est,
2695 1834 2763 1889 ad
2789 1833 3017 1891 Paulum
3057 1844 3113 1891 et
3146 1833 3477 1901 Barnabam,

2262 1922 2376 1980 Viri
2418 1925 2634 1994 fratres,
2688 1927 2736 1980 si
2763 1927 2880 1998 quis
2928 1935 3005 1980 est
3047 1926 3104 1979 in
3128 1926 3276 1980 vobis
3310 1938 3481 1982 scruta

1903 2018 2281 2073 exhortationis
2354 2018 2423 2072 ad
2479 2016 2675 2088 plebem
2708 2059 2724 2085 ,
2783 2018 2960 2071 dicite.
3016 2014 3254 2088 Surgens
3298 2026 3478 2072 autem

1903 2105 2132 2174 Paulus,
2170 2116 2220 2162 et
2247 2125 2410 2162 manu
2455 2108 2722 2162 silentium
2752 2107 3012 2174 indicens,
3058 2111 3155 2174 ait,
3198 2111 3305 2164 etc.
3334 2107 3477 2179 (Act.

202 2199 316 2254 dus
346 2200 401 2255 iu
440 2201 574 2267 suis,
606 2217 818 2257 necnon
847 2210 902 2258 et
929 2202 1229 2270 auditores,
1262 2216 1704 2273 imumquemque
1748 2201 1803 2257 in
1899 2199 2047 2271 xm.)
2100 2198 2351 2268 Quandiu
2388 2201 2510 2255 haec
2553 2198 2659 2255 duo
2686 2197 3057 2265 celebrantur,
3082 2199 3141 2254 id
3166 2203 3275 2265 est,
3318 2196 3480 2253 lectio

204 2300 311 2347 suo
339 2291 582 2348 ascendit
609 2290 677 2347 ad
708 2294 911 2369 sedem,
943 2303 999 2350 et
1020 2296 1192 2351 sedet.
1224 2293 1571 2350 Sedentcum
1595 2308 1662 2349 eo
1684 2294 1803 2365 qui-
1898 2303 1957 2347 et
2008 2292 2314 2362 prophetia,
2360 2291 2597 2348 solemus
2653 2292 2843 2369 sedere
2898 2302 3051 2347 more
3103 2291 3474 2361 antiquorum.

204 2380 315 2438 bus
339 2384 586 2461 promisit
617 2384 781 2441 :Cum
802 2387 992 2441 sederit
1016 2385 1191 2440 Filias
1219 2384 1446 2441 hominis
1467 2388 1523 2440 in
1552 2386 1673 2440 sede
1691 2403 1803 2439 ma-
1902 2383 2056 2439 Unde
2097 2380 2419 2439 Ambrosius
2462 2384 2517 2438 in
2561 2388 2796 2439 tractatu
2844 2383 2914 2437 ad
2954 2381 3268 2438 Corinthios
3309 2380 3479 2436 :llaac

200 2473 416 2545 jestatis
458 2492 569 2531 sua:
588 2518 602 2542 ,
656 2472 898 2532 sedébitis
938 2487 985 2532 et
1025 2494 1113 2532 vos
1142 2495 1298 2546 super
1330 2478 1476 2532 sedes
1502 2476 1798 2539 duodecim,
1898 2472 2123 2529 traditio
2153 2472 2449 2545 Synagog‘m
2474 2482 2583 2539 est,
2614 2488 2778 2543 quam
2813 2487 2914 2529 nos
2940 2472 3056 2527 vult
3097 2472 3296 2527 sectari
3325 2471 3476 2539 Apo-

199 2562 508 2635 judicantes
560 2564 838 2621 duodecim
890 2569 1057 2622 tribus
1113 2566 1286 2622 Israel
1338 2562 1553 2639 (Matth.
1587 2567 1667 2636 χ).
1726 2565 1802 2620 De
1894 2565 2094 2632 stolus,
2127 2565 2253 2635 quia
2278 2564 2610 2621 Christianis
2636 2560 2855 2636 quidem
2883 2564 3097 2630 scribit,
3117 2564 3216 2619 sed
3246 2576 3314 2618 ex
3342 2576 3474 2632 gen-

202 2656 410 2727 quibus
435 2657 567 2715 dicit
598 2658 793 2715 Paulus
837 2659 1113 2730 apostolus
1152 2661 1219 2715 ad
1244 2659 1511 2730 Ephesios
1541 2677 1554 2712 :
1585 2658 1655 2712 Et
1677 2666 1803 2712 co‘n-
1897 2657 2044 2714 tibus
2088 2657 2269 2724 lactis,
2314 2673 2428 2713 non
2466 2670 2540 2714 ex
2587 2654 2786 2714 Judazis
2829 2666 2889 2713 ut
2927 2657 3176 2713 sedentes
3202 2656 3479 2726 disputent

202 2750 540 2807 "suscitavit
560 2761 609 2831 et
632 2754 913 2807 consedere
936 2752 1060 2822 fecit
1082 2754 1137 2807 in
1178 2752 1468 2807 calestibus
1494 2753 1552 2807 in
1578 2750 1799 2807 Christo
1897 2751 2142 2807 seniores
2169 2749 2427 2822 dignitate
2452 2750 2509 2805 in
2535 2750 2841 2816 cathedris;
2866 2757 3178 2820 sequentes,
3200 2748 3256 2803 in
3268 2738 3479 2803 "subsel-

204 2840 340 2897 Iesu
371 2841 529 2915 (Eph.
560 2845 646 2914 ιι).
694 2844 773 2899 De
803 2844 891 2899 his
920 2845 1013 2914 qui
1044 2845 1407 2900 ascenderunt
1434 2859 1621 2900 secum
1648 2860 1664 2900 :
1695 2844 1796 2899 ali-
1894 2844 2017 2912 liis;
2052 2844 2332 2900 novissimi
2364 2845 2423 2899 in
2462 2846 2775 2915 pavimento
2810 2857 2976 2913 super
2999 2849 3225 2898 mattas.
3264 2840 3338 2895 Et
3378 2840 3479 2895 ιιε-

206 2933 303 3003 qui
327 2920 534 2999 sedem,
566 2940 621 2990 et
650 2934 818 3005 sitqui
849 2942 1016 2990 stant.
1051 2936 1159 2991 Per
1182 2950 1281 2992 eos
1309 2937 1401 3006 qui
1432 2937 1653 3003 sedent,
1700 2936 1798 2991 de—
1890 2951 2020 2992 rum
2068 2954 2081 2991 :
2132 2932 2240 2990 Per
2284 2936 2505 2990 lectoris
2554 2933 2789 2990 ollicium
2817 2942 2872 2989 et
2904 2934 3144 2989 cantoris
3187 2944 3477 3004 possumus

178 3026 547 3079 'm'oustratur
589 3028 833 3080 membra
883 3025 1086 3082 Christi
1131 3027 1187 3081 in
1232 3038 1370 3097 pace
1416 3026 1792 3097 quiescentia:
1895 3024 2198 3098 intelligere
2228 3024 2697 3096 patremfamilias,
2742 3027 2834 3097 qui
2876 3026 3081 3097 profert
3123 3025 3189 3080 de
3228 3024 3476 3079 thesauro

203 3128 308 3187 per
353 3132 448 3173 eos
498 3119 590 3189 qui
640 3125 810 3185 stant,
840 3110 905 3174 in
958 3120 1257 3176 certamine
1290 3120 1487 3190 posita.
1537 3119 1716 3190 Caput
1740 3126 1798 3175 et
1895 3137 1992 3175 suo
2038 3137 2171 3175 nova
2202 3130 2251 3175 et
2294 3130 2491 3175 vetera.
2524 3116 2679 3175 Unde
2724 3118 3018 3190 Gregorius
3046 3118 3101 3172 in
3151 3117 3266 3173 suis
3294 3115 3472 3171 homi-

198 3208 454 3263 membra
485 3222 649 3264 unum
680 3225 917 3281 corpus:
950 3212 1219 3282 quomodo
1244 3211 1491 3268 Christus
1521 3206 1795 3282 in‘aliqui-
1890 3211 1985 3269 liis
2015 3256 2029 3269 .
2057 3211 2118 3268 In
2148 3228 2215 3269 eo
2244 3213 2387 3283 quod
2412 3208 2631 3269 Veritas
2670 3210 2801 3266 dicit
2830 3224 2845 3265 :
2878 3208 3065 3265 Omnis
3088 3207 3262 3264 scriba
3285 3208 3468 3262 doctus

203 3297 310 3354 bus
342 3300 514 3366 sedet,
555 3301 607 3355 in
635 3301 903 3370 aliquibus
939 3312 1050 3358 stat
1105 3304 1186 3376 (ut
1211 3304 1358 3359 illum
1385 3302 1522 3359 vidit
1559 3302 1794 3373 Stepha-
1818 3282 1866 3347 (ἶ
1898 3304 1953 3359 in
1979 3320 2138 3375 regno
2190 3282 2460 3369 calorum,
2510 3298 2699 3357 similis
2722 3308 2804 3357 est
2837 3300 3216 3372 patrifamilias
3247 3297 3472 3371 (Matth.

155 3425 168 3435 ο
200 3404 313 3447 nus
344 3391 400 3447 in
428 3393 722 3448 sartaminc
748 3396 956 3462 positus
978 3395 1116 3467 (Act.
1142 3397 1263 3465 vn),
1292 3397 1460 3467 aliqui
1505 3396 1797 3454 ascenden-
1897 3395 2042 3469 xm),
2068 3395 2295 3466 intelligi
2328 3394 2476 3450 valet
2498 3395 2626 3464 quia
2648 3408 2761 3449 non
2792 3391 2967 3448 dehis
2990 3393 3085 3463 qui
3112 3392 3349 3455 fuerant,
3377 3390 3474 3445 sed

194 3483 344 3538 'tium
370 3485 579 3551 sedent,
605 3485 769 3555 aliqui
801 3495 969 3540 stant.
998 3488 1259 3543 Dominus
1289 3490 1342 3542 in
1374 3489 1487 3543 alto
1532 3488 1793 3544 coelomm
1896 3488 1966 3544 de
2002 3488 2089 3543 his
2116 3487 2210 3557 qui
2254 3500 2377 3543 esse
2418 3488 2476 3541 in
2500 3478 2742 3542 Ecclesia
2774 3493 3044 3557 poterant,
3087 3483 3468 3555 loquebantur.

205 3575 405 3629 sedens
442 3576 679 3630 custodit
702 3582 1134 3644 currum‘suum,
1178 3578 1233 3633 id
1261 3586 1363 3641 est,
1398 3579 1695 3644 civitatem,
1727 3580 1795 3635 de
1872 3578 1998 3645 'Qui
2048 3587 2179 3633 tunc
2228 3592 2368 3632 nova
2398 3585 2456 3632 et
2496 3584 2679 3633 vetera
2706 3575 2996 3647 proferunt
3018 3584 3142 3631 cum
3192 3574 3476 3644 utriusque

206 3672 317 3735 qua
345 3666 476 3721 dicit
510 3665 792 3721 Psalmista
821 3685 833 3721 :
864 3666 986 3721 Nisi
1030 3667 1285 3723 Dominus
1317 3668 1621 3723 custodierit
1668 3669 1796 3724 civi-

206 3763 407 3816 tatem:
435 3762 633 3833 frustra
658 3762 838 3834 vigiiat
864 3765 954 3835 qui
977 3764 1204 3818 custodit
1238 3780 1353 3818 eam
1383 3763 1556 3837 (Psal.
1584 3764 1788 3837 cxx“).

206 3843 429 3919 Paulus,
461 3855 589 3924 quia
615 3856 736 3911 vice
758 3854 961 3911 Christi
994 3850 1340 3927 fungebatur,
1368 3856 1581 3911 dicente
1604 3854 1789 3927 Augu-

210 3945 358 4000 stino
382 3944 437 4000 in
466 3946 658 4017 psalm.
690 3954 877 4013 exim,
918 3942 1132 4001 dicebat
1164 3965 1177 4001 :
1204 3944 1388 4001 Timeo
1412 3956 1474 4001 ne
1500 3947 1635 4018 forte
1656 3948 1793 4002 sicut

211 4048 421 4107 serpens
446 4034 611 4092 Evam
652 4038 859 4093 seduxit
888 4036 1085 4117 astutia
1110 4032 1229 4104 sua,
1267 4039 1343 4093 sic
1373 4048 1419 4093 et
1437 4049 1621 4093 restrrr
1641 4042 1791 4093 m-

214 4137 291 4184 tes
313 4135 721 4200 corrumpantur
770 4149 803 4185 a
849 4126 1123 4195 castitate,
1156 4148 1274 4203 qua:
1301 4141 1377 4185 est
1404 4131 1461 4184 in
1507 4130 1713 4185 Christo
1738 4130 1792 4203 (1

213 4221 339 4277 Cor.
381 4221 484 4294 si).
530 4221 899 4288 Custodiebat,
936 4232 1122 4279 custos
1153 4232 1291 4290 erat,
1338 4223 1793 4295 vigitahatquan-

178 4310 328 4370 'tum
356 4322 568 4385 poterat
600 4329 762 4384 super
795 4324 890 4371 eos
934 4315 1132 4386 quibus
1152 4317 1389 4386 praeerat
1420 4333 1433 4368 :
1474 4323 1529 4369 et
1556 4315 1793 4385 episcopi

208 4406 319 4463 hoc
346 4400 569 4462 faciunt.
596 4400 733 4461 Nam
762 4407 883 4463 ideo
909 4403 1068 4463 altiOr
1094 4406 1245 4463 locus
1271 4407 1478 4478 positus
1499 4415 1580 4463 est
1600 4408 1655 4461 in
1680 4408 1794 4478 epi-

212 4498 411 4569 scopis,
445 4506 505 4552 ut
554 4499 653 4569 ipsi
684 4499 967 4556 intendant
1002 4509 1056 4557 et
1082 4508 1339 4571 tanquam
1364 4500 1673 4556 custodiant
1698 4516 1795 4572 po-

211 4590 417 4662 pulum.
440 4580 581 4645 Nam
626 4598 681 4646 et
711 4591 899 4647 Graece
928 4592 1072 4664 quod
1102 4594 1301 4647 dicitur
1348 4593 1649 4663 episcopus,
1686 4590 1794 4651 hoc

210 4681 404 4739 Latine
441 4684 845 4754 superintentor
884 4685 1308 4756 interpretatur,
1362 4684 1488 4755 quia
1544 4684 1791 4755 superin-

214 4774 423 4839 teudat,
453 4774 580 4844 quia
612 4775 844 4844 desuper
863 4774 1029 4830 videt.
1072 4770 1352 4842 Quomodo
1399 4778 1545 4831 enim
1571 4776 1793 4830 vinitori

213 4865 375 4923 altior
408 4865 466 4919 lit
494 4877 641 4920 locus
670 4860 733 4918 ad
763 4865 1171 4919 custodiendam
1198 4867 1413 4919 vineam
1446 4884 1459 4919 :
1492 4866 1574 4921 sic
1601 4853 1657 4921 et
1680 4867 1794 4936 epi-

212 4958 393 5028 scopis
420 4957 580 5012 altior
623 4955 776 5011 locus
809 4954 982 5010 lactus
1026 4962 1128 5010 est.
1173 4955 1239 5009 Et
1267 4956 1332 5011 de
1383 4958 1486 5010 isto
1513 4954 1634 5011 loco
1681 4957 1791 5012 alto

211 5048 514 5124 periculosa
545 5048 682 5102 ratio
708 5047 970 5114 redditur,
1000 5046 1107 5101 nisi
1134 5060 1198 5102 eo
1223 5046 1385 5102 corde
1427 5055 1631 5102 stemus
1676 5048 1786 5115 hic,

211 5150 275 5196 ut
300 5139 603 5196 humilitate
628 5141 726 5196 sub
749 5138 975 5210 pedibus
1000 5139 1196 5194 vestris
1222 5139 1412 5205 simus,
1440 5146 1495 5193 et
1517 5154 1616 5209 pro
1643 5138 1798 5194 vobis

213 5245 453 5289 oremus.
588 5220 593 5223 ⁷

821 5308 1051 5377 CAPUT
1086 5312 1183 5375 Χῖ.

566 5412 646 5468 De
677 5406 854 5483 ofﬁcio
885 5411 1091 5466 lectoris
1118 5422 1164 5467 et
1194 5421 1442 5468 cantoris.

284 5507 486 5565 Lector
512 5504 731 5571 dicitur,
774 5503 899 5573 quia
916 5500 1153 5558 lectione
1181 5502 1441 5573 fungitur,
1470 5511 1529 5559 ut
1552 5500 1792 5563 lsidorus

217 5601 317 5656 ait.
334 5598 528 5656 Lectio
553 5590 768 5661 dicitur,
790 5594 914 5664 quia
944 5609 1050 5649 non
1077 5602 1328 5649 cantatur
1360 5606 1417 5651 ut
1443 5598 1682 5667 psalmus
1705 5601 1792 5655 vel

216 5690 473 5761 hymnus,
509 5688 603 5744 sed
636 5685 838 5759 legitur
862 5691 1092 5738 tantum.
1143 5684 1256 5740 lllic
1302 5689 1444 5741 enim
1475 5690 1791 5757 modulatio,

217 5780 312 5836 hic
337 5779 448 5835 sola
474 5776 843 5850 pronuntiatio
868 5774 1148 5844 qumritur.
1190 5774 1394 5832 Cantor
1414 5779 1578 5833 multa
1614 5779 1790 5837 officia

208 5864 405 5935 habet.
434 5866 870 5947 Unumquodque
904 5864 1149 5927 ofﬁcium
1197 5869 1393 5947 exitio
1427 5872 1583 5945 quod
1603 5870 1789 5945 allidit,

1896 3668 2232 3728 ll‘estamenti
2260 3672 2682 3744 praedicam'enta
2727 3670 2952 3727 vocibus
3002 3677 3056 3726 et
3107 3669 3352 3725 moribus
3394 3665 3477 3722 lo-

1894 3763 2167 3835 quuntur.’
2218 3760 2327 3820 Per
2383 3763 2695 3828 lectionem,
2755 3757 3195 3835 pratdie‘ationem
3256 3755 3476 3815 Veteris

1890 3856 2232 3913 Testamenti
2254 3870 2379 3928 qua:
2402 3854 2664 3913 humilibr
2684 3860 2789 3924 est,
2810 3862 3106 3927 possumus
3135 3852 3470 3924 intelligere;

1889 3962 1993 4019 per
2017 3949 2421 4021 responsorium
2432 3992 2446 4016 ,
2462 3948 2600 4006 Novi
2626 3936 2981 4016 Testambuti,
2994 3946 3115 4020 qua:
3124 3930 3477 4002 excellentior

1893 4047 1996 4097 est.
2052 4028 2181 4097 time
2221 4036 2327 4097 duo
2352 4042 2774 4113 praedicamen‘ta
2815 4054 2913 4112 per
2947 4036 3170 4096 Joannis
3208 4038 3378 4094 vitam
3417 4042 3476 4093 et

1890 4126 2097 4186 Christi
2130 4133 2507 4200 designantur.
2556 4126 2716 4199 Nam,
2743 4132 2885 4202 qu’od
2926 4132 3006 4186 ait
3029 4129 3205 4186 Lucas
3243 4141 3476 4199 evange-

1888 4222 2038 4289 lista,
2073 4221 2520 4289 Lamentarimus,
2564 4234 2616 4279 et
2640 4240 2742 4279 non
2778 4222 3026 4294 plorant:
3056 4219 3215 4294 ’(Luc.
3247 4218 3370 4290 vn),
3404 4217 3473 4273 ad

1893 4315 2157 4371 Joannem
2187 4318 2444 4386 pertinet,
2476 4317 2631 4389 cujus
2661 4312 2989 4371 abstinentia
3028 4326 3059 4368 a
3089 4311 3226 4368 cibis
3250 4318 3309 4367 et
3339 4312 3472 4381 potu

1888 4406 2098 4462 luctum
2140 4407 2474 4476 ptenitentim
2525 4404 2883 4479 significabat.
2942 4402 3097 4472 Quod
3144 4411 3325 4458 autem
3371 4402 3469 4467 ait,

1888 4496 2237 4554 Cantavimus
2255 4498 2419 4565 tibiis,
2436 4509 2484 4554 et
2503 4515 2606 4554 non
2616 4498 2871 4564 saltastis,
2888 4497 2954 4552 ad
2970 4497 3144 4565 ipsum
3158 4492 3471 4561 Dominum,

1902 4593 1996 4662 qui
2023 4594 2224 4649 utendo
2246 4608 2367 4648 cum
2398 4592 2612 4648 caeteris
2634 4591 2762 4647 cibo
2790 4598 2844 4647 et
2866 4599 3022 4662 potu.
3052 4589 3294 4645 laetitiam
3320 4586 3475 4659 regni

1888 4684 2294 4758 praefigura‘bat.
2350 4682 2417 4739 At
2453 4682 2622 4740 Judaei
2653 4696 2757 4739 nec
2786 4681 3064 4738 humiiiari
3098 4697 3219 4737 cum
3244 4678 3471 4744 Joanne,

1893 4794 1997 4834 nec
2043 4794 2164 4834 cum
2212 4777 2429 4834 Christo
2459 4776 2695 4850 gaudere
2722 4776 3028 4833 voluerunt.
3062 4776 3220 4831 Sicut
3253 4776 3473 4830 suavius

1892 4878 1978 4925 est
2008 4868 2220 4924 Novum
2249 4860 2659 4925 Testamentum
2707 4869 2910 4930 Veteri.
2946 4867 3020 4921 ita
3044 4866 3208 4937 vulgo
3255 4865 3472 4920 suavior

1902 4970 2095 5016 cantus
2140 4960 2390 5015 lectione.
2446 4957 2756 5013 Praiseutes
2807 4955 3041 5012 lectores
3089 4964 3146 5011 et
3202 4964 3469 5020 cantores,

1895 5057 2097 5127 quibus
2123 5065 2209 5110 est
2230 5068 2474 5124 surgere,
2499 5053 2639 5108 sicut
2668 5051 2735 5108 de
2758 5050 2927 5106 Paulo
2950 5049 3176 5122 legimus
3194 5049 3468 5119 superius,

1892 5146 2105 5217 negetia
2130 5142 2341 5199 Domini
2367 5142 2587 5209 habent,
2633 5140 2828 5214 quibus
2857 5142 3074 5209 dicitur,
3108 5138 3469 5211 Negotiamini

1858 5232 1869 5237 “
1898 5237 2025 5291 dum
2064 5236 2213 5290 venio
2245 5232 2395 5306 (Luc.
2446 5232 2589 5307 tux).
2620 5233 2819 5289 Lector
2860 5230 3034 5303 legem
3062 5230 3281 5287 Domini
3310 5229 3471 5286 debet

1895 5328 2111 5382 tradere
2160 5324 2516 5390 auditoribus,
2568 5323 2723 5393 quasi
2754 5322 3140 5394 incipientibus
3189 5322 3244 5377 in
3285 5314 3473 5377 schola

1893 5418 2109 5475 Domini
2140 5410 2405 5475 exerceri.
2432 5410 2616 5487 Nuper
2643 5415 2823 5470 vocati
2853 5420 2982 5471 sunt
3010 5422 3107 5487 per
3131 5412 3305 5469 ollic‘ia
3339 5416 3471 5468 can-

1896 5516 2074 5564 torum
2104 5510 2167 5562 ad
2194 5507 2429 5579 nuptias.
2465 5504 2738 5560 Neoterici
2765 5511 2914 5572 sunt,
2940 5505 3161 5560 audiant
3192 5505 3469 5560 duetorem

1894 5615 2118 5657 necesse
2165 5609 2266 5656 est.
2300 5599 2500 5654 Doctor
2528 5606 2584 5653 et
2608 5597 2782 5653 lector
2805 5612 2974 5653 unum
3015 5606 3158 5653 sunt.
3194 5597 3270 5653 De
3300 5596 3471 5652 Esdra

1894 5694 2038 5748 enim
2078 5692 2339 5760 scriptum
2386 5697 2470 5744 est
2494 5689 2637 5759 quod
2663 5688 2779 5759 ipse
2808 5686 2980 5760 legem
3013 5687 3224 5743 Domini
3264 5686 3468 5743 faceret

1895 5790 1949 5837 et
1972 5778 2189 5837 doceret
2220 5781 2275 5833 in
2306 5778 2488 5834 lsrael.
2520 5776 2781 5835 Eumdem
2804 5777 3027 5834 Esdram
3058 5778 3196 5835 idem
3223 5776 3361 5835 liber
3380 5779 3471 5833 in-

1888 5870 2040 5932 ‘ducit
2058 5864 2536 5946 postea'legentem
2548 5870 2613 5929 in
2632 5868 2803 5946 gradu
2822 5866 3021 5949 ligneo.
3052 5866 3468 5933 Detestor-thus
