3978 6506
538 398 682 456 1119

1568 390 1902 449 AMALARII
1937 387 2374 446 PRESBYTEBI
2411 385 2758 444 METENSIS

539 511 673 568 dicit
693 508 1014 566 Ambrosius
1043 510 1098 566 in
1133 508 1373 580 Epistola
1405 509 1472 564 ad
1497 507 1810 564 Corinthios
1842 525 1857 561 :
1887 507 2008 561 Illos
2033 505 2115 560 di-
2141 506 2191 568 Α
2217 506 2397 562 dicens
2429 523 2442 562 :
2474 505 2604 572 Quis
2633 515 2811 559 autem
2831 513 3058 559 vestrum
3084 504 3276 559 habens
3298 521 3539 560 servum
3565 517 3827 576 arentem,

539 604 618 662 cit
641 606 916 669 doctores,
957 603 1152 673 inquit,
1185 602 1404 667 Paulus,
1435 601 1530 671 qui
1558 602 1612 656 in
1649 599 1891 656 Ecclesia
1921 597 2115 651 litteris

538 708 596 758 et
616 700 940 756 lectionibus
961 698 1259 754 retinendis
1280 711 1478 768 pueros
1500 696 1813 751 imbuebant
1837 707 1990 748 more
2018 690 2117 762 Sy-

540 806 788 862 nanogae,
811 792 937 862 quia
963 790 1180 846 traditio
1201 789 1414 845 illorum
1439 789 1506 844 ad
1526 803 1626 844 nos
1650 787 1936 842 transitum
1967 784 2112 840 fecit.

538 884 741 942 lterum
768 885 903 939 mihi
939 884 1152 940 videtur
1175 897 1297 938 esse
1325 882 1467 936 inter
1494 881 1782 936 lectionem
1809 887 1864 934 et
1888 892 2116 947 respon-
2161 891 2163 893 ‘

541 975 766 1038 sorium,
796 973 942 1044 quod
963 980 1047 1028 est
1075 973 1219 1027 inter
1245 971 1516 1026 elementa
1545 978 1600 1026 et
1623 978 1768 1024 artes
1805 969 1970 1038 ipsas.
2005 967 2114 1022 Ars

543 1080 761 1136 quoque
811 1065 1018 1119 musica
1067 1063 1231 1118 habet
1259 1061 1523 1118 elementa
1571 1065 1775 1128 sua,'et
1820 1058 2117 1131 geometria

545 1157 615 1214 ab
661 1156 945 1212 elementis
997 1155 1190 1224 incipit
1234 1153 1522 1219 linearum,
1562 1159 1617 1206 et
1651 1150 1932 1206 dialectica
1955 1157 2118 1218 atque

542 1249 810 1305 medicina
849 1249 1053 1302 habent
1081 1247 1329 1317 isagogas
1377 1260 1524 1300 suas.
1565 1242 1658 1298 Sic
1701 1240 1987 1298 elementis
2014 1240 2118 1297 Ve—

543 1343 675 1400 teris
706 1339 1059 1404 Testamenti,
1107 1347 1166 1392 ut
1219 1338 1286 1392 ad
1321 1333 1686 1406 evangelicam
1727 1330 2118 1403 plenitudinem

503 1482 516 1490 .
540 1433 750 1497 veniat,
777 1430 954 1487 sancti
982 1429 1083 1484 viri
1123 1427 1370 1484 eruditur
1414 1425 1662 1480 infantia.
1704 1424 1986 1480 Elementa
2031 1423 2119 1478 lex

540 1523 740 1596 Moysis
777 1530 832 1578 et
859 1535 1021 1578 omne
1049 1514 1220 1576 Vetus
1255 1519 1678 1574 lnstrumentum
1708 1515 2116 1586 intelligendum

539 1627 644 1686 est,
690 1617 890 1688 quibus
934 1615 1092 1686 quasi
1137 1613 1419 1671 elementis
1466 1619 1521 1667 et
1563 1609 1840 1680 religionis
1879 1607 2119 1663 exordiis

541 1709 713 1766 Deum
748 1708 1025 1764 discimus.
1069 1706 1206 1760 Dent
1239 1703 1495 1768 lectores,
1535 1700 1650 1755 sive
1691 1699 1962 1762 doctores,
1989 1710 2118 1766 pre-

469 1785 475 1792 .
545 1804 682 1858 tium
711 1801 946 1866 Domini,
972 1800 1026 1855 id
1049 1807 1151 1864 est,
1179 1798 1343 1854 verba
1377 1796 1531 1868 legis,
1568 1801 1624 1848 et
1658 1792 1926 1863 recipiant
1952 1791 2115 1846 scho-

2213 610 2306 654 aut
2347 610 2662 671 pascentem,
2690 599 2782 670 qui
2811 616 3042 670 regresso
3080 599 3144 653 de
3171 617 3297 670 agro
3323 602 3475 654 dicit
3507 599 3605 652 illi
3634 603 3823 670 statim,

2216 693 2408 748 Transi
2429 702 2477 747 et
2502 692 2761 759 recumbe,
2785 701 2833 746 et
2873 709 2979 746 non
2999 692 3125 746 dicit
3158 693 3229 758 ei,
3258 691 3416 746 Para
3453 691 3623 763 quod
3645 710 3822 750 cm

2216 786 2366 858 (Luc.
2415 786 2598 856 xvn)?
2631 785 2765 842 Arat
2793 787 2887 857 qui
2916 793 3099 841 aratro
3133 787 3609 857 compunctionis
3637 789 3819 844 scindit

2215 879 2398 934 corda.
2430 875 2572 931 Nulli
2600 877 2825 933 dubium
2865 877 2998 948 quin
3021 893 3120 949 per
3144 878 3563 933 modulationis
3591 878 3816 933 dulcedi-

2216 987 2337 1027 nem
2383 971 2696 1027 scindantur
2722 972 2908 1038 corda,
2946 973 3112 1028 etiam
3151 971 3428 1037 carnalia,
3457 979 3524 1027 et
3557 987 3683 1027 sese
3708 989 3817 1043 ape-

2215 1062 2362 1118 riant
2384 1077 2534 1118 more
2555 1061 2687 1118 sulci
2711 1063 2765 1117 in
2792 1062 3133 1119 confessione
3160 1064 3306 1118 vocis
3331 1073 3394 1120 et
3419 1063 3811 1134 lacrymarum.

2217 1157 2420 1213 Musica
2443 1157 2605 1212 habet
2617 1157 2905 1226 quamdam
2926 1158 3224 1214 naturalem
3247 1160 3361 1214 vim
3389 1159 3468 1214 ad
3491 1157 3812 1214 ﬂectendum

2217 1250 2478 1315 animum,
2525 1248 2667 1304 sicut
2691 1249 2912 1304 Boetius
2932 1250 2988 1304 in
3017 1264 3116 1305 suo
3137 1249 3278 1305 libro
3309 1250 3526 1306 scribit
3565 1265 3723 1320 quem
3755 1252 3809 1305 de

2218 1341 2417 1397 Musica
2445 1341 2573 1397 fecit
2607 1359 2621 1396 :
2664 1341 2951 1412 Vulgatum
2981 1343 3179 1414 quippe
3206 1352 3291 1400 est
3318 1358 3503 1413 quam
3535 1359 3682 1413 saepe
3717 1345 3807 1396 ira-

2218 1435 2442 1491 cundias
2486 1434 2757 1490 cantilena
2799 1437 3141 1505 represserit,
3190 1451 3356 1506 quam
3417 1435 3612 1490 multa
3643 1435 3723 1490 vel
3757 1437 3802 1490 in

2217 1541 2505 1597 corporum
2555 1525 2640 1583 vel
2673 1527 2728 1581 in
2778 1528 3083 1582 animorum
3123 1527 3525 1583 alfectionibus
3575 1527 3802 1582 miranda

2217 1617 2528 1691 perfecerit.
2571 1618 2729 1675 Absit
2777 1629 2838 1675 ut
2897 1620 3135 1691 vigorem
3183 1620 3504 1676 Christiani
3555 1621 3717 1675 animi
3756 1622 3801 1676 in

2221 1709 2505 1766 mollitiem
2551 1710 2814 1767 caducam
2865 1712 3036 1782 possit
3076 1721 3425 1776 convertere,
3455 1713 3612 1783 quod
3653 1728 3803 1783 genus

2222 1799 2387 1855 etiam
2418 1800 2519 1869 ipsi
2566 1799 2793 1870 gentiles
2833 1801 3093 1856 vitabant.
3145 1801 3304 1858 Unde
3334 1803 3613 1872 scripturn
3647 1813 3728 1858 est
3754 1803 3802 1858 ἰι

539 1894 762 1951 lasticas
787 1901 1021 1959 mentes,
1043 1891 1252 1947 scilicet
1275 1897 1534 1946 vacantes
1562 1889 1631 1943 ab
1657 1886 1931 1956 emptione
1953 1870 2113 1949 villae,
2145 1879 2194 1940 Β
2220 1897 2523 1946 memorato
2569 1890 2712 1946 libro
2763 1892 3028 1963 superiori
3067 1892 3206 1958 loco,
3257 1870 3474 1949 idcirco
3530 1893 3804 1950 Timotheo

541 1988 611 2042 ab
635 1986 910 2056 emptione
935 1984 1102 2039 boum
1121 1982 1360 2052 quinque
1377 1979 1653 2052 jugorum,
1681 1993 1713 2031 a
1745 1978 1908 2033 ductu
1926 1975 2117 2030 uxoris

549 2077 702 2149 (Luc.
734 2075 870 2146 xiv).
901 2073 1100 2130 Schola
1135 2071 1348 2128 vacatio
1373 2071 1592 2126 dicitur.
1631 2068 1702 2124 At
1732 2069 1779 2124 si
1809 2069 1986 2123 adhuc
2013 2065 2117 2120 ali-

541 2169 665 2239 quis
709 2167 907 2225 surdus
944 2165 1211 2223 obturatis
1251 2164 1475 2219 auribus
1516 2163 1698 2218 cordis
1722 2161 2000 2233 torpescit,
2024 2166 2132 2216 ve-’

540 2266 659 2318 niat
701 2269 896 2317 cantor
945 2275 1068 2316 cum
1097 2258 1313 2314 excelsa
1363 2259 1491 2314 tuba
1527 2271 1678 2312 more
1706 2255 2114 2328 prophetarum,

547 2361 812 2422 sonetque
836 2352 889 2406 in
913 2365 1076 2407 aures
1092 2348 1211 2419 ejus
1235 2348 1570 2405 dulcedinem
1592 2347 1856 2412 melodiaa,
1886 2345 2116 2402 forsitan

538 2444 882 2514 excitabitur.
936 2442 1060 2499 Fiat
1096 2443 1151 2498 in
1191 2457 1257 2498 eo
1299 2441 1445 2512 quod
1499 2440 1566 2496 de
1620 2438 1818 2522 p0pulo
1863 2448 2119 2496 narratur

481 2557 487 2560 -
546 2537 747 2594 factum
790 2551 912 2593 esse
954 2537 1010 2592 in
1040 2536 1180 2592 libro
1215 2535 1420 2591 Esdraa.
1457 2532 1550 2591 Sic
1582 2533 1727 2589 enim
1749 2533 2014 2604 scriptum
2034 2541 2119 2588 est

547 2632 604 2688 in
629 2646 698 2688 eo
733 2648 746 2685 :
783 2629 1050 2686 Steterunt
1075 2629 1371 2684 sacerdotes
1393 2628 1450 2682 in
1492 2637 1682 2682 ornatu
1707 2643 1804 2681 suo
1833 2643 1952 2681 cum
1979 2626 2118 2681 tubis

545 2733 594 2780 et
621 2723 815 2779 Levita:
846 2721 948 2792 ﬁlii
969 2721 1146 2793 Asaph
1176 2721 1231 2775 in
1266 2718 1534 2790 cymbalis,
1564 2729 1620 2773 ut
1651 2717 1930 2773 laudarent
1949 2717 2119 2772 Deum

541 2831 634 2887 per
653 2831 841 2870 manus
859 2813 1028 2869 David
1049 2813 1186 2884 regis
1213 2811 1404 2878 Israel,
1419 2819 1468 2866 et
1481 2809 1822 2864 concinebant
1839 2809 2046 2880 hymnis
2069 2815 2120 2863 et

539 2903 862 2974 confessione
909 2901 1159 2968 Domino,
1215 2900 1466 2972 quoniam
1514 2900 1702 2966 bonus,
1761 2899 2013 2965 quoniam
2062 2899 2120 2952 in

544 3004 797 3051 ceternum
809 2993 1172 3049 misericordia
1194 2993 1311 3063 ejus
1326 3008 1483 3062 super
1504 2990 1696 3046 Israel.
1715 2989 1901 3045 Omnis
1919 3005 2121 3062 quoque

552 3087 774 3158 populus
811 3086 1198 3157 vociferabatur
1239 3084 1468 3139 clamore
1509 3099 1701 3155 magno
1756 3085 1814 3138 in
1849 3081 2120 3138 laudando

543 3177 849 3244 Dominum,
880 3178 936 3232 in
959 3193 1019 3232 eo
1054 3176 1196 3248 quod
1221 3175 1501 3246 fundatum
1525 3185 1601 3230 est
1623 3174 1872 3246 templum
1903 3172 2118 3228 Domini

544 3267 598 3342 (Ι
628 3267 758 3323 Esd.
799 3271 904 3342 ιιι).
953 3267 1022 3324 Et
1044 3245 1374 3339 paulopost
1417 3285 1430 3322 :
1471 3265 1630 3321 Multi
1669 3245 2015 3336 vociferantes
2062 3267 2117 3320 in
2143 3245 2189 3308 (ἶ

543 3358 729 3415 latitia
759 3359 1000 3415 levabant
1036 3375 1232 3426 vocem,
1265 3375 1358 3414 nec
1380 3367 1587 3430 poterat
1631 3359 1906 3430 quisquam
1954 3374 2121 3430 agno-

543 3468 685 3508 scere
723 3470 893 3508 vocem
924 3452 1169 3509 clamoris
1209 3453 1524 3520 laetantium,
1553 3462 1602 3509 et
1628 3470 1804 3509 vocem
1834 3455 1988 3525 [lctus
2023 3470 2118 3522 po-

544 3545 657 3617 puli
687 3545 898 3618 (Ibid.).
939 3546 1093 3603 Unde
1140 3546 1284 3604 Beda
1311 3547 1366 3602 in
1395 3555 1635 3603 tractatu
1667 3547 1854 3603 Esdrae
1879 3565 1892 3604 :
1920 3547 2115 3604 Sacer-

550 3637 704 3693 dotes
739 3637 960 3709 quidem
1003 3639 1206 3694 sanctis
1245 3639 1425 3695 ornati
1460 3640 1724 3706 vestibus,
1749 3648 1911 3710 prout
1943 3649 2122 3697 stante

553 3726 729 3783 adhuc
775 3729 974 3799 templo
1017 3721 1414 3785 consueverant
1462 3730 1606 3786 tubis
1644 3739 2022 3801 personantes,
2066 3739 2124 3788 et

548 3837 642 3877 cor
662 3821 844 3892 populi
880 3822 948 3878 ad
989 3824 1314 3880 suavitatem
1355 3837 1602 3894 superna:
1627 3823 1803 3881 laudis
1826 3824 2122 3882 accenden-

548 3921 659 3978 tes;
705 3911 906 3968 Levita:
959 3921 1142 3969 autem
1191 3913 1247 3969 in
1293 3914 1555 3987 cymbalis
1603 3914 1741 3970 bene
1797 3916 2118 3972 sonantibus

552 4003 780 4074 hymnos
813 4003 1037 4059 Domino
1064 4003 1412 4060 concinentes
1439 4022 1452 4056 :
1475 4005 1704 4076 populus
1727 4021 1858 4062 vero
1883 4005 2123 4062 clamore

550 4093 826 4149 communi
850 4094 1099 4150 allectum
1141 4094 1222 4151 sui
1248 4094 1427 4152 cordis
1457 4096 1512 4150 in
1547 4095 1813 4152 laudando
1834 4096 2123 4152 Dominum

552 4187 866 4243 ostendens.
910 4187 1173 4245 Cantores
1199 4188 1291 4259 qui
1323 4189 1848 4260 respondentprimo
1881 4190 2121 4260 canenti,

549 4293 738 4346 vocem
783 4279 1088 4335 auditorum
1109 4279 1414 4350 proferunt,
1449 4295 1586 4351 quos
1625 4278 2124 4336 testiﬁcanturlau—

551 4371 683 4427 dare
729 4371 1035 4428 Dominum.
1059 4372 1197 4428 .Non
1229 4373 1498 4428 immerito
1537 4372 1639 4443 ipsi
1665 4382 1917 4428 cantores
1957 4381 2124 4444 agunt

553 4478 746 4518 causas
773 4465 1184 4535 prophetarum,
1214 4465 1339 4534 quia
1368 4466 1435 4520 de
1463 4464 1588 4520 filiis
1625 4464 1888 4536 principis
1909 4479 2120 4530 eorum,

2218 1983 2425 2038 Milesio
2469 1981 2774 2054 Spartiatas
2817 1985 3209 2048 succensuisse,
3264 1987 3411 2056 quod
3448 1985 3800 2056 multiplicem

2216 2076 2481 2131 musicam
2508 2075 2761 2140 reddens,
2807 2090 3101 2146 puerorum
3143 2076 3360 2140 animis,
3402 2091 3548 2147 quos
3583 2091 3803 2146 accepe-
3874 2097 3883 2102 ·

2218 2176 2306 2223 rat
2349 2167 2693 2231 erudiendos,
2749 2167 3012 2234 ofﬁceret,
3062 2175 3120 2222 et
3175 2183 3208 2221 a
3260 2168 3476 2223 virtutis
3531 2166 3806 2223 modestia

2216 2258 2561 2329 praepediret,
2603 2267 2659 2314 et
2699 2259 2844 2330 quod
2888 2259 3245 2325 harmoniam,
3290 2274 3447 2329 quam
3478 2259 3808 2314 modestam

2219 2361 2553 2422 susceperat,
2595 2352 2650 2407 in
2700 2367 2870 2424 genus
2896 2352 3300 2424 chromaticum,
3333 2352 3477 2422 quod
3518 2360 3609 2408 est
3647 2349 3804 2406 mol-

2218 2443 2344 2509 lius,
2373 2442 2703 2498 invertisset.
2745 2442 2918 2498 Tanta
2947 2443 3115 2513 igitur
3147 2442 3285 2513 apud
3316 2457 3408 2498 eos
3437 2444 3673 2498 musicae
3694 2441 3803 2496 fuit

2219 2534 2512 2606 diligentia,
2542 2540 2604 2589 ut
2629 2549 2752 2590 eam
2791 2533 3004 2589 animos
3029 2547 3245 2604 quoque
3275 2533 3528 2589 obtinere
3565 2532 3799 2588 arbitra-

2219 2636 2425 2685 rentur.
2473 2627 2754 2684 Suﬂiciant
2779 2628 2896 2684 haec
2932 2635 3103 2698 pauCa
3132 2627 3197 2682 de
3222 2626 3459 2682 naturali
3488 2627 3545 2682 vi
3588 2627 3800 2682 musica:

2219 2721 2534 2787 inseruisse,
2560 2721 2941 2778 revertendum
2967 2729 3050 2777 est
3073 2721 3142 2776 ad
3167 2720 3550 2792 evangelicam
3573 2721 3791 2791 parabo-

2220 2817 2349 2872 lam.
2383 2815 2586 2871 Servus
2611 2815 2705 2886 qui
2727 2825 2847 2871 arat
2869 2831 2978 2872 non
3002 2815 3164 2872 debet
3183 2815 3358 2881 illico,
3380 2815 3451 2871 de
3474 2829 3610 2886 agro
3631 2829 3795 2869 rever-

2220 2918 2360 2975 tens,
2412 2908 2752 2974 recumbere,
2782 2909 2880 2964 sed
2919 2922 3115 2978 parare
3151 2916 3389 2964 ‘ctenam
3416 2907 3628 2962 domini
3654 2904 3789 2976 (Luc.

2218 2997 2375 3071 xvii).
2403 2997 2478 3054 De
2512 3013 2620 3068 quo
2648 3012 2805 3055 servo
2834 2997 2967 3056 dicit
2983 2998 3129 3054 Beda
3173 2998 3229 3054 in
3253 3005 3498 3054 tractatu
3527 3012 3686 3068 super
3703 2995 3794 3051 Ln-

2222 3106 2340 3147 cam
2370 3109 2384 3146 :
2422 3090 2625 3147 Servus
2654 3090 2722 3148 de
2761 3106 2891 3162 agro
2925 3089 3243 3157 revertitur,
3286 3104 3440 3153 cum,
3501 3088 3790 3144 intermiso

2223 3183 2290 3239 ad
2314 3193 2526 3255 tempus
2553 3199 2718 3255 opere
2742 3183 3092 3254 praedicandi,
3117 3183 3186 3236 ad
3201 3182 3606 3238 conscientiam
3626 3180 3792 3235 doctor

2220 3278 2467 3342 recurrit,
2506 3285 2692 3349 atque,
2727 3291 2760 3332 a
2789 3276 3005 3347 publico
3027 3275 3318 3330 locutionis
3349 3274 3419 3329 ad
3450 3274 3661 3328 curiam
3687 3285 3792 3326 cor-

2220 3370 2304 3427 dis
2328 3369 2566 3436 rediens,
2614 3385 2712 3426 sua
2739 3383 2928 3425 secum
2979 3375 3225 3422 secretus
3264 3373 3391 3420 acta
3425 3364 3520 3419 vel
3547 3363 3682 3418 dicta
3717 3376 3790 3416 re-

2220 3468 2438 3517 tractat.
2487 3459 2649 3516 Juxta
2682 3459 3022 3529 disciplinam
3062 3457 3208 3514 servi
3239 3456 3456 3512 arantis
3489 3455 3790 3510 admonetur

2220 3562 2416 3610 cantor
2458 3561 2520 3609 ut
2544 3568 2654 3610 non
2700 3551 2844 3609 illico
2867 3561 2992 3623 post
3033 3558 3215 3607 aetum
3243 3550 3329 3605 sui
3359 3547 3532 3605 oﬂicii
3570 3547 3790 3616 requiem

2221 3655 2452 3720 spectet,
2501 3655 2557 3703 et
2608 3656 2824 3716 torpore
2875 3643 3187 3701 securitatis
3223 3649 3530 3714 torpescat.
3582 3637 3794 3694 Perfecit

2221 3739 2365 3794 enim
2411 3752 2547 3808 opus
2582 3752 2758 3802 suum,
2807 3735 3026 3806 quando
3064 3730 3468 3804 quodammodo
3494 3745 3599 3785 sua
3617 3727 3794 3799 iubila-

2225 3829 2375 3884 tione
2397 3829 2570 3884 bonos
2601 3827 2656 3882 in
2687 3825 3010 3881 exercitium
3035 3822 3203 3879 aratri
3226 3821 3466 3885 induxit,
3493 3819 3549 3875 id
3577 3826 3660 3873 est
3679 3831 3795 3871 can-

2225 3930 2374 3977 tores
2399 3917 2716 3992 provocavit
2747 3925 2810 3972 ut
2852 3915 3163 3972 scinderent
3205 3913 3373 3969 corda
3425 3919 3610 3964 aratro
3655 3920 3796 3960 com-

2220 4010 2549 4084 punctionis.
2577 4009 2655 4064 Ac
2677 4015 2863 4080 postea
2897 4020 3090 4062 versus
3127 4003 3398 4075 sequitur.
3429 3999 3481 4055 In
3511 4012 3666 4052 versu
3692 4008 3792 4050 nee

2223 4122 2374 4164 cesse
2417 4113 2501 4161 est
2540 4113 2602 4160 ut
2651 4119 2780 4160 suas
2825 4102 3178 4172 cogitationes
3230 4099 3299 4154 ad
3336 4113 3400 4154 se
3438 4093 3703 4156 retrahat.
3743 4099 3797 4147 et

2225 4214 2407 4256 secum
2438 4197 2639 4266 cogitet
2677 4194 2952 4268 quomodo
2993 4201 3087 4248 aut
3115 4191 3246 4264 quid
3287 4207 3318 4245 a
3354 4188 3623 4260 magistro
3668 4185 3795 4240 didi-

2223 4291 2406 4347 cisset.
2464 4289 2668 4346 Versus
2715 4288 2912 4343 timore
2960 4301 3071 4343 non
3123 4293 3210 4342 est
3249 4298 3418 4339 ausus
3462 4281 3580 4337 alte
3629 4281 3795 4335 levare

2222 4382 2659 4453 responsorium;
2715 4379 2890 4435 nescit
2943 4377 3215 4449 quomodo
3263 4375 3418 4430 finiat
3455 4388 3704 4429 versum.
3739 4369 3795 4425 Et

2225 4472 2314 4527 hic
2345 4470 2589 4525 imitatur
2618 4469 2762 4524 aliud
2791 4468 3097 4539 exemplum
3137 4467 3398 4542 doctrinae
3424 4463 3676 4528 Domini,
3701 4475 3793 4532 qua

552 4555 734 4657 idest,
765 4555 957 4658 .Asaph
985 4558 1246 4627 scriptum
1267 4558 1426 4612 estin
1461 4556 1910 4628 Paralipomenon
1940 4571 1956 4610 :
1992 4555 2124 4612 Filii
2148 4560 2443 4658 1"iubetur
2484 4567 2544 4613 ut
2599 4558 2691 4628 qui
2745 4558 2977 4614 voluerit
3036 4557 3232 4613 turrim
3296 4554 3604 4620 aediﬁcare,
3665 4552 3795 4624 prius

550 4647 664 4714 ejus
697 4645 788 4698 sub
811 4663 972 4700 manu
993 4648 1158 4718 ipsius
1187 4657 1354 4713 erant,
1379 4647 1918 4718 prophetantesjuxta
1948 4664 2121 4718 regem
2155 4641 2200 4658 “’
2226 4659 2473 4722 sumptus
2520 4650 2741 4723 cogitet,
2772 4649 2818 4706 si
2857 4649 3022 4704 habet
3048 4665 3169 4720 qua:
3216 4647 3535 4704 necessaria
3574 4653 3698 4702 sunt
3741 4641 3796 4697 ad

553 4737 606 4808 (Ι
637 4735 768 4791 Par.
797 4736 924 4810 xv);
960 4738 1063 4808 ipsi
1103 4738 1344 4792 exaltant
1379 4752 1568 4793 vocem
1603 4745 1667 4792 ut
1693 4739 1820 4793 tuba
1841 4778 1857 4802 ,
1884 4738 2016 4808 ipsis
2043 4738 2124 4793 di-

550 4828 694 4882 citur
727 4829 782 4883 in
826 4829 1034 4900 psalmo
1061 4829 1450 4898 octuagesimo,
1481 4828 1629 4883 Tuba
1669 4829 1861 4894 canite,
1887 4830 1992 4885 hoc
2015 4838 2120 4895 est.

551 4927 611 4975 ut
641 4920 972 4992 Augustinus
1008 4921 1104 4985 ait,
1133 4920 1332 4976 clarius
1353 4929 1408 4976 et
1432 4921 1686 4977 ﬁdentius
1711 4920 2025 4992 praedicate,
2053 4937 2124 4978 ne

550 5012 890 5077 terreamini,
914 5012 1054 5066 sicut
1088 5012 1165 5067 ait
1194 5012 1454 5082 propheta
1479 5013 1712 5083 quodam
1743 5012 1884 5078 loco,
1915 5011 2118 5067 Excla-

552 5121 640 5161 ma
680 5115 728 5160 et
753 5103 926 5160 exaltu
965 5121 1139 5159 vocem
1164 5115 1309 5159 tuam
1329 5108 1462 5160 sicut
1490 5105 1614 5159 tuba
1641 5104 1775 5175 (lsa.
1801 5106 1974 5173 LVIII).
2011 5103 2125 5162 Lex

551 5195 699 5250 enim
723 5195 924 5264 scripta
945 5195 1068 5249 data
1089 5202 1174 5249 est
1200 5194 1253 5247 iu
1276 5193 1490 5249 tabulis.
1517 5191 1796 5264 Scriptura
1830 5193 1975 5248 enim
1999 5207 2126 5263 per-

554 5289 693 5345 tinet
717 5289 782 5344 ad
805 5289 1020 5345 lectoris
1045 5286 1278 5343 cilicium
1313 5306 1326 5341 :
1351 5286 1633 5358 prophetia
1661 5287 1830 5341 menti
1859 5286 2123 5356 inscripta

553 5389 696 5449 erat,
720 5397 878 5452 quam
902 5395 1034 5436 voce
1065 5381 1251 5436 ﬁdenti
1284 5380 1557 5451 prophetae
1580 5375 1950 5448 proferebant,
1981 5376 2125 5448 quod

553 5471 788 5540 pertinet
807 5471 874 5526 ad
897 5471 1136 5527 cantoris
1154 5469 1406 5526 cilicium.
1434 5467 1588 5523 Fidei
1611 5467 1982 5538 praadicatoris
2006 5465 2123 5522 otii-

557 5561 700 5615 cium
739 5563 879 5634 gerit
907 5570 1118 5628 cantor,
1167 5575 1326 5632 quem
1353 5568 1564 5631 oportet
1598 5567 1723 5630 post
1757 5558 2123 5613 obedientiam

561 5649 865 5705 auditorum
889 5665 1106 5706 versum
1153 5658 1394 5705 cantare.
1446 5648 1585 5715 Quid
1626 5644 1896 5717 signiﬁcet
1934 5661 2125 5703 versus

561 5743 620 5799 in
646 5739 820 5798 ofﬁcio
848 5745 1240 5814 praedicatoris,
1291 5759 1359 5800 ex
1387 5742 1699 5814 evangelica
1733 5735 1990 5812 parabola
2023 5742 2124 5798 ad-

562 5834 772 5895 discere
797 5847 1084 5911 possumus
1117 5850 1240 5912 quae
1266 5841 1459 5892 narrat
1483 5833 1550 5891 de
1605 5847 1763 5890 servo
1792 5840 2002 5904 arante,
2049 5834 2128 5890 ita
2157 5858 2160 5862 -

2223 4739 2632 4812 perliciendum.
2681 4738 2938 4810 Sequitur
2974 4738 3118 4795 Beda
3143 4745 3480 4794 memoratus
3509 4752 3528 4792 :
3561 4735 3692 4793 Post
3716 4750 3796 4806 με

2223 4839 2367 4886 stum
2406 4837 2569 4899 atque
2609 4829 3018 4901 agriculturam,
3065 4827 3210 4884 domi
3251 4826 3355 4883 sibi
3403 4824 3574 4895 jubet
3620 4838 3796 4898 parare

2224 4921 2366 4992 quod
2388 4929 2586 4986 cmnet,
2611 4921 2713 4976 hoc
2751 4927 2857 4986 est,
2877 4927 2997 4990 post
3015 4918 3256 4974 laborem
3281 4926 3490 4988 apertae
3523 4915 3800 4972 locutionis

2225 5015 2591 5071 humilitatem
2633 5028 2848 5083 quoque
2887 5011 3120 5082 propria:
3160 5009 3627 5066 considerationis
3669 5005 3804 5061 exhi-

2221 5108 2368 5164 bere.
2398 5105 2512 5160 Hoc
2533 5105 2660 5160 facit
2685 5104 2774 5160 ille
2803 5103 2894 5174 qui
2918 5118 3134 5159 versum
3155 5110 3358 5159 cantat.
3386 5099 3451 5156 In
3481 5101 3801 5172 repetitione

2222 5197 2555 5269 responsorii
2597 5196 2801 5252 exaltat
2835 5209 3026 5251 vocem
3073 5193 3416 5258 ﬁducialiter,
3449 5192 3571 5264 jam
3603 5208 3712 5248 non
3743 5190 3803 5243 ti-

2220 5304 2377 5345 mens
2413 5304 2654 5345 versum.
2684 5287 2839 5342 illum
2884 5285 2977 5356 qui
3007 5285 3421 5356 praedicatorem
3457 5283 3667 5355 signat,
3711 5279 3796 5351 qui

2221 5397 2440 5438 cursum
2465 5395 2620 5436 suum
2645 5387 3081 5435 consummatum
3099 5375 3283 5440 habet,
3314 5374 3494 5444 qualis
3515 5385 3644 5430 erat
3672 5374 3800 5427 Pau-

2228 5473 2315 5528 lus
2341 5487 2466 5529 cum
2505 5472 2750 5527 diceret:
2783 5469 2989 5524 Bonum
3027 5459 3287 5522 certamen
3335 5467 3558 5531 certari,
3601 5480 3804 5519 cursu:

2228 5561 2600 5626 consummaui,
2631 5559 2788 5629 ﬁdem
2829 5558 3050 5624 servavi,
3097 5558 3156 5611 in
3212 5557 3413 5627 reliquo
3467 5557 3701 5626 reposita
3738 5561 3808 5607 est

2228 5654 2357 5707 mihi
2388 5664 2578 5706 corona
2619 5650 2843 5720 justitiaa
2891 5646 2977 5720 (II
3031 5645 3166 5701 Tim.
3211 5647 3310 5718 tv).
3367 5645 3620 5701 Diximus
3665 5642 3808 5714 quod

2232 5725 2534 5800 excitentur
2556 5756 2652 5811 per
2683 5738 3107 5810 responsorium,
3131 5737 3222 5808 qui
3255 5745 3381 5792 sunt
3403 5733 3808 5807 quodammodo

2233 5822 2381 5892 surdi
2402 5832 2472 5890 ad
2491 5830 2820 5906 Epistulam;
2845 5817 3092 5888 dicamus
3129 5829 3363 5901 qualiter
3387 5827 3706 5888 obedientes
3738 5823 3809 5886 ἱι·
