3978 6460
155 364 265 431 [lii

872 362 959 421 DE
995 361 1549 422 ECCLESIASTICIS
1587 365 1874 425 OFFICIIS
1910 366 2091 425 LIBRI
2127 368 2216 427 IV.
2254 398 2326 411 —
2361 370 2489 428 LIB.
2529 370 2616 429 III.

3227 378 3370 438 1122

145 478 242 535 lico
261 476 542 548 proﬁciant
559 489 658 549 per
671 476 1097 549 responsorium.
1116 476 1173 532 ln
1203 476 1435 532 lectione
1462 478 1705 547 pascitur
1728 492 1783 552 Α
1805 480 1875 536 Ει
1900 489 2023 552 post
2047 497 2217 553 pauca
2249 502 2263 539 :
2298 484 2433 541 Item
2471 504 2593 542 cum
2630 489 2835 547 intrans
2865 492 3161 551 cubiculum
3186 497 3369 555 clauso

146 570 341 624 auditor
362 568 516 637 quasi
546 567 944 638 quodammodo
973 566 1090 623 bos.
1114 566 1198 623 Ad
1222 568 1326 623 hoc
1354 568 1500 623 enim
1521 568 1695 638 pasci-

142 665 225 713 tur
246 659 357 724 bos,
380 664 441 711 ut
470 656 525 711 in
560 671 628 711 eo
672 663 993 712 exerceatur
1021 670 1157 726 opus
1196 655 1558 726 agriculturae.
1589 654 1695 711 Bos

142 747 275 803 enim
323 746 639 817 praedicator
673 753 773 800 est.
833 743 985 801 Unde
1029 746 1289 816 scriptum
1324 754 1407 801 est
1451 746 1505 800 in
1557 745 1695 802 libro

142 838 265 911 legis
291 854 305 894 :
334 838 455 894 Non
486 837 727 909 alligabis
777 856 834 893 os
864 839 980 893 bovi
1018 840 1292 894 trituranti
1323 837 1502 911 (Deut.
1542 839 1693 913 xxv).

141 928 323 985 Pastus
349 938 432 985 est
460 927 607 984 enim
635 927 757 994 bos,
779 934 1101 983 exerceatur
1127 942 1282 999 Opus.
1319 927 1521 983 Cantor
1553 929 1699 983 enim

142 1028 223 1077 est
247 1019 393 1089 quasi
412 1017 695 1085 bubulcus,
715 1018 805 1088 qui
822 1017 1018 1089 jubilat
1035 1018 1229 1084 bobus,
1252 1027 1312 1074 ut
1325 1019 1552 1074 hilarius
1566 1036 1693 1076 ara-

137 1118 272 1166 trum
299 1111 536 1165 trahant.
564 1108 766 1165 Cantor
791 1118 875 1165 est
897 1109 964 1165 de
987 1108 1075 1165 his
1101 1109 1167 1165 de
1186 1110 1382 1180 quibus
1404 1110 1535 1166 dicit
1552 1110 1693 1166 Pau-

136 1198 256 1255 lus:
285 1198 379 1254 Dei
426 1199 692 1270 adjutores
720 1215 901 1254 sumus
947 1197 1000 1270 (I
1034 1195 1158 1254 Cor.
1212 1200 1318 1272 ιιι).
1351 1198 1524 1256 Boves
1570 1208 1696 1257 sunt

134 1292 226 1362 qui
253 1292 571 1363 respondent
610 1292 787 1363 primo
818 1291 1053 1357 cantorl,
1082 1291 1148 1347 de
1173 1292 1370 1362 quibus
1393 1292 1589 1347 iterum
1615 1294 1696 1349 di-

135 1383 243 1438 cit:
266 1382 358 1436 Dei
394 1380 720 1453 agricultura
747 1382 869 1437 estis
901 1380 1114 1454 (Ibid.).
1141 1382 1502 1439 Trahentibus
1525 1382 1698 1440 bobus

132 1486 383 1544 aratrum,
427 1475 691 1533 scinditur
734 1485 900 1541 terra,
926 1475 1141 1546 quando
1171 1483 1445 1545 cantores,
1472 1476 1695 1533 intimos

141 1570 401 1625 anhelitus
433 1576 856 1636 commoventes,
886 1567 1098 1624 dulcem
1140 1568 1361 1623 trahunt
1402 1583 1612 1637 vocem,
1639 1576 1696 1625 et

131 1658 405 1733 proferunt
426 1660 494 1715 ad
516 1658 814 1729 publicum,
838 1674 943 1729 qua
969 1657 1137 1714 corda
1174 1673 1399 1714 suorum
1440 1658 1557 1715 sive
1584 1674 1693 1715 ca:-

127 1762 361 1808 terorum
385 1764 751 1824 compungunt
776 1752 845 1807 ad
865 1752 1155 1824 lacrymas,
1194 1751 1307 1808 sive
1335 1752 1405 1807 ad
1431 1750 1690 1808 conﬁten-

1799 574 1933 626 ostio
1961 590 2052 627 oro
2079 585 2281 644 patrem
2306 578 2362 631 in
2386 578 2686 635 abscondito
2725 581 2942 654 (Matth.
2973 587 3075 659 vt),
3098 597 3364 648 turturem

1800 663 1990 730 oﬁ‘ero,
2015 674 2073 721 at
2095 682 2219 722 cum
2243 666 2484 736 ejusdem
2531 674 2711 741 operis
2750 690 3033 747 compares
3058 695 3243 751 quaero
3271 699 3364 740 ca-

1797 757 1975 847 nendo
2010 773 2134 813 cum
2174 760 2445 832 Propheta
2484 782 2498 819 :
2528 766 2737 837 Venite}
2756 768 3042 828 adoremus
3092 784 3147 829 et
3182 778 3361 847 proci-

1797 844 1988 902 damus
2037 856 2163 903 ante
2206 850 2406 919 Deum;
2444 853 2716 924 ploremus
2753 872 2935 915 coram
2974 844 3221 930 Domino,
3269 866 3364 936 qui

1796 934 1927 1027 iecit
1964 953 2064 994 nos
2100 937 2274 1011 (Psal.
2299 943 2479 1015 ⁸ιειν),
2516 946 2793 1005 columbas
2816 950 2883 1005 ad
2918 952 3088 1009 altare
3114 934 3359 1027 deporto.

1797 1026 2010 1100 Moyses
2037 1031 2189 1100 quasi
2230 1040 2462 1090 tractum
2524 1037 2779 1095 decantat
2832 1026 3211 1113 tribulationis,
3268 1050 3362 1119 qui

1796 1119 1944 1175 solus
1960 1122 2204 1177 ascendit
2222 1124 2291 1178 ad
2313 1124 2621 1194 Dominum,
2639 1137 2694 1184 et
2711 1145 2780 1186 ne
2794 1131 2933 1188 idem
2958 1136 3184 1207 populus
3204 1138 3368 1197 feria-

1797 1216 1907 1275 tur,
1920 1209 2238 1282 lacrymosis
2247 1216 2500 1284 precibus
2513 1218 2765 1290 impetrat
2777 1221 2974 1294 (Exod.
2998 1243 3089 1283 ιιι
3102 1237 3149 1283 et
3163 1232 3363 1305 ιιιιι).
3444 1244 3447 1247 ‘

1796 1297 1984 1354 Daniel
2032 1307 2266 1357 tractum
2321 1304 2520 1362 laetitiae
2564 1318 2767 1379 cantat,
2826 1316 3042 1385 quando
3071 1319 3237 1386 solus,
3283 1297 3369 1378 fu-

1796 1570 1924 1629 tatis
1943 1572 2167 1631 aediﬁcia
2186 1575 2331 1633 celsa
2350 1579 2582 1636 miratur
2607 1581 2825 1655 (Ezech.
2850 1586 2965 1660 ιι).

2321 1687 2590 1748 CAPUT
2653 1694 2838 1751 XIII.

2392 1780 2474 1837 De
2500 1782 2753 1840 Alleluia.

126 1841 199 1900 da
226 1852 441 1948 peccata
474 1846 632 1948 quasi
660 1852 882 1948 secreta.
900 1843 1275 1915 patefaciendo
1294 1854 1474 1901 terrae.
1496 1845 1565 1900 Et
1587 1844 1694 1948 alio
1722 1876 1771 1937 Β
1868 1864 2121 1935 Alleluia,
2150 1871 2297 1939 quod
2337 1880 2593 1929 “manu.
2620 1891 2719 1948 per
2740 1875 2907 1935 festos
2946 1881 3063 1938 dies
3103 1882 3158 1940 in
3185 1899 3371 1944 ream

126 1937 286 1997 modo
317 1956 330 1991 :
359 1936 485 1993 Ideo
509 1938 819 1994 scribuntur
848 1937 1064 2005 litterae,
1089 1947 1152 1994 ut
1175 1954 1275 2010 per
1298 1954 1392 1995 eas
1418 1940 1695 1995 memoriae

122 2026 374 2081 reddatur
417 2029 562 2100 quod
597 2030 865 2085 oblivione
894 2031 1130 2086 deletum
1162 2040 1264 2087 est.
1316 2030 1494 2087 Simili
1531 2031 1693 2089 modo

120 2130 189 2173 ex
234 2118 440 2187 pictura
480 2120 829 2177 recordamur
864 2121 1011 2201 quod
1056 2123 1283 2179 interius
1324 2124 1692 2180 commendari

119 2210 396 2265 memoria:
421 2218 616 2282 potest.
643 2212 723 2267 Ita
744 2224 799 2269 et
833 2215 1181 2286 responsorio
1209 2216 1532 2272 admonetur
1553 2234 1691 2289 pra:-

120 2300 323 2359 dicator
337 2305 605 2374 quomodo
619 2304 919 2361 doctrinam
936 2322 1055 2377 quae
1069 2309 1349 2379 praecessit
1366 2309 1422 2366 in
1436 2309 1689 2379 lectione,

118 2401 382 2448 exerceat.
426 2393 630 2460 Primo,
661 2404 724 2450 ut
766 2396 1046 2452 dulcedine
1086 2413 1197 2454 sua:
1235 2400 1554 2457 imitationis
1574 2402 1693 2472 plu-

118 2479 284 2535 rimos
309 2481 411 2536 sibi
432 2481 663 2538 asciscat
687 2502 699 2537 :
725 2484 1022 2556 conjuncti,
1047 2487 1211 2543 corda
1233 2488 1526 2544 multorum
1546 2491 1694 2546 exci-

117 2582 233 2628 tent
253 2574 317 2629 ad
347 2576 816 2645 compunctionem
844 2585 898 2631 et
920 2577 1222 2650 lacrymas;
1256 2587 1313 2635 et
1341 2595 1413 2636 ne
1439 2596 1500 2636 se
1522 2580 1692 2637 extol-

114 2666 227 2721 lere
252 2666 438 2723 debeat
485 2668 550 2723 de
577 2683 740 2739 opere
770 2669 1169 2740 praedicationis
1209 2670 1456 2743 pulsatur
1494 2688 1687 2741 versu;

114 2763 379 2825 quatenus
393 2755 461 2811 ad
484 2758 803 2813 memoriam
828 2758 1054 2815 reducat
1077 2760 1181 2817 sibi
1209 2761 1275 2817 de
1299 2762 1537 2835 propriis
1563 2778 1692 2819 cau-

112 2849 193 2904 sis
211 2849 558 2921 judicandum
579 2859 705 2907 ante
735 2851 1046 2908 Dominum.

706 2941 935 3001 CAPUT
972 2942 1087 2999 XII.

325 3033 467 3099 Quid
496 3034 566 3089 sit
589 3034 726 3089 inter
745 3035 1131 3105 responsorium
1151 3044 1200 3091 et
1223 3044 1471 3093 tractum.

156 3112 296 3180 'Hoc
333 3122 513 3181 differt
557 3126 703 3183 inter
740 3126 1165 3198 responsorium,
1212 3129 1299 3184 cui
1354 3128 1553 3185 chorus
1599 3144 1687 3186 re-

110 3208 363 3291 spondet,
405 3229 458 3277 et
497 3229 748 3289 tractum,
782 3224 869 3280 cui
907 3240 1091 3292 nemo,
1112 3226 1258 3297 quod
1295 3233 1379 3283 est
1417 3227 1560 3284 inter
1580 3227 1689 3284 duo
1715 3237 1762 3302 ο

107 3314 394 3381 sacriﬁcia,
428 3314 635 3371 scilicet
661 3315 1033 3372 columbarum
1065 3325 1120 3372 et
1142 3325 1434 3373 turturum.
1460 3318 1690 3377 Tractus

108 3410 278 3464 verba
321 3410 671 3480 congruentia
695 3410 779 3464 sui
811 3408 971 3464 cilicii
1009 3410 1232 3465 habent.
1279 3410 1376 3466 Illa
1403 3426 1523 3482 quae
1563 3422 1691 3467 sunt

107 3502 167 3556 in
209 3500 615 3573 Scptuagesima
653 3501 1053 3563 tribulationem
1076 3511 1287 3567 sonant,
1330 3510 1391 3555 ut
1427 3509 1512 3557 est
1533 3501 1686 3569 illud,

109 3592 195 3647 De
219 3592 497 3664 profundis
514 3592 735 3647 clamavi
751 3592 819 3645 ad
839 3600 908 3657 te,
937 3591 1159 3646 Domine
1179 3590 1297 3662 (Ps.
1319 3593 1539 3664 cxxxx);
1569 3609 1690 3665 quae

102 3683 163 3734 in
217 3678 583 3751 Sexagesima,
623 3680 1083 3751 opportunitatem
1126 3678 1264 3751 fugae
1309 3689 1578 3751 quaerunt,
1629 3691 1691 3737 ut

100 3778 195 3826 est
239 3768 373 3825 illud
401 3788 414 3825 :
444 3768 510 3824 Ut
544 3770 749 3842 fugiant
792 3788 825 3825 a
853 3771 991 3841 facie
1018 3787 1173 3825 arcus
1201 3769 1318 3844 (Ps.
1357 3772 1494 3843 ιιι),
1521 3782 1579 3829 ει
1610 3773 1691 3829 sic

98 3868 308 3918 caetera
334 3862 585 3934 deinceps
610 3860 881 3932 conjicere
905 3878 1211 3934 possumus.
1241 3864 1481 3920 Laudate
1499 3866 1689 3921 Domi-

102 3968 237 4006 num
265 3968 441 4007 omnes
462 3963 637 4024 gentes
669 3954 788 4027 (Ps.
817 3954 988 4027 cxvr),
1012 3955 1257 4011 laetitiam
1285 3957 1688 4029 neophytorum

97 4051 157 4099 et
197 4058 370 4113 nuper
395 4045 778 4102 tordinatorum
825 4046 1111 4117 signiﬁcat.
1163 4047 1238 4102 De
1286 4048 1408 4103 istis
1452 4057 1537 4104 sat
1581 4059 1685 4105 est.

96 4137 512 4192 Revertendum
551 4146 636 4194 est
679 4140 748 4195 ad
781 4139 1053 4206 volucres,
1098 4141 1307 4197 scilicet
1335 4141 1614 4199 columbas
1634 4150 1691 4200 et

96 4236 373 4293 turtures,
406 4245 525 4299 quae
551 4229 858 4300 signiﬁcant
884 4233 1287 4302 responsorium
1333 4242 1390 4288 et
1432 4244 1687 4301 tractum,

90 4322 166 4376 de
204 4320 408 4390 quibus
447 4320 573 4375 dicit
598 4319 742 4376 Beda
772 4321 826 4375 in
857 4330 1091 4376 tractatu
1124 4339 1289 4395 super
1315 4325 1517 4381 Lucam
1544 4344 1555 4378 :
1584 4327 1691 4382 Vo-

87 4411 286 4465 lucres
307 4411 391 4465 hae
418 4424 518 4480 pro
538 4416 702 4466 cantu
734 4411 964 4483 gemitus
1000 4412 1223 4468 habent.
1252 4412 1371 4469 Non
1412 4415 1688 4472 immerito

86 4502 377 4574 lacrymas
403 4501 688 4557 humilium
716 4502 1024 4575 designant,
1070 4504 1266 4575 quibus
1306 4505 1599 4578 plurimum
1627 4508 1686 4564 in

84 4594 236 4666 ipsis
261 4595 428 4651 etiam
446 4595 604 4651 bonis
624 4596 876 4667 operibus
905 4596 1239 4669 indigemus;
1267 4599 1392 4668 quia
1413 4599 1517 4655 etsi
1541 4600 1683 4656 bona

83 4702 221 4742 esse
245 4702 369 4757 qua:
394 4687 623 4757 agimus,
654 4688 984 4754 noverimus,
1009 4704 1115 4759 qua
1132 4697 1315 4745 tamen
1342 4690 1686 4748 districtione

84 4789 120 4828 a
164 4774 404 4831 Domino
432 4777 810 4841 examinanda,
858 4794 964 4847 qua
1001 4795 1032 4832 a
1068 4781 1226 4836 nobis
1273 4784 1685 4852 perseverantia

80 4868 207 4921 sint
232 4869 683 4929 consummanda,
714 4868 1003 4923 nescimus.
1041 4870 1109 4923 Et
1133 4870 1332 4926 iterum
1366 4891 1377 4926 :
1409 4872 1523 4928 Hoc
1553 4890 1686 4930 sane

79 4959 242 5012 inter
275 4958 503 5013 turturis
525 4967 578 5012 ct
602 4958 862 5014 columbae
884 4958 1300 5030 signiﬁcantiam
1326 4961 1516 5029 distat,
1541 4963 1687 5034 quod

78 5048 379 5116 columba,
415 5066 537 5120 quae
578 5049 840 5121 gregatim
889 5050 1221 5117 conversari,
1265 5050 1472 5118 volare,
1509 5061 1564 5108 et
1588 5068 1687 5126 ge-

76 5144 253 5197 mere
302 5140 616 5206 consuevit,
670 5154 723 5194 et
766 5140 955 5195 activae
1008 5141 1133 5195 vita:
1174 5141 1535 5212 frequentiam
1587 5144 1684 5200 de-

77 5240 399 5298 monstrat,
442 5231 509 5287 de
547 5248 651 5304 qua
697 5233 895 5289 dicitur
925 5250 939 5287 :
974 5232 1331 5290 Multitudinis
1359 5237 1686 5292 credentium

72 5334 211 5380 erat
263 5341 359 5379 cor
393 5341 553 5379 unum
600 5333 649 5379 et
693 5324 871 5378 anima
900 5342 1027 5391 una,
1056 5341 1148 5380 nec
1190 5326 1468 5397 quisquam
1498 5344 1684 5382 eorum

74 5432 214 5488 qua:
240 5414 604 5487 possidebant,
628 5416 828 5487 aliquid
850 5434 1005 5471 suum
1030 5434 1138 5473 esse
1157 5418 1385 5486 dicebat,
1418 5420 1508 5475 sed
1536 5430 1686 5475 erant

72 5504 199 5559 illis
256 5507 441 5560 omnia
489 5508 785 5561 communia
838 5507 975 5579 (Act.
1029 5508 1134 5582 tv);
1176 5518 1351 5566 turtur
1398 5528 1548 5578 vero,
1591 5515 1684 5583 qui

74 5597 491 5669 singularitate
512 5599 729 5672 gaudet,
757 5600 889 5656 adeo
917 5608 976 5655 ut
1002 5601 1047 5656 si
1080 5602 1364 5674 conjugem
1404 5619 1536 5659 casu
1557 5620 1682 5675 per-

72 5687 330 5756 diderit,
378 5688 523 5745 solus
564 5689 759 5746 exinde
799 5699 1132 5762 permaneat,
1177 5694 1522 5766 speculativa:
1561 5695 1685 5753 vita

69 5781 348 5841 culmina
367 5785 667 5858 denuntiat,
694 5788 820 5863 quia
847 5796 904 5845 et
930 5803 1226 5864 paucorum
1246 5797 1331 5849 est
1354 5790 1457 5849 ista
1484 5790 1678 5849 virtus.

1797 1955 2017 2012 datione
2065 1968 2283 2016 aeternae
2338 1962 2560 2032 laetitiae,
2630 1974 2742 2022 tam
2784 1969 3023 2026 laetitiam
3072 1974 3366 2035 electorum

1795 2062 1960 2118 quam
1985 2048 2199 2105 laudem
2228 2052 2442 2109 Domini
2474 2056 2542 2110 ad
2571 2060 2891 2116 memoriam
2917 2063 3147 2120 reducit.
3177 2065 3234 2122 In
3258 2084 3367 2139 quo

1792 2152 1902 2192 non
1945 2147 2159 2209 oportet
2203 2141 2409 2212 aliquid
2452 2145 2734 2203 sinistrum
2789 2164 3004 2219 sonare,
3050 2156 3146 2211 sed
3195 2165 3367 2216 totum

1792 2229 2065 2299 dextrum,
2087 2233 2248 2302 quale
2274 2244 2361 2291 est
2378 2236 2434 2291 in
2455 2236 2638 2294 futura
2662 2239 2795 2295 vita.
2823 2241 2906 2298 Illi
2939 2254 3066 2302 sunt
3092 2248 3227 2304 recti
3251 2265 3371 2306 ver-

1792 2334 1885 2375 sus
1924 2336 2021 2392 per
2048 2338 2188 2393 quos
2234 2327 2557 2383 revertimur
2609 2331 2679 2385 ad
2703 2329 2951 2399 Alleluia,
2990 2336 3084 2406 qui
3128 2337 3372 2399 laetitiam

1791 2413 2051 2471 Ecclesiae
2093 2425 2148 2471 et
2190 2418 2403 2474 Domini
2440 2420 2656 2479 laudem
2684 2425 2805 2481 sine
2843 2428 3067 2484 tristitia
3112 2433 3371 2505 retinent,

1792 2509 1933 2565 sicut
1969 2520 2116 2577 sunt,
2141 2511 2402 2570 Dominus
2444 2518 2697 2587 regnavit,
2733 2520 2973 2576 decorem
2998 2523 3169 2579 induit
3193 2526 3367 2598 (Psal.

1791 2618 1949 2669 ιιιι,
1996 2603 2166 2676 xcvr).
2202 2605 2291 2671 Et,
2337 2606 2596 2663 Dominus
2648 2613 2907 2683 regnavit,
2945 2615 3173 2671 exsultet
3226 2626 3370 2676 terra

1793 2693 1968 2766 (Psal.
1983 2695 2163 2769 cxcv).
2183 2697 2270 2765 Et,
2288 2696 2502 2766 Lauda,
2524 2700 2703 2756 anima
2721 2719 2858 2772 mea,
2881 2705 3168 2764 Dominum
3191 2709 3365 2783 (Psal.

1792 2787 1963 2858 ιοιι).
2007 2787 2093 2852 Ει,
2120 2787 2357 2845 Jubilate
2390 2791 2501 2847 Deo
2544 2795 2712 2849 omnis
2735 2804 2876 2851 terra
2902 2796 3075 2869 (Psal.
3099 2803 3286 2872 cxxv),
3316 2814 3373 2862 et

1792 2881 1975 2937 caeteri
2002 2880 2155 2937 tales.
2179 2881 2240 2937 In
2260 2886 2607 2954 responsorio
2634 2887 3040 2959 seminavimus,
3069 2892 3125 2947 in
3155 2894 3370 2952 alleluia

1791 2972 2069 3028 metimus.
2102 2973 2179 3029 De
2204 2990 2312 3045 qua
2352 2991 2417 3032 re
2442 2977 2575 3032 dicit
2604 2977 2894 3036 Psalmista
2926 3000 2940 3037 :
2972 2982 3077 3050 Qui
3114 2987 3372 3045 seminant

1791 3062 1847 3117 in
1866 3061 2137 3134 lacrymis,
2163 3064 2218 3118 in
2242 3064 2594 3122 exsultatione
2616 3077 2828 3125 metent.

2379 3173 2608 3233 CAPUT
2645 3174 2785 3235 XIV.

2062 3260 2205 3328 Quid
2232 3263 2300 3317 sit
2329 3264 2470 3318 inter
2494 3263 2723 3320 Alleluia
2743 3274 2794 3321 et
2822 3266 3098 3326 Tractum.

1862 3374 1978 3430 Hoc
2006 3384 2091 3431 est
2132 3376 2274 3431 inter
2297 3375 2528 3432 Alleluia
2569 3386 2625 3433 et
2667 3388 2917 3448 tractum,
2948 3386 3092 3453 quod
3142 3385 3373 3445 Alleluia

1790 3462 2035 3518 iustitiam
2055 3464 2169 3519 sive
2194 3465 2405 3521 laudem
2432 3466 2680 3535 Domino,
2705 3478 2903 3528 tractus
2923 3488 3055 3530 vero
3075 3475 3365 3548 aliquando

1790 3553 2220 3622 tribulationem,
2252 3556 2545 3626 aliquando
2572 3556 2815 3615 laetitiam
2839 3572 3016 3619 sonat.
3046 3563 3368 3627 Tribulatio—

1791 3661 1946 3710 nem,
1980 3654 2066 3711 ut,
2119 3646 2197 3703 De
2232 3648 2546 3720 profundis;
2580 3658 2673 3717 ut,
2723 3649 3089 3725 Commouisti;
3133 3668 3216 3727 ut,
3263 3660 3369 3727 Qui

1790 3738 2025 3804 habitat;
2051 3747 2131 3808 ut,
2154 3741 2236 3794 Ad
2265 3749 2316 3796 te
2342 3740 2508 3797 levavi
2528 3742 2705 3798 oculos
2740 3760 2880 3801 meos
2895 3763 2915 3813 ;
2936 3757 3015 3814 ut,
3045 3747 3196 3821 Stepe
3216 3768 3375 3825 expu-

1790 3839 2080 3902 gnaverunt
2117 3847 2237 3899 me;
2280 3840 2360 3899 ut,
2407 3831 2574 3901 Deus,
2615 3833 2759 3890 Deus
2785 3852 2950 3893 meus.
2985 3837 3279 3910 Laetitiam,
3309 3852 3371 3901 ut

1789 3919 2024 3975 Jubilate
2065 3920 2332 3988 Domino;
2360 3930 2443 3989 ut,
2477 3922 2582 3991 Qui
2606 3925 2876 3995 confidunt
2912 3929 2969 3984 in
2992 3929 3256 3999 Domino;
3283 3942 3365 4002 ut,

1790 4012 2031 4068 Laudate
2071 4013 2380 4069 Dominum.
2413 4014 2545 4072 Post
2591 4017 2726 4073 duos
2767 4018 3135 4080 tribulationis
3176 4026 3369 4084 tertius

1791 4104 2034 4160 occurrit
2059 4103 2278 4172 latitia,
2318 4107 2577 4177 quoniam
2603 4117 2727 4179 post
2747 4110 2884 4166 duos
2910 4112 3029 4169 dies
3053 4115 3365 4185 sepulturae,

1792 4195 1987 4250 tertius
2037 4197 2278 4251 occurrit
2315 4200 2750 4256 resurrectionis.
2813 4200 2953 4259 Sunt
3014 4207 3212 4261 etenim
3262 4208 3369 4265 duo

1795 4302 1995 4358 genera
2044 4289 2476 4357 compunctionis
2506 4304 2521 4344 :
2551 4306 2721 4347 unum
2764 4292 2995 4361 timoris,
3039 4303 3095 4352 et
3140 4296 3372 4356 alterum

1793 4378 2017 4433 amoris.
2058 4377 2250 4434 Timor
2276 4380 2333 4435 in
2360 4380 2571 4451 duobus
2596 4382 2878 4453 dividitur,
2903 4385 2972 4442 de
3011 4387 3210 4459 quibus
3237 4389 3371 4447 dicit

1789 4466 1997 4524 Isaias:
2026 4466 2166 4524 Ecce
2186 4486 2281 4540 ego
2319 4472 2487 4537 venio,
2517 4472 2858 4544 cogitationes
2881 4484 2932 4530 et
2956 4493 3115 4548 opera
3147 4488 3206 4533 ut
3239 4496 3367 4536 con-

1709 4596 1764 4657 Β
1790 4572 1998 4657 gregem
2022 4557 2171 4657 (Isa.
2214 4558 2401 4657 vat)._
2431 4560 2609 4657 Verba
2650 4562 2706 4617 in
2754 4565 3170 4657 cogitationibus
3219 4584 3371 4627 com-

1792 4650 2222 4719 prehenduntur.
2274 4650 2643 4723 Cogitationes
2695 4654 2863 4711 verba
2904 4664 3032 4714 sunt
3082 4660 3271 4730 animi,
3316 4669 3375 4720 et

1792 4742 2004 4798 radices
2044 4745 2334 4801 verborum
2371 4748 2705 4804 sonantium.
2731 4748 2903 4806 Amor
2936 4752 3229 4822 singularis
3259 4765 3363 4812 est.

1795 4832 1971 4889 Unum
1995 4836 2098 4890 scit
2126 4850 2311 4891 amare
2340 4846 2395 4892 et
2424 4844 2633 4908 petere,
2662 4856 2832 4895 unum
2859 4842 2987 4898 illud
3015 4844 3082 4899 de
3113 4861 3221 4914 quo
3242 4862 3371 4916 pro-

1791 4926 1955 4995 pheta
1979 4927 2111 4982 dicit
2140 4944 2154 4980 :
2187 4926 2357 4982 Unam
2374 4930 2500 4999 petii
2529 4948 2562 4983 a
2600 4931 2846 4998 Domino,
2868 4933 3005 4988 hanc
3028 4937 3291 5007 requiram
3317 4949 3375 4997 ut

1792 5015 2075 5071 inhabitem
2096 5018 2152 5072 in
2178 5018 2334 5072 domo
2359 5018 2573 5073 Domini
2599 5020 2775 5092 (Psal.
2804 5024 2975 5080 ιιινὶ.

2386 5127 2614 5189 CAPUT
2652 5131 2768 5191 XV.

2162 5216 2242 5273 De
2266 5219 2644 5291 exspoliatione
2666 5224 2986 5283 casularum.

1864 5325 2097 5384 Ministri
2136 5330 2319 5387 casula
2373 5346 2432 5389 se
2477 5342 2685 5390 exuunt
2732 5337 2949 5405 quando
2985 5336 3211 5399 lectoris
3256 5342 3374 5400 sive

1792 5421 2036 5478 cantoris
2072 5423 2311 5481 ofﬁcium
2356 5434 2659 5482 assumunt.
2713 5428 2771 5483 In
2828 5428 3047 5485 lectoris
3090 5431 3267 5490 ollicio
3314 5440 3373 5491 et

1789 5514 2031 5570 cantoris
2051 5515 2270 5588 aliquod
2294 5533 2466 5588 genus
2500 5518 2705 5573 militiae
2725 5520 3068 5590 exprimitur,
3093 5523 3193 5579 soli
3222 5526 3368 5583 enim

1790 5606 2044 5662 militanti
2069 5608 2125 5663 in
2153 5608 2409 5673 lectione,
2434 5608 2548 5664 sive
2573 5610 2627 5664 in
2661 5611 2812 5667 vocis
2834 5612 3217 5671 modulatione.
3241 5614 3370 5674 Haec

1788 5698 1966 5758 ofﬁcia
1993 5701 2202 5773 agendo
2226 5708 2382 5757 extra
2410 5701 2637 5759 chorum
2667 5713 2886 5760 exeunt.
2917 5704 3057 5774 Quid
3083 5708 3185 5764 hoc
3220 5708 3367 5767 aliud

1789 5793 2084 5867 signiﬁcat,
2129 5793 2235 5853 nisi
2282 5793 2386 5851 iter
2414 5794 2559 5879 quod
2587 5795 2918 5868 arripuimus
2950 5813 3050 5876 pro
3092 5799 3362 5864 communi
