3978 6446
584 272 722 329 1123

1609 265 1943 325 AMALARII
1979 263 2415 323 PRESBYTER!
2452 262 2798 321 METENSIS

3744 267 3873 326 ιω

579 358 904 449 necessitate
924 387 1152 444 fratrum
1170 387 1195 443 ?
1214 393 1271 444 et
1285 385 1396 457 jam
1425 386 1558 443 talia
1583 395 1709 443 sunt
1734 386 1823 441 illa
1846 400 2009 455 opera
2033 398 2153 453 quae
2179 387 2232 447 Α
2254 379 2354 453 γι).
2385 379 2663 450 Siquidem
2691 377 2898 436 fecerat
2929 377 3185 437 Salomon
3209 380 3385 439 basim
3407 395 3683 449 aeneam,
3707 392 3766 440 et
3788 404 3873 459 po-

581 483 870 554 signantur
890 470 994 551 per
1026 481 1286 545 casulum,
1317 488 1379 534 ut
1405 494 1511 534 non
1542 480 1750 550 possint
1797 476 2077 531 observari
2100 476 2156 529 in

582 577 796 631 itinere.
837 572 991 628 Unde
1037 566 1182 626 Beda
1221 586 1278 625 tn
1321 579 1557 625 tractatu
1605 584 1769 641 super
1808 568 2011 623 Lucam
2041 586 2053 621 :
2083 566 2154 621 At

580 681 710 723 vero
761 665 979 729 fantem,
1018 664 1188 728 sitim,
1221 662 1450 733 vigilias,
1491 662 1809 727 nuditatem,
1843 661 2153 725 lectionem,

580 759 961 833 psalmodiam,
992 756 1318 821 orationem,
1350 756 1593 812 laborem
1627 756 1910 827 operandi,
1948 754 2154 810 doctri-

581 864 728 914 nam,
759 848 1057 913 silentium,
1079 856 1136 901 et
1158 854 1352 902 caetera
1372 846 1700 916 huiusmodi,
1726 846 1773 900 si
1797 846 1918 918 quis
1941 858 2157 923 semper

581 938 924 1009 exsequenda
969 937 1257 1007 putaverit,
1289 952 1397 991 non
1436 937 1601 991 modo
1628 952 1689 992 se
1735 936 1927 990 horum
1970 934 2151 988 fructu

581 1027 835 1101 privabit,
864 1025 959 1082 sed
984 1033 1040 1082 et
1064 1034 1246 1081 notam
1268 1025 1574 1082 indiscreta:
1597 1026 2000 1090 obstinationis,
2041 1024 2157 1078 imo

580 1119 826 1176 stultitim
851 1117 1170 1187 pervicacis,
1208 1118 1448 1173 incurret
1474 1118 1533 1188 1'.
1578 1118 1769 1173 Albam
1818 1118 1935 1172 sine
1964 1115 2151 1171 casula

581 1221 760 1283 portat
794 1213 965 1268 lector
991 1226 1087 1267 seu
1113 1219 1307 1267 cantor
1330 1212 1385 1266 in
1409 1211 1671 1282 singulari
1706 1209 1905 1275 odieio,
1936 1212 2151 1280 quando

580 1304 872 1376 prudenter
898 1310 953 1357 et
982 1309 1207 1358 strenuus
1226 1301 1336 1373 agit
1362 1311 1551 1357 contra
1575 1300 1969 1357 oblectamenta
1997 1316 2154 1355 mun-

580 1394 652 1459 di,
701 1402 757 1450 et
801 1394 963 1450 talem
1006 1410 1067 1450 se
1094 1393 1296 1464 praebet
1338 1392 1594 1448 fratribus
1629 1394 1685 1447 in
1732 1393 2155 1449 necessitatibus

579 1487 986 1560 teniporalibus,
1015 1495 1076 1543 ut
1104 1503 1136 1542 a
1152 1487 1397 1559 pluribus
1420 1487 1590 1556 possit
1615 1487 1839 1543 imitari.

1156 1596 1385 1654 CAPUT
1419 1596 1555 1655 XVI.

1129 1714 1138 1722 -
1188 1687 1271 1744 De
1302 1687 1512 1743 tabulis.

652 1794 854 1869 Scribit
873 1800 1016 1858 Beda
1042 1801 1098 1857 in
1118 1804 1357 1857 tractatu
1382 1799 1567 1856 Esdrm
1589 1816 1602 1854 :
1624 1800 1948 1857 Laudabunt
1967 1808 2151 1859 autem

581 1886 867 1943 Dominum
894 1887 1094 1945 Levita:
1120 1905 1218 1962 per
1252 1906 1445 1947 manus
1474 1871 1665 1955 David,
1705 1892 1821 1947 sive
1852 1894 1907 1948 in
1931 1894 2153 1966 organis

578 1992 696 2048 quae
715 1977 830 2049 ipse
855 1977 1003 2045 fecit,
1032 1981 1145 2037 sive
1164 1981 1400 2054 psalmos
1422 2000 1558 2055 quos
1582 1984 1697 2055 ipse
1729 1985 1987 2052 instituit,
2020 2003 2153 2051 con-

578 2070 839 2127 cinentes.
870 2071 1072 2127 Eorum
1099 2074 1215 2128 vice
1245 2081 1435 2130 cantor
1464 2076 1581 2133 sive
1615 2076 1793 2148 aliqua
1825 2079 2151 2137 necessitate

577 2158 790 2230 legendi
834 2169 980 2217 tenet
1022 2162 1233 2220 tabulas
1289 2165 1345 2220 in
1401 2166 1672 2234 manibus,
1700 2176 1762 2235 ut
1791 2167 1988 2240 ﬁguret
2018 2171 2152 2229 illud

574 2249 872 2307 Psalmistm
896 2268 909 2305 :
935 2250 1173 2315 Laudent
1193 2272 1380 2317 nomen
1402 2257 1516 2328 ejus
1547 2258 1603 2311 in
1626 2258 1783 2311 choro
1804 2268 1855 2313 et
1877 2268 2145 2339 tympano,

572 2350 624 2397 et
659 2341 905 2412 psalterio
933 2343 1163 2415 psallunt
1205 2347 1273 2401 ei.
1310 2344 1461 2405 Unde
1508 2348 1842 2421 Augustinus
1872 2351 1924 2404 in
1957 2352 2149 2411 eodem

570 2437 782 2507 pSalmo
828 2452 845 2492 :
876 2436 1052 2505 Quare
1097 2440 1326 2505 assumit
1350 2449 1668 2515 tympanum
1696 2448 1753 2497 et
1786 2443 2149 2517 psalterium?

570 2535 633 2583 ut
661 2543 772 2584 non
804 2528 917 2584 sola
944 2541 1080 2585 voce
1104 2526 1302 2597 laudet,
1332 2531 1427 2587 sed
1456 2540 1513 2589 et
1541 2547 1726 2604 opere.
1753 2533 1976 2591 Tabulze
2006 2551 2146 2607 quas

572 2625 763 2675 cantor
776 2612 845 2674 in
870 2633 1034 2676 manu
1060 2628 1227 2686 tenet,
1254 2621 1432 2683 solent
1458 2621 1577 2678 ﬁeri
1601 2624 1668 2683 de
1694 2641 1837 2693 osse,
1863 2627 1990 2697 quia
2035 2626 2146 2684 for-

572 2718 681 2767 tem
706 2713 1164 2783 perseverantiam
1206 2715 1421 2797 signant
1447 2718 1717 2775 bonarum
1754 2721 2149 2793 cogitationum

570 2807 628 2861 et
648 2804 913 2861 bonorum
943 2819 1188 2877 operum,
1214 2806 1369 2877 juxta
1392 2808 1748 2885 Evangelium
1780 2833 1793 2868 :
1827 2813 1932 2883 Qui
1971 2827 2149 2871 autem

571 2898 970 2967 perseveraverit
1002 2912 1165 2968 usque
1202 2899 1256 2954 in
1283 2898 1463 2969 ﬁnem,
1494 2902 1579 2958 hic
1619 2903 1795 2961 salvus
1821 2907 1919 2962 erit
1970 2904 2144 2982 (Psal.

572 2986 777 3059 cxux).
818 2984 917 3042 Vel
953 2987 1169 3059 signant
1219 2990 1568 3049 dilectionem
1620 2995 1717 3051 Dei
1760 3008 1816 3053 et
1857 3001 2092 3069 proximi
2130 3020 2143 3056 :

574 3076 705 3145 Qua:
737 3077 951 3134 dilectio
975 3079 1080 3133 nisi
1108 3095 1271 3150 opera
1292 3081 1508 3151 habeat,
1540 3101 1678 3141 vana
1705 3096 1791 3143 est
1816 3087 2032 3163 (Matth.
2064 3093 2141 3165 χ).
2175 3120 2221 3183 C

574 3169 915 3241 Quapropter
976 3179 1229 3228 tenentur
1276 3172 1334 3228 in
1381 3191 1567 3243 manu,
1620 3187 1681 3233 ut
1733 3181 1951 3238 dilectio
1995 3185 2143 3240 vocis

573 3273 895 3320 exerceatur
940 3279 1043 3337 per
1102 3280 1255 3338 Opus.
1314 3268 1467 3326 Unde
1516 3270 1661 3327 idem
1725 3275 1818 3344 qui
1878 3291 2041 3347 supra
2089 3279 2148 3334 in

573 3354 791 3427 psaltria
804 3357 1101 3419 centesimo
1119 3359 1539 3432 quadragesimo
1550 3364 1968 3437 nono':,Quando
1990 3383 2146 3423 assu-

571 3447 671 3503 mit
690 3455 1002 3519 tympanum
1022 3458 1080 3505 et
1098 3451 1437 3521 psalterium,
1461 3469 1658 3512 manus
1679 3458 1972 3514 concinnat
1991 3456 2145 3515 voci:

574 3537 657 3598 sic
678 3547 735 3595 et
758 3548 815 3596 tu
857 3541 904 3596 si
930 3542 1147 3612 quando
1171 3551 1366 3600 cantas
1394 3544 1647 3613 Altetuia,
1693 3550 1942 3622 porrigas
1966 3559 2021 3606 et
2052 3568 2150 3623 pa-

574 3643 699 3695 nem
748 3633 1032 3702 exurienti,
1085 3634 1288 3692 vestias
1333 3639 1558 3706 nudum,
1590 3642 1854 3712 suscipias
1903 3645 2149 3717 peregri-

573 3739 725 3791 num,
761 3740 869 3783 non
903 3726 1018 3783 salu
1047 3743 1153 3784 vox
1192 3738 1373 3797 sonat,
1398 3733 1494 3787 sed
1515 3741 1573 3789 et
1601 3749 1794 3789 manus
1822 3748 2147 3806 consonant,

575 3817 702 3886 quia
722 3817 907 3872 verbis
933 3816 1074 3873 facta
1104 3822 1460 3878 concordant.
1489 3823 1530 3894 τ
1551 3823 1753 3881 Versus
1773 3826 2000 3881 Alleluia
2030 3836 2153 3882 tan-

578 3909 656 3978 git
680 3917 957 3965 cautorem
991 3912 1242 3981 interius,
1270 3922 1331 3969 ut
1365 3914 1568 3985 cogitet
1596 3916 1651 3970 in
1677 3931 1785 3986 quo
1812 3918 2006 3973 debeat
2035 3919 2152 3974 lau-

578 4000 707 4056 dare
738 4000 1044 4072 Dominum,
1095 4012 1189 4061 aut
1232 4008 1288 4061 in
1339 4023 1447 4078 quo
1475 4008 1665 4064 laetari.
1716 4010 1839 4066 Hice
1873 4011 2148 4082 jubilatio,

576 4108 742 4165 quam
779 4104 1032 4155 cantores
1061 4095 1393 4171 Sequentiam
1435 4109 1652 4167 vocant,
1680 4109 1879 4157 statum
1902 4103 2050 4158 illum
2082 4106 2152 4162 ad

577 4195 813 4242 mentem
838 4199 1078 4245 nostram
1119 4192 1290 4259 ducit,
1330 4195 1550 4264 quando
1574 4209 1679 4249 non
1710 4196 1814 4250 erit
1843 4199 2151 4254 necessaria

576 4277 777 4334 locutio
800 4281 1113 4348 verborum,
1143 4284 1238 4339 sed
1280 4284 1396 4339 sola
1426 4285 1752 4356 cogitatione
1801 4304 1955 4345 mens
1980 4291 2149 4346 menti

576 4372 922 4439 monstrabit,
952 4376 1096 4445 quod
1129 4376 1326 4432 retinet
1349 4378 1403 4432 in
1449 4392 1527 4433 se.
1561 4378 1776 4436 Finitur
1797 4382 1885 4439 hic
1912 4386 2149 4442 secunda

575 4462 828 4529 periocha
884 4466 1299 4534 praedicationis.
1334 4468 1519 4539 Usque
1552 4472 1620 4526 ad
1660 4483 2017 4529 memoratum
2047 4485 2158 4531 sta—
2180 4477 2235 4539 D

577 4559 695 4604 tum
739 4555 907 4607 currit
960 4570 1137 4611 sermo
1186 4559 1610 4630 praedicationis,
1665 4579 1785 4634 quae
1836 4567 1975 4622 ultra
2026 4576 2152 4625 sunt

580 4640 759 4698 relatu
784 4653 911 4700 sunt
949 4646 1047 4703 alis
1074 4652 1347 4720 seraphin.

1170 4756 1399 4818 CAPUT
1435 4762 1597 4833 μνη.

1004 4845 1083 4921 De
1116 4866 1332 4908 ascensu
1359 4854 1413 4909 in
1440 4855 1717 4928 pulpitum.

648 4950 849 5009 Lector
866 4964 920 5011 et
939 4966 1130 5025 cantor
1163 4960 1218 5017 in
1255 4964 1479 5039 gradum
1508 4967 1808 5035 ascendunt
1838 4986 1989 5031 more
2015 4975 2153 5045 anti-

579 5058 833 5115 quorum,
866 5046 1021 5116 juxta
1052 5052 1194 5120 quod
1239 5057 1500 5131 scriptum
1537 5069 1621 5117 est
1658 5061 1713 5116 in
1747 5061 1917 5120 Esdra
1950 5084 1966 5121 :
1998 5065 2149 5124 Stetit

579 5144 756 5190 autem
801 5136 1004 5193 Esdras
1043 5142 1212 5196 scriba
1255 5158 1413 5215 super
1446 5150 1668 5229 gradum
1701 5151 1950 5225 ligneum,
1996 5175 2150 5229 quem

576 5224 774 5320 fecerat
805 5228 875 5282 ad
901 5228 1213 5301 loquendum
1241 5231 1327 5305 (II
1349 5234 1479 5292 Esd.
1508 5224 1652 5312 Vill);
1685 5242 1760 5298 Et
1780 5247 1938 5317 paulo
1968 5224 2090 5320 post
2132 5269 2145 5306 :

579 5312 753 5410 Super:
794 5320 1093 5410 turturum
1128 5326 1316 5396 quippe
1358 5329 1607 5399 populum
1654 5312 1927 5393 eminebat.
1968 5312 2153 5410 ’Hujus

578 5407 708 5475 loci,
743 5418 805 5465 ut
827 5408 970 5467 Beda
995 5414 1072 5467 ait
1102 5413 1154 5469 in
1183 5418 1399 5481 eodem,
1428 5421 1643 5477 videtur
1673 5430 1982 5485 meminisse
2008 5407 2155 5488 scri«

581 5511 743 5569 ptura
784 5502 1249 5576 Paralipomenon,
1300 5511 1387 5565 ubi
1438 5514 1642 5570 dictum
1689 5526 1790 5583 est,
1833 5521 1962 5588 quia
2009 5524 2158 5579 stetit

586 5590 839 5651 Salomon
866 5612 1049 5653 eorum
1085 5601 1241 5656 altari
1280 5604 1489 5660 Domini
1528 5623 1594 5662 ex
1639 5610 1864 5668 adverso
1894 5616 2158 5674 universae

585 5682 944 5745 multitudinis
969 5690 1160 5759 lsrael,
1190 5700 1246 5749 et
1269 5696 1512 5754 extendit
1532 5715 1726 5759 manus
1752 5718 1876 5759 suas
1901 5702 1989 5776 (ll
2020 5704 2155 5764 Par.

2255 479 2439 526 suerat
2461 485 2581 525 eam
2604 471 2657 525 in
2686 471 2862 526 medio
2884 470 3141 538 basilicae,
3167 474 3466 530 habentem
3505 477 3773 546 quinque
3793 495 3871 535 cu-

2252 565 2392 619 bitos
2429 563 2782 634 longitudinis
2802 605 2817 629 ,
2846 573 2900 619 et
2926 567 3165 637 quinque
3195 569 3408 624 cubitus
3446 569 3799 637 latitudinis,
3819 584 3866 631 et

2256 665 2363 711 tres
2385 658 2593 711 cubitus
2622 657 2675 710 in
2711 657 2878 712 altum
2916 659 3174 731 stetitque
3205 676 3367 732 super
3391 677 3563 717 eam.
3612 663 3676 718 In
3706 668 3862 724 Inan

2253 762 2484 817 namque
2513 747 2771 815 basilicae,
2822 750 2878 804 in
2927 751 3105 805 medio
3141 752 3275 808 dicit
3311 756 3445 809 atrii
3487 760 3859 829 sacerdotum,

2253 853 2372 907 quae
2408 838 2630 893 basilica
2671 838 2846 910 major
2897 841 3160 896 atriorum
3210 847 3575 903 exteriorum
3614 851 3766 906 omni
3800 868 3857 914 ex

2250 935 2405 994 parte
2430 927 2613 996 templi
2643 938 2759 983 erat
2784 929 3137 985 circumdata.
3182 933 3258 987 De
3285 936 3503 1007 quibus
3532 942 3791 1010 superius
3810 945 3853 999 in

2252 1018 2440 1071 eodem
2469 1017 2608 1072 libro
2652 1021 2914 1091 scriptum
2937 1030 3058 1077 est:
3086 1022 3237 1079 Fecit
3264 1029 3431 1082 etiam
3461 1032 3681 1086 atrium
3703 1052 3853 1089 mera

2250 1107 2453 1172 dorum,
2488 1120 2535 1163 et
2570 1109 2841 1165 basilicam
2871 1114 3144 1184 grandem.
3198 1117 3402 1174 Verum
3438 1124 3586 1191 quia
3616 1124 3853 1201 Salonam

2251 1200 2404 1268 quasi
2450 1214 2567 1266 rex,
2600 1201 2785 1257 basem
2820 1201 2950 1259 fecit
2981 1221 3208 1274 aeneam,
3249 1226 3420 1279 porro
3464 1213 3684 1271 Esdras
3714 1222 3849 1291 quasi

2250 1292 2477 1347 minoris
2512 1294 2768 1363 potentiae
2791 1336 2805 1361 ,
2845 1297 3072 1366 gradum
3116 1299 3187 1353 ad
3236 1302 3595 1372 loquendum
3631 1308 3842 1378 ligneum

2250 1383 2552 1437 constituit.
2589 1382 2742 1440 Sicut
2774 1387 2936 1441 etiam
2982 1387 3238 1446 Salomon
3282 1395 3400 1450 sive
3436 1395 3665 1467 Moyses
3692 1401 3840 1458 altare

2250 1480 2551 1536 holocausti
2592 1480 2837 1537 fecerunt
2885 1498 3128 1552 aeneum,
3164 1503 3264 1558 pro
3309 1505 3425 1560 quo
3468 1491 3575 1547 filii
3612 1500 3840 1551 nunsmi-

2250 1575 2512 1645 grationis
2537 1585 2899 1645 reposuerunt
2927 1578 3217 1650 lapideum.
3250 1581 3364 1638 Sed
3404 1602 3526 1641 non
3558 1597 3643 1644 est
3669 1601 3838 1662 putan-

2250 1665 2420 1736 dum,
2470 1669 2699 1725 miuoris
2749 1679 3154 1728 sacramentum
3197 1674 3576 1745 perfectionis
3626 1681 3837 1755 ligneum

2178 1746 2227 1807 B
2255 1760 2501 1831 gradum,
2545 1776 2708 1831 quam
2748 1762 2938 1818 basem
2984 1763 3187 1821 habere
3223 1783 3463 1823 aeneam.
3512 1746 3695 1839 Quod.
3710 1777 3837 1845 enim

2253 1866 2395 1921 saepe
2434 1850 2636 1906 dictum
2674 1860 2778 1919 est,
2824 1854 2967 1910 sicut
3002 1870 3077 1910 tes
3123 1870 3225 1927 pro
3263 1859 3639 1929 diuturnitate
3665 1868 3838 1936 perdu-

2252 1944 2429 2010 randi,
2452 1943 2539 2000 vel
2564 1946 2829 2001 suavitate
2857 1948 3107 2015 sonandi,
3136 1949 3338 2005 divinis
3364 1956 3638 2025 competit
3672 1972 3838 2013 sacra-

2251 2036 2468 2102 mentis,
2497 2051 2615 2106 quae
2639 2037 2782 2091 nulla
2822 2039 3145 2095 saeculorum
3187 2041 3535 2115 longitudine
3564 2050 3837 2123 deficiunt,

2252 2136 2307 2181 et
2334 2126 2389 2181 in
2418 2143 2633 2183 omnem
2669 2138 2872 2184 terram
2897 2131 3065 2186 exivit
3100 2147 3267 2189 sonus
3295 2150 3483 2197 eorum
3506 2135 3630 2206 (Pr.
3660 2142 3837 2215 nm),

2250 2218 2322 2273 ita
2351 2219 2512 2273 etiam
2535 2218 2737 2293 lignum
2765 2219 2969 2275 eisdem
2999 2221 3279 2291 aptissime
3301 2231 3565 2299 congmit,
3602 2246 3839 2306 propter

2249 2307 2496 2363 videlicet
2534 2309 2833 2378 trophmum
2861 2311 3157 2367 Dominicac
3191 2316 3462 2385 passionis.
3495 2317 3678 2390 Super
3707 2325 3839 2378 uui-

2247 2411 2467 2452 versum
2494 2411 2624 2469 ergo
2648 2399 2904 2470 populum
2931 2402 3172 2471 pontifex
3193 2406 3393 2461 eminet
3413 2412 3633 2479 quando
3662 2413 3714 2471 is
3742 2415 3837 2485 qui

2248 2489 2475 2558 gradum
2523 2489 2761 2546 doctoris
2810 2492 3026 2563 accipit,
3079 2495 3276 2550 merito
3317 2498 3445 2552 vine
3496 2500 3833 2571 perfectioris

2248 2581 2518 2636 actionem
2564 2582 2707 2656 vulgi
2751 2584 3108 2640 transcendit.
3154 2585 3273 2643 Stat
3321 2598 3512 2645 autem
3563 2593 3625 2646 in
3674 2596 3831 2665 gradu

2245 2671 2445 2742 ligneo,
2481 2688 2640 2745 quem
2667 2674 2869 2731 fecerat
2908 2674 2977 2729 ad
3016 2675 3371 2748 loquendum,
3400 2684 3630 2752 quando
3666 2686 3832 2759 singu-

2246 2764 2349 2821 lari
2420 2765 2722 2822 imitatione
2782 2767 3077 2823 Dominicat
3135 2771 3411 2841 passionis
3487 2775 3737 2833 altiorem
3778 2793 3830 2836 se

2248 2859 2462 2914 cmteris
2500 2858 2650 2915 facit.
2697 2860 2852 2916 Unde
2887 2862 3084 2931 merito
3118 2860 3380 2919 ﬁduciam
3408 2865 3588 2923 libere
3624 2870 3824 2924 verbum

2250 2948 2348 3005 Dei
2377 2951 2704 3021 praedicandi
2732 2952 2963 3008 obtinet.
2994 2951 3130 3007 Nam
3158 2955 3251 3025 qui
3277 2958 3608 3025 passionem
3636 2961 3824 3016 Domini

2245 3055 2346 3111 pro
2378 3057 2476 3097 suo
2510 3042 2727 3097 modulo
2757 3045 3054 3100 contemnit
3086 3045 3313 3115 imitari,
3347 3053 3594 3107 necdum
3620 3054 3823 3125 gradum

2251 3131 2510 3203 ligneum,
2534 3135 2677 3191 unde
2713 3136 2915 3192 inlimis
2942 3140 3371 3211 superemineat,
3402 3147 3674 3201 ascendit.
3698 3147 3825 3202 lden-

2251 3239 2356 3293 que
2398 3240 2624 3281 necesse
2663 3235 2748 3283 cst
2787 3229 2912 3284 talis
2942 3232 3123 3287 scriba
3150 3234 3399 3304 trepidus
3436 3249 3709 3310 praecepta
3742 3239 3828 3294 Do-

2249 3315 2384 3370 mini
2409 3318 2686 3387 prmdicet,
2726 3319 2923 3376 timens
2949 3322 3063 3378 sive
3097 3325 3433 3384 erubescens
3485 3344 3557 3385 ea
3595 3332 3825 3403 quam

2251 3420 2361 3461 non
2381 3406 2532 3474 fecit,
2568 3407 2690 3464 aliis
2716 3407 2962 3465 facienda
2989 3426 3324 3481 praeponere.

2818 3500 3048 3557 CAPUT
3082 3503 3270 3559 XVIII.

2544 3591 2619 3648 De
2644 3593 2857 3649 diaconi
2886 3598 3189 3653 ascensione
3212 3598 3267 3654 in
3296 3600 3566 3657 tribunal.

2321 3682 2584 3739 Tribunal
2635 3694 2794 3741 vocat
2840 3686 3142 3757 Cyprianus
3191 3689 3437 3760 gradum,
3468 3707 3645 3766 super
3684 3710 3828 3767 quem

2253 3776 2505 3832 ascendit
2532 3777 2795 3834 diaconus
2829 3778 2896 3833 ad
2930 3779 3242 3851 legendum,
3271 3784 3524 3843 scribens
3546 3790 3619 3845 ad
3644 3790 3831 3846 clerum

2252 3874 2309 3922 et
2335 3868 2547 3936 plebem
2582 3868 2649 3923 de
2682 3867 2931 3925 Celerino
2971 3870 3284 3929 confessore
3322 3874 3534 3932 lectore
3572 3881 3830 3936 ordinato.

2252 3956 2601 4014 Estimatum
2630 3969 2721 4034 est.
2756 3976 2785 4015 a
2822 3978 2940 4017 mea
2970 3966 3261 4033 parvitate,
3286 3977 3352 4021 ut
3380 3970 3613 4025 sanctior
3632 3988 3838 4043 cogno-

2252 4056 2438 4104 scatur
2460 4050 2692 4121 dignitas
2715 4051 2946 4119 diaconi,
2978 4062 3033 4109 et
3070 4056 3391 4128 magnitudo
3414 4060 3696 4117 ministerii
3715 4063 3836 4134 eius

2252 4142 2421 4197 verba
2467 4142 2633 4211 ipsius
2683 4143 2939 4215 Cypriani
2971 4149 3235 4216 ponenda,
3268 4166 3333 4207 ac
3370 4162 3564 4223 postea
3598 4167 3832 4213 nostrum

2252 4234 2500 4290 ordinem
2548 4254 2560 4289 :
2613 4234 2766 4292 llunc
2809 4237 2877 4293 ad
2922 4255 3040 4306 nos,
3081 4240 3283 4299 fratres
3326 4245 3695 4315 dilectissimi,
3724 4265 3830 4306 cun

2252 4334 2403 4382 tanta
2447 4327 2660 4382 Domini
2708 4330 3017 4399 dignatione
3066 4335 3375 4392 venientem
3433 4343 3748 4399 testimonio
3781 4352 3830 4398 et

2260 4418 2525 4474 miraculo
2547 4420 2664 4491 eius
2694 4421 2886 4492 ipsius,
2920 4425 3012 4494 qui
3038 4439 3096 4481 se
3129 4438 3452 4498 persecutus
3484 4432 3700 4500 fuerat,
3725 4434 3828 4489 illu-

2261 4518 2462 4580 strem,
2514 4514 2645 4584 quid
2693 4513 2835 4571 aliud
2886 4532 3053 4587 quam
3094 4534 3257 4590 super
3301 4522 3624 4593 pulpitum?
3667 4527 3718 4581 id
3760 4534 3831 4583 ei

2255 4620 2419 4673 super
2465 4605 2705 4659 tribunal
2753 4605 3007 4663 Ecclesize
3052 4612 3335 4680 Oportebat
3377 4614 3614 4684 imponi,
3656 4630 3713 4673 ut
3741 4618 3828 4673 loti

2258 4696 2465 4752 altioris
2492 4699 2738 4755 celsitate
2760 4702 3040 4769 subnixus,
3068 4713 3124 4759 et
3147 4704 3287 4775 plebi
3319 4707 3599 4767 universa:
3627 4728 3725 4782 pro
3744 4712 3829 4767 bo-

2258 4786 2407 4841 noris
2452 4789 2536 4843 sui
2581 4790 2831 4846 claritate
2869 4795 3232 4863 conspicuus,
3280 4797 3425 4870 legat
3468 4814 3746 4874 praecepta
3786 4812 3833 4859 et

2257 4875 2607 4949 Evangelium
2638 4882 2871 4948 Domini,
2909 4900 3029 4955 quae
3062 4885 3278 4944 fortiter
3300 4904 3362 4945 ac
3400 4890 3647 4949 fideliter
3668 4895 3835 4966 sequi-

2255 4976 2347 5024 tur
2380 4988 2395 5025 :
2430 4970 2547 5027 Vox
2582 4970 2874 5030 Dominum
2902 4976 3171 5045 confessa,
3200 4981 3255 5034 in
3296 4981 3382 5038 bis
3417 4999 3547 5053 qua
3587 4986 3834 5041 Dominus

2255 5062 2470 5118 locutus
2512 5071 2597 5118 est
2631 5065 2917 5122 audiatur?
2944 5067 3152 5124 Viderit
3180 5084 3249 5125 an
3284 5074 3354 5127 sit
3385 5074 3623 5132 ulterior
3646 5079 3833 5151 gradus

2256 5154 2325 5209 ad
2344 5156 2825 5227 quemproliscisci
2854 5159 3087 5233 [proﬁci]
3111 5162 3167 5217 in
3183 5163 3427 5220 Ecclesia
3453 5170 3673 5238 possit!
3699 5170 3833 5225 Nihil

2256 5252 2339 5300 est
2375 5245 2429 5299 in
2459 5261 2567 5316 quo
2592 5249 2763 5318 magis
2804 5249 3084 5305 confessor
3128 5251 3388 5310 fratribus
3423 5259 3640 5326 prosit,
3681 5276 3831 5330 quam

2256 5343 2319 5393 ut
2343 5353 2465 5393 cum
2490 5337 2813 5411 Evangelica
2852 5340 3012 5397 lectio
3036 5345 3103 5398 dc
3129 5358 3224 5398 ore
3251 5345 3369 5416 ejus
3399 5348 3653 5417 auditur,
3676 5351 3834 5407 lecto-

2259 5431 2333 5485 ris
2358 5429 2520 5485 lidem
2546 5432 2795 5502 quisquis
2835 5433 3101 5502 audierit,
3135 5436 3393 5492 imitetur.
3436 5437 3763 5514 Jungendus
3784 5444 3835 5499 iu

2257 5520 2487 5576 lectione
2514 5521 2734 5576 Aurelio
2768 5521 2965 5589 fuerat,
3008 5540 3131 5579 cum
3167 5542 3276 5597 quo
3308 5538 3362 5584 et
3400 5531 3576 5588 divini
3616 5535 3836 5590 honoris

2259 5617 2515 5671 societate
2541 5617 2862 5687 conjunctus
2892 5629 2995 5674 cst.
3028 5620 3097 5674 Et
3122 5625 3283 5690 paulo
3306 5634 3430 5695 post
3456 5645 3471 5679 :
3499 5625 3619 5683 llos
3654 5637 3837 5685 tamen

2261 5709 2490 5766 lectores
2524 5710 2742 5768 interim
2770 5712 3096 5773 constitutos
3132 5715 3351 5786 sciatis,
3391 5718 3517 5790 quia
3547 5722 3837 5792 Oportebat

3374 6442 3407 6446 __
3493 6442 3516 6446 _
3584 6442 3623 6446 γ..
3694 6443 3721 6446 _
3786 6443 3815 6446 __
3856 6436 3888 6444 .-
