3978 6456
151 279 274 341 1125

846 279 934 336 DE
973 278 1528 337 ECCLESIASTICIS
1568 278 1853 336 OFFICIIS
1893 281 2070 338 LIBRI
2107 283 2195 340 IV.
2234 315 2308 336 -τ-
2343 287 2474 342 LIB.
2502 287 2590 345 IIl.

3268 297 3406 358 “26

149 401 346 456 lucerna
387 411 552 478 super
574 396 957 454 candelabrum
993 396 1142 468 poni,
1176 395 1318 449 unde
1344 395 1595 448 omnibus
1627 393 1705 447 lu-
1736 400 1782 460 Α
1812 396 1952 466 gclii,
1981 397 2162 451 (.‘loria
2196 399 2309 464 tibi,
2343 399 2561 456 Domine
2589 401 2739 473 (an.
2770 403 3046 476 vm).Hoc
3073 417 3250 476 orato,
3282 428 3403 468 mu-

147 501 254 550 ccat
285 491 431 563 (Luc.
465 490 542 563 x1)
585 509 596 545 :
647 500 700 546 et
743 491 1008 563 gloriosos
1050 488 1230 542 vultus
1270 489 1322 542 in
1359 488 1479 543 loco
1515 488 1706 542 altiore

146 584 419 650 constitui,
469 585 562 637 ubi
610 581 678 636 ab
725 583 874 636 omni
929 580 1271 635 fraternitate
1319 579 1708 634 circumstante

143 675 394 746 conspecti
427 673 836 730 incitamentum
862 672 1049 744 gloria:
1071 673 1381 728 videntibus
1402 672 1702 742 praebeant.

142 765 279 822 Nunc
311 775 649 822 revertamur
680 766 747 821 ad
781 767 1050 823 ordinem.
1085 765 1267 837 Usque
1295 782 1437 822 nunc
1466 766 1706 823 sedimus

139 873 276 930 more
300 859 498 914 veteris
543 857 950 914 consuetudinis
976 898 990 924 ,
1031 865 1091 912 ut
1118 857 1454 930 prcetulimus
1480 857 1594 914 sive
1632 858 1704 914 ob

139 950 559 1016 admonitionem,
589 965 694 1021 qua
720 965 1028 1016 monemur,
1050 950 1319 1024 quomodo
1348 950 1461 1005 Deo
1481 959 1704 1006 cantare

138 1043 410 1099 debeamus
438 1045 736 1099 secundum
761 1043 1080 1114 Apostolum
1110 1044 1378 1098 dicentem
1399 1086 1412 1110 ,
1443 1043 1701 1100 Canentes

135 1142 181 1187 et
203 1133 466 1205 psallentes
506 1135 561 1189 in
595 1134 838 1189 cordibus
867 1135 1050 1196 vestris
1094 1133 1254 1206 (Eph.
1289 1134 1365 1206 v).
1399 1135 1555 1192 Modo
1583 1152 1701 1192 sur-

133 1226 346 1298 gendum
376 1233 459 1281 est
483 1226 551 1280 ad
579 1227 741 1282 verba
772 1225 1092 1297 Evangelii-
1119 1225 1442 1281 Anastasius
1474 1227 1700 1282 natione

133 1320 411 1386 Romanus,
441 1336 505 1378 ex
536 1328 687 1392 patre
718 1319 971 1386 Maximo,
998 1329 1059 1376 ut
1088 1319 1283 1390 legitur
1313 1321 1369 1374 in
1401 1321 1567 1391 gestis
1593 1319 1703 1390 cpi-.-

132 1410 416 1481 scopalibus
448 1429 460 1464 :
495 1409 594 1464 llic
621 1410 937 1476 constituit,
975 1417 1036 1464 ut
1060 1410 1492 1482 quotiescunque
1521 1409 1699 1464 Evan-

130 1503 256 1573 gelia
277 1510 461 1558 sancta
483 1491 804 1569 recitantur,
836 1503 1150 1560 sacerdotes
1171 1517 1276 1556 non
1305 1502 1579 1566 sederent,
1605 1500 1700 1557 sed

129 1594 268 1654 curvi
295 1603 520 1649 starent.
569 1593 772 1649 Deinde
800 1593 956 1664 ponit
983 1594 1271 1664 episcopus
1299 1595 1600 1664 thymiama
1643 1595 1700 1654 in

132 1690 450 1748 thuribulum
479 1706 642 1760 super
662 1706 884 1762 prunas,
908 1697 969 1752 ut
992 1705 1212 1747 suavem
1234 1691 1459 1748 odorem
1474 1691 1694 1750 excitet.

1811 488 1924 541 niat
1952 504 2009 541 se
2039 489 2191 560 signo
2221 503 2418 546 sanctre
2451 495 2631 549 crucis
2659 497 2724 548 ad
2759 499 3129 556 conﬁrmanda
3161 519 3248 570 ea,
3278 522 3401 575 quae

1808 581 1944 635 bene
1977 583 2260 653 cogitando
2286 593 2339 638 et
2362 585 2625 656 loquendo
2653 587 2915 658 plantavit
2943 594 2997 646 in
3025 605 3226 651 mente.
3255 598 3392 666 Quia

1807 676 2011 731 mentio
2052 678 2196 733 facta
2228 687 2312 733 est
2351 680 2416 736 de
2462 681 2616 750 signo
2661 683 2839 744 crucis
2870 684 2923 738 in
2952 685 3149 755 fronte,
3194 691 3398 751 bonum

1805 776 1888 821 est
1922 769 2175 826 intimare
2205 785 2303 826 cur
2332 786 2453 826 eam
2474 772 2817 841 potissimum
2843 775 2897 828 in
2929 792 2994 832 ea
3021 788 3176 850 parte
3207 797 3401 853 corpo-

1805 856 1882 911 ris
1909 855 2194 913 faciamus.
2228 857 2396 916 Sedes
2420 861 2755 922 verecnndiae
2785 863 2838 928 in
2873 862 3050 920 l‘ronte
3080 868 3218 926 solet
3253 887 3394 928 esse.

1806 945 2085 1018 Siquidem
2111 949 2282 1006 Judaei
2322 953 2647 1008 erubescunt
2688 957 2912 1012 credere
2953 959 3007 1012 in
3040 959 3194 1015 illum
3236 979 3402 1033 quem

1803 1049 2005 1095 norunt
2032 1043 2354 1100 cruciﬁxum
2385 1062 2397 1096 :
2447 1053 2505 1101 ut
2533 1047 2809 1116 apostolus
2848 1048 3047 1106 Paulus
3072 1050 3240 1108 dicit:
3269 1039 3398 1110 'Nos

1802 1140 1974 1192 autem
2003 1134 2354 1204 prwdicnmus
2379 1135 2646 1196 Christum
2681 1141 3015 1210 cruciﬁxum,
3048 1144 3253 1202 Juda’is
3280 1149 3400 1216 qui-

1801 1224 1918 1278 dem
1965 1227 2276 1282 scandalum
2333 1228 2384 1300 (I
2428 1227 2550 1283 Cor.
2587 1230 2650 1301 ι).
2697 1231 2805 1288 Sed
2852 1249 2950 1290 nos
2992 1237 3263 1293 credimus
3301 1256 3399 1312 per

1799 1317 2130 1374 Cruciﬁxum
2183 1321 2401 1390 salvari,
2432 1324 2502 1394 de
2536 1325 2693 1397 cujus
2729 1327 2947 1382 nomine
2985 1326 3158 1385 Judmi
3207 1333 3395 1388 erube-

1799 1419 1980 1477 scunt,
2013 1412 2236 1486 ejusque
2265 1416 2483 1470 nomine
2517 1432 2616 1472 nos
2643 1418 2917 1475 credimus
2954 1421 3176 1476 muniri.
3216 1422 3395 1494 Atque

1800 1502 1922 1558 ideo
1952 1503 2006 1558 in
2045 1502 2224 1560 fronte
2251 1506 2464 1577 signum
2497 1507 2728 1564 facimus
2755 1549 2770 1573 ,
2811 1510 2902 1564 ubi
2944 1511 3102 1566 sedes
3128 1527 3392 1570 verecun-

1798 1593 1900 1648 diae
1929 1602 2034 1661 est,
2069 1598 2210 1651 sicut
2233 1594 2348 1666 jam
2373 1598 2630 1655 diximus.
2670 1600 2857 1671 Usque
2883 1601 2952 1658 ad
2975 1602 3122 1660 istud
3151 1604 3389 1661 cilicium

1798 1685 2009 1744 baculis
2057 1690 2542 1758 sustentabamur;
2592 1694 2772 1760 modo,
2833 1701 2894 1750 ut
2945 1703 3160 1766 oportet
3206 1713 3395 1754 servos

126 1781 465 1838 Thuribnlum
490 1797 686 1854 corpus
707 1783 908 1838 Christi
936 1782 1229 1854 signiﬁcat,
1245 1783 1300 1840 in
1325 1800 1434 1854 quo
1456 1792 1540 1838 est
1561 1783 1704 1854 ignis
1730 1769 1778 1830 Β
1807 1787 1933 1836 ante
1961 1778 2248 1836 Dominum
2280 1789 2460 1850 stare,
2495 1783 2775 1852 humiliter
2805 1791 3031 1852 SlamUS.
3063 1786 3394 1860 deponean

122 1874 319 1932 scilicet
368 1873 604 1946 Spiritus
645 1885 867 1930 sanctus
907 1893 918 1930 :
971 1890 1037 1932 ex
1071 1892 1181 1945 quo
1211 1877 1383 1932 bonus
1411 1877 1548 1930 odor
1575 1892 1699 1946 pro-

118 1966 272 2031 cedit,
294 1981 453 2038 quem
477 1967 849 2036 unusquisque
871 1966 1166 2024 electorum
1190 1969 1256 2022 ad
1277 1983 1336 2024 se
1351 1967 1466 2022 vult
1485 1983 1696 2037 rapere.

114 2056 258 2112 Idem
280 2056 411 2112 odor
439 2057 634 2114 bonam
664 2059 1036 2126 operationem
1070 2059 1136 2112 de
1174 2058 1392 2114 Christo
1420 2059 1570 2114 exire
1604 2059 1698 2114 de-

113 2155 393 2212 monstrat,
428 2162 614 2216 quam,
647 2148 739 2216 qui
781 2148 962 2203 vivere
985 2147 1136 2213 s’ult,
1179 2148 1232 2202 in
1273 2165 1433 2204 suum
1461 2165 1558 2206 cor
1587 2158 1696 2205 tra-

104 2236 241 2306 jicit.
273 2238 399 2296 Post
421 2239 524 2296 hoc
549 2241 812 2302 diaconus
835 2240 1023 2312 petita
1047 2239 1331 2298 sacerdote
1358 2242 1696 2302 benedictio-

110 2345 253 2397 nem,
283 2332 538 2396 sacerdos
560 2333 611 2387 ei
639 2332 772 2392 dicit
803 2351 814 2386 :
845 2331 1106 2390 Dominus
1139 2334 1206 2388 sit
1232 2335 1287 2387 in
1316 2334 1472 2389 corde
1495 2344 1608 2400 tuo,
1645 2345 1694 2392 et

108 2420 162 2480 in
211 2421 358 2482 labiis
403 2424 529 2478 tuis.
570 2424 820 2480 Intendat
865 2424 1153 2495 diligenter
1191 2425 1453 2482 diaconus
1497 2434 1558 2481 ut
1600 2442 1696 2484 cor

106 2510 222 2581 ejus
264 2529 386 2570 cum
429 2514 726 2572 Dominicis
762 2514 945 2570 verbis
971 2515 1155 2580 vadat,
1187 2524 1245 2572 et
1275 2531 1384 2570 non
1423 2515 1496 2571 sit
1523 2515 1696 2572 infru-

102 2613 291 2662 ctuosa
315 2605 491 2663 oratio
520 2605 841 2664 sacerdotis.
869 2606 1160 2666 Dominum
1189 2606 1245 2660 in
1272 2613 1455 2662 mente
1489 2613 1694 2674 teneat,

99 2715 261 2770 quem
290 2700 515 2771 suscipit
557 2716 656 2771 per
696 2700 1134 2760 benedictionem
1161 2699 1494 2766 sacerdotis,
1538 2709 1594 2755 et
1632 2707 1694 2758 ut

99 2807 210 2847 non
236 2792 488 2850 exhalent
507 2793 672 2854 verba
703 2791 978 2863 imposita,
1006 2806 1143 2847 neve
1173 2792 1446 2852 introeant
1473 2791 1691 2860 nociva,

100 2885 260 2954 signo
290 2886 470 2944 crucis
497 2885 642 2941 facto
678 2901 843 2942 manu
875 2886 1176 2944 sacerdotis
1207 2901 1368 2956 super
1413 2894 1576 2956 caput
1609 2886 1691 2956 ip-

95 2977 235 3043 sius,
267 2978 524 3034 munitur.
569 2979 772 3036 Deinde
803 2978 953 3042 vadit
979 2978 1048 3034 ad
1074 2978 1248 3038 altare
1275 2987 1335 3032 ut
1365 2978 1491 3032 inde
1511 2985 1692 3042 sumat

95 3067 452 3140 Evangelium
487 3071 556 3125 ad
588 3069 893 3141 legendum.
925 3068 1110 3124 Altare
1135 3067 1478 3126 Hierusalem
1507 3076 1688 3138 potest

1799 1869 2022 1928 baculos
2070 1887 2100 1926 e
2148 1874 2419 1929 manibus.
2455 1875 2609 1944 Quod
2655 1885 2836 1948 potest
2872 1893 2973 1944 nos
3021 1893 3280 1951 separare
3325 1881 3395 1942 ab

1798 1979 1963 2033 opere
2010 1963 2350 2030 Judreorum,
2391 1968 2482 2038 qui
2522 1970 2724 2032 dabant
2760 1972 3083 2034 arundinem
3129 1973 3184 2028 in
3225 1989 3394 2030 manu

1797 2054 2021 2111 Christi.
2059 2054 2165 2112 Sed
2193 2073 2300 2111 non
2337 2059 2595 2113 abhorret
2623 2076 2654 2120 a
2677 2075 2831 2126 vero,
2859 2062 2904 2116 si
2953 2070 3140 2118 nostra
3169 2064 3393 2120 humili-

1798 2155 1882 2206 tas
1909 2162 2007 2220 per
2036 2148 2356 2212 baculorum
2387 2151 2719 2220 positionem
2743 2152 3152 2210 demonstretur
3179 2157 3237 2212 in
3262 2171 3393 2212 con-

1795 2247 1980 2314 spectu
2001 2239 2242 2295 Domini.
2277 2241 2391 2296 Duo
2422 2243 2588 2309 cerei,
2621 2245 2716 2316 qui
2742 2254 3028 2316 portantur
3052 2253 3176 2302 ante
3208 2248 3391 2303 Evan-

1795 2330 1996 2402 gelium
2049 2331 2224 2402 legem
2261 2341 2318 2386 et
2357 2335 2653 2406 prophetas
2703 2336 2994 2407 designant
3039 2338 3390 2407 praecessisse

1794 2422 2175 2494 Evangehcam
2207 2425 2518 2481 doctrinam
2555 2445 2569 2481 :
2620 2428 2956 2484 thuribulum
2982 2445 3145 2496 vero,
3182 2431 3392 2502 opinio-

1743 2514 1746 2518 ’
1795 2529 1918 2568 nem
1965 2515 2235 2570 bonarum
2276 2517 2540 2572 virtutum
2573 2537 2584 2572 :
2633 2521 3019 2589 procedentem
3049 2523 3118 2579 de
3146 2522 3386 2580 Christo.

1793 2605 1974 2678 Ipsum
1999 2607 2333 2664 thuribulnm
2362 2609 2418 2666 in
2450 2611 2687 2672 tribunal
2714 2614 2962 2670 ascendit
2990 2624 3117 2672 ante
3143 2616 3388 2690 Evange-

1793 2701 1944 2770 lium,
1975 2710 2032 2757 ut
2054 2702 2130 2758 ibi
2159 2719 2386 2760 suavem
2413 2707 2636 2762 odorem
2674 2708 2966 2765 ministret.
3008 2710 3209 2767 Christi
3240 2712 3388 2770 enim

1791 2796 1934 2860 bona
1975 2811 2141 2866 opera
2193 2809 2596 2867 praecesserunt
2630 2799 3013 2874 Evangelicam
3061 2805 3388 2873 doctrinam,

1791 2893 1851 2941 ut
1888 2886 2066 2944 Lucas
2099 2895 2337 2946 testatur
2364 2891 2421 2946 in
2457 2891 2578 2948 Act.
2614 2895 2868 2963 apostol.:
2902 2895 3034 2962 Qua:
3055 2898 3204 2967 coepit
3226 2897 3386 2961 Iesus

1792 2976 1964 3047 facere
1987 2989 2034 3036 et
2070 2979 2256 3038 docere
2290 2979 2430 3052 (Act.
2465 2982 2528 3056 1).
2575 2983 2735 3048 Prius
2781 2985 2946 3052 fecit,
2992 2995 3048 3042 et
3075 2997 3264 3058 postea
3291 2991 3391 3054 de»

1792 3071 1922 3126 cuit.
1950 3071 2315 3136 Excellentior
2340 3075 2492 3133 locus
2510 3118 2524 3142 ,
2555 3077 2610 3132 in
2635 3093 2744 3148 quo
2770 3080 3122 3152 Evangelium
3158 3082 3381 3154 legitur,

94 3137 404 3231 designare,
435 3170 497 3216 ut
523 3163 858 3232 prtetulimus
877 3203 891 3228 ,
921 3161 988 3218 de
1020 3177 1125 3233 qua
1154 3161 1324 3218 exivit
1357 3161 1686 3232 Evangelica
1713 3131 1759 3196 Ο
1789 3163 2276 3222 eminentissimam
2321 3168 2625 3226 doctrinam
2644 3131 3008 3243 “Evangelizte
3047 3131 3387 3244 praedicatio:-

91 3253 440 3324 praedicatio,
483 3256 623 3312 sicut
659 3257 922 3326 scriptum
953 3263 1076 3311 est:
1121 3254 1196 3310 De
1225 3254 1356 3310 Sion
1387 3255 1544 3310 exivit
1577 3254 1683 3321 lex,

90 3354 140 3398 et
170 3345 378 3400 verbum
403 3346 613 3402 Domini
641 3347 704 3400 de
737 3346 1073 3401 Hierusalem
1099 3345 1234 3415 (Isa.
1265 3345 1325 3416 ιι)
1357 3364 1368 3398 :
1398 3345 1484 3399 vel
1516 3345 1685 3414 ipsius

90 3437 309 3500 Domini
335 3453 559 3509 corpus,
576 3437 632 3491 in
657 3451 764 3505 quo
791 3445 916 3491 sunt
935 3437 1095 3491 verba
1119 3433 1688 3505 Evangelii,videlicet

86 3530 248 3586 bonae
273 3529 648 3590 nuntiationis.
676 3528 794 3598 Ipse
815 3527 1072 3598 prrecepit
1103 3524 1361 3596 apostolis
1384 3525 1686 3592 praedicare

86 3619 453 3690 Evangelium
489 3619 638 3680 omni
665 3627 934 3680 creaturae
960 3616 1156 3688 (Marc.
1188 3616 1324 3690 XVI).
1362 3616 1481 3686 Ipse
1509 3616 1678 3672 dixit:

95 3711 274 3766 Verba
314 3727 431 3782 qua
479 3728 569 3782 ego
621 3711 806 3783 loquor
856 3710 1014 3774 vobis,
1049 3709 1266 3782 spiritus
1309 3718 1357 3764 et
1404 3709 1512 3763 vita
1559 3717 1681 3764 sunt

82 3801 278 3873 (Joan.
311 3801 410 3872 vt).
459 3802 710 3874 Christus
737 3804 867 3866 vita.
919 3802 1094 3866 Verba
1124 3815 1244 3870 qua:
1273 3801 1486 3860 locutus
1512 3808 1596 3856 est
1624 3801 1682 3856 in

80 3893 386 3968 Evangelio
411 3896 774 3964 continentur.
817 3895 1087 3956 Diaconos
1107 3894 1199 3966 qui
1227 3901 1408 3964 portat
1436 3893 1680 3963 Evange-

78 3988 287 4060 gelium
317 3988 522 4058 Christi
540 4004 637 4059 pes
657 3998 759 4044 est.
788 3987 977 4044 Portat
996 3986 1348 4058 Evangelium
1375 3986 1431 4040 in
1454 3986 1680 4042 sinistro

77 4078 336 4146 brachio,
362 4094 460 4151 per
503 4081 647 4152 quod
704 4078 1034 4150 signiﬁcatur
1077 4077 1392 4148 temporalis
1419 4076 1552 4141 vita,
1583 4075 1678 4132 ubi

76 4186 316 4234 necesse
359 4183 443 4228 est
487 4173 770 4243 praedicari
822 4171 1192 4244 Evangelium.
1247 4169 1531 4225 Salutaute
1562 4169 1678 4226 dia-

73 4281 244 4330 cono,
276 4265 530 4336 congruit
555 4273 615 4320 ut
639 4265 818 4320 omnis
843 4265 1072 4336 populus
1104 4263 1173 4318 ad
1211 4279 1334 4318 eum
1363 4279 1554 4318 versus
1581 4264 1672 4318 sit.

69 4361 210 4415 Post
250 4361 357 4416 hoc
399 4360 650 4416 sacerdos
693 4367 750 4415 et
794 4360 972 4415 omnis
1023 4357 1255 4430 populus
1284 4357 1470 4412 'vertit
1512 4371 1572 4411 se
1607 4355 1676 4412 ad

67 4451 372 4516 orientem,
405 4466 578 4522 usque
601 4451 729 4505 dum
757 4450 1017 4508 diaconus
1048 4433 1270 4520 incipiat
1292 4450 1361 4503 ad
1383 4448 1674 4504 Dominum

66 4542 261 4611 loqui,
289 4550 347 4596 et
376 4541 583 4608 iaciunt
606 4557 828 4599 crucem
857 4543 911 4597 in
943 4541 1214 4598 frontibus
1239 4556 1448 4596 eorum.
1487 4540 1674 4611 Neque

63 4638 180 4702 hoc
212 4635 423 4692 frustra
466 4636 840 4706 accipiendum
875 4643 958 4692 est
991 4649 1006 4688 :
1042 4634 1188 4706 quod
1213 4633 1390 4688 inﬁxit
1417 4634 1674 4690 sacerdos

60 4743 172 4798 per
231 4743 392 4783 suam
439 4728 874 4797 deprecationem
930 4727 988 4784 in
1023 4729 1188 4784 corde
1237 4728 1449 4795 diaconi
1499 4743 1515 4782 :
1567 4729 1674 4784 hoc

58 4821 458 4887 unusquisque
486 4817 659 4872 ﬁdelis
686 4817 899 4874 studeat
925 4817 1152 4889 inﬁgere
1180 4820 1363 4876 animo
1390 4835 1508 4875 suo.
1546 4820 1672 4875 Dia‘

59 4922 217 4963 cono
245 4907 379 4978 quia
405 4921 516 4968 non
541 4913 624 4973 est
658 4906 868 4962 licitum
896 4914 1119 4977 propter
1154 4909 1321 4964 verba
1345 4909 1668 4978 composita,

54 4999 375 5070 sequentia
415 4998 592 5062 sancti
632 4998 908 5069 Evangelii
957 4999 1255 5056 secundum
1299 5014 1680 5069 quemcunque

53 5092 720 5163 Evangelistamprare,
768 5091 1030 5162 pmvenit
1065 5106 1192 5148 eum
1237 5091 1411 5162 major
1457 5091 1678 5147 benedi-

52 5198 241 5242 cere:
270 5184 391 5240 sive
417 5185 544 5255 quia
571 5183 779 5255 majore
801 5185 1178 5252 benedictione
1202 5185 1428 5256 indiget,
1457 5185 1551 5255 qui
1573 5195 1680 5242 tra-

50 5277 150 5332 dit
170 5278 394 5336 semina
419 5277 719 5350 Evangetii,
742 5295 906 5350 quam
930 5278 1024 5350 qui
1050 5279 1268 5349 accipit.
1317 5279 1424 5335 Sed
1447 5279 1674 5350 pOpulns

48 5371 306 5438 interim
361 5372 681 5442 deprecetur
739 5372 912 5454 Deum
933 5413 948 5442 ,
1015 5389 1086 5432 ne
1147 5372 1394 5430 diabolus
1463 5372 1676 5429 auferat

47 5466 244 5521 verba
275 5466 559 5536 Evangelii
601 5467 669 5522 de
705 5467 869 5530 corde
912 5466 1048 5537 ejus,
1088 5481 1266 5538 neque
1305 5474 1522 5536 petrosa
1565 5467 1676 5523 sint

45 5560 262 5623 corda,
299 5577 439 5634 neve
470 5560 696 5617 dumosa
717 5559 804 5615 vel
833 5561 1049 5630 spinosa
1076 5579 1088 5616 :
1119 5561 1216 5617 sed
1243 5568 1390 5615 terra
1415 5561 1572 5625 bona,
1616 5568 1676 5617 ut

47 5650 323 5710 fructum
354 5653 552 5710 bonum
582 5652 754 5722 possit
777 5654 1026 5722 accipere
1051 5661 1106 5707 et
1132 5651 1482 5707 fructiﬁcare.
1519 5653 1674 5707 Dicat

53 5741 306 5810 saltem.
337 5743 430 5814 qui
451 5743 751 5815 promptior
768 5755 879 5800 non
899 5749 1007 5810 est,
1029 5748 1090 5798 ut
1114 5741 1293 5812 capiat
1312 5742 1479 5800 verba
1503 5741 1676 5800 Evan-

1786 3254 1892 3320 nis,
1933 3263 2097 3326 atque
2141 3256 2646 3316 manifestissimam
2690 3263 3077 3320 auctoritatem
3101 3264 3386 3332 iudicandi

1787 3344 1985 3414 signat.
2026 3344 2212 3400 Status
2247 3362 2536 3403 cereorum
2580 3359 2850 3408 monstrat
2895 3351 3208 3410 inferiorem
3262 3371 3385 3414 esse

1784 3433 1958 3506 legem
2005 3443 2062 3490 et
2104 3438 2402 3507 prophetas
2449 3440 2765 3512 Evangelio.
2803 3443 3108 3516 Evangelia
3141 3447 3382 3517 reposito

1784 3536 1907 3596 post
1929 3527 2218 3584 lectionem
2245 3531 2301 3586 in
2332 3530 2452 3591 loco
2479 3547 2580 3588 suo
2607 3535 2755 3596 cerei
2784 3537 3228 3607 exstinguuntur,
3251 3539 3381 3609 quia

1784 3616 1938 3670 ﬁnita
1962 3617 2353 3688 prmdicatione
2382 3620 2660 3694 Evangelii
2688 3662 2704 3690 ,
2742 3623 2830 3682 lex
2860 3633 2915 3680 et
2941 3626 3227 3696 prophetia
3254 3643 3378 3686 ces-

1784 3709 2000 3764 sabunt.
2044 3709 2400 3782 Evangelium
2428 3717 2577 3784 quod
2615 3731 2647 3778 a
2686 3718 2862 3788 primo
2897 3727 3142 3789 tempore
3177 3723 3382 3778 advens

1785 3810 1874 3858 tus
1897 3803 2143 3874 episcopi
2174 3805 2383 3874 quievit
2428 3807 2488 3866 in
2530 3808 2689 3868 altari
2728 3827 2900 3881 usque
2928 3812 2997 3868 ad
3026 3814 3382 3874 novissimam

1782 3895 1966 3950 tubam
1995 3895 2208 3961 diaconi
2235 3937 2249 3964 ,
2279 3898 2412 3966 illud
2444 3908 2655 3971 tempus
2679 3902 2974 3972 signiﬁcat,
3006 3921 3114 3976 quo
3143 3923 3373 3965 necesse

1781 3995 1864 4044 est
1889 3987 2019 4050 illud
2042 3991 2350 4059 praedicari.
2383 3993 2704 4052 Praecedens
2729 3996 2966 4068 cilicium
2990 4001 3382 4069 praedicatione

1779 4079 1985 4138 Christi
2021 4099 2194 4153 usque
2233 4085 2302 4147 ad
2347 4086 2540 4147 horam
2592 4091 2863 4158 passionis
2901 4092 3271 4161 demonstrat,
3322 4104 3382 4152 et

1779 4186 2000 4238 suorum
2049 4175 2473 4242 praedicatorum
2519 4194 2690 4248 usque
2737 4181 2796 4236 in
2843 4181 3010 4238 ﬁnem
3053 4186 3278 4251 mundi,
3323 4193 3384 4245 et

1778 4265 1942 4319 ultra.
1973 4265 2220 4336 Sequens
2247 4285 2385 4339 opus
2404 4271 2676 4342 passionis
2701 4273 2908 4330 Christi
2931 4284 2986 4330 et
3011 4280 3378 4334 resurrectio-

1777 4354 1884 4421 nis,
1930 4364 2096 4426 atque
2143 4358 2199 4412 in
2237 4359 2408 4414 coelos
2456 4364 2810 4430 ascensionis,
2859 4366 3114 4423 similiter
3153 4385 3378 4426 suorum

1779 4450 1866 4503 vel
1902 4451 2262 4518 sacriﬁcium,
2295 4454 2379 4510 vel
2405 4456 2916 4526 mortiﬁcationem,
2939 4468 2994 4515 et
3023 4465 3381 4530 resurrectio-

1781 4555 1907 4596 nem
1945 4558 2043 4612 per
2092 4543 2493 4604 confessionem
2529 4558 2692 4621 atque
2739 4554 3034 4623 suspirium
3081 4555 3137 4610 in
3175 4558 3376 4613 coelum

1781 4632 1871 4688 ubi
1899 4635 2138 4694 audituri
2165 4645 2291 4693 sunt
2317 4655 2332 4692 :
2370 4637 2573 4707 Venite,
2592 4642 2846 4698 benedicti
2872 4643 3054 4702 Patris
3082 4649 3224 4714 mei;
3254 4666 3377 4719 pos-

1777 4727 1940 4782 sidete
1970 4737 2217 4814 paratum
2239 4731 2380 4788 vobis
2414 4749 2630 4802 regnum
2653 4735 2870 4804 (Matth.
2905 4739 3056 4811 xxv).

2367 4823 2596 4880 CAPUT
2636 4826 2780 4882 XIX.

2073 4911 2147 4966 De
2184 4913 2350 4982 oﬂicio
2376 4913 2514 4984 quod
2543 4925 2763 4969 vocatur
2787 4918 3074 4986 o/ferenda.

1851 5002 2048 5058 Finitis
2074 5004 2350 5072 prioribus
2377 5005 2568 5061 oﬁiciis
2606 5009 2861 5077 superius
2886 5009 3226 5077 memoratis,
3256 5010 3373 5066 θαί-

1780 5094 1923 5151 cium
1955 5095 2341 5163 introducitur,
2371 5097 2428 5152 in
2451 5113 2562 5168 quo
2599 5099 2909 5156 celebratur
2932 5101 3132 5158 oblatio
3153 5117 3369 5171 eorum,

1779 5188 1872 5259 qui
1897 5188 2126 5244 Domino
2151 5200 2276 5244 vota
2306 5205 2402 5246 sua
2425 5194 2763 5262 persolvunt.
2793 5195 3037 5250 Primum
3067 5197 3138 5251 ad
3162 5212 3370 5254 memo-

1778 5281 1916 5336 riam
1942 5281 2246 5337 reducenda
2271 5291 2354 5350 est
2378 5285 2581 5342 oblatio
2611 5286 2821 5358 legalis,
2852 5303 2917 5344 ac
2942 5289 3136 5344 deinde
3164 5289 3368 5347 Christi

1775 5383 2052 5445 postremo
2073 5383 2281 5431 nostra.
2307 5375 2520 5433 Oblatio
2546 5380 2735 5450 legalis
2757 5367 2990 5437 habebat
3009 5382 3117 5438 duo
3137 5383 3365 5441 altaria:

1775 5480 1943 5519 unum
1987 5465 2042 5520 in
2083 5466 2310 5522 introitu
2346 5469 2719 5535 tabernaculi,
2757 5471 2986 5528 alterum
3019 5475 3073 5528 in
3113 5475 3368 5530 taberna-

1777 5557 1917 5614 culo.
1956 5557 2142 5615 Altare
2190 5561 2244 5614 in
2291 5561 2516 5616 introitu
2560 5561 2938 5632 prmﬁgurabat
2977 5581 3218 5636 prtesens
3251 5566 3366 5622 oll-

1775 5651 1937 5713 cium.
1971 5652 2039 5708 de
2064 5668 2170 5722 quo
2202 5653 2462 5721 scriptum
2490 5662 2576 5709 est
2605 5655 2659 5708 in
2691 5655 2828 5711 libro
2857 5657 3024 5712 Exodi
3057 5676 3069 5710 :
3107 5658 3292 5713 Posuit
3313 5665 3364 5714 et

1776 5746 2059 5803 tentorium
2087 5746 2144 5801 in
2171 5746 2394 5802 introitu
2423 5745 2772 5815 tabernaculi,
2813 5755 2862 5803 et
2898 5747 3067 5805 altare
3103 5748 3362 5805 holocau-
