3978 6458
561 313 703 373 1127

1589 302 1922 362 ΑΜΑιΑιιιι
1958 300 2394 360 PRESBYTERJ
2430 298 2778 358 METENSIS

3723 296 3844 355 “38

556 431 625 486 sti
653 429 708 483 in
735 425 980 483 vestibulo
1010 421 1332 493 testimoniif,
1364 423 1586 493 oﬁ‘erens
1609 421 1666 474 in
1692 437 1752 474 eo
1774 418 2133 473 holocaustum
2160 421 2213 482 Α
2239 417 2487 482 randum,
2517 431 2777 488 ponesque
2808 413 2944 469 illud
2983 415 3039 470 in
3069 415 3417 474 tabernaculo
3447 414 3763 472 testimonii
3784 418 3840 471 ad

554 533 604 581 et
633 521 893 590 sacriﬁcia
915 529 970 574 ut
994 518 1250 573 Dominus
1271 518 1490 588 imperat
1518 514 1714 587 (Exod.
1745 513 1843 585 ιι).

629 613 735 668 Pro
759 611 956 681 quibus
999 608 1180 664 causis
1213 605 1566 671 oﬁerebatur,
1599 603 1959 657 Numerorum
1998 601 2135 656 liber

555 702 884 766 manifestat,
913 701 1099 756 dicens
1130 699 1186 753 in
1226 698 1462 768 capitulo
1510 696 1722 752 decimo
1750 694 1937 764 quinto
1979 711 1992 747 :
2033 693 2136 747 Lo-

557 811 711 870 quere
735 793 805 847 ad
832 792 971 863 filios
1001 789 1192 857 Israel,
1218 798 1266 845 et
1293 789 1432 843 dices
1464 787 1532 842 ad
1569 805 1655 842 eos
1695 802 1714 840 :
1755 786 1887 842 Cum
1917 783 2137 856 ingressi

557 887 761 958 fueritis
802 894 996 939 terram
1034 881 1371 936 habitationis
1402 888 1582 934 vestrte
1608 919 1623 944 ,
1670 894 1828 950 quam
1864 892 1958 947 ego
1998 875 2132 930 dabo

553 977 718 1041 vobis,
749 985 798 1031 et
833 973 1057 1046 feceritis
1084 971 1396 1026 oblationem
1425 967 1650 1024 Domino
1670 969 1726 1022 in
1771 965 2134 1021 holocaustum

563 1076 612 1124 et
644 1066 904 1122 uictimam
933 1062 1238 1134 paciﬁcum,
1268 1071 1385 1114 uota
1413 1057 1686 1124 solventes,
1709 1055 1785 1111 vel
1808 1065 1988 1126 sponte
2009 1056 2138 1126 οπε-

559 1170 729 1216 rentes
769 1174 1007 1213 munera.
1052 1155 1148 1210 Est
1182 1163 1238 1210 et
1263 1153 1494 1209 alterum
1532 1166 1702 1220 genus
1727 1148 1977 1205 sacriﬁcii
2010 1149 2136 1220 quia

559 1253 678 1307 dua:
703 1257 830 1306 sunt
857 1256 1057 1304 nostrae
1083 1245 1387 1302 oblationes
1412 1262 1424 1298 :
1456 1258 1563 1298 una
1596 1251 1680 1297 est
1713 1256 1812 1312 per
1839 1240 2136 1295 mortiﬁca-

558 1342 760 1398 tionem
782 1341 986 1405 carnis,
1016 1338 1184 1392 altera
1211 1337 1274 1396 in
1295 1335 1566 1391 oblatione
1592 1333 1860 1388 bonorum
1887 1345 2132 1400 operum,

559 1449 680 1504 quas
709 1442 956 1502 utraeque
980 1429 1282 1485 oﬁ'eruntur
1322 1428 1377 1482 in
1406 1425 1631 1482 introitu
1672 1423 2004 1480 tabernaculi
2031 1439 2046 1488 ;
2079 1423 2132 1477 in

556 1523 812 1597 praesenti
859 1523 968 1576 vita
1015 1518 1347 1576 mortiﬁcare
1381 1531 1602 1572 carnem
1636 1522 1852 1586 Oportet
1894 1523 1950 1568 et
1991 1513 2132 1567 bona
2211 1541 2218 1546 ·

554 1630 722 1687 opera
771 1613 1014 1669 reddere.
1071 1610 1148 1665 De
1197 1609 1434 1666 secundo
1481 1606 1750 1663 sacriﬁcio
1802 1613 2133 1660 memoratus

553 1707 690 1762 liber
726 1705 799 1761 ita
841 1709 1106 1760 memorat
1145 1720 1159 1756 :
1205 1700 1322 1755 Erit
1353 1698 1674 1768 sacriﬁcium
1706 1694 1876 1752 simile
1905 1695 2133 1749 duarum

2235 509 2402 563 altare
2427 523 2445 560 :
2491 517 2538 562 et
2587 509 2747 562 missa
2783 525 2921 578 aqua
2950 506 3196 561 lavabant
3233 508 3290 562 in
3325 524 3393 562 ea
3443 506 3656 562 Aaron
3678 516 3726 559 et
3756 508 3839 573 ﬁlii

2232 603 2348 672 ejus
2392 618 2578 655 manus
2611 617 2736 655 suas
2769 610 2818 655 et
2867 599 3054 672 pedes“
3094 601 3305 670 quando
3354 599 3691 670 ingressuri
3733 613 3836 655 snt

2232 692 2629 748 tabernaculum
2672 693 2959 748 testimonii
2980 730 2996 752 .
3027 700 3076 746 et
3109 691 3322 759 quando
3350 691 3656 745 accessuri
3683 692 3750 743 ad
3776 692 3836 744 al-

2236 791 2368 838 tare.

2306 875 2590 932 Suﬁiciant
2630 877 2736 931 ista
2767 875 2982 932 interim
3011 875 3080 932 de
3104 875 3382 931 oblatione
3423 875 3623 929 veteri
3658 890 3674 928 :
3712 890 3834 930 nunc

2233 967 2513 1024 videamus
2539 967 2746 1024 Christi
2770 967 3122 1023 oblationem.
3154 966 3415 1022 Ofﬁcium
3447 967 3614 1036 quod
3642 982 3738 1022 nos
3762 968 3828 1022 di-

2234 1057 2407 1112 cimus
2433 1058 2725 1122 oﬁerenda,
2751 1057 2820 1114 ab
2843 1057 2934 1114 illo
2964 1057 3087 1114 loco
3125 1058 3422 1114 inchoatur
3459 1056 3564 1111 ubi
3595 1057 3828 1112 sacerdos

2233 1147 2382 1212 dicit,
2404 1147 2664 1204 Dominus
2685 1149 2949 1204 vobiscum
2975 1163 2994 1201 :
3030 1150 3298 1204 etcﬁnitur
3326 1150 3428 1204 ubi
3459 1148 3688 1203 excelsa
3718 1164 3829 1204 voce

2233 1236 2384 1301 dicit,
2417 1234 2524 1290 Per
2549 1238 2724 1291 omnia
2753 1237 2950 1292 stecula
2971 1237 3308 1298 steculorum.
3337 1238 3479 1293 Ideo
3512 1237 3824 1294 excelse!»-

2197 1343 2209 1355 ο
2233 1327 2513 1384 vissimum
2546 1328 2842 1400 profertur,
2872 1337 2933 1385 ut
2961 1329 3214 1385 audiatur
3248 1345 3280 1384 a
3305 1328 3552 1400 populo,
3581 1336 3638 1384 et
3667 1327 3822 1399 populi

2231 1420 2582 1491 responsione
2605 1421 2963 1476 conﬁrmetur
2984 1421 3182 1476 oratio.

2303 1513 2550 1570 Christus
2571 1513 2715 1568 enim
2755 1515 2942 1570 venire
2969 1514 3222 1585 dignatus
3245 1521 3335 1569 est
3361 1511 3722 1569 Hierusalem
3748 1511 3820 1567 die

2232 1603 2576 1668 Palmarum,
2635 1613 2691 1661 et
2741 1605 2815 1660 ibi
2864 1612 3185 1675 exspectare
3233 1605 3382 1660 diem
3444 1603 3822 1659 immolationis

2235 1709 2365 1751 sum.
2416 1695 2607 1751 Omnis
2658 1702 2807 1750 retro
2855 1695 3156 1750 immolatio
3189 1695 3343 1749 illum
3390 1694 3819 1766 praeﬁgurabat:

552 1797 875 1851 decimarum
903 1811 1021 1868 quae
1055 1809 1336 1864 conspersa
1371 1791 1439 1846 sit
1479 1789 1593 1845 oleo
1621 1789 1788 1843 tertiae
1817 1787 1980 1859 partis
2018 1787 2134 1853 hin,
2162 1785 2211 1848 B
2239 1789 2295 1844 in
2325 1787 2416 1843 illo
2444 1795 2819 1844 consummata
2855 1795 2940 1843 est
2967 1787 3145 1842 omnis
3174 1786 3507 1842 immolatio.
3556 1784 3632 1840 In'
3654 1799 3716 1840 eo
3751 1785 3824 1852 die

552 1898 602 1944 et
632 1888 806 1944 vinum
834 1887 903 1940 ad
936 1885 1273 1940 libamentum
1307 1883 1474 1937 tertite
1518 1881 1684 1952 partis
1722 1879 1954 1949 ejusdem
1989 1895 2136 1932 men-

553 1998 692 2038 sura:
715 1981 893 2050 offeret
922 1981 978 2034 in
1006 1979 1218 2032 odorem
1245 1974 1521 2031 suavitatis
1548 1973 1772 2028 Domino
1797 1971 1986 2042 (Num.
2017 1969 2134 2042 xv).

554 2075 624 2129 Et
646 2073 790 2144 quod
825 2087 923 2143 per
956 2069 1256 2126 sacerdotis
1291 2081 1514 2122 manum
1551 2065 1746 2120 debeat
1771 2062 1991 2129 oﬁ'erri,
2020 2077 2136 2117 ma-

553 2163 842 2218 nifestatur
889 2162 945 2217 in
989 2160 1120 2216 Lev.
1168 2158 1335 2229 capit.
1398 2156 1609 2212 decimo
1665 2154 1896 2225 septimo
1941 2171 1954 2207 :
2005 2151 2136 2207 Ideo

553 2255 742 2323 o/ferre
763 2251 943 2307 debent
973 2249 1234 2306 sacerdoti
1261 2247 1362 2319 ﬁlii
1396 2245 1567 2301 Israel
1591 2246 1789 2300 hostias
1817 2261 1943 2300 suas
1961 2285 1976 2312 ,
2005 2261 2137 2312 quas

552 2346 795 2402 occidunt
819 2345 874 2398 in
905 2360 1033 2415 agro
1053 2384 1068 2408 ,
1102 2351 1159 2396 ut
1181 2340 1578 2410 sanctiﬁcentur
1598 2337 1828 2392 Domino
1854 2337 1923 2391 ad
1945 2337 2137 2392 ostium

437 2464 447 2474 ι
553 2436 877 2492 tabernaculi
903 2435 1210 2501 testimonii,
1230 2442 1278 2490 et
1298 2429 1568 2487 immolent
1593 2446 1683 2484 eas
1713 2428 1912 2484 hostias
1947 2428 2136 2499 paciﬁ-

555 2547 646 2586 cas
671 2530 896 2585 Domino
919 2528 972 2601 (1
977 2528 1007 2584 Ι
1034 2525 1164 2582 Par.
1190 2525 1275 2598 ιι).
1626 2577 1630 2584 ,

626 2622 694 2678 Et
717 2625 914 2678 iterum
931 2622 984 2677 in
998 2619 1443 2691 Paralipomenon
1459 2624 1813 2680 monstratur,
1829 2629 1930 2686 pro
1943 2613 2140 2686 quibus

551 2713 714 2770 rebus
735 2714 808 2768 sit
831 2709 1166 2769 oﬁerendum
1185 2728 1197 2763 :
1217 2707 1450 2780 Ingressi
1478 2715 1599 2763 sunt
1624 2722 1826 2779 quoque
1843 2705 2138 2760 sacerdotes

550 2805 621 2862 ad
652 2803 935 2859 Ezechiam
969 2818 1160 2873 regem,
1186 2810 1234 2856 et
1271 2799 1515 2855 dixerunt
1553 2797 1601 2854 ei
1625 2814 1644 2853 :
1680 2795 2140 2867 Sanctiﬁcavimus

553 2913 760 2952 omnem
796 2895 1011 2949 domum
1036 2893 1275 2960 Domini,
1315 2902 1364 2949 et
1400 2891 1569 2948 altare
1589 2891 1899 2957 holocausti,
1932 2899 1986 2947 et
2017 2898 2141 2961 post

551 3001 722 3061 pauca
748 3003 762 3040 :
793 2983 1224 3055 Consurgensque
1247 2983 1482 3038 diluculo
1508 2981 1768 3036 Ezechias
1797 2998 1910 3048 rex,
1937 2981 2142 3037 aduna-

551 3080 625 3134 eit
643 3095 816 3133 omnes
829 3077 1086 3148 principes
1101 3076 1348 3141 civitatis,
1362 3083 1409 3129 et
1427 3073 1659 3129 ascendit
1674 3073 1889 3128 domum
1902 3073 2138 3142 Domini,

553 3167 949 3239 obtuleruntque
960 3165 1118 3221 simul
1130 3175 1309 3221 tauros
1321 3175 1537 3236 septem,
1549 3165 1737 3220 arietes
1749 3177 1962 3236 septem,
1977 3183 2140 3238 agnos

553 3271 767 3331 septem,
795 3269 846 3315 et
873 3259 1045 3315 hircos
1067 3268 1282 3330 septem,
1314 3275 1408 3328 pro
1438 3266 1672 3328 peccato,
1698 3274 1793 3328 pro
1832 3274 2013 3328 regno,
2044 3275 2140 3328 pro

567 3350 893 3415 sanctuario,
915 3366 1010 3420 pro
1037 3348 1200 3404 Iuda.
1226 3347 1374 3404 Dixit
1409 3364 1611 3419 quoque
1636 3348 1992 3403 sacerdotibus
2014 3348 2141 3417 ﬁliis

555 3441 755 3506 Aaron,
781 3449 836 3495 ut
857 3441 1103 3510 o/ferrent
1131 3456 1287 3510 super
1315 3438 1483 3520 altare
1510 3437 1757 3494 Domino.
1774 3439 1929 3495 Docti
1952 3455 2141 3496 sumus

556 3529 738 3586 Veteri
769 3531 1138 3598 Testamento,
1164 3547 1264 3602 pro
1287 3531 1486 3602 quibus
1513 3529 1711 3586 olferre
1739 3533 2030 3588 debeamus
2054 3547 2140 3588 sa-

555 3625 783 3686 criﬁcia,
815 3625 1038 3689 scilicet,
1071 3639 1170 3695 pro
1190 3624 1352 3689 votis,
1389 3639 1490 3694 pro
1515 3623 1851 3693 spontaneis,
1885 3639 1984 3696 pro
2011 3639 2140 3695 pec-

557 3723 701 3781 cato,
748 3730 847 3786 pro
874 3729 1063 3786 regno,
1093 3729 1194 3784 pro
1228 3713 1556 3777 sanctuario,
1590 3728 1688 3784 pro
1725 3711 1880 3768 Juda.
1913 3712 2141 3780 Quando

559 3803 916 3875 adimplemur
938 3818 1002 3859 ea
1025 3819 1146 3874 qua:
1185 3803 1240 3858 in
1266 3801 1614 3858 tribulatione
1637 3802 2012 3873 promisimus,
2039 3817 2140 3872 pro

558 3896 701 3952 votis
729 3895 958 3950 facimus
983 3909 1000 3949 :
1042 3895 1258 3966 quando
1287 3894 1490 3966 gratias
1524 3895 1735 3966 agimus
1757 3895 1822 3950 de
1846 3894 2137 3965 perceptis,

559 4001 660 4058 pro
687 3985 1042 4056 spontaneis:
1074 3986 1292 4056 quando
1321 3987 1736 4059 compungimur
1775 3987 1842 4044 de
1886 3987 2141 4044 commis-

559 4079 668 4146 sis,
701 4093 801 4148 pro
827 4085 1093 4148 peccato:
1122 4079 1339 4149 quando
1364 4088 1513 4135 recta
1538 4079 1704 4134 corda
1737 4079 1972 4149 petimus
1997 4079 2140 4150 regi-

561 4173 688 4239 bus,
717 4186 817 4242 pro
841 4186 1009 4241 regno
1034 4189 1047 4226 :
1081 4173 1301 4242 quando
1329 4171 1678 4228 stabilitatem
1709 4187 1989 4228 sacrorum
2017 4187 2140 4243 gra-

559 4266 746 4330 duum,
767 4279 867 4336 pro
892 4265 1200 4321 sanctuario
1232 4283 1246 4319 :
1276 4266 1493 4335 quando
1514 4279 1706 4336 pacem
1729 4273 1786 4320 et
1806 4266 2138 4320 unanimita-

561 4365 674 4415 tem
699 4357 900 4430 populi,
944 4373 1044 4428 pro
1070 4357 1228 4415 Juda.
1260 4357 1484 4414 interim
1521 4368 1712 4414 cantus
1746 4359 2052 4416 celebratus
2082 4361 2139 4416 in

559 4449 762 4520 templo
827 4449 1064 4515 Domini,
1123 4451 1336 4506 dicente
1386 4451 1576 4506 eodem
1622 4450 2070 4522 Paralipomenon
2120 4470 2134 4506 :

2167 3143 2214 3208 C

2235 1881 2516 1938 descendit
2559 1881 2820 1937 Dominus
2868 1881 2936 1937 de
2983 1889 3167 1937 monte
3210 1879 3437 1946 Oliveti,
3492 1881 3744 1936 veniente
3777 1880 3820 1934 ei

2235 1975 2451 2031 obviam
2500 1976 2657 2031 turba
2705 1974 2876 2030 multa
2921 1973 3140 2047 (Matth.
3180 1973 3267 2044 ιι).
3324 1973 3446 2030 Νοιι
3474 1984 3564 2030 est
3591 1973 3822 2039 dubium,

2237 2067 2368 2138 quin
2401 2067 2663 2123 salutaret
2704 2081 2828 2122 eam
2867 2066 3166 2123 secundum
3198 2081 3407 2122 morem
3444 2081 3660 2122 nonum
3689 2066 3824 2120 anti-

2237 2173 2358 2230 quas
2382 2158 2692 2214 traditionis
2712 2198 2728 2225 ,
2759 2158 3132 2229 quem‘etiam
3160 2166 3340 2213 nostra
3370 2174 3476 2214 non
3505 2157 3694 2214 solum
3731 2171 3827 2228 pe-

2236 2250 2345 2306 rita
2392 2249 2666 2314 Ecclesia,
2711 2249 2807 2306 sed
2844 2249 3010 2305 etiam
3042 2248 3274 2321 vulgaris
3313 2258 3472 2304 tenet.
3522 2248 3685 2304 Solet
3720 2249 3831 2303 sibi

2237 2342 2479 2399 obvianti
2529 2342 2734 2412 aliquid
2767 2341 2968 2397 bonum
3011 2349 3208 2412 optare
3250 2357 3403 2396 causa
3443 2339 3828 2396 salutationis.

2238 2434 2308 2490 Et
2333 2433 2630 2506 praicipue,
2668 2442 2958 2505 propterea
2984 2434 3218 2490 dicimus
3244 2433 3535 2490 Dominum
3560 2433 3833 2488 salutasse

2239 2525 2456 2581 turbam
2483 2526 2791 2582 venientem
2832 2526 2938 2582 sibi
2965 2527 3203 2593 obviam,
3251 2525 3513 2597 quoniam
3552 2526 3685 2581 talis
3717 2536 3829 2580 erat

2240 2617 2573 2674 consuetudo
2601 2616 2943 2686 Iudaeorum,
2988 2627 3083 2674 aut
3110 2618 3456 2690 Augustinus
3498 2620 3557 2674 in
3607 2619 3824 2689 psalmo,

2242 2711 2394 2784 Saepe
2422 2723 2846 2784 expugnaverunt
2877 2729 2958 2768 me
2983 2711 3102 2785 (Ps.
3127 2713 3386 2784 curui).
3420 2712 3643 2768 Nostris
3670 2713 3822 2774 enim,

2241 2805 2340 2872 ait,
2393 2804 2610 2868 fratres,
2661 2805 2878 2876 quando
2931 2805 3195 2860 transitur
3243 2818 3346 2876 per
3396 2805 3823 2876 operantes,’est

2241 2897 2574 2952 consuetudo
2601 2904 2662 2952 ut
2689 2896 2903 2952 dicatur
2929 2897 3034 2954 illis
3059 2915 3072 2952 :
3103 2896 3414 2952 Benedictio
3443 2896 3665 2951 Domini
3687 2910 3824 2964 super

2243 3005 2350 3044 vos.
2390 2987 2460 3043 Et
2492 2987 2664 3060 magis
2697 2987 2802 3044 ista
2839 2989 3174 3046 consuetudo
3203 2997 3326 3044 erat
3355 2988 3414 3044 in
3442 2999 3611 3061 gente
3636 2985 3822 3042 ludan-

2244 3097 2385 3137 rum.
2444 3080 2613 3138 Nemo
2642 3079 2945 3147 transibat,
2991 3088 3046 3136 et
3073 3079 3292 3135 videbat
3341 3079 3574 3149 aliquod
3612 3093 3734 3150 opus
3771 3078 3818 3131 in

2243 3187 2394 3245 agro,
2423 3171 2507 3226 vel
2541 3171 2595 3226 in
2640 3171 2821 3237 vinea,
2848 3170 2933 3225 vel
2980 3171 3036 3226 in
3083 3185 3280 3235 messe,
3311 3170 3403 3225 vel
3442 3169 3656 3240 aliquid
3698 3165 3820 3236 ejus-

2241 3265 2384 3321 modi
2405 3305 2420 3330 ,
2451 3279 2559 3318 non
2591 3262 2791 3319 licebat
2839 3262 3071 3317 transire
3106 3262 3226 3318 sine
3270 3260 3680 3316 benedictione.
3714 3256 3823 3311 ihs

2241 3354 2577 3411 consuetudo
2621 3361 2808 3408 manet
2849 3366 3022 3422 usque
3053 3351 3212 3406 hodie
3251 3351 3306 3406 in
3348 3358 3553 3404 nostra
3582 3346 3820 3412 Ecclesia,

2241 3447 2456 3519 quando
2479 3444 2764 3500 transitum
2793 3441 3024 3498 facimus
3051 3442 3116 3498 de
3143 3457 3254 3496 uno
3274 3439 3466 3496 officio
3493 3441 3565 3496 ad
3590 3439 3822 3502 alterum,

2241 3537 2394 3610 quasi
2425 3550 2597 3605 nuper
2625 3535 2958 3588 introeamus
2982 3533 3050 3588 ad
3079 3531 3382 3603 operarios,
3416 3529 3719 3585 salutamus
3741 3541 3821 3580 eos

2239 3629 2423 3686 verbis
2466 3625 2849 3682 benedictione
2887 3623 3084 3695 plenis.
3139 3622 3337 3678 Postea
3381 3621 3522 3678 dicit
3568 3619 3823 3700 sacculis,

2243 3719 2485 3776 Oremus.
2516 3715 2634 3772 Nisi
2670 3715 2870 3772 Christi
2907 3715 3082 3772 virtus
3112 3713 3378 3785 replesset
3422 3713 3598 3769 corda
3651 3709 3819 3765 turba-

2241 3827 2362 3868 rum
2390 3809 2458 3866 ad
2483 3810 2787 3866 orationem
2810 3851 2826 3878 ,
2859 3824 2968 3865 non
2993 3809 3042 3865 ei
3079 3815 3340 3864 canerent
3375 3815 3492 3861 tam
3524 3801 3828 3876 magniﬁcas

2241 3903 2448 3960 laudes.
2483 3901 2742 3960 Oratione
2781 3903 2926 3959 enim
2966 3910 3257 3958 serenatur
3287 3915 3383 3956 cor
3412 3899 3479 3954 ad
3505 3911 3830 3969 mgnoscen-

2241 3997 2370 4053 dum
2419 3997 2730 4052 Dominum.
2784 3995 3003 4052 Puritas
3032 3996 3188 4052 lintei
3218 3996 3365 4066 quod
3417 3995 3625 4066 ponitur
3653 3992 3708 4046 in
3740 3989 3825 4045 al-

2241 4089 2371 4155 tari,
2413 4087 2706 4158 puritatem
2734 4087 2996 4142 mentium
3025 4102 3215 4144 eorum
3244 4088 3447 4158 signat,
3474 4084 3572 4155 qui
3595 4081 3829 4138 Domino

2241 4166 2540 4238 cantabant
2580 4179 2837 4236 Eamdem
2864 4179 3178 4251 puritatem,
3196 4194 3304 4248 qua
3331 4176 3649 4249 repleverat
3674 4172 3826 4229 corda

2241 4273 2578 4332 cantantium
2605 4315 2620 4340 ,
2675 4273 2990 4344 requirebat
3036 4273 3093 4328 in
3142 4271 3344 4341 templo
3403 4270 3632 4340 quando
3684 4265 3825 4336 eiecit

2242 4366 2369 4422 inde
2393 4365 2690 4421 vendentes
2727 4373 2784 4420 et
2811 4371 3088 4430 ementes,
3129 4363 3358 4419 dicens:
3390 4360 3671 4431 Scriptum
3715 4367 3780 4412 est
3805 4369 3824 4405 :

2245 4458 2441 4512 Domus
2471 4473 2584 4510 mea
2622 4455 2809 4511 domus
2850 4455 3104 4510 orationis
3136 4455 3409 4510 vocabitur
3443 4451 3672 4524 (Matth.
3701 4449 3822 4514 ut).

561 4538 842 4595 Constituit
871 4555 1074 4609 quoque
1104 4538 1311 4595 Levitas
1333 4542 1389 4595 in
1425 4541 1579 4595 domo
1621 4541 1833 4596 Domini
1860 4559 1978 4596 cum
1999 4513 2218 4613 εφη-1)
2244 4548 2382 4601 Dum
2431 4546 2578 4601 enim
2627 4546 2880 4602 sacerdos
2921 4547 3149 4618 suscipit
3193 4513 3540 4610 oblationes,
3597 4552 3827 4598 cantores

565 4627 696 4682 bolis
717 4636 766 4682 et
794 4628 1059 4698 psalteriis
1083 4637 1131 4681 et
1161 4629 1400 4695 citharis,
1433 4630 1720 4683 secundum
1748 4631 2147 4701 dispositionem
2241 4646 2485 4693 cantant.
2512 4637 2763 4704 Quandiu
2799 4637 2944 4692 enim
2987 4637 3146 4693 turba
3184 4637 3464 4700 cantabat,
3491 4635 3751 4691 Hosem
3778 4634 3826 4685 is

562 4718 738 4774 David
769 4716 858 4790 (II
881 4717 1011 4773 Par.
1036 4718 1211 4790 xxxx).
1262 4719 1329 4774 Et
1359 4719 1522 4790 paulo
1542 4729 1663 4789 post
1689 4739 1701 4773 :
1733 4719 1966 4792 Cumque
1990 4722 2142 4791 offer-

563 4820 744 4866 rentur
779 4809 1107 4877 holocausta,
1157 4821 1416 4883 ceperunt
1445 4810 1628 4866 laudes
1674 4828 1860 4866 canere
1900 4811 2148 4880 Domino,

2242 4727 2458 4784 excelsis
2495 4726 2680 4798 (Joan.
2713 4726 2778 4798 ι),
2812 4714 3062 4784 Christus
3112 4738 3235 4782 vota
3269 4741 3462 4782 eorum
3484 4724 3828 4796 suscipiebat.

2243 4818 2525 4877 Oblatione
2563 4827 2834 4887 suscepta,
2867 4819 3122 4874 sacerdos
3155 4818 3296 4873 redit
3330 4817 3401 4872 ad
3432 4816 3639 4881 altare,
3689 4825 3748 4870 ut
3782 4814 3830 4868 in

563 4912 614 4958 et
640 4901 881 4975 clangere
909 4903 1068 4969 tubis,
1089 4913 1246 4976 atque
1275 4904 1328 4959 in
1351 4903 1568 4959 diversis
1588 4905 1816 4975 organis,
1840 4921 1958 4974 quis
1979 4904 2151 4960 David
2245 4926 2310 4967 eo
2359 4911 2611 4980 disponat
2635 4911 2750 4966 sive
2787 4911 2925 4982 ipse,
2973 4911 3088 4967 sive
3119 4910 3378 4966 diaconus
3420 4909 3729 4966 oblationes
3751 4921 3836 4962 co-

565 5009 659 5050 rex
684 5003 976 5066 repererat,
1009 5011 1340 5066 concrepare.
1393 4994 1552 5050 Omni
1597 5006 1772 5050 autem
1820 4995 1974 5050 turba
2023 4996 2153 5051 ado-

565 5093 734 5149 rante,
761 5094 1000 5140 cantores
1020 5086 1110 5156 qui
1137 5085 1379 5140 tenebant
1417 5085 1570 5141 tubas
1599 5095 1746 5142 erant
1767 5087 1822 5142 in
1846 5088 2009 5157 oﬂicio
2033 5103 2150 5152 suo,

566 5175 732 5231 donec
769 5176 1117 5246 compleretur
1152 5175 1539 5231 holocaustum.
1580 5175 1814 5248 Cumque
1842 5177 1995 5247 ﬁnita
2025 5184 2155 5231 esset

569 5266 787 5334 obliuio,
815 5267 1117 5323 incurvatus
1143 5277 1219 5324 est
1240 5284 1351 5334 rex,
1375 5276 1424 5322 et
1447 5283 1623 5323 omnes
1641 5268 1732 5340 qui
1757 5278 2046 5324 erantcum
2071 5283 2154 5334 eo,

567 5371 619 5421 et
647 5363 1021 5419 adoraverunt.

643 5450 751 5508 Sed
777 5460 1071 5526 antequam
1093 5443 1521 5526 ingrederentur
1549 5454 1859 5510 sacerdotes
1903 5453 1972 5508 ad
2000 5452 2155 5508 bolo-

571 5553 795 5610 causta,
847 5545 1104 5603 lavabant
1142 5562 1337 5603 manus
1373 5564 1534 5614 suas,
1578 5555 1642 5604 ut
1675 5548 1938 5619 scriptum
1983 5558 2070 5604 est
2100 5549 2157 5605 in

573 5632 714 5691 libro
745 5635 935 5694 Exodi.
965 5636 1300 5711 Locutusque
1324 5650 1400 5695 est
1426 5639 1683 5695 Dominus
1705 5640 1774 5694 ad
1801 5641 2038 5713 Moysen,
2077 5643 2158 5698 di-

576 5737 710 5783 cens
737 5741 754 5783 :
784 5725 975 5787 Facies
1001 5740 1050 5786 et
1085 5729 1292 5785 labrum
1322 5745 1545 5786 anteum
1572 5747 1691 5785 cum
1719 5731 1833 5787 basi
1868 5750 1967 5788 sua
1989 5733 2060 5788 ad
2085 5733 2160 5789 la.

2250 5017 2367 5057 ram
2393 5001 2642 5067 Domino,
2671 5015 2809 5072 quas
2835 5002 2913 5057 illi
2941 5001 3317 5057 immolaturus
3346 5010 3431 5056 est
3471 5001 3530 5056 in
3575 5000 3836 5072 sequenti—

2250 5095 2351 5150 bus
2379 5095 2556 5150 missze
2605 5095 2760 5166 (Esa.
2789 5095 2921 5166 LVI).
2977 5093 3228 5151 Christus
3259 5094 3428 5160 enim,
3466 5103 3600 5164 post
3635 5102 3838 5161 accept:

2253 5194 2375 5239 vota
2401 5187 2756 5251 cantantium,
2790 5186 3130 5243 Hierusalem
3151 5196 3207 5242 et
3236 5186 3499 5258 templum
3524 5187 3748 5242 Domini
3771 5187 3842 5238 in-

2254 5277 2438 5343 travit,
2471 5277 2528 5332 in
2557 5293 2664 5347 quo
2689 5286 2811 5333 erat
2831 5277 3024 5345 altare,
3048 5278 3232 5349 ibique
3253 5294 3312 5334 se
3333 5278 3692 5348 praesentavit
3725 5275 3841 5336 sibi.

2258 5369 2476 5440 Deoque
2503 5369 2653 5425 Patri
2681 5372 2750 5426 ad
2770 5371 3197 5428 immolationem
3231 5373 3491 5427 futuram.
3547 5371 3744 5428 Postea
3770 5369 3844 5422 di-

2257 5459 2336 5516 cit
2361 5461 2616 5516 sacerdos
2638 5460 2939 5528 Secretam,
2977 5471 3038 5518 ut
3077 5470 3287 5520 secreta
3322 5461 3553 5526 Christi,
3601 5478 3725 5534 qua:
3761 5458 3846 5514 illo

2261 5557 2502 5619 tempore
2528 5551 2850 5622 agebantur,
2898 5552 3055 5608 nobis
3085 5551 3153 5607 ad
3205 5551 3529 5608 memoriam
3558 5552 3844 5608 ducantur.

2258 5639 2615 5711 Augustinum
2647 5642 2887 5712 legamus
2908 5658 3072 5716 super
3103 5641 3367 5699 Joannem
3393 5641 3598 5716 (Troes.
3617 5642 3730 5713 28).
3761 5641 3848 5697 ubi

2261 5734 2486 5804 exponit
2518 5734 2793 5796 Christum
2818 5736 3033 5795 venisse
3061 5735 3129 5793 ad
3167 5735 3312 5794 diem
3343 5733 3545 5794 festum
3587 5751 3824 5807 εοωυνε
