3978 6522
156 439 166 444 '
214 418 340 476 “‘29.

900 414 988 470 DE
1028 405 1944 492 ECCLESIASTICISOFFICHS
1962 403 2268 474 LIBRllV.
2297 401 2676 489 ,-—,_,LIB.jIll.

3292 402 3427 466 “50

211 504 306 606 giae,
330 499 416 586 non
433 526 737 596 manifeste,
764 527 1024 606 sedquasi
1051 528 1104 584 in
1127 527 1361 594 occulto,
1388 501 1482 592 ita,
1513 525 1685 596 inquit
1714 540 1729 579 :
1759 528 1810 587 Α
1838 525 2106 578 trinsecus
2124 522 2276 578 latet.
2306 519 2461 578 Unde
2475 519 2809 592 Augustinus
2843 519 2900 575 in
2937 519 3077 576 libro
3113 521 3324 579 decimo
3358 527 3430 584 de

211 604 530 680 Manifestetur
576 636 725 693 ergo,
765 604 1004 696 tollatur.
1027 621 1226 699 velum,
1266 628 1564 700 appareat,
1594 617 1762 694 quod,

207 725 306 773 erat
333 723 600 793 secretum.
632 705 849 769 'Omnia
871 729 992 785 quae
1038 713 1180 768 dicta
1227 720 1355 768 sunt
1394 712 1618 787 antiquo
1646 725 1762 784 ρο-ῗ

204 809 309 880 pulo
330 806 470 864 lsrael
496 808 550 862 in
577 807 859 882 multiplici
892 805 1172 885 Scriptura.
1205 815 1406 862 sancta:
1434 805 1586 877 legis,
1618 820 1762 875 quae,

204 911 386 973 agerent
409 899 518 956 sive
553 900 614 978 in.
637 899 941 966 sacriﬁciis,
966 901 1080 956 sive
1108 900 1160 953 in
1176 899 1519 964 sacerdotiis,
1543 899 1658 952 sive
1681 898 1736 952 in

201 971 357 1049 diebus
377 993 542 1060 festis,
573 972 628 1049 et
650 994 872 1050 omnino
898 995 952 1048 in
978 992 1306 1064 quibuslibet
1329 992 1512 1057 rebus,
1541 971 1765 1062 quibus:

198 1087 340 1143 Deum
376 1087 634 1154 colebant,
687 1102 1022 1159 quaecunque
1053 1086 1159 1142 illis
1193 1087 1336 1166 dicta
1368 1094 1424 1142 et
1469 1093 1761 1156 praecepta

196 1189 319 1245 sunt,
343 1181 530 1236 unibrze
555 1181 776 1258 fuerunt
826 1179 1152 1243 futurorum,
1183 1195 1304 1250 qua:
1352 1177 1642 1255 implentur
1684 1179 1769 1248 in.

194 1272 375 1328 Christo
401 1273 536 1328 unde
563 1272 694 1349 dicit
712 1269 1002 1342 Apostolus
1022 1288 1054 1349 ε,
1071 1269 1336 1342 Quotquot
1360 1269 1494 1323 enim
1517 1269 1737 1339 promis-
1762 1335 1767 1343 _

191 1368 336 1422 siones
357 1366 464 1432 Dei,
492 1367 550 1421 in
569 1345 660 1420 tua
679 1362 835 1419 etiam
859 1362 948 1435 (II
973 1345 1096 1418 cor.
1131 1363 1196 1436 ι),
1228 1365 1279 1420 id
1305 1373 1411 1429 est,
1437 1363 1490 1416 in
1509 1362 1738 1439 Christo

191 1457 387 1529 impleta:
415 1468 554 1514 sunt.
620 1457 832 1538 Ex'his'
870 1457 1031 1512 dictis
1074 1455 1372 1526 intelligere
1429 1445 1772 1527 possumus:

189 1554 318 1624 cujus
337 1555 442 1608 vice
461 1560 727 1607 secretam
756 1551 902 1605 dicat
923 1549 1200 1605 sacerdos.
1248 1548 1434 1619 Agnus
1469 1547 1738 1618 paschalis
1766 1598 1772 1623 λ

185 1644 359 1700 latebat
385 1645 435 1699 in
473 1642 711 1709 Christo,
743 1642 836 1712 qui
884 1639 1247 1695 immolandus
1287 1646 1424 1694 erat.
1474 1638 1587 1692 Hoc
1619 1645 1772 1716 erat_

183 1748 419 1796 secretum
439 1737 718 1809 apostolis,
767 1742 884 1790 erat
915 1721 1185 1790 secretum
1232 1733 1445 1788 caeteris
1491 1731 1738 1786 ﬁdelibus

181 1833 390 1904 quicum
417 1846 480 1886 eo
510 1837 668 1884 erant
698 1843 713 1881 :
747 1833 868 1882 erat
911 1833 1183 1882 secretum
1212 1823 1409 1895 populo
1429 1821 1736 1878 Judzeorum

1840 615 2072 672 Civitate
2100 616 2217 681 Dei,
2242 631 2291 670 c.
2317 615 2389 679 19¹
2409 634 2446 676 ;;
2473 613 2576 682 Qui
2615 622 2793 668 autem
2824 622 3016 685 putant
3038 615 3162 673 inec
3190 617 3428 674 visibilia

1841 709 2108 764 sacriﬁcia
2153 709 2255 764 diis
2277 707 2398 784 aliis
2429 722 2726 779 congruere
2751 727 2767 761 :
2797 706 2876 784 illi
2895 724 3024 764 vero
3063 717 3319 781 tanquam
3349 713 3430 766 in-

1839 803 2036 871 visibili
2054 801 2367 866 invisibilia,
2384 799 2816 872 majoramajori,
2848 801 3162 873 meliorique
3180 805 3426 870 meliora,

1841 895 2019 965 qualia
2071 904 2197 950 sunt
2225 911 2373 965 pura:
2402 894 2599 949 mentis
2630 904 2686 950 et
2710 894 2863 949 bona:
2897 895 3190 953 voluntatis
3223 898 3427 964 officia,

1838 988 2084 1059 profecto
2107 989 2355 1044 nesciunt
2388 990 2521 1052 haec
2558 989 2631 1042 ita
2658 1004 2778 1044 esse
2820 989 2972 1057 signa
3005 989 3242 1054 illorum,
3289 993 3433 1048 sicut

1839 1078 2005 1134 verba
2059 1079 2508 1149 sonantia_signa
2539 1088 2665 1134 sunt
2706 1095 2908 1134 rerum.
2982 1081 3250 1148 Quocirca
3290 1084 3435 1138 sicut

1839 1178 2060 1240 orantes
2106 1179 2268 1241 atque
2296 1170 2583 1237 laudantes
2606 1173 2674 1227 ad
2719 1187 2842 1227 eum
2885 1172 3169 1242 dirigimus
3227 1177 3434 1230 sacriﬁ-

1840 1271 2026 1318 cantes
2053 1278 2216 1318 voces
2262 1264 2348 1318 cui
2379 1279 2468 1318 res
2515 1265 2661 1334 ipsas
2711 1265 2766 1318 in
2791 1266 2953 1320 corde
2981 1281 3115 1336 quas
3163 1269 3438 1337 signica-

1838 1368 1980 1418 mus,
2015 1351 2293 1408 offerimus
2325 1373 2338 1407 :
2369 1354 2444 1408 ita
2483 1355 2852 1410 sacriﬁcantes
2879 1361 2992 1411 non
3021 1357 3177 1413 alteri
3221 1359 3436 1413 visitile

1840 1442 2166 1498 sacriﬁcium
2209 1444 2544 1500 offerendum
2585 1461 2724 1512 esse,
2755 1449 3083 1516 noverimus,
3113 1500 3115 1502 .
3143 1465 3309 1520 quam
3335 1450 3436 1518 illi,

1841 1535 1992 1617 cujus
2015 1538 2067 1592 in
2115 1537 2368 1594 cordibus
2420 1538 2624 1594 nostris
2671 1539 2942 1596 invisibile
2976 1541 3304 1617 sacriﬁcium
3334 1559 3437 1599 nos

1841 1630 1944 1702 ipsi
1975 1646 2098 1686 esse
2125 1631 2406 1688 debemus.
2454 1633 2496 1703 -ι-
2524 1632 2802 1705 Susceptis
2830 1634 3214 1704 oblationibus,
3247 1651 3435 1692 rever-

1842 1723 1975 1776 titur
2015 1723 2092 1800 ad
2130 1723 2299 1778 altare
2325 1747 2346 1787 ,~
2389 1724 2708 1793 disponente
2747 1726 2976 1782 diacono
3021 1727 3230 1783 oblatas
3272 1743 3438 1798 super

1841 1814 2033 1882 altare,
2066 1831 2216 1871 more
2241 1816 2543 1886 primorum
2577 1827 2787 1889 septem
2813 1821 3216 1887 diaconorum.
3264 1822 3439 1880 Lavat

177 1941 328 1997 usque
355 1925 418 1981 ad
452 1925 594 1980 diem
623 1937 815 1988 ctenae,
840 1910 948 1991 quo
975 1921 1091 1992 ipse
1115 1919 1358 1990 apertius
1382 1917 1732 1974 manifestare
1761 1912 1808 1970 B
1836 1910 2092 1965 sacerdos
2125 1925 2319 1966 manus
2342 1927 2470 1968 suas
2498 1928 2651 1969 more
2686 1916 2930 1984 priorum
2972 1917 3340 1985 sacerdotum,
3371 1927 3436 1973 ut

175 2018 400 2089 dignatus
423 2026 507 2073 est
530 2001 1039 2087 passionemsuam.
1073 1999 1279 2094 Usque
1305 2012 1374 2067 ad
1405 2012 1555 2066 illum
1588 2013 1731 2068 diem
1773 2077 1780 2088 ι

168 2113 483 2184 protenditur
538 2093 774 2168 secreta
805 2093 1137 2168 sacerdotis.
1163 2110 1460 2166 .Moraliter
1509 2110 1563 2164 in
1594 2125 1733 2181 prae-
1775 2161 1782 2178 ,

169 2205 298 2260 senti
340 2203 505 2261 ofﬁcio
555 2205 726 2261 altare
773 2213 1017 2259 nostrum
1047 2196 1424 2275 praeﬁguratur
1461 2201 1530 2256 ab
1573 2201 1732 2257 altari

167 2275 464 2363 holocausti,
496 2313 618 2375 quo
643 2297 1063 2376 immolabantur
1107 2297 1342 2375 victimae
1366 2312 1465 2366 pro
1487 2304 1727 2366 peccato,

162 2405 258 2468 pro
286 2406 458 2463 regno.
492 2405 594 2461 pro
623 2386 955 2455 sanctuario,
995 2405 1096 2460 pro
1124 2388 1285 2465 Juda,
1311 2404 1412 2459 pro
1438 2389 1599 2453 votis,
1632 2404 1732 2458 pro

163 2483 476 2554 Spontaneis.
503 2533 507 2538 .
536 2482 644 2537 Has
667 2482 969 2539 oblationes
997 2481 1236 2552 quotidie
1264 2481 1527 2535 habemus
1551 2480 1605 2534 in
1637 2495 1732 2534 no-
1779 2543 1790 2549 ε

159 2584 267 2630 stra
290 2575 560 2630 Ecclesia:
593 2575 809 2630 easdem
833 2589 932 2645 per
978 2589 1172 2629 manus
1216 2572 1516 2642 sacerdotis
1553 2573 1734 2627 offeri-
1786 2637 1792 2643 _

157 2655 292 2724 mus.
349 2667 531 2722 Altare
559 2675 806 2722 nostrum
831 2665 1100 2743 designat
1129 2665 1186 2720 in
1220 2664 1476 2740 praesenti
1505 2679 1734 2734 genera-
1787 2723 1792 2728 ,

153 2757 259 2814 lem
286 2759 445 2814 vitam
483 2759 777 2829 justorum,
825 2758 919 2829 qui
952 2773 1173 2814 carnem
1227 2773 1382 2836 suam
1414 2756 1733 2828 cruciﬁgere
1787 2815 1791 2818 ,

1789 2891 1791 2894 .
1836 2855 1942 2911 que
1965 2840 2110 2894 enim
2142 2840 2430 2912 quisquam
2462 2843 2528 2911 de
2554 2843 2710 2914 plebe
2728 2843 2804 2898 ibi
2823 2843 3018 2911 lavari,
3047 2845 3142 2900 sed
3161 2845 3279 2915 ipse
3297 2858 3436 2915 pon-

151 2851 386 2923 quotidie
412 2867 533 2907 cum
561 2851 708 2930 vitiis
731 2859 785 2907 et
811 2850 1323 2928 concupiscentiis...
1352 2858 1516 2923 atque
1549 2851 1605 2906 in
1633 2851 1736 2906 ho-

149 2948 310 3004 stiam
336 2947 599 3002 viventem
630 2947 741 3000 Deo
790 2944 985 3000 offerre
1011 2944 1228 3016 solent:
1288 2943 1336 2999 si
1375 2943 1546 2999 altare
1589 2943 1734 3014 quod
1788 2987 1794 2996 .

147 3037 520 3110 praeﬁguratur
538 3040 606 3094 ab
631 3038 788 3114 altari
818 3037 1143 3121 holocausti,
1199 3035 1470 3114 signiﬁcat
1511 3051 1735 3106 genera-

145 3131 256 3187 lem
282 3132 444 3186 vitam
472 3130 763 3202 justorum,
823 3132 1127 3188 oblationes
1153 3147 1273 3202 quae
1319 3131 1377 3186 in
1405 3146 1470 3187 eo
1497 3130 1733 3186 offerun-

142 3231 256 3290 tur,
294 3240 479 3281 eorum
529 3226 886 3297 cogitationes
932 3233 988 3280 et
1029 3226 1172 3281 bona
1221 3239 1385 3296 opera
1428 3224 1729 3296 designant.

1835 2012 2066 2059 extersa:
2098 2006 2223 2076 gsint
2255 2021 2286 2059 a
2343 2011 3212 2081 tactucommuniummanuum,
3270 2021 3438 2084 atque

1837 2103 2050 2150 terreno
2087 2111 2247 2166 pane.
2306 2085 2436 2164 Qua:
2465 2097 2665 2156 lavatio
2694 2117 2904 2165 manus,
2954 2103 3276 2158 munditiam
3309 2119 3436 2160 cor-

1834 2185 1916 2240 dis
1950 2186 2128 2258 signat
2155 2188 2537 2261 perlacrymas
2561 2199 2622 2247 et.
2644 2194 3112 2262 compunctiones,
3129 2194 3270 2249 sicut
3287 2193 3437 2250 Beda

1835 2280 1890 2335 in
1911 2280 2050 2337 libro
2082 2298 2164 2347 tu,
2207 2299 2328 2354 cap.
2357 2283 2444 2350 14,
2471 2283 2538 2338 de
2564 2286 2917 2341 tabernaculo
2943 2295 2998 2342 et
3029 2288 3178 2342 vasis
3199 2285 3317 2356 ejus
3345 2301 3436 2343 re-

1834 2369 1961 2426 fert.
1989 2357 1992 2360 ’
2017 2371 2206 2437 Recte,
2261 2373 2457 2444 inquit,
2488 2389 2588 2446 pro
2638 2375 2797 2431 altari
2830 2383 3021 2448 [prope
3052 2376 3245 2448 altare]
3272 2377 3430 2432 holo-

1835 2463 2008 2518 causti
2042 2463 2252 2519 labrum
2274 2466 2514 2534 ponitur,
2539 2466 2593 2521 in
2631 2483 2738 2537 quo
2772 2467 2942 2522 abluti
2973 2467 3306 2538 sacerdotes,
3347 2468 3433 2523 in-

1835 2559 2150 2630 grediantur
2165 2559 2595 2627 tabernaculum,
2611 2569 2667 2616 et
2684 2561 2982 2632 thymiama
2995 2561 3226 2616 Domino
3245 2563 3436 2626 incen-

1837 2654 1985 2710 dant.
2051 2653 2272 2710 Duobus
2294 2671 2528 2726 namque
2578 2656 2754 2712 modis
2790 2657 3172 2728 ,lacrymarum
3201 2666 3258 2714 et
3277 2672 3432 2713 com-

1835 2745 2186 2818 punctionum
2215 2753 2389 2813 status
2413 2746 2782 2820 distinguitur.
2818 2749 2910 2811 Et
2930 2756 3053 2820 post
3079 2764 3251 2819 pauca
3275 2767 3289 2802 :
3328 2748 3438 2805 Ne~

1837 2932 1970 2988 tifex
1985 2933 2170 3004 jussus
2193 2944 2300 3002 est,
2329 2945 2384 2992 et
2410 2936 2506 2991 ﬁlii
2539 2935 2684 3008 ejus,
2704 2937 2960 2995 videlicet
2979 2937 3293 2996 sacerdotes
3305 2955 3432 3012 gra-

1837 3026 1938 3082 dus
1959 3026 2258 3095 inferioris,
2281 3030 2406 3100 quia
2432 3046 2755 3102 magnorum
2784 3033 3048 3100 virorum,
3072 3034 3213 3090 sicut
3241 3033 3431 3106 perfe-

1838 3117 1977 3174 ctior
2000 3119 2136 3185 vita,
2164 3120 2244 3176 sic
2267 3128 2320 3176 et
2342 3122 2686 3192 compunctio
2709 3121 2848 3178 solet
2871 3138 2989 3180 esse
3016 3124 3322 3181 sublimior.
3366 3125 3440 3181 Et

1838 3208 2034 3265 iterum
2067 3229 2081 3264 :
2135 3210 2288 3282 Quod
2317 3212 2364 3268 si
2398 3212 2455 3267 in
2479 3227 2713 3283 persona
2740 3213 2918 3270 Aaron
2961 3215 3137 3286 ipsum
3175 3232 3436 3289 magnum

140 3315 450 3373 Redeamus
473 3317 541 3372 ad
565 3292 784 3373 initium
811 3318 1097 3389 praesentis
1125 3292 1313 3391 ofﬁcii.
1368 3292 1589 3384 Salutat
1611 3318 1730 3388 epi-

1837 3302 2152 3372 pontilicem
2185 3303 2476 3360 Dominum
2523 3306 2850 3362 salvatorem
2879 3308 3128 3378 accipere
3162 3309 3436 3376 volumus,

138 3422 341 3478 scopus
387 3425 667 3480 populum,
717 3409 1057 3480 deprecando
1086 3419 1143 3464 ut
1177 3409 1440 3482 Dominus
1491 3411 1563 3464 sit
1610 3425 1734 3464 cum
1793 3472 1796 3475 1

133 3500 254 3558 illo.
308 3502 548 3574 Populus
573 3519 604 3558 e
629 3511 819 3558 contra
843 3511 966 3558 orat
1005 3518 1105 3574 pro
1132 3503 1436 3567 sacerdote,
1483 3510 1544 3555 ut
1573 3502 1734 3557 simul
1793 3563 1798 3567 ,

129 3609 267 3666 cum
297 3609 398 3650 suo
419 3593 1002 3671 spiritusitDominus
1031 3608 1154 3648 cum
1181 3592 1280 3647 eis.
1322 3590 1449 3646 Haec
1481 3590 1736 3646 salutatio
1794 3655 1800 3660 υ

129 3683 428 3739 introitum
451 3685 790 3740 demonstrat
811 3685 878 3740 ad
899 3683 1045 3739 aliud
1068 3683 1328 3740 ofﬁcium.
1358 3683 1555 3739 Postea
1582 3684 1732 3751 dicit,

124 3760 390 3847 Oremus,
414 3772 776 3843 admonetque
803 3783 861 3827 ut
882 3776 1250 3846 unusquisque
1263 3775 1601 3830 offerentium
1617 3791 1737 3831 sese

119 3864 207 3920 ad
235 3879 396 3918 suam
426 3864 817 3920 conscientiam
853 3865 1180 3921 introducat.
1244 3866 1302 3921 Si
1337 3868 1461 3936 quis
1487 3867 1737 3922 babetad

119 3942 558 4024 immolandum,
602 3957 862 4023 immolet,
905 3958 1086 4025 idest,
1135 3959 1179 4015 si
1221 3961 1342 4030 quis
1377 3960 1630 4016 conscius
1653 3968 1738 4016 est

117 4032 352 4118 proprii
383 4048 528 4115 vitii,
557 4057 711 4121 roget
742 4059 823 4107 .ut
867 4065 1127 4106 mucrone
1176 4051 1432 4127 invisibili
1463 4051 1690 4122 feriatur
1717 4071 1731 4118 ;

113 4137 168 4193 si
215 4130 360 4206 [quis
389 4139 558 4194 habet
580 4137 958 4196 voluntarium
986 4141 1342 4208 sacriﬁcium,
1375 4143 1490 4218 sive
1518 4152 1738 4214 sponta-

111 4243 326 4306 neum,
352 4230 472 4283 sive
500 4246 596 4297 pro
623 4219 944 4302 quacunque
967 4248 1027 4289 re
1055 4235 1145 4302 sit,
1167 4245 1420 4306 precetur
1445 4245 1736 4306 antequam

107 4322 186 4378 de
231 4336 410 4375 manu
435 4321 552 4391 ejus
577 4333 758 4386 exeat,
796 4332 859 4376 ut
885 4326 1215 4393 acceptabile
1246 4327 1316 4382 sit
1347 4327 1600 4398 Domino,
1637 4342 1739 4382 nec

103 4415 499 4484 despiciatur,
523 4413 664 4468 sicut
689 4414 1010 4494 despectum
1023 4424 1106 4470 est
1125 4415 1282 4482 Cain,
1310 4420 1435 4486 quia
1454 4435 1560 4472 non
1591 4431 1740 4475 recte

100 4505 406 4571 offerebat
435 4505 704 4578 (Gemtv).
751 4491 974 4563 Interim
997 4491 1428 4579 ponitursindon
1459 4512 1510 4566 in
1539 4513 1733 4568 altare.

99 4600 386 4656 Sindone
424 4615 590 4670 quam
612 4599 850 4656 solemus
873 4602 1157 4678 corporale
1185 4604 1496 4678 nominare,
1550 4606 1736 4661 admo-

93 4679 296 4749 nctur‘
319 4694 510 4750 omnis
551 4711 564 4747 :
615 4695 822 4751 scilicet
876 4695 1106 4766 populus
1140 4704 1195 4750 et
1241 4696 1476 4771 ministri
1521 4697 1728 4763 altaris,

89 4800 348 4841 necnon
365 4793 428 4840 et
456 4789 732 4852 sacerdos,
755 4797 813 4841 ut
838 4788 979 4842 sicut
1001 4787 1129 4842 illud
1156 4788 1382 4843 linteum
1408 4791 1731 4861 castigatum

85 4886 190 4933 est
210 4876 291 4932 ab
313 4877 480 4932 onmi
501 4878 1020 4934 naturaliviriditate
1041 4888 1097 4933 et
1121 4880 1368 4944 humore,
1391 4881 1464 4935 ita
1494 4883 1734 4938 sitmens

82 4969 488 5025 offerentium
516 4970 585 5026 ab
608 4971 756 5025 omni
787 4971 991 5025 carnali
1015 4973 1328 5042 cupiditate,
1356 4982 1411 5028 et
1436 4974 1576 5028 sicut
1604 4975 1734 5029 illud

78 5070 256 5126 nitet
297 5083 415 5124 suo
436 5067 742 5139 splendore,
775 5068 849 5122 ita
885 5068 1114 5124 intentio
1151 5067 1494 5136 offerentium
1522 5069 1733 5139 simpli-

73 5160 286 5214 citate
322 5159 727 5238 niteat'coram
753 5158 884 5216 Deo.
941 5143 1093 5215 Dein.
1126 5161 1324 5215 transit
1366 5161 1622 5217 sacerdos
1671 5161 1739 5216 ad

69 5251 524 5322 suscipiendas
557 5251 896 5310 oblationes:
951 5252 1169 5308 interim
1219 5261 1472 5328 cantores
1516 5263 1740 5311 cantant

65 5356 268 5399 more
306 5343 696 5413 antiquorum,
731 5353 792 5399 ut
843 5344 957 5415 jam
989 5345 1345 5415 praetulimus,
1402 5347 1516 5403 sive
1556 5349 1738 5404 turba-

64 5451 256 5502 rum,
299 5451 447 5505 qua:
491 5438 787 5511 cantabant
819 5437 1320 5506 Christoveuienti
1365 5439 1733 5508 Hierusalem.

59 5529 376 5601 Populus
408 5529 504 5584 dat
531 5530 832 5587 oblationes
854 5547 1001 5598 suas,
1031 5533 1083 5588 id
1113 5541 1220 5598 est,
1251 5548 1444 5604 panem
1471 5545 1529 5589 et
1549 5535 1736 5592 vinum

53 5626 450 5683 secundum
471 5627 717 5682 ordinem
742 5626 1150 5684 Melchisedech.
1177 5615 1362 5684 Panis
1391 5644 1552 5701 quem
1579 5631 1742 5686 oﬁ‘ert

51 5729 128 5776 et
165 5720 414 5774 vinum
447 5719 759 5790 exprimunt
784 5720 966 5775 omnia
987 5721 1254 5777 desideria
1290 5723 1377 5793 pia
1408 5722 1738 5778 intrinsecus

51 5809 389 5876 latentia,
420 5842 422 5844 τ
451 5813 566 5868 sive
586 5812 698 5867 sint
723 5827 846 5882 pro-
870 5812 1262 5882 immolatione,
1311 5830 1406 5870 seu
1439 5830 1538 5885 pro
1561 5816 1740 5872 hostia
1769 5838 1796 5868 φ

51 5898 249 5956 viva.
331 5900 511 5967 Quod
535 5902 668 5958 foris
693 5903 896 5990 agitur,
939 5903 1156 5980 signum
1185 5915 1270 5970 est
1302 5906 1464 5994 illius
1485 5909 1630 5984 quod
1652 5910 1736 5970 in—

438 5999 714 6087 Parnot.
739 6086 746 6088 ﬁ
758 6001 886 6089 (ιν,

1762 4656 1815 4715 D

1809 5593 1812 5595 Α
1846 5539 2143 5594 moriantur
2184 5537 2400 5610 (Exod.
2441 5539 2592 5609 xxx).

1841 3402 2053 3449 constat
2078 3394 2244 3449 etiam
2272 3411 2396 3451 cum
2447 3395 2610 3467 hujus
2636 3413 2778 3467 aqua
2802 3397 2943 3454 labri
2974 3400 3148 3469 prius,
3171 3416 3336 3472 quam
3366 3402 3436 3457 ad

1840 3484 2012 3539 altare
2065 3484 2347 3542 oblaturus
2373 3487 2625 3553 intraret,
2657 3503 2778 3544 esse
2824 3489 3032 3546 lotum:
3063 3492 3438 3564 Quia,'prius-

1841 3592 2004 3647 quam
2033 3577 2331 3648 thymiama
2356 3580 2440 3635 sui
2467 3583 2801 3637 sacrosancti
2823 3583 3071 3652 corporis
3096 3592 3319 3654 propter
3347 3599 3440 3639 sa-

1840 3671 2013 3728 lutem
2040 3682 2286 3729 nostram
2317 3674 2372 3729 in
2399 3674 2557 3730 altari
2580 3676 2760 3732 crucis
2785 3677 3119 3744 incenderet,
3133 3693 3234 3748 pro
3261 3680 3438 3734 nostri

1795 3759 1803 3842 ς
1840 3782 2026 3824 amore
2065 3767 2231 3823 etiam
2259 3753 2530 3840 lacrymas
2565 3769 2722 3837 fudit,
2761 3773 2907 3840 quod
2931 3766 3002 3826 in'
3029 3771 3434 3827 resurrectione

1801 3927 1804 3932 _
1840 3859 2031 3913 Lazari
2053 3858 2408 3916 celeberrime
2433 3861 2688 3916 innotuit.
2719 3861 3078 3917 Cantantibus
3099 3863 3277 3918 adhuc
3301 3879 3437 3919 can-

1803 4013 1808 4020 ,
1840 3951 2069 4019 toribus,
2103 3954 2254 4008 vadit
2273 3954 2529 4010 sacerdos
2552 3954 2620 4009 ad
2647 3954 2838 4017 altare,
2861 3963 2918 4009 et
2945 3963 3105 4010 orat:
3138 3955 3293 4022 Quod
3322 3971 3432 4013 cm-

1840 4053 1987 4100 teros
2011 4047 2336 4115 praemonuit
2359 4045 2560 4112 facere,
2582 4047 2713 4118 agit.
2771 4047 2907 4103 Orat
2928 4062 3029 4117 pro
3053 4049 3166 4103 suis
3203 4049 3438 4119 propriis

1807 4205 1811 4210 η
1839 4138 2050 4196 delictis
2073 4140 2471 4206 remissionem,
2485 4149 2545 4194 ut
2559 4140 2755 4209 dignus
2771 4142 2843 4196 sit
2864 4143 3118 4196 accedere
3153 4141 3221 4196 ad
3235 4141 3436 4207 altare,

1839 4242 1893 4287 et
1923 4234 1992 4287 ad
2039 4242 2242 4288 tactum
2262 4233 2590 4298 oblatarum,
2626 4247 2692 4286 ne
2721 4231 2816 4286 ﬁat
2843 4232 2919 4287 illi
2943 4233 3084 4303 quod
3121 4233 3324 4288 factum
3350 4241 3438 4288 est

1838 4322 2288 4388 Bethsarnitibus,
2326 4324 2421 4394 qui
2444 4331 2652 4380 temere
2686 4322 2943 4379 viderunt
2981 4338 3165 4380 arcam
3193 4323 3434 4393 Domini,

1793 4404 1800 4410 ’
1841 4415 1908 4470 de
1936 4430 2043 4485 quo
2068 4414 2328 4469 scribitur
2354 4415 2408 4468 in
2439 4414 2579 4469 libro
2603 4413 2872 4470 Samuelis
2901 4419 2923 4470 :'
2956 4414 3228 4472 Percussit
3258 4425 3436 4472 autem

1841 4507 1907 4561 de
1927 4507 2051 4563 uiris
2073 4506 2510 4574 Bethsamitibus,
2550 4525 2611 4564 ea
2642 4510 2783 4580 quod
2819 4510 3068 4566 vidissent
3119 4528 3300 4566 arcam
3333 4511 3440 4568 Do-

1841 4599 1991 4665 mini,
2007 4609 2055 4653 et
2080 4601 2338 4670 percussit
2362 4601 2427 4656 de
2450 4600 2645 4671 populo
2672 4603 3008 4674 septuaginta
3035 4605 3196 4669 viros,
3213 4614 3264 4659 et
3283 4606 3440 4676 quin-

1839 4692 2095 4762 quaginta
2119 4692 2288 4746 millia
2339 4691 2504 4764 plebis
2550 4692 2602 4764 (l
2636 4692 2762 4764 Reg.
2799 4694 2895 4765 vt).
2959 4693 3164 4750 Deinde
3199 4695 3437 4764 suscipit

1838 4796 2142 4853 oblationes
2161 4796 2504 4851 sacerdotum
2531 4805 2588 4851 et
2606 4797 2980 4859 diaconorum,
3012 4796 3207 4863 quibus
3226 4793 3438 4850 licitum

1841 4898 1928 4947 est
1957 4891 2216 4948 accedere
2245 4891 2313 4945 ad
2343 4891 2534 4945 altare.
2609 4889 2821 4957 Acc-pit
2871 4889 3036 4941 etiam
3061 4888 3129 4941 ab
3166 4887 3438 4942 archidia-

1845 4999 1982 5040 cono
2017 4984 2193 5038 duas:
2224 4996 2388 5038 unam
2433 4997 2534 5052 pro
2571 4995 2650 5042 se,
2680 4987 2733 5032 et
2784 4978 3013 5034 alteram
3041 4995 3140 5050 pro
3179 4979 3432 5035 diacono.

1844 5073 1922 5127 Ex
1951 5072 2226 5130 thuribulo
2247 5073 2391 5141 quod
2409 5071 2956 5142 superimponit-post
2985 5072 3312 5138 orationem,
3343 5072 3437 5127 de-

1844 5173 2113 5220 monstrat
2136 5179 2233 5234 per
2258 5179 2418 5234 quem
2461 5164 2510 5220 ei
2541 5165 2823 5234 propitiari
2844 5164 3014 5235 possit
3042 5163 3184 5219 Deus
3206 5155 3232 5218 :'
3253 5164 3461 5219 videliw

1843 5267 1930 5314 cet
1953 5273 2050 5328 per
2077 5258 2364 5331 Dominum
2402 5268 2650 5314 nostrum
2685 5257 2870 5314 Jesum
2914 5256 3224 5322 Christum,
3280 5257 3435 5329 cujus

1806 5421 1812 5425 .
1840 5365 2040 5421 corpus
2071 5350 2320 5420 designat
2352 5351 2708 5415 thuribulum,
2733 5351 2799 5404 de
2834 5363 2942 5418 quo
2972 5351 3232 5420 scriptum
3260 5356 3344 5405 est
3378 5350 3433 5405 in

1841 5445 2046 5511 Exodo,
2088 5455 2144 5499 ut
2183 5445 2407 5515 offerant
2437 5446 2493 5500 in
2513 5461 2576 5498 ea
2611 5443 2903 5514 thymiama
2929 5442 3178 5508 Domino,
3214 5460 3276 5523 ne
3298 5443 3435 5513 forte

2684 5537 2837 5594 Unde
2892 5537 3031 5593 Beda
3073 5546 3430 5594 memoratus.

1847 5631 1992 5687 Mors
2029 5632 2228 5688 etenim
2259 5632 2497 5687 timenda
2522 5640 2607 5686 est
2627 5631 2820 5687 anima:
2835 5631 3097 5702 spiritalis
3125 5642 3181 5687 et
3203 5641 3429 5699 mterna,

1847 5723 1892 5778 si
1922 5724 2013 5794 qui
2043 5724 2110 5778 ad
2135 5723 2495 5778 ministerium
2519 5721 2707 5778 altaris
2737 5721 2963 5787 electus,
2989 5723 3282 5794 thymiama
3309 5740 3406 5778 ora

1847 5815 2180 5870 tionumDeo
2207 5813 2431 5869 reddere
2455 5813 2693 5885 negligit.
2722 5815 2994 5870 D.aconus
3013 5828 3209 5885 aquam
3235 5815 3432 5872 miscet

1829 5911 1996 5988 __vino.
2047 5911 2157 5972 Cur
2176 5912 2280 5971 hoc
2323 5911 2821 5990 faciat,Cyprianus
2846 5910 3032 5984 (Cypr.
3059 5910 3153 5969 lib.
3178 5925 3241 5981 Ir,
3263 5908 3432 5990 ep.3)

2829 6008 2908 6083 36
