3978 6488
481 367 626 431 ιιδι

1510 361 1842 428 AMALAllﬂ
1877 359 2319 429 PRESBYTER!
2355 359 2699 428 METENSIS

3632 369 3662 424 1
3677 369 3788 426 153

478 493 750 546 monstrat
775 488 843 544 ad
869 485 1175 556 Quirinum,
1207 481 1280 546 in
1308 495 1653 546 sacramento
1672 487 1939 547 Dominici
1969 505 2060 546 ca—
2087 491 2140 555 Α
2163 505 2327 562 quam
2354 483 2524 546 Deum
2563 487 2802 561 cogitare
2832 481 3054 543 debere.
3109 473 3406 540 Claudatur
3424 489 3640 539 contra
3681 484 3784 541 ad-

478 582 623 648 licis,
661 579 888 636 dicens:
940 579 1168 648 Quando
1213 588 1396 638 autem
1433 580 1488 637 in
1528 579 1698 638 calice
1747 581 1879 637 vino
1917 592 2058 653 aqua

476 675 758 742 miscetur,
791 673 1008 732 Christo
1043 676 1273 746 populus
1303 676 1592 743 adunatur,
1631 683 1689 731 et
1725 676 2060 732 credentium

476 771 630 840 plebs
651 769 724 836 ei,
748 768 803 823 in
823 783 985 839 quem
1009 768 1240 825 credidit
1269 768 1618 840 cepulaturet
1636 765 1904 839 jungitur.
1928 768 2058 835 Quae

412 913 426 921 .
477 863 749 934 copulatio
775 870 831 918 et
850 860 1160 932 coniunctio
1203 877 1357 934 aqua:
1381 871 1436 920 et
1462 864 1574 918 vini
1603 864 1683 919 sic
1715 863 1977 919 miscetur
2006 863 2060 918 in

476 957 644 1014 calice
666 956 896 1023 Domini,
919 964 982 1012 ut
1006 958 1312 1013 commistio
1334 957 1422 1012 illa
1450 959 1518 1014 ab
1539 958 1769 1012 invicem
1794 971 1901 1012 non
1936 971 2062 1026 pos-

477 1051 550 1106 sit
578 1050 841 1121 separari.
897 1049 1046 1106 Unde
1071 1051 1392 1119 Ecclesium,
1419 1051 1472 1107 id
1506 1060 1611 1118 est,
1637 1051 1846 1122 plebem
1880 1050 1934 1104 in
1962 1051 2063 1106 Ec-

477 1143 647 1198 clesia
668 1141 1038 1207 constitutam,
1058 1142 1288 1198 ﬁdeliter
1309 1151 1363 1198 et
1383 1143 1680 1198 ﬁrmiterin
1694 1158 1759 1200 eo
1775 1145 1918 1214 quod
1944 1159 2064 1200 cre-

476 1234 614 1290 didit
663 1243 1122 1305 perseverantem,
1169 1235 1317 1290 nulla
1349 1250 1439 1291 res
1473 1250 1728 1306 separare
1783 1235 1984 1305 poterit
2031 1249 2063 1289 a

475 1328 716 1395 Christo,
745 1345 854 1400 quo
873 1329 1051 1384 minus
1075 1330 1279 1385 haereat
1304 1344 1520 1400 semper
1543 1337 1596 1385 et
1625 1336 1841 1385 maneat
1867 1326 2065 1382 indivi-

476 1420 579 1475 dua
599 1419 834 1475 dilectio.
865 1419 958 1475 Sic
977 1428 1156 1475 autem
1172 1420 1226 1474 in
1244 1421 1634 1476 sanctiﬁcando
1659 1419 1828 1476 calice
1843 1419 2061 1474 Domini

473 1513 656 1569 oﬁ‘erri
691 1529 831 1586 aqua
857 1515 972 1571 sola
996 1530 1105 1571 non
1141 1521 1340 1587 potest,
1372 1515 1643 1586 quomodo
1671 1523 1727 1571 et
1762 1515 1947 1571 vinum
1976 1530 2064 1570 so-

471 1603 585 1660 lum
621 1621 730 1661 non
746 1614 946 1676 potest.
993 1605 1129 1662 Nam
1151 1606 1200 1662 si
1227 1607 1413 1665 vinum
1453 1615 1660 1662 tantum
1692 1608 1816 1679 quis
1846 1607 2062 1674 oﬁ‘erat,

471 1699 693 1769 sanguis
722 1698 925 1754 Christi
954 1698 1144 1769 incipit
1172 1712 1297 1756 esse
1333 1699 1455 1756 sine
1483 1699 1663 1767 nobis,
1696 1699 1742 1755 si
1769 1712 1899 1756 vero
1923 1715 2063 1770 aqua

469 1790 543 1845 sit
573 1790 705 1857 sola,
721 1791 874 1860 plebs
887 1793 1076 1863 incipit
1095 1805 1218 1850 esse
1241 1793 1360 1850 sine
1373 1791 1612 1850 Christo.
1641 1790 1866 1860 Quando
1881 1799 2061 1849 autem

469 1889 762 1953 utrumque
798 1885 1082 1952 miscetur,
1104 1894 1161 1940 et
1173 1886 1502 1944 adunatione
1529 1883 1753 1942 confusa
1784 1883 1886 1940 sibi
1916 1884 2058 1939 invi-
2088 1871 2137 1932 Β

465 1991 587 2031 cem
614 1975 899 2045 copulatur
918 1986 1046 2034 tunc
1077 1986 1475 2036 sacramentum
1499 1977 1744 2049 spiritale
1757 1985 1813 2033 et
1837 1976 2061 2033 caeleste

456 2068 771 2138 perﬁcitur.

543 2160 601 2216 Si
626 2173 758 2216 vero
782 2161 924 2218 calix
951 2161 1165 2220 Domini
1193 2177 1302 2223 non
1330 2174 1415 2223 est
1441 2177 1582 2238 aqua
1609 2163 1743 2232 sola,
1759 2170 1851 2221 aut
1871 2163 2059 2220 vinum

466 2255 662 2321 solum,
683 2256 788 2312 nisi
830 2266 1121 2331 utrumque
1149 2261 1252 2317 sibi
1272 2262 1606 2318 misceatur:
1635 2260 1908 2331 quomodo
1954 2273 2060 2314 nec

467 2363 664 2419 corpus
693 2350 906 2408 Domini
941 2359 1120 2424 potest
1145 2367 1266 2409 esse
1293 2352 1466 2410 farina
1499 2353 1616 2410 sola
1651 2362 1744 2408 aut
1773 2367 1911 2423 aqua
1941 2351 2058 2406 sola

467 2440 574 2496 nisi
617 2450 908 2513 utrumque
938 2444 1233 2500 adunatum
1254 2444 1422 2502 fuerit
1447 2453 1505 2502 et
1528 2441 1856 2517 copulatum,
1888 2452 1943 2498 et
1964 2459 2061 2515 pa-

472 2533 559 2588 nis
573 2534 732 2589 unius
748 2550 1007 2608 compage
1025 2537 1335 2592 solidatum.
1380 2537 1499 2606 Quo
1513 2545 1569 2592 et
1581 2537 1698 2609 ipso
1717 2545 2062 2592 sacramento

469 2627 700 2697 populus
727 2637 914 2684 noster
941 2629 1247 2686 ostenditur
1267 2631 1560 2698 adunatus,
1593 2639 1654 2688 ut
1696 2631 2056 2701 quemadmo-

473 2721 598 2775 dum
625 2737 792 2793 grana
820 2722 987 2778 multa
1015 2724 1070 2778 in
1111 2740 1282 2780 unum
1311 2725 1541 2782 collecta
1565 2731 1620 2780 et
1651 2722 1963 2782 mmmolita
2005 2729 2063 2778 et

472 2814 755 2868 commista
797 2829 994 2884 panem
1017 2828 1185 2871 unum
1210 2811 1458 2873 faciunt:
1487 2817 1568 2873 sic
1616 2817 1672 2874 in
1700 2815 1935 2879 Christo,
1968 2812 2060 2883 qui

470 2913 555 2958 est
580 2905 738 2974 panis
765 2906 1002 2962 celestis
1019 2922 1185 2962 unum
1211 2909 1415 2965 scimus
1439 2923 1563 2965 esse
1589 2924 1803 2981 corpus,
1830 2907 2063 2963 cuicon—

462 2995 687 3066 juuetus
711 2997 785 3052 sit
813 3004 1000 3054 noster
1018 3013 1279 3056 numerus
1313 3009 1370 3056 et
1392 3001 1682 3057 adunatu.
1733 2999 1922 3056 Omnis
1957 3015 2058 3071 po-

468 3087 626 3158 pulus
673 3089 886 3144 intrans
919 3090 1226 3157 ecclesiam,
1259 3091 1418 3147 debet
1464 3093 1796 3150 sacriﬁcium
1835 3093 1948 3148 Deo
1978 3091 2061 3147 of-

471 3177 616 3233 ferre
648 3194 662 3234 :
701 3179 772 3234 At
794 3190 1068 3247 cantores,
1083 3184 1174 3252 qui
1199 3193 1330 3240 sunt
1347 3197 1548 3255 genere
1572 3185 1904 3253 levitarum,
1929 3201 2059 3257 pro-

472 3277 596 3339 pter
619 3271 907 3326 instantem
933 3273 1312 3330 necessitatem
1337 3277 1609 3343 cantandi,
1639 3291 1746 3334 non
1772 3275 1973 3332 habent
1991 3277 2062 3332 li-

477 3359 710 3414 centiam
746 3361 852 3416 huc
874 3361 1108 3433 illucque
1143 3364 1582 3433 discurrendi,ut
1617 3369 1814 3440 singuli
1833 3368 2066 3425 offerant

473 3467 596 3506 cum
617 3453 848 3509 caeteris.
901 3454 1177 3512 Statutum
1217 3467 1302 3514 est
1331 3460 1433 3527 eis,
1461 3468 1525 3516 ut
1556 3462 1776 3531 penitus
1807 3475 1918 3516 non
1955 3461 2064 3517 sint

473 3554 719 3602 extorres
746 3561 778 3601 a
811 3547 1101 3615 sacriﬁcio,
1133 3553 1407 3608 custodire
1433 3563 1630 3623 aquam
1651 3561 1710 3608 et
1730 3554 1874 3607 hanc
1899 3567 2062 3607 unam

473 3637 670 3694 oﬁerre
696 3655 796 3710 pro
828 3641 1062 3696 caeteris.
1121 3641 1360 3714 Populus
1385 3643 1542 3700 oltert
1568 3646 1776 3712 vinum,
1810 3651 2064 3702 cantores

476 3745 690 3799 aquam.
760 3731 913 3788 Sicut
932 3733 1118 3789 vinum
1147 3744 1203 3791 et
1230 3751 1371 3806 aqua
1415 3754 1584 3792 unum
1625 3739 1763 3795 ﬁunt
1785 3740 1839 3793 in
1865 3739 2058 3807 calice,

476 3822 556 3876 sic
580 3821 808 3892 populus
826 3831 882 3879 et
901 3827 1234 3891 eantoresin
1265 3843 1496 3898 corpore
1515 3829 1743 3888 Christi.
1797 3830 2064 3887 Cantores

477 3928 624 3966 more
660 3913 944 3970 levitarum
989 3918 1358 3987 antiquorum,
1397 3923 1489 3992 qui
1521 3925 1704 3980 omnia
1752 3925 2062 3980 necessaria

475 4007 810 4062 tabernaculi
839 4010 1212 4080 providebant,
1252 4026 1501 4084 quaeram
1524 4031 1720 4087 aquam
1743 4018 1810 4072 ad
1833 4016 2058 4085 fontem,

475 4109 530 4154 et
571 4110 788 4157 servent
821 4119 947 4159 eam
969 4115 1278 4176 coopertum
1317 4125 1492 4182 usque
1537 4113 1603 4167 ad
1630 4121 1843 4184 tempus
1888 4113 2060 4168 sacri-

475 4193 606 4259 ﬁcii,
631 4203 687 4248 et
716 4202 843 4252 tunc
857 4197 1116 4253 mundam
1137 4215 1260 4254 eam
1279 4200 1527 4257 otl‘erant.
1577 4202 1775 4261 Postea
1800 4205 1951 4275 ponit
1971 4219 2063 4258 ca-

473 4284 631 4340 licem
660 4287 713 4340 in
736 4287 892 4343 altari
909 4288 1192 4356 diaconus,
1215 4300 1273 4346 et
1301 4294 1582 4349 sudarium
1604 4295 1833 4351 suumin
1867 4295 2062 4352 dextro

473 4392 644 4433 cornu
681 4378 867 4436 altaris
900 4400 912 4435 :
944 4382 1038 4437 Est
1057 4384 1236 4440 habile
1263 4387 1334 4440 ad
1361 4385 1484 4452 hoc,
1516 4398 1575 4444 ut
1595 4387 1855 4458 quidquid
1878 4401 2060 4443 acces-

474 4471 970 4545 seritsordidi,fillo
1005 4483 1270 4546 tergatur,
1318 4487 1374 4534 et
1413 4481 1722 4535 sacerdotis
1758 4481 2057 4536 mundissi-

476 4574 622 4612 mum
653 4571 886 4616 maneat.
953 4565 1010 4619 Si
1037 4583 1134 4635 per
1177 4570 1445 4624 incuriam
1482 4572 1778 4628 sacerdotis
1800 4580 1925 4627 ante
1958 4573 2061 4627 ho-

476 4665 595 4703 ram
624 4652 874 4729 sacriﬁcii
915 4655 1110 4724 aliquae
1144 4659 1366 4713 macuhe
1397 4661 1732 4717 inhreserunt
1779 4665 2055 4721 variarum

477 4740 854 4808 tentationum,
882 4744 980 4798 has
1011 4761 1108 4800 suo
1152 4747 1371 4803 sudario
1395 4749 1654 4819 detergat.
1707 4752 1852 4808 Hora
1891 4757 2058 4810 sacri-

434 4863 443 4873 α
475 4834 583 4890 licii
609 4835 683 4888 ita
706 4833 913 4904 vigilet,
953 4842 1014 4889 ut
1049 4835 1208 4891 nullm
1232 4843 1442 4908 possint
1467 4844 1749 4913 inhaerere,
1792 4857 2052 4916 quantum

477 4927 708 4981 humana
733 4925 996 4998 fragilitas
1019 4927 1168 4995 sinit,
1184 4931 1313 4998 quin
1334 4932 1476 4988 illico
1499 4935 1891 5004 repellautorin
1913 4941 2057 4996 ostio

475 5022 852 5093 snggestionis,
892 5038 956 5078 ac
980 5023 1162 5094 quieta
1195 5035 1376 5082 mente
1393 5043 1495 5099 pro
1527 5034 1767 5100 peccatis
1824 5035 2053 5090 aliorum

475 5117 793 5171 intercedat.
835 5116 983 5174 Unde
1001 5117 1300 5189 Cyprianus
1321 5121 1375 5176 in
1401 5137 1649 5180 sermone
1668 5125 1700 5180 6
1723 5125 1788 5180 de
1807 5127 2057 5182 oratione

475 5210 802 5266 Dominica:
861 5211 1089 5279 Quando
1123 5222 1305 5270 autem
1351 5222 1559 5272 stamus
1609 5219 1676 5274 ad
1727 5220 2054 5287 orationem,

475 5302 834 5367 dilectissimi,
882 5304 1106 5375 vigilare
1147 5314 1204 5361 et
1257 5307 1571 5366 incumbere
1609 5311 1676 5366 ad
1712 5327 1908 5382 preces
1943 5322 2058 5369 toto

476 5395 640 5451 corde
661 5395 934 5452 debemus.
1001 5396 1270 5469 Cogitatio
1289 5402 1468 5457 cumis
1496 5403 1729 5458 carnalis
1753 5412 1810 5458 et
1837 5405 2059 5460 saeuia-

478 5489 556 5541 ris
576 5489 848 5555 abscedat,
890 5503 988 5546 nec
1019 5490 1313 5561 quidquam
1353 5500 1478 5549 tunc
1521 5495 1758 5559 animus,
1799 5510 1960 5564 quam
2001 5495 2058 5550 id

480 5577 654 5632 solum
684 5582 880 5651 cogitet
901 5583 1044 5652 quod
1071 5592 1348 5652 precatur.
1408 5586 1533 5640 Ideo
1560 5595 1617 5641 et
1637 5587 1890 5641 sacerdos
1927 5595 2060 5643 ante

479 5673 779 5729 orationem
806 5675 1122 5745 praefatione
1145 5679 1445 5747 praemissa,
1473 5689 1629 5749 parat
1653 5681 1878 5736 fratrum
1897 5696 2058 5736 men—

481 5774 584 5830 tes,
607 5764 856 5832 dicendo,
885 5768 1108 5824 Sursum
1123 5771 1318 5824 corda:
1343 5779 1404 5826 ut
1427 5772 1552 5827 dum
1570 5775 1860 5844 respondet
1879 5775 2052 5844 plebs,

479 5853 750 5919 Habemus
771 5855 836 5917 ad
862 5855 1161 5932 Dominum,
1214 5861 1589 5934 admoneatur,
1640 5864 1772 5920 nihil
1813 5865 1958 5922 aliud
1999 5881 2058 5925 se

2164 585 2470 641 versarium
2511 590 2720 656 pectus,
2751 589 2807 637 et
2855 580 2956 636 soli
2973 577 3084 636 Deo
3101 583 3303 652 pateat,
3346 591 3453 632 nec
3469 574 3544 631 ad
3578 589 3646 630 se
3681 573 3784 632 bo-

2164 685 2302 734 stem
2329 676 2426 732 Dei
2445 685 2686 748 tempore
2714 673 2979 730 orationis
3027 672 3179 728 adire
3220 669 3488 740 patiatur.
3543 663 3780 739 Obrepit

2165 770 2308 826 enim
2339 769 2675 841 frequenter,
2714 775 2769 824 et
2813 773 3084 840 penetrat,
3135 771 3191 817 et
3224 761 3512 817 subtiliter
3554 756 3776 825 fallens,

2163 879 2354 934 preces
2374 871 2587 919 nostras
2612 879 2644 918 a
2674 861 2800 942 ‘Deo
2833 865 3043 920 avocat,
3095 865 3156 911 ut
3185 850 3332 911 aliud
3369 853 3694 910 habeamus
3725 853 3774 911 iu

2165 957 2348 1023 corde,
2379 964 2434 1012 et
2463 949 2606 1011 aliud
2653 955 2707 1010 in
2761 964 2917 1020 voce,
2956 949 3174 1023 quando
3200 944 3513 1004 intentione
3559 949 3776 1002 sincera

2164 1052 2334 1109 Deum
2374 1051 2570 1108 debeat
2617 1066 2724 1106 non
2749 1049 2902 1105 vocis
2941 1059 3128 1114 sonus,
3175 1045 3269 1100 sed
3304 1043 3525 1098 animus
3577 1050 3635 1097 et
3661 1056 3776 1096 sen-

2165 1158 2259 1199 sus
2283 1157 2445 1199 orare
2469 1159 2482 1197 :
2520 1157 2638 1212 quae
2666 1146 2846 1194 autem
2881 1136 3113 1208 segnitia
3159 1141 3242 1190 est
3267 1152 3280 1186 :
3312 1131 3553 1187 alienari
3580 1138 3637 1186 et
3661 1130 3772 1200 capi

2165 1237 2362 1308 ineptis
2413 1233 2832 1306 cogitationibus
2877 1239 2933 1287 et
2979 1227 3246 1301 profanis,
3287 1241 3413 1283 cum
3453 1225 3643 1280 Deum
3691 1225 3772 1278 de-

2164 1331 2442 1403 precaris?
2468 1327 2622 1400 quasi
2649 1328 2719 1384 sit
2741 1326 2907 1392 aliud,
2931 1322 3077 1396 quod
3108 1314 3283 1392 magis
3294 1316 3506 1374 debeas
3529 1318 3774 1388 cegitare

2166 1439 2331 1494 quam
2354 1423 2406 1479 id
2427 1422 2570 1492 quod
2593 1437 2713 1476 cum
2737 1421 2849 1476 Deo
2878 1415 3140 1488 loqueris.
3210 1408 3504 1480 Quomodo
3533 1417 3593 1466 te
3614 1409 3774 1467 a.Deo

2168 1515 2346 1573 audiri
2379 1515 2642 1587 postulas,
2675 1528 2799 1568 cum
2852 1518 2904 1566 te
2952 1509 3070 1580 ipse
3100 1521 3210 1562 non
3241 1503 3480 1559 audias?
3523 1504 3616 1557 vis
3658 1515 3773 1556 esse

2166 1610 2339 1667 Deum
2379 1609 2456 1664 tui
2483 1621 2802 1671 memorem,
2848 1617 2971 1659 cum
3003 1615 3187 1671 rogas,
3219 1597 3443 1670 quando
3469 1605 3531 1651 tu
3563 1593 3770 1666 ipsetui

2167 1717 2378 1758 memor
2408 1717 2514 1756 non
2545 1699 2666 1755 sis?
2717 1697 2833 1752 Hoc
2863 1702 2945 1750 est
2977 1693 3043 1750 de
3071 1708 3137 1748 eo
3167 1689 3330 1747 hoste
3360 1690 3419 1744 in
3447 1695 3635 1743 totum
3672 1701 3770 1740 non

2166 1811 2386 1862 cavere,
2411 1795 2514 1850 hoc
2539 1803 2644 1859 est,
2675 1791 2892 1865 quando
2915 1804 3040 1846 oras
3071 1787 3264 1851 Deum,
3300 1783 3658 1854 maiestatem
3685 1778 3771 1837 Dei

2164 1889 2428 1947 orationis
2457 1887 2783 1959 negligentia
2814 1881 3110 1949 offendere,
3147 1882 3254 1937 hoc
3279 1889 3368 1935 est
3396 1877 3632 1950 vigilare
3651 1891 3770 1930 ocu-

2164 1982 2253 2049 lis,
2285 1990 2339 2038 et
2357 1979 2522 2037 corde
2549 1978 2783 2034 dormire
2804 1991 2926 2033 cum
2952 1974 3148 2031 debeat
3166 1971 3545 2035 Christianus,
3576 1979 3629 2025 et
3655 1983 3770 2024 cum

2166 2073 2366 2131 dormit
2385 2071 2577 2138 oculis,
2627 2069 2793 2126 corde
2831 2068 3056 2140 vigilare
3085 2066 3232 2122 sicut
3272 2063 3548 2135 scriptum
3575 2069 3658 2116 est
3707 2076 3772 2116 ex

2161 2181 2394 2239 persona
2444 2163 2700 2219 Ecclesiae
2747 2161 3017 2232 loquentis
3043 2159 3099 2215 in
3119 2155 3349 2216 Cantico
3371 2156 3719 2212 canticorum
3754 2169 3769 2207 :

2165 2264 2279 2336 Ego
2306 2263 2528 2324 dormio,
2555 2271 2602 2317 et
2631 2276 2723 2316 cor
2741 2275 2913 2314 meum
2945 2255 3130 2328 vigilat
3176 2251 3348 2328 (Cant.
3381 2251 3458 2322 ν).
3515 2249 3771 2319 Quapro-

2162 2365 2287 2428 pter
2337 2352 2566 2411 sollicite
2612 2361 2668 2409 et
2709 2359 2867 2407 caute
2912 2343 3205 2418 Apostolus
3243 2345 3485 2400 admouet
3521 2340 3710 2397 dicens
3739 2357 3760 2394 :

2163 2445 2432 2501 [natantes
2458 2444 2705 2510 orationi,
2735 2440 3008 2513 vigilantes
3059 2439 3116 2493 in
3162 2453 3226 2492 ea
3273 2435 3410 2510 (σοι.
3441 2437 3521 2511 tv)
3567 2436 3771 2491 docens

2164 2539 2389 2603 scilicet,
2441 2546 2498 2594 et
2523 2536 2810 2592 ostendens
2837 2549 2930 2590 eos
2972 2532 3271 2604 impetrare
3297 2531 3446 2603 quod
3495 2525 3776 2601 postulant

2165 2632 2232 2686 de
2253 2645 2318 2686 eo
2344 2644 2527 2700 posse,
2556 2643 2693 2698 quos
2741 2627 2886 2682 Deus
2913 2624 3094 2680 videat
3121 2625 3176 2679 in
3215 2621 3474 2679 oratione
3527 2622 3772 2694 vigilare.

2164 2722 2396 2779 Orantes
2439 2730 2640 2787 autem,
2671 2735 2779 2775 non
2823 2719 2878 2774 in
2927 2717 3222 2774 fructuosis
3247 2724 3301 2772 ct
3323 2717 3496 2772 nudis
3524 2714 3772 2786 precibus

2166 2814 2234 2868 ad
2262 2813 2433 2867 Deum
2458 2811 2698 2868 veniant.
2770 2806 3020 2865 lnedlcax
3057 2809 3251 2880 petitio
3279 2817 3394 2874 est,
3424 2821 3562 2862 cum
3594 2816 3776 2879 preca-

2164 2914 2256 2962 tur
2291 2906 2462 2962 Deum
2487 2904 2688 2960 sterilis
2710 2903 2906 2959 oratio.
2961 2902 3097 2958 Nam
3122 2917 3247 2958 cum
3273 2903 3452 2956 omnis
3487 2901 3652 2955 arbor
3679 2913 3772 2955 nos

2166 2999 2366 3070 faciens
2416 2998 2678 3068 fructum,
2728 2996 3047 3063 excidatur,
3094 3004 3144 3050 et
3193 2995 3251 3050 in
3309 2995 3496 3066 ignem
3543 2996 3773 3049 mittatur

2167 3093 2386 3165 (Matth.
2413 3109 2475 3148 ιιι
2499 3101 2554 3148 et
2583 3091 2682 3163 vn)
2709 3109 2722 3146 :
2769 3092 2957 3162 utique
2985 3097 3040 3146 et
3063 3103 3243 3146 sermo
3271 3104 3386 3146 non
3419 3091 3638 3146 habens
3665 3089 3769 3144 fru~

2167 3195 2314 3245 ctum
2333 3185 2636 3257 promereri
2676 3184 2846 3240 Deum
2875 3199 2984 3270 non
3005 3191 3204 3256 potest,
3235 3185 3367 3255 quia
3399 3185 3560 3240 nulla
3597 3195 3771 3256 opera

2089 3246 2138 3310 C
2166 3246 2614 3334 tione-fecundus
2645 3287 2746 3333 est.
2799 3276 2870 3332 Et
2898 3246 3100 3333 idcirco
3140 3246 3430 3349 Scriptura
3474 3246 3661 3334 divina
3697 3277 3770 3332 in-

2169 3374 2354 3440 struit,
2391 3373 2616 3429 dicens:
2670 3369 2821 3426 Bona
2852 3380 2927 3427 est
2957 3371 3127 3427 oratio
3157 3388 3277 3426 cum
3305 3371 3533 3442 jejunio
3563 3382 3610 3425 et
3647 3370 3770 3425 elea-

2170 3481 2388 3537 mosyna
2421 3465 2575 3535 (Tob.
2601 3465 2723 3537 χιι).
2764 3463 2882 3533 Quo
2903 3463 3070 3532 facto,
3095 3463 3393 3521 revertitur
3423 3465 3498 3519 ad
3521 3463 3763 3536 poptﬂmu

2169 3560 2445 3625 sacculos,
2470 3568 2524 3614 et
2547 3567 2804 3631 precatur
2833 3567 2896 3613 ut
2918 3567 3076 3614 orent
3100 3573 3199 3630 pro
3236 3555 3354 3622 illo,
3401 3567 3673 3627 quatenus
3693 3555 3766 3609 di-

2168 3665 2306 3720 gnus
2340 3651 2412 3704 sit
2447 3650 2717 3706 universa:
2741 3650 2913 3720 plebis
2936 3649 3265 3705 oblationem
3292 3646 3499 3703 oﬁ‘erre
3521 3645 3762 3698 Domino.

2166 3740 2470 3798 Praesentes
2495 3743 2835 3798 adorationes
2855 3741 3150 3810 praelibatae
3177 3747 3304 3793 sunt
3331 3736 3388 3791 in
3401 3736 3764 3807 Paralipome-

2167 3849 2276 3888 non
2310 3834 2404 3888 ubi
2448 3840 2568 3889 erat
2612 3831 2769 3887 turba
2799 3833 3144 3888 cantantibus
3175 3829 3377 3887 levitis.
3430 3829 3564 3884 Post
3615 3829 3764 3883 bolo-

2167 3933 2414 3982 caustum
2441 3939 2637 3997 nempe
2655 3926 2976 3980 incurvatus
2998 3932 3082 3980 est
3099 3939 3219 3989 rex,
3251 3931 3306 3978 et
3333 3922 3515 3978 omnis
3531 3922 3758 3992 pupulas

2167 4019 2254 4092 (II
2283 4017 2414 4073 Par.
2444 4019 2563 4091 vn).
2622 4017 2816 4074 Audivi
2831 4019 3032 4084 dicere,
3063 4017 3206 4088 quod
3229 4016 3387 4088 plebs
3415 4015 3589 4071 eadem
3613 4016 3749 4067 hora

2164 4119 2278 4166 tres
2300 4110 2596 4166 versiculos
2631 4118 2812 4167 cantet
2833 4125 2936 4182 pro
2969 4110 3248 4166 sacerdote
3279 4127 3292 4162 :
3318 4106 3495 4162 Mittat
3525 4105 3618 4158 tibi
3649 4103 3758 4157 Do-

2163 4206 2338 4258 minus
2382 4202 2642 4259 auxilium
2693 4203 2758 4258 de
2803 4211 2987 4257 sancto
3045 4199 3381 4270 (PHILXIX),
3423 4207 3478 4252 et
3500 4198 3638 4254 duos
3677 4211 3762 4252 ξε·

2163 4302 2413 4366 quentes.

2769 4382 3000 4441 CAPUT
3030 4381 3144 4438 XX

2799 4474 2878 4531 De
2902 4484 3120 4531 secreta.

2239 4570 2497 4644 Sequitur
2519 4577 2748 4628 Secreta.
2789 4562 3011 4624 Secreta
3037 4565 3160 4621 ideo
3173 4562 3512 4628 nominatur,
3534 4560 3662 4634 quia
3681 4575 3758 4619 se-

2163 4675 2312 4721 creto
2339 4665 2555 4720 dicitur.
2639 4663 2696 4718 in
2733 4662 2839 4718 hac
2869 4659 3048 4731 primo
3084 4656 3403 4713 nominatur
3433 4655 3622 4712 hostia
3653 4658 3758 4710 sive

2161 4757 2508 4823 sacriﬁcium,
2540 4755 2760 4822 oblatio,
2795 4755 2849 4810 in
2900 4755 3002 4810 hac
3047 4763 3311 4823 precatur
3355 4749 3629 4805 sacerdos
3667 4763 3763 4819 per

2159 4850 2405 4906 eamdem
2433 4850 2666 4905 hostiam
2681 4846 2900 4918 purgari
2919 4855 3322 4916 usquequaque.
3345 4839 3669 4896 Sacerdotis
3685 4853 3765 4891 so-

2158 4943 2262 4999 lius
2295 4951 2378 4999 est
2415 4941 2513 4997 soli
2536 4940 2650 4996 Deo
2671 4937 2868 4995 oﬂ'erre
2885 4935 3323 5000 sacriﬁcium,ac
3345 4933 3470 4988 ideo
3501 4929 3762 5004 quiaDeo

2158 5035 2576 5107 cogitationibus
2616 5031 2911 5102 loquimur,
2939 5045 3051 5085 non
3073 5037 3156 5084 est
3183 5026 3501 5084 necessaria
3544 5039 3654 5080 vox
3679 5039 3762 5079 re-

2161 5130 2350 5196 boans,
2377 5129 2472 5184 sed
2491 5129 2677 5193 verba,
2691 5129 2758 5182 ad
2771 5126 2874 5182 hoc
2893 5132 3126 5190 tantum,
3141 5129 3202 5178 ut
3228 5121 3438 5179 eisdem
3467 5121 3766 5175 admouea~

2161 5231 2250 5277 tur
2281 5220 2534 5276 sacerdos
2548 5217 2681 5291 quid
2701 5219 2949 5291 cogitare
2973 5213 3188 5272 debeat.
3241 5213 3303 5269 in
3323 5213 3583 5285 sequenti
3611 5225 3764 5266 nam-

2161 5328 2266 5383 que
2291 5313 2539 5367 orat-ione
2563 5311 2762 5366 clamat
2789 5310 2859 5365 ad
2883 5307 3170 5381 populum,
3208 5315 3271 5361 ut
3299 5301 3445 5376 quod
3485 5303 3610 5373 ipse
3647 5300 3762 5369 jam

2160 5405 2342 5470 habet,
2365 5405 2568 5459 habeat
2586 5412 2643 5459 et
2669 5403 2781 5470 iile,
2801 5403 2906 5458 hoc
2936 5409 3038 5466 est,
3063 5411 3284 5455 sursum
3307 5413 3426 5462 cor,
3441 5412 3507 5450 ac
3540 5395 3759 5455 deinde.

2161 5508 2222 5552 ut
2247 5499 2450 5570 gratias
2493 5506 2617 5569 agat
2655 5497 2769 5553 Deo
2813 5509 2915 5568 pro
2953 5495 3252 5551 serenitate
3283 5491 3508 5548 mentis.
3588 5485 3764 5559 Igitur

2160 5589 2264 5644 hoc
2297 5589 2611 5646 necessario
2639 5588 2922 5644 extollitur
2947 5597 3100 5643 voce.
3149 5585 3311 5653 Quod
3330 5583 3602 5638 omnibus
3627 5579 3764 5633 licet

2161 5680 2322 5736 simul
2341 5692 2522 5752 agere,
2549 5681 2604 5735 id
2630 5687 2713 5736 est
2735 5679 2940 5752 gratias
2965 5677 3174 5734 referre
3193 5676 3327 5740 Dee,
3348 5674 3452 5728 hoc
3477 5671 3764 5726 acclama-

2157 5779 2250 5826 tur
2278 5789 2292 5826 :
2315 5771 2469 5838 Quod
2492 5772 2558 5825 ad
2585 5771 2761 5826 solum
2789 5770 3125 5826 sacerdotem
3154 5764 3482 5838 pertinet,id
3507 5773 3622 5827 est,
3651 5762 3764 5816 im-

2160 5865 2384 5922 molatio
2403 5866 2560 5941 panis
2589 5874 2644 5922 et
2669 5864 2800 5936 vini,
2832 5872 3044 5922 secreto
3070 5860 3270 5938 agitur.
3300 5860 3576 5934 Quantum
3599 5853 3760 5914 enim
