3978 6522
199 430 324 495 M33

194 551 392 606 victima
436 545 728 620 praestabat
759 549 1020 608 inVeteri
1051 551 1402 608 Testamento
1431 549 1506 604 ad
1534 544 1748 603 Domini
1777 544 1830 606 Α

194 641 518 706 sacriﬁcium,
548 651 832 713 postquam
852 643 1012 701 ducta
1037 651 1154 701 erat
1186 645 1254 700 ad
1278 644 1480 700 ostium
1500 640 1751 696 taberna-

193 733 288 790 culi
301 731 482 804 (Levit.
498 732 594 806 Iv),
612 740 819 789 tantum
831 743 1055 807 praestat
1066 735 1394 792 sacriﬁcium
1407 735 1464 788 in
1474 731 1646 802 prima
1659 743 1757 802 po-
1815 744 1818 746 ‘

193 824 368 879 sitionc
393 823 599 880 altaris.
659 824 774 881 Non
796 827 1104 897 potestiam
1119 826 1319 882 mutari
1347 838 1528 897 neque
1557 823 1610 878 in
1641 837 1756 878 me-

190 913 286 970 lius
316 929 489 984 aeque
517 915 574 970 in
601 915 859 974 deterius.

754 1030 984 1089 CAPUT
1026 1031 1171 1087 XXI.

187 1118 259 1176 De
292 1121 481 1192 hymno
527 1132 648 1179 ante
700 1127 995 1212 passionem
1033 1125 1247 1182 Domini
1277 1165 1292 1193 ,
1341 1124 1448 1181 sive
1486 1141 1756 1204 prwpara-

878 1207 1044 1252 tione.

249 1281 490 1355 Hymnus
527 1284 649 1340 ideo
673 1285 890 1354 dicitur,
923 1288 1052 1358 quia
1091 1287 1328 1344 refertus
1349 1295 1435 1344 est
1457 1287 1754 1360 gratiarum

184 1373 408 1440 actione,
459 1385 512 1430 et
558 1375 805 1433 laudibus
845 1377 1192 1450 angelorum;
1224 1379 1580 1448 praeparatio,
1629 1379 1755 1448 quia

181 1471 328 1532 parat
352 1463 582 1519 fratrum
628 1477 842 1530 mentes
864 1469 934 1524 ad
953 1469 1288 1525 honestatem
1319 1469 1598 1525 decentem
1625 1484 1756 1526 con-

181 1557 354 1610 ventui
380 1566 694 1614 sanctorum
731 1560 1066 1631 angelorum,
1089 1563 1182 1632 qui
1211 1563 1384 1618 solent
1410 1564 1600 1619 adesse
1629 1578 1757 1618 con-

181 1651 464 1705 secrationi
501 1655 746 1724 corporis
764 1654 985 1721 Christi,
1015 1665 1070 1711 et
1093 1657 1160 1711 ad
1185 1657 1356 1728 ipsam
1394 1657 1756 1712 reverentiam

181 1745 795 1802 tantaeconsecrationis.
840 1746 918 1801 Ac
952 1747 1074 1802 ideo
1102 1747 1458 1804 excelsavoce
1481 1755 1753 1803 cantatur.

179 1832 424 1890 Ollicium-
446 1837 548 1893 hoc
567 1839 858 1896 inchoatur
876 1857 908 1897 a
923 1841 1248 1898 salutatione
1273 1859 1394 1913 quae
1407 1843 1607 1898 dicitur
1629 1851 1755 1898 ante

175 1923 399 1982 Sursum
427 1931 607 1996 corda,
631 1933 886 1988 etlinitur
916 1934 973 1988 in
1003 1934 1225 2005 hymno,
1241 1935 1491 2000 Sanctus,
1518 1945 1754 1999 sanctus,
1783 1916 1831 1976 Β

171 2035 408 2090 sanctus,
444 2041 686 2095 praesens
728 2027 960 2084 cilicium
983 2036 1193 2099 tempus
1221 2028 1352 2084 illud
1374 2030 1532 2085 nobis
1552 2029 1620 2085 ad
1649 2044 1759 2084 me-

169 2117 402 2189 moriam
431 2119 646 2175 reducit
669 2121 887 2191 quando
907 2121 1157 2177 Christus
1179 2123 1232 2176 in
1254 2137 1408 2178 caena
1429 2121 1676 2178 ascendit
1701 2121 1756 2176 in

169 2211 514 2266 cmnaculum
554 2228 807 2282 magnum
836 2223 1086 2280 stratum,
1135 2223 1192 2271 et
1221 2215 1295 2271 ibi
1343 2215 1511 2270 multa
1546 2215 1756 2271 locutus

168 2311 252 2356 est
281 2317 408 2357 cum
432 2304 708 2374 discipulis
736 2304 952 2377 (Matth.
987 2305 1162 2379 xxvr),
1193 2316 1246 2361 et
1286 2307 1548 2378 hymnum
1571 2307 1757 2363 retulit

167 2395 279 2452 Deo
298 2398 462 2466 patri,
512 2413 672 2468 quem
697 2397 933 2455 Joannes
972 2408 1379 2467 commemorat,
1428 2415 1598 2470 usque
1627 2400 1757 2455 dum

165 2490 342 2544 exiret
366 2488 424 2544 in
452 2502 690 2546 montem
717 2491 934 2548 Oliveti.
987 2492 1064 2548 lbi
1107 2493 1312 2564 gratias
1352 2493 1462 2564 egit
1508 2491 1644 2557 Deo,
1684 2492 1757 2548 ibi

164 2577 432 2651 hymnum
460 2581 722 2647 cantavit,
760 2582 949 2654 inquo
992 2591 1245 2653 precatus
1287 2591 1370 2639 est
1414 2582 1654 2648 Patrem,
1697 2590 1761 2637 ut

162 2679 414 2726 servaret
449 2671 742 2742 discipulos
781 2688 909 2730 suos
930 2690 962 2729 a
992 2674 1156 2741 malo,
1190 2674 1456 2730 dicendo:
1486 2673 1612 2728 Νοη
1634 2689 1758 2744 rogo

161 2773 217 2816 ut
242 2762 404 2819 tollas
427 2781 518 2819 eos
539 2764 604 2820 de
622 2771 841 2832 mundo,
858 2765 947 2820 sed
972 2775 1028 2820 ut
1053 2782 1221 2821 serves
1240 2783 1327 2820 eos
1350 2783 1381 2820 a
1411 2764 1550 2819 malo
1570 2762 1756 2836 (Joan.

158 2860 318 2929 xvn).
379 2862 451 2916 Et
476 2871 537 2917 ut
578 2863 750 2917 sancti
786 2871 1164 2935 permaneant,
1202 2860 1480 2933 subiunxit
1507 2875 1522 2914 :
1554 2859 1762 2915 Sancti-

157 2953 258 3022 ﬁca
281 2971 372 3009 eos
403 2955 463 3009 in
494 2956 724 3010 veritate.
766 2955 834 3009 Et
865 2956 1059 3011 iterum
1086 2973 1099 3008 :
1130 2953 1200 3008 Et
1241 2971 1341 3025 pro
1379 2954 1456 3008 eis
1488 2950 1760 3020 sanctiﬁco

156 3047 449 3116 meipsum,
480 3057 537 3100 ut
565 3048 672 3101 sint
697 3057 746 3102 et
772 3048 874 3120 ipsi
901 3045 1215 3116 sanctiﬁcati
1247 3047 1302 3101 in
1323 3046 1538 3100 veritate
1561 3058 1579 3097 :
1608 3045 1675 3099 Et
1700 3051 1762 3098 ut

156 3139 212 3194 in
243 3141 454 3196 cmlum
477 3141 906 3206 transeantdicit
925 3143 980 3196 in
1004 3140 1390 3211 sequentibus:
1420 3135 1603 3204 Pater,
1629 3152 1760 3208 quos

155 3229 352 3286 dedisti
383 3233 515 3286 mihi
545 3231 658 3286 volo
689 3243 744 3286 ut
777 3233 864 3286 ubi
910 3249 1004 3304 ego
1031 3249 1149 3287 sum
1177 3241 1227 3288 et
1268 3230 1350 3285 illi
1377 3231 1482 3285 sint
1529 3244 1754 3295 mecum,

154 3337 212 3379 ut
238 3329 460 3382 videant
492 3327 783 3382 claritatem
811 3343 1174 3399 meam,quam
1196 3325 1389 3381 dedisti
1418 3323 1546 3378 mihi
1564 3337 1583 3376 :
1598 3322 1756 3394 juxta

154 3418 306 3474 hunc
332 3435 581 3487 sensum,
610 3420 783 3476 altare
805 3427 888 3475 est
914 3435 1103 3475 mensa
1131 3419 1365 3483 Domini,
1400 3417 1456 3472 in
1481 3431 1590 3486 qua
1625 3431 1759 3471 con-

151 3512 453 3568 vivahatur
499 3528 621 3567 cum
665 3512 942 3582 discipulis
992 3511 1143 3567 suis:
1183 3509 1499 3580 Corporale,
1531 3507 1758 3563 linteum

150 3617 265 3672 quo
291 3614 420 3658 erat
459 3604 574 3674 ipse
601 3605 968 3673 praecinctus:
1011 3602 1288 3658 sudarium
1337 3601 1493 3655 labor
1527 3600 1593 3654 de
1619 3598 1756 3653 Juda

147 3696 467 3766 proditore.
516 3697 671 3752 Hunc
699 3697 947 3752 ordinem
977 3697 1227 3767 sequitur
1275 3696 1534 3754 sacerdos
1567 3712 1580 3748 :
1621 3692 1759 3749 Cum

147 3799 274 3841 suis
297 3785 643 3841 auditoribus
669 3788 976 3842 ascenditin
1001 3787 1337 3844 omnaculum
1369 3786 1584 3857 quando
1605 3785 1755 3850 dicit,

145 3877 401 3933 Sursum
428 3878 588 3932 corda
617 3892 634 3930 :
673 3877 962 3936 Auditores
993 3880 1322 3952 respondent
1347 3899 1359 3935 :
1394 3879 1662 3935 Habemus
1689 3879 1758 3933 ad

145 3968 477 4024 Dominum.
533 3969 686 4038 Quod
709 3979 963 4042 precatus
989 3980 1074 4028 est
1118 3988 1216 4043 pro
1241 3988 1298 4027 se
1335 3972 1389 4026 in
1417 3969 1756 4044 praefatione,

143 4071 208 4116 ut
241 4077 350 4117 cor
377 4077 540 4117 suum
565 4072 710 4120 esset
737 4064 972 4120 alienum
998 4081 1029 4121 a
1054 4065 1282 4120 vinculis
1311 4063 1627 4132 mundanis,
1656 4065 1760 4120 hoc

145 4169 305 4207 nunc
334 4163 531 4208 monet
563 4155 836 4212 auditores
858 4172 1003 4224 suos,
1044 4165 1104 4212 ut
1138 4172 1239 4228 pro
1279 4165 1430 4212 tanto
1466 4155 1609 4212 dono
1638 4171 1761 4229 gra-

147 4244 261 4298 tias
290 4251 468 4313 agant
508 4244 619 4298 Deo
653 4263 666 4300 :
725 4247 1014 4304 Auditores
1065 4248 1389 4303 conﬁrmant
1445 4249 1664 4319 dignum
1705 4255 1762 4302 et

139 4336 371 4406 justum
419 4335 493 4389 ita
521 4351 660 4402 esse,
687 4345 741 4392 et
774 4346 990 4404 caetera,
1017 4356 1188 4409 usque
1207 4355 1304 4409 per
1343 4341 1619 4396 Christum
1658 4340 1763 4394 Do-

145 4429 379 4483 minum
407 4435 677 4483 nostrum.
720 4427 826 4484 Per
858 4445 1019 4500 quem
1052 4431 1383 4486 reconciliati
1413 4447 1600 4488 sumus
1625 4431 1759 4499 Deo,

144 4536 252 4591 per
282 4519 452 4575 illum
498 4529 714 4576 nostras
759 4522 1054 4592 gratiarum
1078 4523 1322 4578 actiones
1355 4523 1670 4579 offerimus:
1706 4532 1764 4580 et

1783 3279 1833 3344 C

935 432 1024 494 DE
1059 424 1619 495 ECCLESIASTICB
1647 417 1940 488 mm
1970 419 2152 484 LIBRI
2186 423 2276 483 Π.
2303 456 2376 468 -
2410 421 2538 482 UB.
2579 421 2661 481 lli.

3292 426 3427 487 1134

1853 549 2074 614 pugnet,
2096 541 2230 597 nihil
2249 541 2318 597 de
2333 538 2668 598 conscientia
2693 535 2922 610 peccati,
2938 537 3081 596 unde
3102 544 3428 600 conturben-

1859 643 1946 690 tur
1987 649 2050 691 ac
2077 643 2328 707 paveant,
2378 633 2678 689 habentes:
2729 631 2826 687 sed
2852 631 3085 688 dulcium
3115 634 3428 704 profusione

1854 726 2213 800 lacrymarum
2241 733 2486 798 optantes
2526 727 2712 782 venire
2758 734 2813 783 et
2853 741 3047 800 parere
3087 736 3213 785 ante
3233 728 3428 786 faciem

1854 819 2089 876 Domini.
2728 813 2741 825 ’

1925 912 2139 969 Oblatio
2192 929 2313 985 quae
2376 916 2713 986 superposita
2764 914 2938 972 estin
2985 917 3167 986 priore
3231 913 3430 983 olllclo,

1853 1005 1966 1062 Deo
2019 1007 2270 1076 deputata
2324 1014 2426 1073 est,
2486 1023 2549 1063 ac
2574 1024 2674 1078 per
2710 1009 2814 1065 hoc
2848 1009 3202 1073 sanctiﬁcata,
3248 1006 3433 1076 idest,

1855 1112 1888 1152 a
1912 1100 2144 1154 terrenis
2163 1107 2432 1170 separata,
2459 1107 2516 1154 et
2543 1101 2861 1156 coelestibus
2893 1101 3146 1170 deputata
3178 1117 3192 1156 :
3239 1099 3298 1154 ln
3329 1100 3435 1156 ista

1855 1189 2173 1246 observatur
2194 1190 2492 1260 usquedum
2515 1206 2582 1246 ex
2624 1207 2687 1247 ea
2723 1190 2818 1246 ﬁat
2841 1207 3040 1262 corpus
3068 1191 3302 1257 Domini,
3333 1192 3436 1247 hac

1853 1293 2040 1356 postea
2076 1290 2383 1338 assumatur
2412 1283 2468 1338 in
2509 1284 2725 1340 caelum.
2794 1285 3105 1340 lntimatum
3157 1292 3240 1340 est
3293 1284 3437 1340 hanc

1854 1376 2302 1449 praeparationem
2318 1391 2438 1447 qum
2463 1376 2770 1431 celebratur
2789 1376 2845 1430 in
2866 1376 3024 1430 altari
3049 1375 3435 1447 thymiamatis,

1856 1470 2184 1527 sacriﬁcium
2208 1462 2523 1540 angelorum
2543 1469 2611 1525 ad
2632 1469 2950 1526 memoriam
2971 1470 3128 1525 nobis
3154 1470 3436 1534 reducere,

1858 1579 1922 1620 ac
1955 1565 2076 1621 ideo
2102 1565 2244 1635 quod
2272 1565 2403 1619 dicit
2444 1565 2722 1632 sacerdos,
2753 1564 2924 1632 Quam
2973 1565 3194 1619 laudant
3244 1564 3437 1638 angeli,

1858 1655 2172 1726 angelorum
2211 1655 2541 1712 sacrificium
2587 1665 2689 1712 est.
2740 1655 2799 1711 In
2838 1655 3042 1728 angelis
3086 1655 3442 1736 archangelos

1858 1747 2227 1819 intelligimus.
2258 1747 2698 1804 Dominationum
2729 1747 3080 1815 sacriﬁcium,
3113 1747 3438 1814 adhortatio,

1857 1841 1915 1902 in
1943 1841 2140 1912 quibus
2165 1840 2498 1911 principatus
2527 1839 2895 1911 intelligimus.
2925 1838 3080 1894 Sicut
3114 1839 3440 1894 dominatio-

1859 1949 1956 1989 nes
1984 1933 2226 2001 subjecta
2268 1934 2369 1990 sibi
2403 1935 2606 1989 habent
2637 1933 2948 2004 angelorum
2973 1932 3206 2005 agmina,
3242 1933 3439 2004 quibus

1862 2027 2001 2081 mira
2029 2025 2271 2096 potentia
2297 2025 2632 2095 prmeminet,
2661 2025 2740 2080 sic
2775 2032 2832 2079 et
2854 2025 3190 2094 principatus
3218 2023 3444 2096 spiritus

1859 2117 2126 2172 bonorum
2182 2115 2520 2186 angelorum,
2574 2115 2772 2186 quibus
2824 2115 2892 2170 ad
2941 2115 3204 2184 explenda
3259 2115 3442 2168 divina

1859 2207 2164 2263 ministeria
2219 2207 2591 2279 principantur
2668 2207 2770 2275 Qui
2809 2206 3186 2276 dominantur,
3233 2209 3443 2280 princi-

1861 2313 2078 2375 pantur.
2112 2302 2451 2361 Potestatum
2490 2311 2718 2370 tremor,
2755 2303 3126 2374 cmlorumque
3153 2303 3446 2357 virtutum-

1863 2414 1969 2469 que
1996 2414 2060 2454 ac
2084 2398 2369 2454 beatorum
2424 2397 2680 2469 seraphin
2721 2395 2997 2469 agminum
3037 2395 3270 2451 societas
3321 2411 3444 2453 san—

1863 2504 1972 2552 cta.
1997 2494 2176 2552 leos
2196 2509 2293 2566 pro
2325 2494 2536 2550 lhronis
2553 2493 2762 2564 positos
2786 2491 3151 2564 intelligimus,
3179 2491 3304 2562 quia
3331 2506 3445 2548 cur.

1863 2588 1975 2643 lum
2011 2586 2170 2643 sedes
2201 2587 2298 2642 Dei
2335 2586 2565 2651 dicitur;
2603 2585 2797 2655 hisque
2835 2583 3210 2656 coniungimus
3249 2583 3448 2642 cheru-

1861 2682 1976 2748 bin,
2017 2696 2182 2754 super
2209 2696 2330 2751 qua:
2357 2679 2557 2736 dicitur
2579 2677 2723 2734 Deus
2763 2679 2972 2746 sedere,
3004 2678 3146 2734 sicut
3179 2675 3446 2748 psalmus,

1867 2774 1973 2843 Qui
2021 2762 2188 2840 sedes;
2242 2773 2447 2844 inquit,
2498 2789 2656 2845 super
2703 2770 2968 2834 cherubin,
3025 2785 3220 2842 appara
3269 2767 3445 2841 (Psal.

1863 2867 2071 2938 Lxxnt).
2121 2866 2217 2928 His
2251 2881 2446 2922 novem
2475 2863 2759 2920 ordinibus
2786 2861 3101 2934 praelibatis,
3135 2861 3272 2917 ordo
3306 2861 3452 2918 deci-

1863 2974 1987 3015 mus
2012 2957 2336 3015 conditionis
2361 2958 2613 3014 humanae
2638 2957 2878 3011 adnexus
2906 2962 3008 3022 est,
3039 2971 3107 3010 ex
3135 2953 3291 3028 cujus
3316 2969 3452 3010 voce

1865 3049 1996 3106 dicit
2043 3049 2317 3116 sacerdos,
2351 3048 2484 3103 Cum
2521 3047 2709 3124 quibus
2752 3055 2801 3102 et
2834 3055 3040 3102 nostras
3076 3061 3225 3101 voces
3260 3055 3317 3100 ut
3346 3045 3447 3099 ad-

1863 3141 2005 3196 mitti
2027 3142 2219 3212 jubeas
2255 3141 2616 3214 deprecamur.
2651 3137 2897 3210 Hymnus
2931 3151 3185 3206 sequens,
3213 3135 3309 3208 qui
3355 3136 3452 3193 ad—

1863 3235 2008 3297 ditus
2033 3244 2117 3290 est
2145 3234 2404 3308 primaevo
2428 3233 2631 3306 hymno
2673 3247 2704 3286 a
2731 3230 2885 3287 Sixto
2911 3245 3050 3301 papa
3080 3229 3294 3285 additus
3339 3235 3446 3296 est,

1860 3336 1924 3382 ut
1947 3327 2002 3382 in
2027 3327 2196 3398 gestis
2222 3325 2622 3396 pontiﬁcalibus
2649 3324 2865 3397 legitur.
2897 3323 2976 3378 lta
3005 3323 3149 3378 enim
3182 3322 3447 3392 scriptum

1861 3427 1946 3476 est
1972 3437 1985 3472 :
2016 3401 2118 3473 llic
2145 3417 2429 3473 constituit
2459 3425 2519 3470 ut
2547 3416 2688 3470 intra
2730 3414 3002 3470 actionem
3038 3412 3336 3468 sacerdotis
3367 3411 3451 3465 in-

1861 3512 2070 3582 cipiens
2094 3509 2321 3580 populus
2351 3510 2615 3578 hymnum
2655 3509 2970 3564 decantaret
2996 3523 3008 3558 :
3041 3504 3290 3572 Sanctus,
3319 3521 3448 3560 san-

1862 3612 1997 3669 ctus,
2022 3612 2254 3667 sanctus,
2280 3601 2537 3660 Dominus
2564 3599 2708 3656 Deus
2740 3599 2994 3656 Sabaoth.
3033 3596 3176 3653 Idem
3212 3599 3451 3670 hymnus

1863 3697 2059 3752 horum
2097 3697 2327 3752 duorum
2369 3693 2624 3751 ordinum
2661 3709 2826 3750 voces
2866 3691 3145 3748 continet:
3180 3691 3324 3747 Ordo
3353 3707 3451 3746 an-

1864 3792 2105 3864 gelorum
2135 3793 2287 3856 dicit,
2327 3790 2574 3858 Sanctus,
2625 3800 2864 3856 sanctus,
2909 3797 3143 3854 sanctus,
3181 3788 3449 3842 Dominus

1863 3885 2006 3940 Deus
2032 3885 2288 3953 Sabaoth,
2314 3883 2454 3957 pleni
2499 3893 2624 3940 sunt
2666 3883 2782 3939 cadi
2827 3892 2879 3938 et
2920 3892 3062 3938 terra
3108 3880 3277 3953 gloria
3321 3891 3452 3948 tua;

1861 3979 1996 4034 ordo
2022 3978 2302 4033 hominum
2325 3976 2492 4044 dicit;
2526 3975 2784 4032 Hosam
2809 3973 2867 4031 in
2885 3973 3123 4041 excelsis,
3147 3974 3448 4030 benedictus

1861 4071 1952 4144 qui
1994 4071 2132 4127 venit
2171 4073 2229 4126 in
2267 4070 2472 4130 nomine
2495 4070 2726 4124 Domini.
2782 4067 2954 4138 Quam
2997 4076 3210 4138 partem
3256 4066 3448 4139 hymni

1863 4162 2104 4219 cantavit
2147 4160 2305 4217 turba
2349 4160 2438 4216 die
2469 4159 2778 4215 Palmarum
2821 4159 3132 4230 praecedens
3157 4157 3446 4212 Dominum

1863 4253 2188 4310 Jerusalem.
2231 4250 2352 4308 1am
2391 4251 2629 4306 diximus
2656 4251 2724 4306 de
2766 4250 2945 4315 altari,
2979 4248 3108 4319 quid
3150 4246 3447 4318 signiﬁcet,

1864 4349 2155 4406 dicendum
2185 4355 2272 4402 est
2299 4346 2367 4402 de
2393 4345 2632 4402 sudario.
2657 4342 2960 4398 Sudarium
2981 4342 3173 4412 jacens
3200 4341 3254 4394 in
3287 4340 3452 4397 altari

1864 4439 2135 4513 signiﬁcat
2161 4438 2404 4494 laborem
2435 4451 2598 4504 quem
2628 4435 2830 4490 habent
2858 4432 3033 4503 angeli
3062 4432 3117 4490 in
3145 4431 3450 4487 ministerio

1865 4533 2126 4598 humano,
2165 4531 2277 4587 sive
2312 4527 2541 4600 perfecti
2575 4527 2712 4591 viri,
2751 4526 2844 4596 qui
2884 4540 2994 4581 non
3027 4531 3246 4584 cessant
3284 4538 3451 4578 orare

145 4616 285 4685 quia
320 4630 442 4670 non
459 4613 628 4668 solum
655 4629 718 4669 ea
746 4623 1002 4670 renovata
1030 4623 1155 4671 sunt
1179 4632 1276 4686 per
1296 4615 1572 4672 Christum
1597 4636 1609 4672 :
1639 4633 1760 4690 quze
1786 4646 1839 4711 Ι)
1864 4639 1966 4696 pro
1999 4632 2185 4681 nostra
2225 4621 2538 4693 fragilitate.
2579 4618 2871 4689 Corporale
2916 4633 3046 4674 vero
3089 4616 3448 4672 intentionem

146 4716 285 4762 sunt
328 4708 390 4761 in
426 4715 592 4773 terra,
625 4708 719 4762 sed
749 4708 911 4762 etiam
943 4723 1060 4778 qua:
1082 4709 1136 4763 in
1162 4709 1336 4776 caelis,
1376 4709 1565 4765 recolit
1597 4710 1761 4770 cccle-

146 4800 327 4854 stium
359 4798 574 4852 laudes.
633 4797 769 4864 Quia
794 4799 940 4852 enim
968 4800 1034 4855 de
1055 4801 1326 4855 sacrificio
1358 4801 1556 4872 agitur,
1590 4809 1763 4856 restat

147 4899 299 4946 utet
349 4889 663 4960 gratiarum
699 4891 960 4955 actiones,
1012 4907 1147 4962 quas
1196 4892 1452 4946 sacerdos
1477 4892 1638 4947 oﬂ‘ert
1662 4909 1761 4963 pro

143 4979 447 5036 sacriﬁcio
477 4977 592 5047 ejus
614 4980 942 5049 accipiamus
973 4999 985 5035 :
1036 4989 1091 5036 et
1116 4981 1413 5036 ministeria
1445 4983 1762 5054 angelorum

142 5086 276 5141 quae
315 5069 650 5126 recoluntur
695 5071 748 5125 in
798 5072 1052 5141 prmsenti
1081 5073 1303 5145 hymno,
1334 5089 1433 5143 pro
1453 5088 1641 5127 eorum
1673 5089 1760 5133 sa-

142 5164 397 5219 criﬁcio.
473 5162 606 5220 Illud
667 5164 1051 5222 intendendum
1089 5174 1175 5223 est
1206 5166 1262 5221 in
1293 5166 1543 5222 omnibus
1571 5165 1760 5224 olliciis

141 5255 585 5322 immolationis,
637 5255 732 5310 tali
781 5258 998 5314 nomine
1048 5257 1374 5320 censendum
1408 5272 1530 5313 esse
1551 5258 1762 5313 visibile

141 5349 355 5415 altare,
377 5347 544 5418 quale
553 5356 637 5403 est
647 5363 743 5405 cor
755 5348 1113 5406 oﬂ'erentium.
1133 5347 1397 5420 Tempore
1409 5365 1516 5419 quo
1531 5349 1764 5422 hymnus

139 5453 280 5499 ante
307 5444 636 5515 passionem
660 5442 990 5512 celebratur,
1033 5444 1204 5499 altare
1250 5451 1495 5499 nostrum
1549 5451 1766 5512 aptatur

140 5539 334 5594 altare
403 5537 826 5610 thymiamatum
867 5579 883 5606 ,
941 5539 1085 5608 quod
1142 5537 1412 5610 signiﬁcat
1467 5536 1757 5614 specialem

136 5633 536 5704 quorumdam
561 5631 926 5704 perfectorum
971 5633 1160 5699 vitam,
1187 5647 1376 5687 eorum
1401 5631 1633 5697 scilicet,
1669 5630 1764 5702 qui

136 5725 360 5796 majori
389 5725 595 5781 mentis
618 5725 975 5798 perfectione,
1015 5726 1300 5786 exstinctis
1335 5742 1558 5798 prorsus
1587 5741 1652 5782 ac
1673 5741 1762 5782 so-

134 5819 284 5889 pitis
321 5819 606 5875 illecebris
648 5819 898 5876 omnibus
923 5820 1125 5887 carnis,
1157 5819 1270 5875 sola
1300 5819 1529 5876 Domino
1568 5819 1766 5876 oratio-

135 5924 290 5976 num
317 5917 461 5967 vota
481 5911 734 5986 oderunt,
758 5911 892 5970 nihil
915 5914 1130 5994 quidem
1152 5914 1216 5972 de
1237 5928 1400 5971 carne
1417 5913 1559 5991 quod
1579 5929 1637 5971 se
1662 5911 1766 5972 lm-

1865 4733 1971 4774 non
2009 4717 2210 4773 ﬁctam.
2254 4713 2416 4770 Stant
2448 4712 2668 4768 interim
2707 4710 2949 4784 episcopi
2990 4711 3105 4766 sive
3137 4709 3451 4766 sacerdotes

1865 4827 1962 4870 seu
1989 4810 2203 4867 diaconi
2229 4819 2352 4880 post
2374 4808 2704 4879 pontiﬁcem,
2733 4805 3048 4862 subdiaconi
3076 4817 3204 4857 vero
3232 4801 3285 4855 in
3311 4800 3449 4855 facie

1865 4901 2000 4970 ejus.
2044 4901 2121 4954 lbi
2152 4899 2284 4953 illud
2313 4895 2638 4966 adimpletur
2667 4892 2810 4962 quod
2848 4891 2905 4944 in
2933 4898 3234 4944 memorato
3264 4902 3448 4943 caena-

1867 4993 1988 5050 culo
2013 4991 2144 5050 dicit
2166 4989 2426 5052 Dominus
2451 4982 2732 5055 discipulis
2759 4980 2872 5036 suis
2898 4980 3194 5042 secundum
3219 4979 3445 5035 Lucam:

1868 5084 2032 5156 Reges
2065 5082 2298 5154 gent-ium
2336 5079 2676 5133 dominantur
2703 5091 2907 5142 eorum,
2941 5082 2989 5131 et
3023 5074 3114 5146 qui
3139 5081 3453 5146 potestatem

1868 5176 2057 5231 habent
2088 5189 2244 5243 super
2275 5187 2385 5236 eos,
2418 5167 2634 5239 beneﬁci
2671 5176 2927 5224 vocantur
2955 5180 2976 5220 :
3007 5181 3094 5222 vos
3130 5173 3306 5223 autem
3343 5179 3451 5217 non
3505 5227 3513 5236 Ι

1868 5270 1980 5334 sic;
2019 5266 2110 5324 sed
2133 5267 2223 5337 qui
2258 5263 2432 5336 major
2461 5270 2538 5320 est
2572 5263 2628 5318 in
2662 5261 2824 5327 vobis,
2851 5260 2949 5332 ﬁat
2981 5259 3117 5318 sicut
3137 5257 3328 5329 junior
3354 5276 3371 5313 :
3400 5266 3453 5310 et

1870 5362 1960 5435 qui
1980 5373 2267 5433 praeessor
2292 5365 2387 5421 est,
2415 5356 2550 5412 sicut
2577 5354 2926 5408 ministratur.
2969 5348 3115 5410 Nam
3133 5348 3252 5423 quis
3275 5347 3456 5419 major

1870 5462 1966 5519 est,
1994 5453 2084 5526 qui
2119 5449 2367 5508 recumbit
2391 5465 2460 5510 an
2478 5445 2568 5521 qui
2588 5441 2894 5500 ministrat?
2917 5439 3110 5502 Nonne
3132 5439 3224 5514 qui
3248 5453 3455 5495 recutito-

1867 5547 1938 5604 bit
1963 5563 1976 5600 :
2000 5543 2115 5619 Ego
2139 5553 2314 5600 autem
2333 5542 2388 5596 in
2408 5539 2580 5600 medio
2609 5536 2764 5592 vestri
2787 5550 2929 5602 sum,
2957 5542 3207 5606 tanquam
3231 5531 3322 5604 qui
3351 5531 3452 5586 nti-

1866 5639 2052 5697 nistrat
2106 5635 2258 5711 (Luc.
2291 5631 2450 5705 xxn).
2499 5629 2695 5686 Multos
2759 5625 3053 5700 discipulos
3109 5625 3315 5698 Christi
3355 5624 3453 5683 do-

1865 5731 2040 5788 ctrina
2075 5725 2332 5791 habebat,
2371 5723 2438 5778 de
2473 5721 2670 5793 quibus
2703 5727 2864 5776 erant
2899 5719 2977 5775 illi
3014 5724 3232 5775 centum
3257 5713 3449 5789 viginti

1865 5823 1959 5894 qui
1987 5822 2074 5879 die
2097 5817 2447 5876 Pentecostes
2478 5813 2636 5870 simul
2663 5812 2867 5869 inventi
2892 5817 3019 5868 sunt
3046 5811 3104 5866 in
3129 5825 3235 5866 una
3262 5808 3445 5864 domo.

1868 5914 1946 5972 De
1978 5913 2110 5988 ipsis
2138 5917 2258 5968 erat
2282 5907 2481 5982 Joseph
2520 5907 2588 5963 ab
2621 5906 2944 5978 Arimathia,
2991 5901 3286 5982 discipulus
3315 5899 3446 5972 Jesq

3449 1458 3514 1474 κ.-
