3978 6474
437 373 649 451 uss...

1332 428 1337 433 ,
1412 433 1417 437 _
1461 367 1789 426 AMALARII
1825 365 2261 425 PRESBYTER]
2281 367 2642 432 ,METENSIS
2741 385 2750 391 ‘
2995 382 3007 431 i

3565 363 3716 420 “36
3771 378 3783 424 ‘.

432 445 682 548 occultus
725 498 964 559 prepter,
999 495 1203 542 metum
1231 485 1540 570 ludworum
1565 484 1749 558 (Joan.
1777 482 1890 554 xxx)
1918 501 1932 536 :
1965 489 2022 537 et
2046 485 2101 544 Α
2125 484 2219 539 sed
2274 465 2689 555 perseverantiae
2738 479 2975 538 cmlestis
3029 477 3181 550 regni
3213 475 3402 570 gloria
3442 477 3715 570 donatur,
3782 505 3788 510 .

434 584 565 658 ipse
593 581 862 658 bajulator
887 595 1077 650 aqua};
1101 579 1204 650 qui,
1223 579 1462 649 suscepit
1502 593 1633 655 eum.
1653 579 1709 632 in
1736 575 2018 658 caenaculo
2043 634 2048 638 ,
2080 599 2089 638 ;

433 651 565 738 suo,
588 651 676 726 cui
703 671 964 726 Dominus
987 669 1284 734 mandavit,
1311 668 1449 722 Dicit
1469 667 1573 740 tibi
1595 651 1844 738 magister
1857 651 2015 739 ‘(Luc.

435 745 596 834 xxii).
636 761 701 816 Hi
731 763 963 832 denique
997 753 1110 817 sive
1143 769 1326 816 essent
1363 759 1627 829 corporali
1661 744 1930 828 positione
1965 759 2020 812 in

436 853 740 915 caenaculo,
785 852 1295 924 quandogDominus
1341 852 1602 916 cmnavit,
1649 867 1743 906 seu
1791 867 1898 905 non
1943 849 2023 904 fo-

436 933 579 1007 rent,
613 929 792 1020 tamen
822 941 1235 1020 ejus'obsequio‘
1257 959 1364 998 non
1396 944 1639 1007 deerant,
1673 943 1814 998 sicut
1839 942 1886 996 is
1916 955 2023 994 non

439 1035 611 1092 defuit
636 1036 727 1106 qui
755 1019 957 1090 istravit
1002 1035 1345 1090 ctenaculum
1365 1050 1659 1112 magnum.
1708 1033 1817 1087 Hos
1847 1022 2024 1088 credi-

439 1145 562 1184 mus
603 1113 871 1200 designari
910 1143 1008 1198 per
1046 1129 1427 1202 subdiaconus,
1470 1112 1560 1198 qui
1601 1129 1654 1183 in
1692 1128 1827 1183 facie
1859 1134 2020 1189 stant,

441 1205 597 1276 sicut.
617 1221 764 1276 stetit
801 1219 890 1274 ille
929 1220 1044 1274 sive
1084 1235 1179 1288 per
1211 1221 1554 1291 prmsentiam
1594 1236 1766 1282 suam,
1807 1234 1901 1274 seu
1930 1233 2028 1287 per

443 1311 832 1374 ministerium,
864 1309 1018 1379 cujus
1045 1319 1166 1364 erat
1213 1292 1552 1366 cmnaculum
1587 1329 1599 1364 :
1632 1310 1746 1364 sive
1777 1309 2030 1364 mulieres

441 1419 564 1473 qua:
600 1385 1029 1472 perseverarunt
1059 1402 1112 1455 in
1157 1385 1410 1472 passione
1441 1401 1693 1480 Domini,
1734 1403 1800 1455 de
1835 1400 2029 1470 quibus

441 1485 762 1566 Gregorius
789 1494 854 1548 de
899 1481 1190 1548 Moralibus
1240 1494 1429 1549 scribit
1481 1491 1619 1563 (Lib.
1670 1509 1782 1556 xiv,
1823 1509 1869 1546 c.
1902 1491 2025 1563 25):

445 1578 553 1639 Sed
591 1577 714 1639 cum
757 1583 822 1638 ad
864 1571 1048 1639 crucis
1083 1572 1272 1639 horam
1313 1594 1533 1639 ventum
1569 1592 1672 1648 est,
1714 1581 1829 1652 ejus
1871 1582 2031 1637 disci-

441 1675 601 1746 pulos
624 1660 1318 1747 gravis‘ex‘persecutione
1347 1675 1655 1732 Iudaeorum
1687 1677 1849 1730 timor
1882 1675 2032 1729 inva-

443 1761 536 1833 sit,
565 1767 819 1838 fugerunt
838 1754 1064 1839 'singuli,
1090 1769 1344 1824 mulieres
1369 1770 1679 1825 astiterunt.
1709 1767 1872 1835 Quasi
1901 1783 2030 1838 ergo

443 1869 765 1930 consumpta
791 1849 956 1914 carne
985 1877 1048 1916 os
1076 1861 1290 1916 Domini
1321 1861 1445 1931 pelli
1481 1877 1593 1916 sua:
1629 1861 1858 1916 adhaesit
1885 1860 2028 1933 (Job.

443 1949 585 2020 xxx),
615 1942 766 2018 quia'
791 1941 1085 2016 fortitudo,
1115 1953 1385 2020 passionis
1425 1960 1667 2023 tempore
1706 1951 2034 2023 fugientibus

443 2033 749 2112 diScipulis,
775 2043 929 2112 juxta
963 2032 1309 2100 se'mulieres
1339 2048 1562 2102 invenit.
1594 2047 1756 2102 Stetit
1782 2047 2033 2116 equidem

446 2123 769 2204 aliquandiu
794 2119 1020 2203 Petrus,
1043 2137 1138 2192 sed
1167 2120 1290 2207 post
1333 2138 1555 2192 territus
1584 2141 1820 2209 negavit.
1873 2136 2036 2192 Stetit

448 2231 615 2310 etiam
646 2217 914 2294 Joannes,
936 2214 1169 2299 cui‘ipso
1197 2215 1377 2310 crucis
1427 2238 1669 2300 tempore
1697 2230 1899 2284 dictum
1925 2238 2031 2295 est,

443 2306 583 2401 Ecce
611 2330 778 2374 mater
791 2309 889 2374 tua
915 2306 1274 2401 (Joansxu'u‘;
1316 2323 1409 2377 sed
1433 2337 1782 2393 perseverare
1812 2323 2034 2378 minime

443 2397 644 2483 potuit,
671 2411 793 2482 quia
826 2411 892 2466 de
919 2397 1036 2482 ipso
1063 2402 1566 2484 quoque'scriptum
1594 2399 1696 2480 est,
1725 2415 1866 2485 quod
1897 2415 2031 2469 ado-

444 2493 641 2559 lescens
665 2494 880 2574 quidam
907 2504 1222 2575 sequebatur
1249 2504 1399 2558 illum
1429 2507 1652 2559 amictus
1689 2506 1908 2560 sindone
1943 2523 2034 2560 su-

441 2585 537 2669 per
562 2584 724 2664 nudo;
753 2593 801 2653 et
833 2585 1131 2676 tenuerunt,
1155 2616 1308 2665 eum;
1349 2593 1414 2654 at
1441 2599 1530 2654 ille
1574 2601 1764 2671 rejecta
1788 2601 2030 2669 sindone,

442 2691 618 2746 nudus
642 2681 872 2763 profugit
897 2692 961 2745 ab
984 2693 1059 2746 eis
1089 2691 1286 2763 (Marc.
1315 2685 1448 2764 xiv).
1479 2692 1596 2760 Quo
1625 2693 1727 2748 etsi
1757 2704 1945 2763 postea
1974 2703 2034 2747 ut

442 2781 624 2838 verba
663 2781 751 2838 'sui
796 2769 1175 2854 Redemptoris
1237 2769 1485 2850 audiret,
1527 2780 1607 2838 'ad
1661 2785 1850 2840 horam
1912 2801 2034 2840 cru-

441 2862 533 2958 cis:
573 2873 792 2942 rediit,‘
823 2859 975 2946 prius
1033 2867 1222 2932 tamen
1267 2865 1492 2931 territus
1531 2871 1709 2946 ‘fugit.
1781 2876 2033 2934 Mulieres

443 2963 640 3023 autem
665 2961 994 3025 twn‘soldm
1037 2957 1144 3024 non
1193 2970 1439 3024 timuisse
1474 2985 1645 3038 neque
1681 2969 1903 3039 fugisse,
1937 2969 2032 3025 sed

439 3045 622 3117 etiam
653 3049 826 3131 usque
874 3052 943 3116 ad
998 3047 1310 3133 Sepulcrum
1367 3063 1580 3117 stetisse
1636 3072 2027 3118 memorantur.

440 3135 587 3208 Dicit
610 3143 775 3224 ergo,
809 3150 945 3207 Pelli
969 3145 1122 3219 metu,
1168 3143 1486 3224 consumptis
1516 3143 1778 3217 carnibus,
1806 3155 2027 3210 aa'ltwsit

441 3259 501 3298 os
526 3233 700 3297 meum
727 3237 1039 3315 (Jobfxtx),
1075 3235 1178 3300 hoc
1211 3233 1313 3312 est,
1345 3243 1408 3298 Ili
1438 3245 1530 3315 qui
1559 3261 1691 3300 mete
1721 3245 2028 3300 fortitudini

439 3325 797 3418 propinquius
847 3329 1113 3393 inluerere
1165 3338 1512 3405 debuerunt,
1575 3339 1846 3409 passionis
1895 3355 2030 3394 meae

437 3421 1287 3501 temporeltimore'consumpti
1344 3439 1492 3495 sunt,
1534 3439 1589 3486 et
1635 3446 1730 3485 eas
1773 3446 1910 3502 quas
1962 3431 2030 3486 ad

438 3506 714 3576 exteriora
743 3515 1068 3576 ministeria
1115 3513 1316 3592 posui,'
1346 3524 1400 3578 in
1449 3528 1702 3594 passione
1727 3516 1876 3580 "mea
1913 3524 2028 3580 sine

438 3605 728 3668 formidine
759 3596 1024 3670 inhaerere
1053 3615 1181 3669 mihi
1214 3615 1442 3670 fideliter
1471 3616 1670 3671 inveni.
1728 3607 1734 3614 ’

840 3776 928 3806 ,1.
1019 3730 1452 3806 capurxxu.

648 3803 974 3899 .Deliymno,
1011 3802 1263 3900 Sanctus,
1299 3805 1537 3900 sanctus,
1571 3831 1807 3878 sanctus.

440 4033 575 4086 ctus,
613 4022 878 4076 inclinant
907 4038 984 4087 se,
1013 4032 1068 4077 et
1092 4024 1182 4093 qui
1216 4033 1364 4078 retro
1389 4034 1537 4079 stant
1572 4035 1626 4080 et
1655 4027 1747 4095 qui
1779 4027 1833 4080 in
1863 4025 2022 4093 facie,

440 4116 752 4171 venerando
791 4116 997 4170 scilicet
1037 4117 1375 4187 majestatem
1414 4118 1649 4172 divinam
1685 4127 1739 4172 et
1771 4119 2026 4174 incarna-
2108 4148 2114 4165 ι

442 4208 664 4262 tionem‘
689 4208 922 4271 Domini,
971 4225 1090 4278 qua:
1135 4209 1441 4265 introducta
1482 4214 1627 4266 'sunt
1669 4224 1768 4280 per
1805 4221 2027 4267 cantum

439 4300 846 4371 angelorum'et
875 4300 1175 4356 turbarum.
1205 4301 1554 4373 'Angelorum
1593 4313 1915 4370 concentus,
1949 4305 2030 4359 di-

438 4394 632 4459 cendo,
661 4393 916 4458 Sanctus;
939 4379 1174 4460 sanctus,
1201 4406 1436 4462 sanctus,
1467 4397 1726 4450 Dominus
1754 4397 1896 4451 Deus
1920 4397 2027 4452 Sa-

437 4487 1016 4557 baoth,-majestatem
1076 4490 1310 4544 divinam
1371 4491 1668 4544 introducit
1700 4509 1712 4542 :
1743 4492 2026 4545 turbarum

435 4590 589 4637 vero,
638 4576 850 4631 Domini
884 4579 1371 4645 incarnationem,”
1406 4582 1634 4635 dicendo
1669 4599 1680 4633 :
1708 4581 2022 4634 Benedictus
2050 4573 2106 4633 Ι)

435 4667 527 4738 qui
552 4667 687 4720 venit
717 4669 773 4721 in
800 4671 1006 4725 nomine
1036 4671 1270 4736 Domini,
1309 4672 1646 4727 Hosanna'in
1671 4674 1909 4729 excelsis.

1007 4785 1234 4842 CAPUT
1274 4786 1458 4843 XXIII.

1035 4879 1114 4934 De
1141 4879 1216 4936 Te
1251 4881 1432 4952 igitur.

519 4970 883 5026 Pcrseverant
935 4981 1083 5026 retro
1131 4983 1335 5030 stantes
1383 4976 1625 5034 inclinati
1673 4996 1847 5051 usque
1897 4983 2025 5037 dum

435 5065 659 5119 ﬁniatur
707 5065 884 5119 omnis
926 5081 1162 5135 prmsens
1211 5069 1407 5136 oratio,
1457 5069 1511 5124 id
1549 5080 1651 5138 est,
1685 5088 1856 5143 usque
1895 5074 2020 5128 dum

443 5156 655 5210 dicatur
686 5152 819 5226 post
863 5157 1162 5212 orationem
1198 5159 1556 5226 Dominicam,
1588 5162 1694 5217 Sed
1738 5165 1900 5218 libera
1932 5182 2023 5219 nos

437 5265 469 5300 a
495 5246 658 5300 malo.
709 5247 861 5314 Quod
894 5249 1035 5301 enim
1065 5249 1326 5318 sequitur,
1365 5267 1558 5320 usque,
1593 5251 1698 5306 Per
1723 5256 1896 5309 omnia
1925 5273 2024 5310 sw-

435 5337 557 5391 cula
601 5339 937 5403 sa'culorum,
985 5341 1252 5409 expositio
1281 5351 1364 5396 est
1402 5345 1710 5400 novissima:
1748 5349 2025 5418 petitionis

436 5433 732 5489 Dominica:
761 5435 1042 5490 orationis.
1092 5436 1169 5489 Illi
1200 5437 1345 5490 enim
1378 5447 1506 5493 sunt
1533 5439 1730 5509 quibus
1761 5442 2021 5496 Dominus

437 5522 576 5576 dixit
601 5542 612 5576 :
652 5523 750 5578 I’os
775 5537 947 5579 autent
972 5529 1093 5582 estis
1116 5529 1206 5598 qui
1227 5531 1585 5599 permansistis
1611 5548 1809 5587 mecum
1834 5534 1888 5587 in
1911 5545 2021 5588 ten-

439 5616 722 5670 tationibus
754 5623 913 5684 meis,
957 5629 1005 5674 et
1041 5638 1132 5692 ego
1159 5624 1380 5694 dispono
1407 5626 1567 5692 vobis,
1604 5629 1739 5682 sicut
1769 5628 2024 5696 disposuit

442 5703 572 5756 mihi
598 5700 759 5759 Pater
788 5726 932 5764 meus
965 5729 1176 5782 regnum
1209 5713 1359 5784 (Luc.
1393 5717 1551 5788 xx").
1612 5717 1766 5774 Unde
1794 5718 1937 5774 Beda
1967 5721 2022 5774 in

442 5799 676 5847 tractatu
713 5809 872 5867 super
899 5798 1134 5856 Lucam?
1190 5801 1306 5858 Non
1358 5806 1689 5863 inchoationi
1721 5808 2019 5886 patientiae,

2084 947 2348 1010 :certius,
2400 947 2532 1001 nihil
2591 945 2759 998 tutius
2807 942 2966 998 bonis
3017 939 3264 996 moribus
3308 942 3369 1009 οῖ.

2121 576 2247 646 quia
2279 576 2538 630 nimirum
2564 572 3002 644 perseverantia,
3029 585 3151 641 qua:
3180 567 3284 624 alio
3311 567 3536 622 nomine
3573 581 3716 622 con-

2082 680 2091 728 ῗ
2120 671 2319 726 stantia
2344 677 2588 734 vocatur,
2619 669 2785 724 robur
2812 665 3086 736 quoddam
3111 673 3171 744 get
3200 660 3463 718 fortitudo
3488 660 3720 724 mentis,

2083 817 2092 823 .
2122 773 2576 833 cunctarumque,
2601 770 2660 815 ut
2681 761 2754 815 ita
2779 759 3034 835 dixerim,
3049 765 3134 812 est
3154 756 3404 812 columna
3424 755 3722 818 virtutum,

2123 872 2244 928 quae
2287 871 2406 911 cum
2450 855 2589 910 bene
2642 862 2789 909 recta
2825 861 2882 907 et
2926 848 3401 908 ﬁrmaconsistit,
3451 846 3593 900 nihil
3641 855 3729 899 est

3428 937 3538 1007 Ipsi
3578 946 3731 992 stant

2125 1039 2393 1103 inclinati,
2443 1037 2614 1092 donec
2666 1017 3041 1094 liberentur'a
3074 1030 3235 1086 malo.
3285 1028 3352 1084 Hi
3396 1029 3550 1084 enim
3601 1036 3733 1082 sunt
3781 1097 3792 1109 Δ

2089 1129 2354 1201 .apostoli
2406 1129 2497 1199 qui
2557 1117 2749 1198 magna
2807 1123 3156 1179 tribulatione
3219 1129 3381 1178 erant
3441 1120 3730 1190 oppressi;

2090 1256 2096 1300 ε
2127 1229 2418 1290 antequam
2458 1219 2706 1273 audirent
2733 1215 2951 1285 Domini
2993 1213 3456 1297 resurrectionem
3479 1253 3496 1276 ,
3526 1226 3640 1266 non
3675 1225 3734 1265 se

2129 1313 2402 1388 audebant
2427 1300 2658 1381 erigere
2703 1318 2762 1362 ut
2805 1293 3202 1363 conﬁterentur
3247 1321 3308 1361 se
3349 1321 3482 1362 esse
3523 1304 3734 1360 Christi

2089 1383 2098 1473 ἶ
2131 1383 2442 1479 discipulos.
2482 1401 2548 1456 Hi
2578 1400 2826 1470 quamvis
2861 1400 2914 1454 in
2945 1400 3198 1469 passione
3227 1413 3336 1452 non
3369 1396 3562 1452 forent
3599 1411 3738 1466 prae-

2092 1560 2098 1568 .
2131 1503 2331 1559 sentes,
2373 1503 2552 1548 tamen
2584 1500 2937 1563 perseverant
2972 1501 3095 1561 post
3121 1489 3325 1545 Christi
3360 1490 3735 1544 resurrectio-

2132 1602 2254 1642 nem
2283 1587 2336 1640 in
2364 1584 2771 1640 tentatiouibus.
2804 1583 2917 1640 Non
2945 1585 3089 1638 enim
3117 1590 3351 1654 surgunt
3376 1591 3510 1637 ante
3536 1581 3735 1645 lucem,

2134 1677 2200 1732 de
2231 1693 2335 1748 qua
2359 1676 2648 1732 Psalmista
2683 1675 2848 1730 dicit:
2893 1672 3095 1727 Vanum
3121 1682 3196 1726 est
3221 1651 3378 1726 'vobis
3407 1682 3536 1726 ante
3571 1671 3738 1724 lucem

2134 1785 2346 1838 surgere
2378 1765 2552 1840 (Psal.
2578 1766 2784 1838 cxxvr),
2817 1765 2868 1819 id
2899 1773 3004 1831 est,
3029 1779 3230 1819 vanum
3267 1773 3356 1819 est
3383 1762 3617 1834 gloriari
3646 1777 3741 1816 an—

2139 1871 2359 1933 tequam
2396 1860 2694 1942 resurgatis
2723 1877 2754 1915 a
2783 1859 3032 1942 mortuis.
3071 1859 3143 1913 At
3167 1859 3260 1929 qui
3294 1857 3350 1912 in
3386 1858 3534 1912 facie
3571 1866 3735 1920 stant,

2089 2021 2098 2030 ,
2137 1960 2357 2030 signant
2396 1957 2691 2029 discipulos
2725 1941 2968 2038 occultos
3007 1963 3230 2026 propter
3271 1962 3485 2009 metum
3524 1951 3741 2007 Iudaeo-
3791 2004 3799 2010 .

2095 2113 2100 2121 _
2137 2067 2282 2124 rum,
2320 2051 2436 2106 sive
2475 2050 2753 2112 mulieres,
2795 2065 2916 2118 qua:
2951 2047 3157 2104 Christi
3197 2054 3455 2130 poterant
3502 2047 3554 2100 in
3598 2044 3741 2099 facie

2093 2142 2449 2213 ~persistere.
2495 2140 2603 2197 Sua
2648 2139 3000 2213 inclinatione
3047 2138 3368 2194 subdiaconi
3411 2137 3738 2192 maestitiam

2137 2211 2328 2291 eorum
2369 2234 2587 2305 signant
2621 2232 2688 2288 de
2731 2211 2929 2302 quibus
2971 2231 3104 2286 dicit
3149 2230 3286 2285 idem
3331 2230 3420 2298 qui
3455 2244 3627 2300 supra
3676 2229 3734 2283 in
3799 2274 3802 2276 .

2092 2318 2100 2401 ξ
2137 2326 2350 2381 eodem.
2414 2323 2530 2380 Non
2573 2332 2757 2379 autem
2801 2324 2924 2379 ideo
2963 2323 3115 2379 solus
3153 2322 3418 2378 mulierum
3463 2321 3726 2392 planctus

2095 2483 2102 2499 ι
2135 2431 2260 2472 eum
2285 2417 2634 2486 sequebatur,
2659 2415 2785 2486 quia
2813 2431 2920 2470 non
2947 2415 3270 2469 innumerus
3291 2403 3450 2468 etiam
3472 2413 3730 2467 virorum
3798 2455 3804 2468 .

2135 2507 2486 2578 praesentium
2519 2515 2693 2562 ccetus
2731 2507 2797 2562 de
2822 2504 2940 2576 ejus
2983 2513 3106 2561 erat
3141 2506 3396 2576 passione
3440 2505 3741 2560 mestissi-
3797 2563 3801 2568 ,

2136 2613 2278 2664 mus,
2309 2583 2404 2653 sed
2429 2599 2556 2668 quia
2591 2597 2855 2654 femineus
2887 2598 3042 2668 quasi
3073 2598 3548 2669 contemptibilior
3577 2613 3741 2654 sexus

2095 2756 2101 2775 ἱ
2135 2687 2360 2745 liberius
2389 2698 2622 2760 poterat,
2651 2690 3007 2762 praesentibus
3037 2691 3514 2772 sacerdotibus,et
3539 2691 3741 2763 princi-

2093 2789 2097 2792 ’
2134 2782 2314 2852 pibus,
2361 2790 2417 2837 et
2454 2784 2904 2864 magistratibus,
2945 2785 3074 2855 quid
3115 2794 3311 2841 contra
3353 2801 3462 2859 eos.
3489 2786 3741 2852 senserit,

2098 2887 2445 2964 ostentare,
2491 2879 2584 2949 qui
2626 2888 2877 2948 poterant
2905 2894 3015 2935 non
3061 2879 3288 2949 dolere,
3344 2881 3575 2950 quando
3623 2894 3741 2936 eum

2135 2986 2296 3040 quem
2335 2971 2502 3026 nimio
2532 2985 2718 3026 amore
2746 2971 3052 3028 dilexerunt
3080 2980 3136 3026 et
3164 2980 3441 3026 noverunt
3487 2971 3740 3026 innocen-

2097 3043 2103 3147 ξ
2136 3071 2267 3130 tem,
2306 3064 2374 3117 ab
2416 3063 2595 3134 impiis
2635 3063 3047 3134 comprehendi,
3092 3063 3273 3134 ligari,
3301 3063 3430 3117 duci
3464 3074 3601 3118 ante
3627 3078 3732 3126 eos,

2135 3155 2253 3225 spui
2295 3155 2349 3208 in
2396 3154 2611 3221 faciem,
2656 3153 2941 3226 ﬂagellari,
2971 3155 3216 3225 cruciﬁgi
3269 3154 3574 3210 viderunt?
3608 3153 3734 3222 Quid

2138 3243 2405 3314 signiticet
2443 3261 2633 3301 eorum
2677 3246 2880 3300 erectio
2917 3254 3045 3301 ante
3084 3244 3297 3300 ﬁnitam
3337 3247 3670 3310 orationem,
3694 3244 3733 3298 si

2133 3321 2403 3392 Dominus
2442 3338 2677 3404 dederit,
2711 3339 2968 3410 congruis
3017 3339 3070 3394 in
3119 3338 3255 3394 locis
3299 3340 3730 3402 monstrabitur;

2133 3445 2279 3484 nunc
2307 3429 2372 3484 de
2401 3428 2471 3484 Te
2496 3430 2679 3501 igitur,
2713 3429 3003 3486 dicendum
3033 3437 3138 3484 est.
3168 3429 3253 3484 Ab
3283 3430 3445 3486 initio
3476 3431 3732 3485 orationis

2103 3503 2111 3605 ἰ
2131 3536 2304 3591 usque
2349 3509 2536 3604 locum
2571 3522 2662 3578 ubi
2693 3521 2934 3605 .dicitur,
2960 3521 3052 3605 .Et
3087 3523 3142 3577 in
3181 3522 3475 3577 electorum
3530 3535 3728 3576 tuorum

2122 3613 2314 3683 jubeas
2349 3599 2509 3684 grege
2549 3599 2822 3667 numerari
2861 3599 2965 3681 per.
2991 3612 3260 3668 Christum
3294 3613 3595 3667 Dominum
3638 3628 3726 3664 ιο-

2130 3713 2330 3769 strum,
2382 3695 2692 3759 celebratur
2746 3702 3075 3759 sacriﬁcium
3125 3704 3425 3758 electorum
3479 3703 3573 3772 qui
3629 3717 3731 3756 non

2130 3796 2333 3851 habent
2367 3797 2422 3852 in
2465 3811 2631 3852 carne
2661 3797 2806 3867 quod
2849 3797 2928 3851 eis
2967 3803 3249 3866 repugnet,
3282 3810 3463 3863 neque
3513 3794 3566 3846 in
3597 3809 3724 3848 con-

510 3895 652 3982 post'
678 3886 938 4000 hy'm'num
984 3894 1317 3996 incho'amm"
1349 3886 1609 3999 san’cu'w’.
1632 3945 1866 4000 sanctus,
1904 3950 2028 3988 sum
2101 3886 2112 3968 ’ν
2130 3888 2357 3944 scientia
2379 3891 2522 3959 quod
2547 3893 2855 3948 conturbet.
2882 3891 3036 3947 Sicut
3058 3893 3202 3947 enim
3227 3893 3334 3947 duo
3357 3891 3550 3945 altaria
3576 3898 3731 3944 erant

2131 3979 2187 4035 in
2235 3981 2584 4036 tabernaculo
2623 3982 2843 4054 Moysis,
2886 3983 2999 4037 sive
3048 3984 3103 4037 in
3148 3983 3353 4052 templo
3396 3981 3711 4043 Salomonis,

2130 4088 2296 4126 unum
2348 4073 2750 4143 thymiamatis,
2803 4073 3036 4129 alterum
3085 4073 3420 4138 bolocausti,
3469 4074 3543 4126 ita
3592 4079 3725 4124 sunt

2131 4166 2236 4221 duo
2280 4168 2551 4222 sacriﬁcia
2603 4177 2804 4222 sancta:
2837 4167 3096 4223 Ecclesiae
3127 4185 3138 4219 :
3173 4183 3343 4221 unum
3379 4151 3477 4221 est
3522 4166 3577 4218 in
3624 4179 3733 4233 quo

2129 4275 2320 4314 omnes
2363 4260 2611 4316 carnales
2657 4272 2836 4316 motus
2883 4262 3044 4332 sopiti
3076 4271 3222 4325 sunt,
3259 4262 3322 4314 de
3354 4274 3463 4330 quo
3495 4274 3732 4314 comme-

2131 4351 2486 4414 moravimus,
2527 4360 2583 4403 Cl
2618 4364 2761 4404 nunc
2806 4353 2998 4404 iterum
3035 4351 3583 4405 commemorandum
3617 4361 3729 4412 est;

2132 4442 2363 4496 alterum
2410 4449 2493 4496 est
2541 4441 2595 4495 in
2639 4457 2747 4511 quo
2792 4456 3012 4496 necesse
3059 4451 3145 4498 est
3189 4428 3435 4512 quotidie
3487 4445 3731 4500 carnales

2107 4533 2316 4588 ‘motus
2351 4541 2612 4597 mactare,
2646 4533 2710 4587 de
2752 4549 2859 4604 quo
2901 4535 2967 4587 in'
2999 4535 3395 4603 posterioribus
3440 4537 3731 4592 dicendum

2129 4636 2232 4682 est.
2266 4627 2323 4681 In
2363 4636 2616 4698 promptu
2655 4627 2826 4683 altare
2867 4628 3236 4698 thymiamatis
3265 4640 3350 4683 est
3399 4646 3471 4684 ex
3503 4641 3731 4701 utroque

2129 4717 2328 4780 oIIicio,
2361 4718 2556 4787 capitis
2594 4719 2802 4774 scilicet
2839 4728 2895 4774 et
2929 4721 3194 4791 corporis,
3229 4709 3519 4798 usquead
3561 4723 3734 4777 locum

2131 4811 2199 4865 de
2221 4825 2328 4879 quo
2351 4811 2601 4880 superius
2629 4812 2902 4866 titulatttm
2929 4822 3030 4867 est.
3059 4813 3215 4867 Nunc
3240 4830 3371 4870 vero
3397 4816 3735 4870 reddendum

2131 4910 2215 4956 est
2249 4917 2347 4956 cur
2375 4903 2553 4958 oratio
2589 4918 2831 4972 prmscns
2865 4912 2920 4958 et
2951 4904 3198 4973 praefatio
3239 4914 3453 4960 secrete
3482 4907 3730 4960 dicantur

2132 5007 2199 5047 ex
2243 5009 2495 5048 sermone
2523 4993 2779 5066 Cypriani
2820 4996 2886 5050 de
2916 4983 3200 5052 Doininica
3244 4998 3502 5053 oratione
3538 5000 3734 5068 (Serm.

2129 5089 2224 5159 6):
2274 5088 2378 5154 Sit,
2435 5090 2633 5160 inquit,
2680 5091 2963 5146 orantibus
3010 5107 3188 5148 sermo
3229 5101 3286 5147 et
3319 5095 3578 5162 precatio
3609 5109 3738 5160 cum

2131 5179 2438 5249 disciplina,
2482 5181 2721 5250 quietem
2769 5184 3056 5239 continens
3084 5193 3140 5239 et
3170 5184 3458 5256 pudorem.
3517 5186 3732 5257 Cogite-

2130 5289 2252 5327 mus
2282 5288 2380 5327 nos
2431 5274 2530 5328 sub
2564 5261 2864 5345 conspectu
2907 5276 3000 5330 Dei
3049 5286 3220 5341 stare,
3267 5277 3608 5346 placendum
3662 5293 3718 5330 es

2129 5362 2327 5417 divinis
2373 5364 2544 5418 oculis
2587 5373 2642 5418 et
2686 5364 2873 5421 habitu
2921 5368 3196 5439 corporis,
3243 5377 3298 5423 et
3340 5369 3513 5423 modo
3567 5371 3746 5424 vocis.

2131 5451 2266 5511 Nam
2315 5465 2374 5510 ut
2423 5455 2751 5524 impudentis
2802 5444 3263 5514 est'clamoribus
3309 5471 3610 5530 strepere,
3669 5463 3740 5514 ita

2131 5557 2320 5602 contra
2350 5547 2598 5617 congruit
2625 5549 2930 5604 verecundo
2956 5535 3218 5605 modestis
3257 5552 3521 5621 precibus
3547 5567 3741 5606 onre.

2131 5638 2373 5710 Denique
2410 5639 2726 5710 magisterio
2762 5657 2861 5697 suo
2897 5641 3157 5698 Dominus
3188 5653 3398 5698 secreto
3429 5660 3535 5699 nos
3571 5660 3744 5699 orare

2131 5733 2407 5802 przccepit,
2460 5732 2512 5786 in
2563 5732 2759 5787 abditis
2799 5742 2853 5788 et
2896 5729 3118 5790 semotis
3165 5734 3322 5800 locis,
3363 5735 3419 5790 in
3450 5737 3749 5792 cubilibus

2129 5820 2265 5894 ipsis
2291 5822 2505 5896 (Matth.
2531 5824 2632 5900 γι).
2658 5823 2812 5894 Quod
2837 5827 3010 5901 magis
3037 5827 3291 5885 convenit
3315 5826 3465 5897 ﬁdei,
3500 5838 3564 5884 ut
3590 5830 3748 5884 scias
