3978 6480
205 485 249 578 ⁸4
271 520 358 577 137
383 551 388 556 ς

963 510 1052 569 DE
1091 479 1649 569 ECCLlSSlASTlCIS
1678 479 1978 602 JOFFICIIS
2017 505 2194 563 LIBRI
2230 482 2436 564 Νζῖίὲ
2464 509 2592 602 LID.

224 618 340 692 inus
366 602 650 684 Dominum
675 603 876 698 ubique
900 601 1806 714 esse'przesentem',naudirevomnes
1828 601 1885 683 Ἀ
1911 621 2028 676 bam
2065 617 2254 712 illum,
2287 625 2382 694 ﬁat
2419 625 2661 700 voluntas
2681 608 3035 714 ltuai_(.loaii.
3067 606 3193 708 iv)...
3218 619 3375 717 Quod
3413 602 3495 698 ila

206 729 277 781 ἐι
299 724 501 786 Videre,
546 727 611 797 et_
639 713 960 791 majestatis',
987 736 1096 776 suze
1141 705 1574 791 plenitudinein
1607 704 1804 771 abdita

204 818 431 889 'quoquc
478 821 533 869 et
577 813 788 870 occulta
841 822 1152 898 penetrare,
1195 800 1348 867 Isicut
1386 811 1647 898 scriptum
1686 818 1801 865 est:

220 911 330 980 Ego
355 907 494 961 Deus
523 896 950 977 appropinquans
971 948 986 972 ,
1024 892 1211 974 etnon
1241 906 1384 959 Deus
1425 905 1490 959 de
1531 892 1714 974 longe;
1759 902 1805 958 si

219 981 553 1057 absconditus
588 999 747 1070 fuerit
783 999 936 1054 homo
963 1001 1021 1054 in
1046 1000 1390 1066 absconditis,
1433 1016 1525 1069 ego
1548 982 1670 1070 ergo
1701 1015 1805 1053 non

216 1093 394 1150 videbo
415 1110 556 1146 eum.
602 1091 793 1146 Nonne
815 1091 1000 1147 calum
1025 1102 1072 1146 et
1094 1102 1289 1146 terram
1328 1109 1420 1164 ego
1452 1091 1640 1163 impleo
1667 1078 1800 1162 (Jer.

216 1184 409 1255 xxm)?
441 1185 511 1238 Et
539 1176 736 1239 iterum
755 1203 768 1238 :
786 1184 854 1238 In
877 1174 1019 1239 omni
1040 1170 1154 1239 loco
1177 1184 1318 1239 oculi
1338 1168 1552 1263 Domini
1578 1195 1807 1240 contem-

209 1279 425 1350 plantur
469 1262 740 1354 bonoset.
773 1279 941 1335 malos
988 1266 1179 1352 (Prov:
1213 1281 1325 1352 xv).
1353 1281 1442 1356 ¹ΕΙ,
1486 1282 1703 1351 quando
1750 1283 1805 1336 in

210 1387 374 1425 unum
399 1388 526 1426 cum
559 1365 824 1428 fratribus
847 1360 1220 1438 convenimus,
1250 1382 1305 1429 et
1333 1375 1598 1430 sacriﬁcia
1625 1376 1805 1431 divina

208 1479 331 1518 cum
358 1463 451 1519 Dei
485 1447 768 1521 sacerdote
793 1452 1156 1532 celebramus,
1187 1452 1530 1523 verecundia:
1554 1478 1609 1524 et
1640 1469 1804 1525 disci-

207 1556 368 1624 plina:
400 1572 671 1613 memores
697 1573 819 1613 esse
839 1550 1129 1623 debemus,
1165 1576 1271 1614 non
1305 1550 1507 1640 passim
1540 1553 1805 1640 ventilare

200 1665 399 1720 preces
429 1659 663 1728 nostras
712 1652 1002 1707 inconditis
1045 1639 1293 1718 vocibus,
1344 1670 1444 1709 nec
1489 1634 1804 1725 petitionem

203 1741 700 1824 commendandam
725 1738 996 1797 modesto
1031 1743 1144 1799 Deo
1168 1745 1522 1824 tumultuosa
1567 1746 1807 1817 loquaci-

201 1825 318 1889 tate
353 1819 748 1909 jac_tare,rquia
777 1835 921 1891 Deus
946 1824 1057 1891 non
1093 1819 1262 1903 vocis,
1302 1839 1395 1893 sed
1433 1840 1614 1895 cordis
1653 1840 1803 1894 audi-

199 1935 290 1981 tor
325 1916 990 2000 est;.nec'admoncndus
1032 1937 1117 1984 est
1150 1929 1499 1996 clamoribus,
1530 1932 1622 2003 qui
1657 1932 1804 2004 cogi-

1908 706 2304 788 Hieronymus:
2335 711 2748 796 Secundoworat‘
2772 708 2842 795 ut
2868 722 2915 777 si
2953 706 3166 780 Ninive;
3182 706 3344 784 aliter
3381 716 3492 788 sal-

1884 800 2024 883 ivari
2048 802 2160 863 non
2189 799 2522 879 potest,'nisi
2552 812 2757 866 aruerit
2785 803 3087 890 cucurbita,
3121 802 3215 890 ﬁat
3240 804 3494 894 voluntas

1906 901 2109 988 Patris.
2141 889 2538 984 Tertio'oravit
2573 892 2836 991 Christus
2861 891 3112 966 eumdem
3161 889 3490 988 sermonem,

1884 986 1968 1078 iut
1991 1012 2080 1070 .ex
2102 986 2109 988 ﬁ
2129 988 2433 1082 memorato
2475 986 2806 1082 Hieronymo
2826 988 3153 1082 _‘discimus',
3201 1009 3294 1077 qui
3314 986 3319 988 η
3341 1000 3492 1078 dicit,

1908 1080 2277 1160 apostolorum
2329 1082 2579 1149 timorem
2636 1080 2894 1169 sequenti.
2938 1086 3495 1184 paenitentiamagi-

1881 1187 2080 1237 'strum
2126 1184 2447 1253 impetrasse
2493 1187 2906 1258 corrigendum;
2963 1183 3315 1262 intelligimus
3369 1208 3495 1248 eum

1886 1288 2006 1343 'pro
2037 1274 2146 1328 'suo
2194 1273 2459 1346 corpore,
2505 1277 2694 1352 idest
2724 1273 3033 1349 "apostolis,
3088 1278 3236 1337 nunc
3284 1264 3493 1339 orasse.

1907 1365 2110 1447 Eodem
2140 1383 2384 1432 numero,
2414 1367 2467 1422 id
2504 1377 2608 1434 est,
2635 1366 3196 1453 ternario,.sacerdos
3221 1390 3354 1430 voce
3382 1361 3496 1431 ele-

1887 1459 2132 1511 ‘clorum‘
2160 1456 2396 1530 complet
2434 1460 2744 1540 orationem
2793 1461 3005 1540 suamg
3031 1464 3384 1522 Sacriﬁcium
3415 1475 3499 1524 est

1883 1546 2202 1603 electorum
2235 1538 2301 1604 ad
2327 1534 2494 1606 Deum
2514 1552 2768 1620 Patrem,"
2785 1571 2884 1626 per
2908 1535 3183 1633 Christum
3211 1547 3499 1616 Dominum

1887 1645 2173 1695 nostrum.
2204 1641 2330 1698 Haec
2359 1644 2519 1710 dona,
2549 1645 2663 1702 haec
2689 1642 2934 1714 munera,
2966 1650 3082 1704 hzec
3105 1636 3292 1706 sancta
3317 1638 3498 1708 sacri-

1908 1727 2044 1788 ﬁcia
2078 1735 2302 1790 illibata.
2356 1730 2506 1792 Dona
2555 1745 2611 1793 et
2652 1727 2878 1795 munera
2923 1727 3256 1798 unum'sunt
3284 1785 3300 1811 ,
3342 1744 3501 1814 juxta

1890 1815 2050 1911 quod
2079 1825 2267 1882 Daniel
2299 1830 2581 1898 respondit
2605 1819 2939 1897 Balthasari,
2967 1834 3184 1903 quando
3214 1835 3263 1889 ei
3291 1824 3500 1903 promi-

1909 1917 1981 1971 sit
2010 1933 2303 1987 purpuram
2339 1928 2394 1974 et
2431 1930 2680 1992 torquem
2710 1913 2960 1978 auream."
3008 1914 3257 1991 Munera,
3296 1926 3498 1995 inquit,

197 1992 770 2078 tatiOnesbominum
812 2023 978 2087 videt,
1025 2006 1292 2091 probante
1339 1992 1566 2078 Domino
1613 2033 1670 2078 et
1721 1992 1801 2079 di-

1905 2019 1998 2064 tua
2036 2011 2139 2064 sint
2171 2012 2286 2078 tibi,
2317 2021 2365 2066 et
2392 2006 2537 2066 dona.
2563 2014 2750 2069 domus
2783 2008 2888 2070 tua:
2928 2015 3084 2069 alteri
3120 2017 3191 2071 da
3231 1992 3394 2089 (Dan:
3420 2018 3500 2090 v).

196 2111 572 2180 cente:Quid
628 2113 871 2184 cogitatis
920 2130 1142 2184 nequam
1174 2113 1238 2192 in
1282 2113 1526 2168 cordibus
1582 2115 1803 2192 vestris?

196 2202 357 2274 (Luc.
387 2205 446 2274 ν)
474 2196 524 2258 et
559 2205 666 2260 alio
696 2205 816 2261 loco
843 2224 855 2259 :
888 2205 956 2259 Et
985 2206 1151 2259 scient
1173 2191 1357 2261 omnes
1380 2205 1635 2262 Ecclesia:
1675 2191 1801 2280 quia

193 2313 290 2367 ego
328 2313 450 2350 sum
487 2305 752 2352 scrutator
784 2284 967 2352 renum
1011 2307 1059 2352 et
1088 2285 1262 2353 cordis
1313 2297 1448 2370 (Jer.
1475 2299 1590 2371 xv).
1648 2300 1801 2368 Quod

191 2374 362 2443 Anna,
415 2389 471 2443 in
519 2381 697 2461 primo
756 2391 965 2462 Regum
1017 2387 1188 2454 libro,
1238 2376 1524 2448 'Ecclesiae
1614 2403 1801 2465 typum

190 2488 450 2550 portans,
481 2479 717 2535 custodit
750 2490 806 2534 et
836 2490 1039 2548 servat,
1078 2498 1200 2552 qua:
1227 2481 1395 2538 Deum
1428 2499 1534 2538 non
1565 2483 1802 2540 clamosa

189 2569 485 2639 petitione,
517 2569 613 2624 sed
646 2572 808 2626 tacite
834 2580 887 2627 et
916 2557 1156 2649 modeste
1205 2574 1346 2628 intra
1379 2576 1526 2645 ipsas
1555 2579 1800 2646 pectoris

189 2659 444 2742 latebras
491 2661 841 2733 precabatur,
897 2671 953 2716 et
999 2649 1322 2733 loquebatur
1372 2681 1534 2735 prece
1565 2661 1799 2742 occulta,

188 2745 615 2808 sedmanifesta
665 2754 788 2810 ﬁde.
819 2755 1164 2826 Loquebatur
1188 2772 1295 2812 non
1317 2743 1473 2834 voce,
1496 2759 1588 2813 sed
1615 2760 1799 2825 corde,

188 2844 320 2914 quia
343 2844 442 2918 _sic
463 2835 749 2900 Dominum
781 2847 988 2903 sciebat
1015 2849 1228 2915 audire,
1267 2859 1321 2905 et
1352 2851 1662 2927 impetravit
1692 2852 1802 2906 eﬁi-

189 2935 406 2990 caciter
437 2937 583 3004 quod
611 2938 788 3006 petiit,
825 2939 951 3008 quia
991 2938 1222 2994 ﬁdeliter
1252 2940 1563 3012 postulavit.
1610 2943 1801 2997 Decla-

184 3024 279 3079 rat
307 3024 606 3097 Scriptura
634 3029 814 3083 divina
851 3046 971 3099 qua:
1003 3031 1163 3086 dicit:
1197 3031 1534 3103 Loquebatur
1568 3034 1622 3088 in
1645 3035 1802 3090 corde

185 3114 320 3183 sua,
342 3127 396 3172 et
426 3116 573 3172 labia
598 3120 712 3190 ejus
737 3123 1098 3188 movebantur,
1122 3133 1170 3176 et
1203 3141 1300 3178 vox
1333 3125 1448 3192 ejus
1481 3143 1585 3180 non
1617 3127 1804 3181 audie-

187 3208 470 3284 batur,_et
514 3213 781 3294 exaudivit
832 3231 947 3268 eam
988 3215 1244 3270 Dominus
1296 3215 1350 3288 (Ι
1375 3216 1504 3288 Reg.
1547 3217 1610 3289 ι).
1667 3219 1801 3295 Item

182 3303 430 3374 legimus
467 3304 522 3358 in
555 3290 1008 3371 PSalmis,‘Dicite
1039 3309 1092 3363 in
1131 3309 1377 3364 cordibus
1419 3312 1620 3375 vestris,
1665 3293 1711 3366 et
1746 3312 1801 3366 in

183 3387 464 3451 cubilibus
497 3399 682 3454 vestris
714 3401 1124 3470 compungimini
1163 3401 1336 3471 (Psal.
1367 3402 1463 3472 tv).
1507 3403 1612 3458 Per
1645 3402 1800 3480 Jere-

181 3487 360 3541 miam
394 3503 618 3558 quoque
648 3490 760 3545 haec
789 3491 977 3544 eadem
1007 3491 1243 3561 Spiritus
1283 3500 1504 3548 sanctus
1541 3495 1800 3564 suggerit,

179 3585 238 3633 et
273 3580 466 3640 docet,
495 3580 682 3634 dicens
717 3599 729 3633 :
762 3580 820 3634 In
857 3597 1020 3637 sensu
1058 3569 1237 3637 autem
1271 3585 1366 3639 tibi
1397 3586 1554 3640 debet
1583 3586 1801 3640 adorari

178 3670 471 3725 Dominus
500 3671 634 3742 (Jer.
663 3671 838 3744 xxix).
891 3673 1138 3729 Adorans
1179 3677 1626 3750 ,autem,‘fratres
1673 3660 1805 3732 dile-

177 3761 460 3821 ctissimi,
492 3776 592 3816 nec
622 3763 752 3818 illud
792 3764 1005 3834 ignoret
1031 3765 1488 3836 quemadmodum
1521 3768 1573 3821 in
1606 3768 1803 3838 templo

177 3868 356 3908 cum'
398 3851 678 3930 Pharisaeo
725 3847 1088 3926 publicanus
1129 3859 1368 3914 oraverit
1427 3860 1580 3932 (Lac.
1624 3862 1799 3933 xvm),

176 3944 599 4028 nonallevatis
628 3948 680 4002 in
712 3949 910 4004 cmlum
953 3950 1298 4020 impudenter
1323 3952 1514 4019 oculis,
1549 3968 1654 4009 nec
1688 3951 1804 4008 ma-

175 4040 353 4095 nibus
399 4038 704 4097 insolenter
745 4043 967 4110 erectis,
1006 4045 1101 4100 sed
1141 4055 1330 4116 pectus
1365 4063 1522 4103 suum
1558 4048 1797 4120 pulsans,

174 4125 522 4202 et'p'eccata
568 4135 716 4190 intus
755 4137 962 4192 inclusa
1003 4147 1337 4203 contestans,
1368 4140 1562 4194 divina:
1589 4140 1802 4193 miseri-

173 4225 399 4282 cordia:
433 4224 759 4294 implorabat
788 4230 1047 4283 auxilium
1080 4247 1092 4281 :
1128 4241 1182 4285 et
1209 4215 1333 4285 cum
1362 4231 1463 4285 sibi
1498 4232 1804 4285 Pharisaeus

171 4298 467 4391 placeret,
514 4315 838 4370 sanctiﬁcari
883 4317 974 4371 hic
1011 4320 1183 4389 magis
1221 4321 1422 4396 meruit
1459 4321 1551 4390 qui
1587 4307 1681 4374 Isic
1717 4335 1804 4374 ro-

171 4407 370 4478 gavit;
423 4405 520 4474 qui
560 4421 712 4476 spem
765 4407 955 4463 salutis
994 4425 1099 4464 non
1141 4411 1195 4465 in
1236 4411 1429 4466 ﬁducia
1477 4400 1803 4468 innocentiae

174 4515 299 4553 suae
351 4497 724 4569 posuit,cum
778 4493 1041 4556 innocens
1090 4497 1387 4568 nem‘o'sit,
1437 4505 1529 4558 sed
1579 4494 1802 4574 peccata

172 4591 513 4651 corifessus,
545 4589 822 4645 humiliter
858 4581 1098 4664 rogavit,
1123 4603 1179 4648 et
1217 4595 1496 4650 exaudivit
1527 4591 1800 4661 orantem,

174 4684 271 4751 qui
305 4679 620 4756 humilibus
652 4681 902 4751 ignoscit.
937 4685 1074 4751 Quia
1103 4687 1410 4752 audivimus
1439 4703 1504 4742 ex
1533 4686 1802 4760 Cypriane

175 4789 416 4829 mnuum
455 4773 743 4836 orationis,
776 4764 1064 4832 audiamus
1092 4795 1158 4832 ex
1185 4779 1254 4833 Te
1284 4769 1465 4850 igitur,
1500 4783 1794 4835 oraziones.

175 4855 542 4938 Prinm'vice
572 4863 772 4918 Christi
812 4853 1064 4923 sacerdos
1105 4858 1215 4925 tres
1252 4872 1525 4926 orationes
1557 4863 1798 4936 exercet,

172 4959 327 5013 sicut
357 4954 635 5010 Dominus
666 4953 794 5010 fecit
823 4957 1107 5028 postquam
1140 4961 1306 5014 exivit
1333 4961 1386 5014 in
1418 4971 1655 5015 montem
1683 4962 1797 5016 Oli-

171 5051 287 5105 veti
319 5040 854 5102 'ante‘traditionem
898 5064 1072 5115 suam,
1121 5051 1174 5105 id
1215 5061 1318 5116 est,
1365 5068 1464 5123 pro
1503 5053 1797 5108 universali

169 5135 468 5203 Ecclesia,
511 5146 566 5192 et
604 5135 719 5209 pro‘
743 5139 1002 5214 fratribus
1042 5143 1387 5214 specialibus,
1419 5152 1469 5198 et
1501 5161 1598 5215 pro
1627 5146 1798 5200 choro

171 5223 571 5308 sacerdotum.
626 5230 806 5312 Prima
842 5234 1018 5288 oratio
1057 5235 1258 5312 Christi
1292 5245 1376 5290 est
1401 5253 1412 5287 :
1441 5235 1515 5290 Mi
1542 5234 1725 5303 Pater,
1753 5238 1799 5292 si

169 5318 460 5403 possibile
479 5314 604 5393 est,
640 5336 874 5381 transeat
915 5347 947 5409 a
977 5317 1060 5383 me
1088 5329 1227 5383 calix
1268 5331 1366 5384 iste
1396 5348 1414 5382 ς
1441 5330 1803 5409 verumtamen:

173 5442 286 5479 non
309 5425 462 5478 sicut
487 5437 580 5491 ego
606 5411 740 5484 volo,
766 5422 857 5475 sed
884 5405 1017 5476 sicut
1045 5433 1101 5477 tu
1123 5422 1272 5495 (Luc.
1297 5426 1456 5496 xxn).
1475 5424 1798 5508 f‘l‘ransferri

172 5533 205 5572 a
242 5534 306 5573 se
339 5500 585 5571 calicem
616 5502 886 5582 postulat,
914 5530 1021 5569 non
1050 5500 1504 5594 quidem-timore
1537 5519 1803 5588 patiendi,‘

171 5611 273 5665 sed
331 5606 723 5680 misericordia
773 5607 1216 5679 priorispopuli,
1271 5624 1348 5683 ne.
1380 5610 1455 5666 ab
1485 5609 1597 5682 illo
1648 5611 1800 5667 bibat

173 5685 448 5776 calicem:
469 5698 837 5768 propinatum.
873 5698 1049 5776 .Unde
1075 5709 1130 5754 et
1170 5691 1450 5772 signanter
1487 5717 1596 5756 non
1622 5691 1806 5770 ldixit,‘

171 5773 470 5846 Tr.-.nst'er
521 5777 552 5842 a
593 5804 690 5868 _me
747 5773 989 5854 calicem,
1025 5781 1146 5856 sed,
1187 5792 1413 5848 calicem
1461 5793 1646 5860 istum,
1691 5789 1803 5866 hoc.

170 5877 514 5960 est’populi
551 5868 882 5949 Iudaeorum.
920 5870 1170 5939 Secunda
1219 5884 1397 5940 oratio
1435 5883 1640 5941 Christi
1674 5892 1796 5940 est:

151 5973 384 6038 J’ater'
419 5970 527 6038 mi,
573 5972 620 6026 si
653 5989 758 6027 non
784 5982 953 6044 potest
997 5974 1082 6030 hic
1127 5974 1270 6032 calix
1309 5975 1534 6034 transire
1575 5977 1681 6033 nisi
1717 5975 1809 6032 bi?

1828 4726 1880 4784 D

1905 2101 2019 2156 Hoc
2065 2119 2233 2157 unum
2274 2103 2359 2159 bis
2401 2103 2698 2176 reperitur,
2744 2094 2870 2177 quia
2913 2108 3034 2178 duae
3072 2099 3161 2165 rés
3201 2109 3503 2167 oﬁ‘eruntur

1886 2194 2041 2261 'Deo,
2070 2196 2123 2251 id
2145 2205 2246 2261 est,
2277 2187 2438 2267 panis
2467 2207 2523 2253 et
2543 2199 2760 2254 vinum.
2790 2191 2921 2267 Quae
2946 2209 3193 2272 utraeque
3222 2195 3330 2258 nun
3359 2197 3502 2258 'con-
3531 2268 3534 2272 I

1894 2284 2166 2360 'gruenter
2190 2298 2421 2359 possunt
2452 2291 2646 2360 plurali
2690 2307 2918 2347 numero
2956 2286 3235 2364 appellari.
3286 2295 3501 2351 Etenim

1906 2380 1959 2434 in
1985 2397 2127 2450 pane
2155 2389 2240 2436 est
2280 2398 2422 2452 aqua
2451 2390 2506 2436 et
2537 2383 2752 2449 farina,‘
2778 2385 2832 2439 in
2863 2386 2992 2441 vino
3032 2402 3172 2457 aqua
3209 2396 3264 2442 et
3291 2386 3498 2444 vinum.

1905 2473 2144 2544 ldipsum
2187 2475 2348 2529 tertio
2387 2476 2654 2545 repetitur
2683 2495 2696 2531 :
2725 2476 2856 2531 Ha'c
2882 2489 3067 2533 sancta
3095 2480 3372 2556 sacriﬁcia.
3395 2479 3504 2535 illi-

1909 2565 2053 2619 bata.
2085 2565 2361 2636 Singulari
2402 2559 2727 2638 repetitione
2754 2560 2872 2624 duo
2907 2571 3188 2640 superiora
3225 2571 3499 2642 recapitu-

1907 2659 2111 2727 lantur,
2139 2661 2397 2729 quoniam
2437 2661 2492 2714 in
2521 2677 2628 2716 uno
2667 2677 2898 2733 corpore
2925 2649 3130 2719 Christi
3162 2656 3278 2720 hazc
3318 2679 3502 2719 sacra-

1908 2760 2091 2806 menta
2148 2752 2520 2808 continentur.
2574 2743 3504 2827 Sed‘quoniam'potius'requirit

1907 2843 2051 2899 Deus
2079 2829 2407 2899 sacriﬁcium
2437 2831 2636 2911 cordis,
2662 2833 2827 2917 quam
2855 2849 2962 2903 hoc
2988 2835 3132 2919 quod
3160 2848 3503 2903 extrinsecus

1907 2937 2271 3002 ministratur,
2312 2937 2366 2991 in
2403 2939 2570 2993 corde
2609 2940 2926 2995 sacerdotis
2949 2932 3197 2995 volumus
3235 2933 3505 3009 interpre-

1908 3029 2012 3082 tari
2053 3029 2212 3093 dona,
2257 3037 2313 3084 et
2349 3045 2594 3096 munera,
2637 3040 2693 3086 et
2741 3032 3012 3088 sacriﬁcia
3066 3027 3314 3088 illibata.
3346 3032 3504 3090 Unde

1907 3119 2038 3175 dicit
2059 3121 2393 3192 Augustinus
2419 3122 2512 3176 lib.
2545 3138 2576 3176 x
2611 3123 2676 3177 de
2697 3123 2932 3180 Civitate
2959 3125 3224 3196 Dei,‘cap.
3257 3127 3312 3182 5.
3349 3117 3503 3182 Dona

1890 3208 2025 3278 'ejus
2065 3211 2119 3266 in
2147 3213 2324 3279 nobis,
2360 3229 2462 3270 nos
2498 3231 2715 3286 quoque
2749 3216 2908 3292 ipsos
2925 3207 3194 3273 vovemus’
3221 3213 3292 3271 et
3319 3215 3502 3272 reddi-

1909 3319 2032 3358 mus
2062 3304 2132 3358 ei.
2165 3303 2563 3360 Beneﬁciorum
2603 3305 2721 3373 ejus
2761 3307 3219 3373 solemnitatibus,
3253 3306 3408 3362 festis
3445 3315 3502 3361 et

1829 3369 1875 3432 (ἶ
1907 3393 2097 3449 diebus
2140 3395 2361 3449 statutis
2404 3390 2672 3461 dicamus,
2723 3390 3500 3467 sacratnusque'.memoriam,

1907 3501 1978 3540 ne
2024 3485 2297 3542 volumine
2345 3477 2651 3558 temporum
2701 3484 2912 3560 ingrata
2965 3484 3225 3562 Subrepat
3271 3491 3494 3557 oblivio,

1908 3579 1956 3632 ei
1990 3563 2364 3634 sacriﬁcamus
2396 3579 2634 3634 hostiam
2661 3580 2986 3637 humilitatis
3016 3592 3070 3638 et
3098 3581 3273 3637 laudis
3316 3583 3369 3636 in
3401 3596 3500 3636 ara

1903 3669 2089 3726 cordis
2122 3671 2245 3741 igne
2275 3671 2539 3726 fervidam
2569 3673 2875 3728 charitatis.
2913 3672 3076 3729 Juxta
3114 3673 3367 3729 eumdem
3390 3674 3500 3729 Au-

1907 3764 2203 3835 gustinum,
2256 3766 2301 3820 si
2344 3767 2466 3837 quis
2488 3767 2604 3822 vult
2640 3768 2779 3822 dona
2821 3759 3024 3824 oﬁ'erre
3048 3768 3182 3835 Deo,
3229 3764 3497 3840 'seipsum,

1907 3855 2131 3921 offerat;
2171 3857 2219 3911 si
2257 3857 2380 3927 quis
2411 3862 2658 3924 munera,
2694 3848 2893 3929 szepius
2931 3856 3267 3915 memeretur
3297 3859 3503 3916 beneﬁ-

1907 3948 2114 4004 ciorum
2145 3950 2295 4020 ejus;
2327 3951 2373 4005 si
2401 3951 2525 4020 quis
2553 3952 2822 4007 sacriﬁcia
2851 3953 3076 4018 illibata,
3111 3952 3501 4008 humilitatem-

1897 4052 2034 4112 ‘que,
2073 4043 2288 4099 laudem
2332 4056 2388 4098 et
2434 4033 2759 4101 charitatem
2805 4045 3020 4102 offerat.
3068 4045 3213 4102 Dicit
3259 4046 3405 4102 idem
3443 4046 3500 4100 in

1908 4131 2047 4186 libro
2099 4143 2418 4196 memorato.
2457 4136 2634 4206 capite
2682 4137 2872 4204 quinto
2917 4151 2931 4189 :
2977 4136 3322 4190 Sacriﬁcium
3369 4150 3501 4207 ergo

1906 4222 2139 4284 visibile,
2189 4223 2474 4277 invisibilis
2519 4223 2774 4278 sacriﬁcii
2826 4231 3255 4288 sacramentum,
3296 4223 3500 4288 idest,

1907 4314 2384 4384 sacrum‘signum
2430 4324 2536 4368 est.
2590 4315 2658 4368 Et
2705 4315 2759 4368 in
2808 4314 3164 4384 sequentibus
3198 4315 3251 4368 in
3282 4314 3497 4378 eodem,

1909 4403 2088 4472 capite
2114 4403 2326 4458 decimo
2356 4420 2498 4459 nono
2525 4424 2537 4460 :
2565 4405 2854 4472 Quocirca,
2889 4407 3031 4461 sicut
3063 4415 3288 4461 orantes
3335 4414 3500 4476 atque

1907 4493 2191 4550 laudantes
2240 4496 2310 4549 ad
2357 4510 2480 4550 eum
2512 4497 3284 4568 *dirigimus‘sacriﬁcantes,
3316 4512 3500 4564 voces,

1905 4587 2060 4656 cujus
2101 4603 2188 4642 res
2231 4577 2382 4658 ipsas
2415 4590 2467 4643 in
2501 4592 2666 4647 corde
2691 4581 2832 4663 quas
2875 4593 3269 4663 signiﬁcamus,
3310 4592 3497 4648 oﬁ'eri-

1909 4697 2049 4745 mus,
2084 4681 2158 4734 ita
2186 4682 2576 4746 sacriﬁcantes,
2610 4673 2716 4738 non
2750 4685 2901 4739 alteri
2932 4684 3502 4741 visibile‘sacriﬁcium

1909 4773 2244 4828 offerendum
2271 4789 2392 4828 esse
2417 4762 2750 4840 noverimus,
2783 4791 2944 4845 quam
2984 4771 3333 4843 illi'Cirjus'in
3367 4789 3495 4828 cor-

1910 4865 2066 4918 dibus
2098 4865 2300 4919 nostris
2341 4866 2612 4919 invisibile
2653 4864 2980 4918 sacriﬁcium
3004 4855 3221 4933 'nosipsi
3255 4878 3376 4919 esse
3407 4865 3501 4918 de-

1907 4956 2120 5009 bemus.
2156 4956 2313 5022 Quia,
2346 4944 2575 5008 Domin'o
2607 4945 2921 5018 miserante,
2954 4951 3501 5027 sacriﬁcium‘verum

1909 5046 2245 5110 invenimus,
2292 5046 2574 5114 sequentia
2603 5044 2674 5099 Te
2710 5046 2906 5116 igitur,
2941 5038 3370 5114 prosequamur.
3404 5043 3500 5100 Se-

1907 5141 2094 5209 quitur
2119 5158 2130 5192 :
2159 5138 2224 5191 In
2248 5139 2433 5208 primis
2463 5133 2578 5211 qua?
2602 5138 2696 5192 tibi
2727 5127 3000 5210 o/fe’rin'tus
3024 5155 3118 5208 pro
3145 5137 3382 5191 Ecclesia
3407 5147 3500 5192 tua

1907 5240 2090 5283 sancta
2121 5229 2402 5292 catholica,
2427 5228 2747 5299 ‘et‘reliqua.
2783 5229 3140 5292 Memoratum
3170 5221 3500 5282 sacriﬁcium

1910 5337 2007 5392 pro
2037 5321 2208 5376 tribus
2239 5304 2486 5387 offertur,
2518 5321 2570 5376 id
2608 5324 2841 5391 est,’pro
2865 5320 3110 5375 Ecclesia
3143 5328 3330 5375 sancta
3351 5313 3495 5394 iuni-

1907 5415 2130 5481 versali,
2166 5432 2266 5486 pro
2295 5415 2619 5487 specialibus
2642 5399 2939 5479 -fratribus,
2967 5401 3217 5485 quarum
3261 5415 3498 5470 eleemo—

1907 5525 2073 5582 synas
2097 5510 2440 5581 suscepimus
2464 5516 2557 5563 aut
2573 5512 2803 5573 ‘munus,
2821 5515 2932 5562 ‘aut
2957 5522 3183 5577 quorum
3209 5522 3497 5577 sponsores

1906 5620 2109 5672 sumus.
2136 5604 2301 5670 facti,
2342 5603 2428 5656 vel
2466 5617 2696 5672 quorum
2734 5602 3104 5671 praesentiam
3128 5601 3494 5662 intuemurin

1901 5697 2077 5753 ollicio
2133 5698 2312 5752 missae
2365 5697 2590 5772 nostrze,
2645 5679 2874 5766 quorum
2933 5703 3111 5749 tamen
3165 5694 3495 5750 sacriﬁcium

1901 5800 1985 5848 est
2023 5783 2184 5856 laus;
2207 5804 2307 5861 pro
2336 5771 2503 5844 nobis
2529 5789 2662 5867 ipsis
2684 5771 3076 5853 Sacerdotibus,
3105 5786 3198 5858 qui
3237 5777 3496 5841 commas

1900 5884 2147 5940 nicamus
2176 5889 2377 5937 sancta:
2406 5879 2588 5937 Mariae
2625 5889 2679 5936 et
2711 5879 2968 5952 apostolis
3003 5879 3060 5934 in
3089 5892 3199 5934 uno
3221 5869 3488 5933 Domino.

1902 5984 1962 6033 ut
2006 5976 2059 6032 in
2107 5974 2358 6034 omnibus
2392 5960 2754 6047 pro'tectione‘
2778 5972 2992 6031 Domini
3035 5967 3368 6029 'muniamur.
3421 5967 3493 6026 Et
