3978 6520
231 403 403 509 am
1035 451 1124 511 DE
1162 451 1714 511 ECCLESIASTICIS
1752 450 2044 509 oramus
2082 453 2262 510 unm
2297 453 2386 510 1v.
2425 485 2496 502 -
2533 453 2662 512 LIB.
2704 453 2790 512 111.
3410 457 3548 520 1142

241 565 414 622 ﬁxus
441 576 554 624 est.
587 566 706 625 Non
739 569 808 624 ab
833 583 894 624 re
928 578 1013 625 est
1038 570 1084 625 si
1103 571 1188 626 bis
1207 571 1430 642 ﬁgatur,
1453 569 1580 640 quia
1607 584 1706 639 pro
1732 569 1863 623 duo-
1889 571 1943 635 Α
1966 567 2130 631 dona,
2162 567 2358 622 obnixe
2396 570 2728 639 precandum
2774 578 2856 626 est
2891 578 2953 624 ut
2980 569 3231 643 dignetur
3277 587 3438 644 super
3480 590 3548 634 ea

239 655 366 712 bus
397 658 624 728 populis
651 659 792 714 fixus
816 667 900 716 est
926 659 1190 716 Christus.
1227 660 1300 716 At
1335 662 1381 716 si
1412 659 1502 728 ﬁgi
1538 672 1760 716 necesse
1783 664 1866 713 est
1967 657 2256 728 respicere.
2289 656 2441 712 Unde
2466 661 2712 715 subditur
2738 679 2750 714 :
2785 659 2957 731 Supra
2979 678 3096 732 qua:
3115 663 3341 733 propitio
3374 683 3436 719 ac
3466 683 3550 722 se-
3625 725 3628 730 ,

241 749 311 804 iu
355 749 497 807 loco
527 751 617 806 ubi
667 750 865 806 dicitur
907 771 919 806 :
954 753 1224 825 Accipiens
1255 771 1464 825 panem,
1497 768 1740 810 seorsum
1771 765 1863 805 ne-
1966 765 2090 804 reno
2120 749 2262 804 vultu
2294 752 2542 822 respicere
2563 752 2809 823 digneris,
2843 762 2890 808 et
2916 763 3128 825 accepta
3156 755 3368 824 habere,
3393 760 3549 815 sicuti

241 858 427 899 cesso
464 849 551 900 est
589 844 850 914 ﬁguretur
876 860 1041 916 super
1064 861 1287 916 panem,
1333 855 1389 902 et
1413 860 1658 901 seorsum
1702 858 1865 916 super
1966 851 2178 913 accepta
2216 843 2407 898 habere
2467 844 2712 918 dignatus
2754 862 2807 899 es
2857 853 3075 902 munera
3107 851 3261 920 pueri
3297 851 3375 906 tui
3409 852 3548 922 justi

239 933 492 1000 vinum,
515 937 811 994 secundum
840 938 1063 994 modum
1094 956 1202 1009 quo
1238 939 1488 996 Christus
1533 956 1663 996 usus
1689 946 1773 994 est
1808 940 1845 995 i1

1965 933 2114 1001 Abel,
2146 943 2195 989 et
2227 937 2550 1007 sacriﬁcium
2597 938 2914 1010 patriarcha:
2971 945 3135 998 nostri
3186 944 3448 1011 Abrahw,
3499 957 3551 1004 et

237 1029 600 1096 acceptione
621 1030 778 1099 panis
798 1037 856 1085 ει
879 1030 1085 1087 calicis.
1113 1031 1172 1086 lu
1201 1047 1266 1088 eo
1291 1047 1432 1102 pane
1463 1031 1866 1088 commendavit
1963 1029 2102 1097 quod
2125 1029 2218 1083 tibi
2240 1029 2423 1085 obtulit
2452 1049 2686 1088 summus
2710 1035 2955 1090 sacerdos
2993 1045 3114 1092 tuus
3143 1037 3546 1110 Melchisedech,

241 1116 532 1176 Christus
555 1135 751 1194 corpus
775 1136 954 1188 suum,
981 1130 1036 1176 et
1061 1122 1118 1177 in
1150 1123 1317 1178 calice
1343 1125 1659 1195 sanguinem
1685 1140 1859 1189 suum,
1965 1132 2203 1178 sanctum
2235 1125 2557 1195 sacriﬁcium
2592 1135 2641 1180 et
2666 1127 3063 1183 immaculatum
3087 1131 3330 1187 hostiam.
3371 1134 3550 1208 Rogat

243 1215 442 1278 atque
501 1210 778 1280 subiunxit
831 1231 843 1268 :
885 1212 1008 1270 Haec
1037 1215 1467 1289 quotiescunque
1516 1215 1778 1285 feceritis,
1810 1218 1866 1274 in
1964 1213 2220 1268 sacerdos
2246 1213 2415 1268 Deum
2443 1214 2661 1270 Patrem
2690 1225 2750 1272 ut
2786 1218 2928 1273 sicut
2970 1219 3062 1275 illo
3104 1228 3344 1294 tempore
3373 1228 3551 1299 respi-

242 1299 373 1354 mei
409 1304 737 1364 memoriam
775 1303 1006 1361 facietis.
1047 1306 1147 1362 llic
1185 1318 1520 1380 concrepant
1560 1310 1725 1384 verba
1753 1311 1864 1366 Do-
1966 1321 2090 1362 cere
2118 1304 2370 1377 dignatus
2399 1315 2483 1363 est
2518 1324 2682 1380 super
2707 1326 2931 1366 munera
2959 1311 3094 1366 Abel
3121 1321 3178 1369 et
3219 1317 3547 1375 sacrificium

242 1391 497 1450 minime
529 1410 732 1452 mensa:
760 1411 885 1452 cum
923 1404 1036 1452 toto
1061 1396 1238 1454 cilicio
1265 1400 1465 1454 missae.
1499 1399 1726 1456 Canitur
1751 1401 1860 1468 hic,
1964 1397 2310 1466 patriarchae,
2343 1414 2554 1455 necnon
2579 1409 2634 1456 et
2665 1401 3090 1470 Melchisedech,
3123 1406 3199 1460 ita
3230 1423 3391 1478 super
3416 1427 3552 1481 pne-

174 1477 179 1484 ’
239 1485 554 1556 Accipiens
598 1506 808 1559 panem,
841 1499 896 1546 ei,
950 1491 1192 1562 reliqua,
1223 1493 1367 1564 quod
1407 1493 1665 1549 actitauit
1699 1510 1729 1549 ει
1779 1510 1864 1550 sa-
1965 1487 2138 1541 sentia
2173 1498 2318 1555 vota,
2350 1507 2468 1562 qum
2499 1491 2710 1546 initium
2736 1505 3064 1566 acceperunt
3091 1498 3160 1554 ab
3180 1477 3550 1558 immolatione

241 1577 523 1644 cei-dote,
555 1581 772 1649 quando
811 1581 1044 1652 suscipit
1068 1582 1304 1638 oblatam
1341 1599 1397 1638 ιιι
1429 1594 1635 1640 secreta
1686 1587 1866 1642 missa
1965 1575 2184 1633 Christi.
2225 1581 2359 1634 Dein
2418 1583 2676 1651 precatur
2723 1592 2782 1638 ut
2826 1587 3213 1657 suscipiantur,
3273 1590 3500 1648 dicendo
3535 1613 3548 1649 :

239 1673 354 1720 aut
397 1669 626 1738 quando
649 1670 742 1726 hic
780 1686 902 1727 eam
932 1672 1131 1727 elevat.
1161 1672 1377 1729 Gratias
1405 1674 1517 1746 agit
1538 1675 1593 1729 iu
1628 1675 1861 1746 Hymno,
1967 1671 2240 1742 Supplices
2271 1682 2319 1728 te
2361 1692 2629 1746 rogamus,
2679 1681 3004 1748 omnipotens
3055 1681 3217 1746 Deus,
3255 1683 3388 1753 jube
3435 1686 3547 1741 lucc

255 1757 411 1814 Vere
453 1762 670 1833 dignam
715 1774 764 1820 at
794 1764 1005 1834 justum
1032 1775 1108 1822 est
1135 1783 1155 1820 :
1185 1766 1460 1822 benedicit
1508 1766 1564 1822 in
1608 1771 1864 1837 praesenti
1963 1765 2204 1835 prteferri
2227 1783 2318 1836 per
2338 1783 2524 1821 manus
2547 1772 2718 1824 sancti
2745 1770 2915 1841 angeli
2943 1773 3021 1827 tui
3057 1773 3113 1827 in
3135 1773 3356 1829 sublime
3381 1776 3552 1834 altare

239 1849 412 1919 ιοοο,
443 1854 645 1929 frangi;
665 1858 815 1914 circa
837 1861 1294 1917 communionem,
1339 1861 1442 1916 Hic
1467 1862 1738 1918 credimus
1761 1878 1861 1917 na-
1965 1867 2135 1922 tuum,
2163 1858 2217 1912 in
2253 1868 2583 1929 conspectum
2612 1861 2804 1916 divinae
2835 1864 3128 1934 majestatis
3151 1874 3275 1930 tute,
3303 1875 3359 1921 ut
3397 1878 3550 1939 quot-

239 1953 460 2005 turam
487 1949 788 2018 simplicem
813 1952 974 2021 panis
1021 1961 1077 2008 ει
1105 1953 1215 2010 vini
1251 1946 1409 2008 mixti
1444 1953 1581 2008 vei-ti
1628 1953 1684 2007 in
1714 1963 1863 2009 natu.
1889 1956 1938 2015 B
1966 1957 2088 2020 quot
2129 1964 2194 2002 ea:
2225 1950 2323 2003 hac
2352 1950 2537 2005 altaris
2557 1953 2958 2024 participatione
2986 1967 3379 2014 sacrosanctum
3421 1958 3554 2015 Filii

243 2053 386 2096 ram
438 2041 862 2109 rationabilem,
931 2042 1140 2100 scilicet
1183 2043 1426 2114 corporis
1479 2051 1534 2100 et
1584 2044 1862 2115 sanguinis
1965 2039 2044 2093 tui
2087 2057 2273 2110 corpus
2303 2050 2351 2094 et
2390 2043 2696 2113 sanguinem
2747 2048 3147 2116 sumpserimus,
3175 2051 3317 2104 omni
3348 2051 3553 2107 benedi-

241 2128 502 2188 Christi.
535 2130 742 2188 Sindon
771 2131 965 2202 jacens
992 2135 1049 2189 in
1089 2134 1249 2190 altari
1286 2144 1464 2205 Slgnat
1502 2134 1726 2191 linteum
1755 2152 1862 2208 quo
1964 2131 2134 2185 ctione
2159 2130 2349 2186 caelesti
2375 2142 2422 2188 et
2449 2136 2620 2205 gratia
2644 2135 2941 2208 repleamur
2954 2157 3048 2210 per
3075 2138 3341 2196 Christum
3368 2142 3553 2198 Domi-

239 2231 382 2278 erat
426 2223 688 2280 Dominus
738 2227 1100 2295 praecinctus,
1151 2235 1205 2282 et
1255 2227 1570 2294 sudarium,
1620 2227 1845 2284 laboren

1964 2237 2090 2275 num
2119 2231 2371 2277 nostrum.
2400 2222 2663 2281 Precatur
2708 2229 2963 2285 sacerdos
2987 2237 3048 2286 ut
3082 2247 3323 2302 praesens
3343 2234 3548 2291 oblatio

241 2327 434 2381 quem
467 2316 762 2386 assumpsit
790 2317 849 2374 in
893 2317 1166 2373 lavatione
1214 2319 1413 2390 pedum
1465 2317 1662 2392 (Joan.
1695 2319 1857 2392 xm),
1964 2309 2040 2366 ita
2069 2311 2139 2366 sit
2163 2322 2382 2384 accepta
2412 2315 2465 2369 in
2491 2325 2785 2387 conspectu
2827 2318 3023 2375 divinae
3050 2319 3371 2390 majestatis,
3412 2341 3548 2395 qua-

241 2405 376 2462 sive
409 2421 578 2476 quam
629 2408 890 2468 sustinui,
926 2425 1027 2482 pro
1057 2408 1242 2466 labore
1271 2409 1455 2479 “dae;
1485 2411 1676 2480 auare,
1709 2427 1861 2468 men.
1964 2410 2123 2458 tenus
2151 2406 2416 2476 sumpturi
2465 2422 2609 2474 eam,
2640 2410 2799 2465 simul
2846 2411 2980 2468 fiant
3004 2415 3254 2471 ctelestes
3281 2425 3337 2471 et
3374 2419 3550 2489 gratia

245 2509 389 2556 sam
419 2495 662 2558 Domini.

841 2592 1070 2651 CAPUT
1125 2594 1298 2652 XXV.

593 2687 672 2746 De
700 2689 1001 2744 ascensione
1035 2686 1231 2744 Christi
1261 2690 1316 2744 in
1348 2707 1572 2746 crucent.

330 2780 399 2834 In
425 2791 776 2838 sacramento
795 2782 951 2852 panis
979 2791 1037 2837 et
1063 2781 1194 2847 vini,
1218 2796 1431 2837 necnon
1457 2783 1622 2837 etiam
1652 2781 1709 2836 in
1749 2796 1861 2837 me-

249 2872 449 2928 moris
509 2887 653 2939 mea,
687 2875 872 2945 passio
912 2873 1113 2930 Christi
1158 2874 1213 2929 in
1266 2883 1520 2944 promptu
1562 2885 1665 2931 est.
1715 2875 1862 2930 Dixit

246 2969 384 3041 ipse
423 2987 443 3024 ε
474 2968 605 3027 Haec
633 2971 1062 3044 quotiescunque
1091 2971 1355 3040 feceritis,
1406 2971 1463 3026 in
1504 2973 1610 3028 mei
1658 2986 1858 3028 memo—

249 3061 410 3116 riam
461 3061 675 3118 facietis
709 3062 780 3136 (Ι
824 3062 947 3119 Cor.
989 3063 1104 3134 ιι),
1153 3061 1208 3118 id
1251 3071 1365 3128 est,
1425 3064 1858 3134 quotiescunque

245 3155 413 3210 hunc
448 3169 646 3225 panem
675 3161 731 3210 et
773 3154 1000 3210 calicem
1048 3154 1462 3234 benedixeritis,
1493 3155 1856 3211 recordamini

249 3263 402 3304 mea
437 3246 742 3302 nativitatis
793 3246 1093 3302 secundum
1145 3246 1537 3302 humanitatem
1585 3247 1855 3317 passionis

250 3347 313 3394 es
359 3339 807 3396 resurrectionis.
863 3339 1042 3407 Quare
1078 3339 1260 3394 subdit
1317 3341 1573 3396 sacerdos
1625 3357 1691 3396 ex
1721 3357 1854 3397 voce

250 3444 362 3484 sua
419 3436 477 3484 et
506 3428 685 3498 plebis
721 3446 734 3482 :
765 3425 915 3482 Unde
957 3437 1006 3481 et
1055 3443 1340 3490 memores,
1371 3427 1591 3481 Domine
1615 3470 1628 3495 ,
1655 3446 1746 3483 nos
1778 3431 1854 3483 tui

251 3522 437 3585 servi;
478 3521 568 3575 sed
593 3531 641 3575 et
672 3519 814 3590 plebs
845 3529 936 3574 tua
967 3517 1201 3588 ejusdem
1237 3516 1435 3572 Christi
1463 3517 1592 3571 Filii
1623 3521 1701 3573 tui
1743 3519 1853 3575 Do-

256 3612 401 3666 mini
431 3612 596 3666 nostri
623 3621 728 3666 tam
758 3610 921 3666 beata:
949 3608 1230 3680 passionis,
1263 3624 1461 3664 necnon
1490 3617 1538 3664 et
1576 3609 1638 3663 ab
1669 3609 1854 3680 inferis

257 3707 688 3772 resurrectionis,
733 3706 823 3761 sed
861 3714 909 3760 et
940 3705 997 3760 in
1025 3703 1178 3760 cmlos
1215 3704 1460 3776 gloriosae
1509 3709 1851 3775 ascensionis,

255 3795 540 3864 oﬂ‘erimus
586 3797 856 3868 prteclarte
901 3796 1169 3867 majestati
1215 3804 1322 3852 tute
1366 3798 1429 3853 de
1457 3798 1562 3853 tuis
1609 3799 1760 3854 donis
1790 3817 1853 3854 ac

255 3885 407 3940 datis
459 3887 685 3942 hostiam
739 3904 928 3958 puram
957 3927 972 3954 ,
1018 3886 1243 3940 hostiam
1297 3896 1561 3954 sanctam,
1626 3888 1851 3943 hostiam

255 3975 686 4035 immaculatum.
738 3975 891 4034 Sicut
937 3977 993 4032 in
1045 3975 1416 4046 superioribus
1474 3976 1675 4032 Christi
1732 3996 1853 4034 cor-

255 4084 366 4140 pus
415 4078 501 4125 est
539 4071 725 4128 vinum
758 4070 815 4126 in
835 4076 1181 4126 sacramento
1228 4069 1385 4140 panis
1425 4078 1480 4124 et
1516 4070 1652 4136 vini,
1688 4078 1851 4141 atque

253 4161 314 4220 in
357 4165 627 4218 memoria
661 4177 814 4225 mea,
861 4162 938 4217 ita
977 4162 1032 4217 in
1076 4161 1329 4233 praesenti
1360 4161 1607 4218 ascendit
1642 4161 1697 4215 in
1723 4177 1851 4216 cru-

253 4269 407 4311 cem.
459 4253 653 4312 Cordis
703 4255 971 4311 sacrificio
1031 4253 1265 4310 intendit
1328 4255 1492 4310 Deus.
1541 4254 1695 4311 Unde
1748 4253 1850 4326 Cy-

253 4345 488 4413 pria-us
537 4345 594 4402 in
633 4360 887 4404 sermone
933 4344 1003 4401 de
1034 4344 1281 4401 oratione
1331 4344 1617 4402 Dominica
1649 4345 1845 4417 (Serm.

251 4435 357 4506 6):
392 4435 580 4507 Neque
629 4437 774 4494 enim
809 4437 866 4492 in
917 4436 1221 4502 sacriﬁciis,
1271 4453 1390 4508 quae
1439 4437 1573 4494 Abel
1616 4445 1670 4494 et
1715 4437 1848 4494 Cain

251 4525 420 4594 primi
442 4526 758 4585 obtulerunt
802 4525 956 4598 (Gen.
983 4525 1092 4599 1v),
1127 4543 1353 4584 munera
1377 4544 1565 4584 eorum
1593 4525 1736 4585 Deus
1760 4545 1848 4584 re-

253 4618 454 4686 spexit,
479 4619 575 4676 sed
599 4621 767 4678 corda
799 4621 1128 4686 intuebatur,
1158 4628 1217 4675 ut
1245 4621 1334 4677 ille
1357 4622 1598 4694 placeret
1643 4623 1698 4678 in
1727 4639 1846 4678 mu-

1960 2494 2060 2551 Dci
2101 2496 2310 2566 repleti.
2350 2498 2484 2554 Mira
2530 2508 2587 2555 et
2617 2517 2811 2575 magna
2857 2502 2990 2560 ﬁdes
3035 2515 3236 2561 sanctae
3265 2507 3546 2574 Ecclesiae,

1962 2602 2084 2658 quae
2129 2589 2241 2645 suis
2267 2591 2440 2646 oculis
2469 2591 2614 2648 videt
2641 2595 2786 2664 quod
2815 2596 3136 2652 mortalibus
3171 2600 3322 2653 deest
3351 2613 3366 2652 :
3404 2598 3552 2654 videt

1962 2681 2092 2752 quid
2115 2682 2336 2738 credere
2380 2683 2593 2752 debeat,
2622 2687 2870 2758 quamvis
2908 2689 3146 2744 nondum
3178 2690 3358 2746 videat
3403 2691 3548 2760 quod

1963 2777 2018 2834 in
2048 2780 2227 2849 specie
2273 2788 2374 2836 est.
2425 2780 2612 2837 Credit
2659 2784 2989 2842 sacrificium
3038 2801 3278 2858 praesens
3320 2801 3417 2858 per
3449 2803 3550 2842 an-

1964 2869 2206 2940 gelorum
2234 2886 2425 2927 manus
2453 2871 2654 2929 deferri
2683 2883 2809 2930 ante
2835 2884 3188 2946 conspectum
3221 2874 3458 2942 Domini,
3490 2883 3547 2930 et

1961 2963 2127 3017 sentit
2170 2965 2533 3020 mandendum
2592 2982 2714 3022 esse
2763 2969 2830 3024 ab
2888 2969 3125 3025 humano
3183 2985 3296 3026 ore.
3359 2967 3549 3026 Credit

1959 3068 2194 3125 namque
2235 3070 2431 3126 corpus
2475 3065 2529 3112 et
2571 3059 2889 3130 sanguinem
2916 3060 3130 3116 Domini
3177 3077 3318 3128 esse,
3349 3077 3416 3117 ac
3443 3061 3551 3116 hoc

1957 3163 2144 3203 morsu
2191 3148 2400 3204 caelesti
2446 3149 2828 3208 benedictione
2853 3152 3065 3224 impleri
3091 3155 3302 3210 animas
3329 3168 3548 3211 sumen-

1959 3236 2114 3292 tium.
2148 3235 2351 3316 Nempe
2377 3237 2628 3295 Christus
2652 3241 2832 3296 oravit
2877 3242 2931 3296 in
2970 3259 3163 3311 cruce,
3217 3245 3484 3316 incipiens
3514 3260 3550 3299 a

1883 3317 1929 3382 C
1959 3329 2201 3400 psalmo,
2231 3313 2392 3396 Deus,
2436 3330 2578 3386 Deus
2634 3349 2802 3398 meus,
2855 3349 3024 3403 usque
3075 3336 3144 3390 ad
3191 3352 3438 3401 versum,
3477 3334 3550 3390 In

1961 3439 2148 3476 manus
2171 3431 2289 3475 tuas
2313 3423 2617 3477 commendo
2655 3426 2898 3494 spiritum
2944 3443 3133 3481 meum.
3164 3427 3360 3481 Postea
3398 3427 3550 3482 incli-

1959 3522 2084 3566 nato
2109 3513 2295 3582 capite,
2323 3515 2493 3568 emisit
2514 3515 2780 3583 spiritum.
2817 3514 3085 3572 Sacerdos
3116 3517 3341 3573 inclinat
3379 3535 3460 3585 se,
3487 3528 3546 3574 et

1904 3627 1914 3638 -
1959 3601 2062 3658 hoc
2101 3603 2245 3674 quod
2271 3606 2390 3659 vice
2438 3602 2639 3660 Christi
2692 3606 3025 3662 immolatum
3063 3614 3179 3673 est,
3225 3608 3344 3665 Deo
3394 3609 3549 3665 Patri

1955 3695 2320 3750 commendat.
2355 3695 2575 3751 Sancita
2625 3705 2708 3752 est
2737 3698 2918 3770 passio
2973 3698 3180 3755 Christi
3233 3716 3332 3770 pro
3385 3702 3547 3758 nobis

1956 3803 2126 3859 usque
2149 3787 2217 3842 ad
2252 3788 2414 3844 istum
2437 3788 2616 3845 locum
2662 3789 2730 3844 ab
2771 3805 2837 3845 eo
2863 3790 2985 3846 loco
3010 3792 3102 3848 ubi
3130 3792 3348 3859 dicitur,
3394 3788 3546 3848 Unde
3641 3869 3648 3874 _

1955 3891 2003 3935 et
2054 3898 2326 3937 memores.
2363 3881 2548 3938 Altare
2595 3899 2836 3955 praesens
2891 3884 3065 3940 altare
3122 3894 3205 3941 est
3246 3886 3445 3942 crucis.
3481 3885 3547 3942 lu

1955 3973 2060 4030 isto
2102 3989 2202 4029 nos
2251 3984 2589 4045 peccatores,
2630 3977 2723 4047 qui
2752 3993 2820 4032 ex
2864 3978 3115 4050 gentibus
3145 3979 3414 4046 venimus,
3455 3995 3544 4035 re—

1954 4055 2450 4122 conciliati-sumus
2481 4068 2591 4124 Deo
2614 4068 2680 4123 ad
2711 4068 2986 4126 offerenda
3026 4072 3074 4126 ei
3100 4070 3384 4127 sacrificia.
3417 4070 3543 4127 Sin-

1954 4157 2061 4213 don
2090 4159 2144 4212 in
2167 4160 2271 4216 isto
2302 4159 2666 4217 humilitatem
2697 4162 2850 4218 illam
2877 4163 3053 4233 signat
3084 4178 3196 4233 qua
3222 4162 3541 4218 humiliatus

1954 4257 2039 4304 est
2063 4249 2209 4304 Patri
2232 4267 2406 4322 usque
2427 4252 2496 4306 ad
2523 4261 2773 4309 mortem.
2805 4251 2923 4308 Non
2958 4254 3215 4308 abhorret
3243 4270 3274 4308 a
3305 4269 3455 4319 vero,
3488 4254 3537 4309 si

1953 4341 2234 4396 humilitas
2258 4343 2570 4412 designetur
2599 4359 2698 4415 per
2725 4345 3375 4415 sindonem.Augustinus
3401 4344 3541 4399 scri-

1952 4429 2034 4484 bit
2061 4432 2115 4485 in
2153 4433 2364 4503 psalmo
2399 4436 2757 4506 nonagesimo
2785 4435 3026 4491 secundo
3056 4451 3071 4488 :
3102 4434 3203 4502 Qui
3243 4434 3387 4490 enim
3436 4435 3540 4489 hu-

1952 4521 2097 4576 milis
2122 4531 2251 4578 tunc
2278 4523 2399 4590 fuit,
2425 4526 2639 4595 quando
2665 4525 2831 4582 linteo
2875 4528 3205 4598 praecinctus
3232 4535 3334 4592 est,
3368 4534 3423 4582 et
3451 4526 3537 4580 la-

1950 4617 2030 4672 vit
2067 4619 2233 4689 pedes
2280 4620 2685 4690 discipulorum.
2742 4619 3032 4678 Sudarium
3077 4635 3241 4688 vero,
3291 4619 3536 4677 laborem

253 4725 387 4766 liene
411 4712 505 4781 qui
530 4713 780 4782 placebat
805 4713 859 4767 in
885 4714 1072 4770 corde.
1103 4713 1144 4784 σχ-
1174 4714 1251 4770 De
1284 4686 1439 4770 dohis
1470 4714 1566 4770 Dei
1592 4731 1659 4770 ac
1699 4715 1841 4772 datis
1867 4686 1922 4747 Ῑ)
1947 4686 2235 4780 passionis.
2298 4686 2578 4767 Inclinatio
2638 4713 3093 4769 subdiaconorum
3144 4686 3318 4784 usque
3371 4714 3536 4767 modo

251 4802 494 4858 hostiam
531 4817 752 4872 puram,
780 4803 1016 4859 hostiam
1049 4812 1322 4870 sanctam,
1369 4805 1600 4861 hostiam
1641 4806 1836 4861 imma-

253 4891 515 4958 culatum,
553 4891 853 4958 oderimus,
899 4891 1139 4962 quando,
1182 4893 1447 4948 charitate
1479 4896 1711 4961 accensi,
1741 4895 1839 4951 ho-

253 4983 419 5040 stiam
446 4981 725 5038 oderimus
751 4984 818 5040 de
841 4984 1008 5040 corde
1029 5000 1192 5054 puro,
1223 4992 1277 5038 et
1309 4985 1642 5040 conscientia
1671 4987 1834 5055 bona,

247 5082 310 5128 et
341 5076 452 5132 ide
477 5090 586 5136 non
615 5074 738 5130 ﬁcta
771 5073 831 5146 (Ι
861 5073 996 5130 Tim.
1022 5075 1083 5148 1).
1122 5075 1199 5130 De
1227 5091 1332 5145 qua
1365 5077 1542 5131 hostia
1574 5077 1626 5132 in
1653 5095 1835 5148 prom-

256 5176 352 5235 ptu
397 5167 586 5234 dicat,
639 5167 909 5222 institutio
964 5167 1293 5224 sacramenti
1341 5168 1617 5224 subdendo
1665 5170 1838 5224 mani-

251 5257 417 5316 festat
434 5301 451 5325 ,
484 5259 686 5314 Panem
710 5269 948 5314 sanctum
976 5259 1091 5315 vitae
1119 5269 1329 5314 azterna:
1350 5302 1365 5324 ,
1404 5259 1616 5315 calicem
1648 5261 1835 5316 salutis

257 5359 536 5421 perpetua.
565 5349 726 5406 Panis
749 5351 872 5406 vitze
897 5359 1142 5416 aeternae,
1175 5359 1230 5406 et
1251 5349 1390 5406 calix
1417 5351 1606 5408 salutis
1642 5369 1834 5424 perpe-

256 5449 363 5497 tua:
388 5441 637 5498 Christus
676 5449 776 5504 est,
805 5441 910 5508 vel,
966 5442 1108 5497 sicut
1161 5443 1413 5513 superius
1462 5445 1598 5512 dixi,
1655 5447 1832 5504 hostia

257 5547 390 5602 pura
413 5541 503 5588 est
523 5532 703 5605 panis,
731 5532 913 5589 hostia
943 5543 1150 5600 sancta,
1181 5534 1320 5589 calix
1350 5535 1526 5590 hostia
1569 5535 1834 5593 immacu-

258 5624 383 5692 lata,
421 5632 716 5695 utrimque
743 5624 936 5691 simul,
976 5626 1104 5696 quia
1132 5642 1298 5680 unum
1326 5641 1520 5696 corpus
1570 5625 1829 5684 efﬁciunt.

259 5718 506 5776 Dedonis
532 5734 598 5775 ac
623 5719 761 5774 datis
789 5719 866 5773 ita
891 5734 1180 5789 possumus
1204 5718 1422 5774 dicere:
1451 5719 1599 5775 Dona
1625 5731 1751 5776 sunt
1775 5723 1831 5778 in

261 5822 318 5861 re
349 5819 582 5875 interna,
631 5811 759 5866 data
803 5809 863 5866 in
899 5824 1063 5882 opere
1112 5810 1416 5881 temporali.
1471 5812 1540 5866 Et
1571 5813 1827 5882 quoniam

259 5908 293 5948 ε
321 5898 471 5957 mltis
497 5899 873 5970 peccatoribus
893 5898 1009 5956 vult
1028 5899 1382 5973 Deusotferri
1412 5901 1517 5960 sibi
1563 5919 1660 5960 sua
1708 5904 1824 5975 ipsa

1947 4802 2266 4858 maestitiam
2322 4803 2658 4860 demonstrat
2704 4820 2893 4861 eorum
2943 4806 3353 4874 discipulorum,
3413 4806 3535 4875 qui-

1945 4891 2048 4948 bus
2075 4894 2284 4948 licitum
2333 4903 2449 4950 erat
2486 4909 2836 4965 perseverare
2861 4894 2917 4947 in
2960 4895 3253 4962 praesentia
3284 4894 3527 4962 Christi;

1947 4986 2165 5054 quando
2189 4983 2583 5055 flagellabatur,
2627 4984 2808 5039 omnia
2837 4983 2926 5037 illa
2971 4983 3271 5053 agebantur
3315 4999 3434 5053 quae
3461 4987 3531 5040 de

1946 5077 2062 5146 ejus
2106 5077 2359 5147 passione
2402 5075 2674 5146 leguntur,
2706 5083 2834 5131 tunc
2879 5074 3225 5149 pqtissimum
3274 5073 3530 5130 dolebant;

1945 5169 2038 5238 qui
2062 5167 2180 5235 ejus
2209 5175 2364 5222 erant
2391 5177 2716 5234 sectatores;
2750 5176 2805 5223 at
2841 5175 3131 5238 postquam
3155 5165 3338 5221 emisit
3367 5167 3525 5234 spiri-

1946 5267 2077 5324 tum,
2109 5259 2341 5315 scientes
2385 5276 2494 5316 non
2533 5260 2648 5330 jam
2703 5261 2903 5315 habere
2947 5264 3349 5328 persecutores,
3378 5269 3523 5313 unde

1943 5354 2146 5410 rabiem
2169 5371 2319 5410 suam
2346 5355 2573 5426 amplius
2605 5355 2660 5409 in
2689 5353 2886 5408 Christi
2925 5367 3121 5422 corpus
3144 5351 3417 5420 expleant,
3463 5360 3522 5406 ut

1943 5446 2059 5518 ipse
2087 5448 2216 5504 dicit
2242 5449 2295 5502 in
2321 5446 2616 5518 Evangelio
2641 5447 2831 5512 Luem,
2873 5444 2956 5498 Ne
2995 5445 3298 5499 terreamini
3333 5444 3395 5498 ab
3436 5444 3518 5499 his

1939 5540 2028 5611 qui
2052 5541 2292 5594 occidunt
2316 5556 2526 5610 corpus,
2555 5548 2602 5593 et
2624 5550 2736 5610 post
2765 5539 2876 5592 lucc
2919 5552 3023 5590 non
3059 5535 3247 5591 habent
3290 5535 3518 5607 amplius

1936 5633 2062 5705 quid
2105 5633 2493 5707 faciant‘(Luc.
2540 5632 2670 5706 ιιι),
2727 5631 3073 5688 consolantur
3103 5630 3281 5701 aliquo
3329 5630 3512 5696 modo,

1936 5734 1991 5780 et
2041 5725 2254 5794 erigunt
2295 5739 2373 5792 se,
2420 5726 2745 5796 aSpicientes
2796 5725 2852 5779 in
2883 5723 3138 5780 dilectum
3173 5723 3274 5780 sibi
3311 5736 3511 5792 corpus

1935 5829 2213 5886 quousque
2257 5816 2457 5886 pendet
2510 5817 2566 5870 in
2611 5831 2808 5883 cruce,
2873 5815 3106 5870 maxime
3144 5827 3271 5869 cum
3322 5811 3512 5868 vident

1934 5907 2101 5963 multa
2141 5907 2404 5964 miracula
2433 5906 2551 5965 fieri
2579 5906 2720 5964 unde
2748 5904 3060 5964 conturbari
3087 5912 3341 5976 poterant
3377 5918 3507 5976 per-
