3978 6522
200 501 351 564 “45‘?-

198 620 390 678 sentant
413 611 758 679 subdiaconi,
785 610 931 668 Beda
957 613 1012 668 in
1035 613 1343 669 memorato
1365 613 1506 668 libro
1524 610 1715 667 narrat
1736 605 1836 676 :‘A'

200 711 357 782 Supra
395 708 648 778 legimus,
685 705 960 778 inquiens,
991 706 1119 777 quia
1146 709 1366 764 stabant.
1413 721 1602 764 omnes
1648 708 1766 762 noti
1805 753 1810 764 ,.

195 806 298 877 ejus
321 803 546 874 alonge,
587 810 644 857 et
666 800 931 858 mulieres
957 817 963 820 ‘
989 817 1110 872 qua:
1146 810 1346 858 secuta:
1393 809 1551 856 erant
1593 815 1718 856 eum
1749 817 1763 854 :

192 899 268 956 his
293 895 410 966 ergo
439 894 582 950 notis
607 891 734 950 Jesu
763 902 886 964 post
915 893 1220 963 depositum
1265 893 1382 964 ejus
1428 892 1663 948 cadaver
1701 891 1771 946 ad

190 1005 278 1045 sua
299 986 679 1050 remeantibus,
725 985 854 1041 solae
899 986 1172 1050 mulieres,
1225 1001 1345 1056 qua:
1373 986 1576 1041 arctius
1623 1000 1771 1040 ama-

186 1081 324 1145 bant,
350 1072 840 1134 funus'suhsecutae
870 1074 1141 1148 quomodo
1179 1073 1474 1146 poneretur
1500 1077 1771 1147 inspicere

186 1167 475 1241 cupiebant.
507 1169 700 1240 f'Hmc
726 1165 922 1234 oratio,
953 1167 1120 1223 Nobis
1143 1185 1347 1240 quoque
1388 1167 1767 1238 peccatoribus,

187 1263 343 1319 tendit
362 1254 572 1331 usque,
587 1257 692 1314 Per
713 1263 888 1315 omnia
909 1259 1106 1314 stecula
1128 1259 1463 1314 saeculorum.
1501 1258 1682 1328 Usque
1704 1259 1772 1314 ad

183 1362 334 1428 istum
359 1355 558 1418 locum,
584 1363 846 1424 quantum
889 1354 1128 1425 pertinet
1159 1352 1544 1423 ad‘exseq‘uias
1594 1352 1772 1423 sepul-

186 1459 306 1506 turaa
333 1450 554 1506 Christi.
596 1449 784 1504 Altare
812 1442 1028 1505 crucem
1073 1441 1370 1518 praesentat
1394 1456 1656 1518 quantum
1703 1446 1772 1501 ad

180 1551 407 1600 nostram
437 1529 937 1606 mortiﬁcationem,
976 1542 1148 1596 altare
1190 1540 1512 1595 holocausti.
1568 1536 1770 1594 Sindon

181 1627 233 1691 et
265 1626 537 1690 sudarium
586 1642 714 1688 sunt
742 1627 862 1702 quae
915 1625 1403 1702 supramemoravi.’
1448 1632 1766 1688 Moraliter:

177 1740 302 1782 voce
329 1718 710 1796 pmnitentium
739 1724 831 1794 qui
857 1723 1185 1778 confitentur
1201 1733 1423 1794 peccata
1451 1740 1571 1787 sua,
1597 1723 1774 1779 elevat

180 1810 426 1875 sacerdos
455 1831 667 1881 vocem,
691 1817 845 1886 quasi
874 1815 1109 1886 quodam
1148 1815 1370 1871 stimulo
1417 1822 1651 1887 punct'us
1691 1817 1774 1871 ni-

133 1963 138 1968 η
175 1914 265 1970 mii
297 1913 528 1968 timoris.
561 1911 708 1966 Talis
739 1905 1087 1980 Compunctio
1113 1904 1340 1965 vocatur
1365 1918 1420 1964 et
1463 1910 1774 1965 veredici-

173 1998 610 2062 tur'sacriiicium
643 2004 865 2074 spiritus
883 2002 1408 2057 'contribulati.’-Vox
1436 2007 1641 2056 elevata
1681 2017 1769 2055 sa-
1796 1985 1845 2045 Β

176 2097 408 2154 terdolis
436 2090 496 2150 in
521 2086 790 2150 sacriﬁcio
817 2085 1214 2163 ptenitentium‘
1243 2092 1421 2162 signat
1475 2093 1767 2147 clamorem

169 2190 367 2244 debere
395 2204 648 2259 magnum
667 2203 787 2242 esse
814 2188 866 2241 in
894 2187 1057 2242 corde
1083 2185 1414 2254 paenitentis.
1470 2185 1618 2240 Unde
1661 2184 1770 2238 Au-

167 2280 448 2353 gustinus‘
474 2281 526 2333 in
561 2288 792 2333 tractatu
810 2273 1314 2348 ‘super'Joannem,’
1355 2272 1609 2332 sermone
1632 2291 1641 2306 -’
1658 2276 1727 2331 66
1753 2295 1765 2330 :

171 2364 351 2440 Quare
367 2370 603 2438 fremuit,
619 2371 814 2439 inquit,
831 2367 1011 2431 Jesus,
1027 2359 1316 2422 etturbut'it
1331 2370 1559 2438 seipsum
1573 2368 1592 2440 (
1605 2367 1766 2422 Joan.

166 2464 281 2535 x1),
312 2463 415 2518 nisi
444 2463 574 2533 quia
613 2463 744 2516 ﬁdes
771 2461 1009 2516 hominis
1038 2461 1137 2515 sibi
1180 2461 1452 2516 immerito
1482 2462 1771 2530 displicen-

168 2557 238 2612 tis
269 2539 509 2610 fremere
537 2549 936 2624 quodammodo
967 2548 1132 2608 debet
1156 2553 1211 2606 in
1231 2565 1243 2572 ‘
1262 2553 1612 2609 accusatione
1660 2568 1776 2607 ma-

162 2647 339 2703 lorum
372 2641 626 2716 Operam,
659 2654 719 2699 ut
745 2645 1046 2700 violentiae
1074 2645 1376 2715 pmnitendi
1405 2645 1613 2711 cedat.
1647 2659 1778 2700 con-

164 2741 400 2796 suetudo
431 2728 749 2809 peccandi?
767 2738 835 2791 Et
864 2730 1064 2792 iterum
1086 2737 1140 2790 in
1164 2737 1355 2792 eodem
1383 2752 1398 2791 :
1431 2737 1500 2792 Et
1522 2739 1778 2793 cumhaec

163 2833 412 2897 dixisset,
442 2825 768 2886 exclamavit
804 2843 936 2884 voce
971 2843 1188 2899 magna,
1222 2828 1478 2897 fremuit,
1513 2830 1780 2904 lacryma—

147 2927 261 2980 “vit.
300 2926 452 2980 Voce
509 2925 730 2994 magna'
769 2921 1044 2977 clamavit.
1073 2919 1278 2988 IQuam
1306 2920 1547 2977 ‘diﬂicile
1606 2924 1781 2994 surgit

162 3013 536 3089 quem'moles
566 3015 722 3068 mala:
760 3011 1429 3083 cbnsuetudinis'premit!
1471 3014 1565 3069 sed
1597 3025 1780 3070 tamen

131 3109 354 3179 surgit,
391 3103 626 3162 occulta
653 3106 826 3176 gratia
853 3105 1002 3160 intus
1045 3104 1401 3170 .vivilicatus,‘
1435 3103 1609 3177 'surgit
1657 3114 1782 3177 post

145 3215 353 3255 =vocem
382 3193 660 3271 magnam.
701 3194 915 3256 Sat'est
943 3201 1011 3255 de
1037 3199 1338 3256 elevatione
1376 3202 1548 3268 vocis,
1597 3201 1782 3256 dicen-

158 3291 289 3347 dum
328 3300 415 3348 est
443 3293 512 3347 de
543 3293 832 3348 sacriﬁcio.
880 3292 1242 3364 Sacriﬁcium,
1269 3294 1652 3364 poenitentium
1697 3304 1781 3351 est

145 3380 394 3459 spiritus
427 3388 827 3444 contribulatus
850 3379 911 3443 et
935 3379 1058 3444 cor'
1081 3389 1396 3444 contritum.
1449 3388 1778 3444 Poenitentia
1806 3365 1853 3428 δ

133 3482 519 3552 sepeliuntur
545 3487 768 3551 peccata
798 3488 1008 3534 nostra.
1034 3478 1219 3533 Altare
1267 3479 1652 3548 poenitentium
1696 3485 1782 3532 est
1863 3485 1868 3489 '

133 3575 342 3630 ~altare
367 3563 696 3630 holocausti.
722 3560 908 3626 Altare
930 3562 1228 3626 holocausti
1255 3572 1434 3641 signat
1474 3585 1570 3625 cor
1590 3584 1780 3627 eorum

136 3657 627 3740 'quibus'necesse
650 3655 743 3720 est
783 3664 1032 3721 carnales
1061 3673 1241 3720 motus
1266 3679 1588 3720 consumere
1611 3663 1784 3720 fervo-

132 3775 218 3818 're
253 3750 512 3831 spiritus
541 3758 738 3813 sancti.
770 3757 977 3812 Sindon
1008 3765 1094 3812 est
1119 3757 1233 3828 ipsa
1275 3757 1562 3828 castigatio
1603 3757 1784 3812 carnis

125 3841 524 3924 ‘per‘jejtlnia
549 3858 599 3904 et
629 3840 861 3921 vigilias,
911 3857 968 3904 et
1003 3857 1232 3904 caeteras
1281 3849 1530 3915 virtutes,
1589 3849 1786 3920 quibus

149 3945 225 4000 de
253 3943 511 4015 genuina
568 3941 771 3997 carnali
816 3939 1194 4009 deleétatione,
1243 3932 1397 4013 quasi
1447 3945 1513 3999 de
1561 3945 1788 3999 humore

128 4025 763 4107 -nativo,perducitur'
805 4035 1034 4093 ali‘ectus
1096 4037 1332 4092 hominis
1368 4052 1468 4092 ceu
1515 4038 1788 4107 quoddam

149 4133 342 4188 linum
372 4128 811 4194 ad‘candorem,
837 4137 896 4183 ut
927 4128 1022 4184 ﬁat
1049 4128 1116 4184 de
1143 4137 1214 4184 eo
1239 4129 1542 4199 corporale,”
1585 4131 1640 4184 in
1681 4145 1789 4199 quo

147 4225 343 4299 possit
371 4222 676 4278 Dominum
703 4221 966 4291 recipere.
999 4221 1088 4276 llle
1122 4213 1416 4276 inmunda
1448 4223 1675 4276 sindone
1703 4222 1785 4275 in-

123 4320 338 4378 'volvit
366 4317 590 4382 Iesum,
619 4305 712 4385 qui
738 4330 872 4385 pura
915 4330 1038 4369 eum
1087 4323 1270 4370 mente
1315 4314 1638 4384 susceperit.
1691 4312 1793 4367 Su-

127 4414 393 4471 ‘darium
438 4417 527 4464 est
561 4395 688 4479 ipsa
707 4402 939 4463 intentio
969 4408 1074 4478 qua
1097 4395 1320 4462 festinat
1345 4422 1536 4462 omnes
1566 4407 1794 4461 venien-

117 4516 242 4563 ‘tes
283 4487 906 4560 'motus‘tentationum
954 4500 1308 4570 pristinarum
1359 4490 1597 4571 tergere,
1643 4508 1796 4554 aute-

123 4609 333 4671 ‘quam
377 4593 581 4651 oculos
610 4594 876 4649 saucient.
915 4593 1210 4663 Postquam
1261 4608 1364 4648 vox
1414 4593 1794 4663 poenitentium

146 4692 386 4764 prolata
424 4695 540 4752 cst,
586 4686 875 4756 inpetratio
899 4674 1173 4748 succedit,
1221 4694 1282 4738 ut
1306 4674 1518 4756 partem
1569 4683 1670 4739 sibi
1709 4699 1797 4739 so-

127 4783 394 4841 cietatis
421 4768 693 4835 conoedat
723 4779 996 4834 Dominus
1022 4794 1146 4834 cum
1178 4778 1384 4833 sanctis
1407 4777 1539 4832 suis.
1592 4775 1798 4844 Quibus

148 4870 580 4934 denominatis,
631 4871 876 4940 sequitur
911 4887 926 4923 :
961 4869 1113 4924 Intra
1174 4862 1398 4940 quorum
1443 4877 1558 4924 ποθ’
1585 4887 1801 4924 consor—
1861 4893 1866 4901 -

121 4987 130 5005 τ
156 4972 299 5030 tium
323 4954 650 5042 quaesumus
673 4963 910 5027 admitte,
935 4970 990 5015 tu
1012 4962 1101 5032 qui
1126 4978 1178 5015 es
1209 4963 1431 5033 largitor
1477 4963 1654 5025 venite,
1701 4979 1803 5017 non

138 5065 490 5121 'mstimator
508 5057 696 5111 meriti.
730 5055 788 5108 In
817 5042 1205 5124 complexione"
1223 5051 1637 5124 priorisoﬂicii,
1665 5052 1810 5122 quod

153 5152 530 5224 fungebatur
555 5145 936 5201 tantummodo
954 5145 1318 5211 orationibus,
1350 5144 1422 5199 ibi
1475 5152 1809 5199 memoratur

153 5243 515 5304 communio
543 5226 1148 5309 sanctorum,"quorum
1177 5224 1313 5310 pene
1340 5239 1682 5294 conversatio
1722 5245 1807 5292 est

119 5345 132 5379 :
154 5337 454 5410 aequalis;
491 5332 547 5386 in
571 5332 693 5397 isto,
722 5330 851 5400 quia
875 5329 1035 5418 longe
1061 5317 1327 5386 distamus
1356 5331 1424 5384 ab
1447 5346 1634 5385 eorum
1668 5320 1777 5386 con
1796 5394 1810 5419 ⁵

114 5443 122 5464 -’
153 5429 542 5490 versatione,
581 5423 738 5479 venia
768 5438 1057 5494 precamur
1085 5423 1376 5478 introduci.
1409 5423 1514 5479 Per
1538 5422 1807 5477 Christum

114 5539 122 5546 ·
157 5522 499 5578 Dominum
531 5506 784 5570 nostrum.
829 5507 956 5568 Peri
981 5529 1140 5583 quem
1186 5517 1303 5569 hmc
1345 5515 1526 5570 omnia
1572 5531 1808 5586 semper,

115 5743 128 5755 .
159 5713 372 5769 creas,
400 5712 473 5757 ut
501 5700 638 5763 sint;
673 5695 1012 5761 sanctiﬁcas,’
1040 5697 1138 5752 tibi
1165 5689 1233 5752 ea
1261 5689 1606 5768 deputandoj
1632 5698 1809 5754 viviﬁ-

164 5984 318 6042 licet
355 5994 478 6053 per
512 5992 672 6047 quem
701 5967 947 6050 superius
969 5965 1269 6034 memorata
1301 5978 1569 6036 concedis.
1602 5962 1816 6034 Etcum

918 496 1005 556 os
1042 495 1932 591 ECCLESIASTICIS‘OFFICIIS
1971 479 2286 556 Lteiutv.
2311 476 2398 542 ‘4;-
2430 494 2563 554 LIB.
2604 496 2691 556 III.

3303 495 3462 552 31146

1861 627 1997 684 Ipso,
2029 612 2120 683 qui
2152 619 2332 668 tecum
2382 609 2810 682 semper'vivit;
2867 613 3029 690 etin
3069 613 3206 684 ipso,
3249 613 3304 666 in
3362 629 3468 683 quo

1869 715 2176 762 restaurata
2204 714 2330 762 sunt
2350 708 2552 762 omnia.
2580 707 2676 762 Est
2703 706 2802 762 tibi
2833 706 2944 761 Deo
2971 705 3118 762 Patri
3151 707 3207 762 in
3232 707 3472 763 '.unitate

1872 797 2107 869 Spiritus
2139 799 2313 854 sancti
2341 801 2520 856 omnis
2554 801 2729 855 honor
2757 807 2811 854 et
2835 799 3006 870 gloria
3040 813 3139 870 per
3164 783 3347 856 omnia
3371 817 3474 857 sae-

1870 891 1994 947 cula
2022 892 2360 947 saeculorum.
2392 891 2505 949 Hoc
2534 893 2712 962 ipsum
2737 893 2966 948 volendo
3005 893 3103 948 tibi
3151 895 3300 948 omni
3348 896 3476 950 nisu

1872 978 2197 1052 monstrare,
2233 993 2345 1041 tota
2376 985 2482 1042 ﬁde
2505 1002 2593 1041 me
2625 987 2700 1040 ita
2731 993 2936 1050 tenere,
2967 984 3120 1040 elevo
3180 986 3473 1054 praesentia

1871 1093 2096 1132 munera
2127 1078 2193 1132 ad
2231 1087 2303 1144 te,
2353 1093 2452 1150 ego
2493 1079 2744 1150 indignus
2788 1078 3061 1142 sacerdos,
3112 1084 3168 1130 et
3209 1077 3478 1131 diaconus

1869 1171 1991 1226 vice
2028 1171 2441 1242 praepdsitorum
2477 1181 2532 1228 et
2557 1173 2888 1239 auditorum,
2919 1173 3046 1243 quia
3075 1172 3172 1228 tibi
3201 1173 3268 1227 ab
3321 1171 3475 1227 omni
3505 1203 3512 1210 -

1875 1259 2116 1350 EccleSia
2151 1269 2506 1334 .tua,'omnia
2555 1262 2696 1325 bona
2745 1261 3091 1340 deputantur.
3144 1268 3481 1325 Subdiaconi

1874 1359 1966 1428 qui
1996 1368 2147 1414 stant
2179 1374 2351 1430 usque
2395 1351 2558 1417 modo
2600 1363 2653 1416 in
2702 1361 2844 1418 facie
2892 1361 3184 1428 sacrilicii,‘
3225 1371 3281 1416 et
3328 1377 3481 1417 nunc-

1874 1455 2157 1520 recedunt,
2185 1455 2486 1510 ministeria
2514 1447 2840 1510 feminarum
2859 1447 2933 1511 {ad
2963 1456 3285 1510 memoriam
3316 1455 3485 1510 nobis

1874 1546 2100 1627 ducunt,
2129 1553 2132 1556 ’
2165 1537 2684 1617 (ιιιωτθοθεεὲιιυηῐ
2730 1549 2797 1602 de
2843 1542 3210 1611 monumento,
3267 1545 3487 1617 sepulto

1875 1637 2127 1694 Domino.
2181 1637 2299 1692 Non
2344 1639 2491 1693 enim
2537 1627 2612 1694 ita
2662 1629 3009 1696 recesserunt
3044 1631 3074 1693 a
3104 1637 3375 1708 sepulcro,
3421 1642 3489 1690 ut

1875 1721 2128 1786 abessent
2154 1731 2459 1786 ministerio
2485 1731 2721 1796 Domini,
2750 1731 2846 1786 sed
2893 1731 3121 1786 sabbato
3178 1729 3485 1795 siluerunt;

1864 1822 1982 1891 'quo
2012 1816 2309 1886 transacto,
2334 1831 2666 1892 paraverunt
2686 1806 2959 1890 aromata,
2980 1831 3039 1877 ut
3057 1817 3332 1893 ungerent
3362 1833 3487 1873 cor-

1875 1930 1978 1984 pus
2014 1915 2150 1984 ejus.
2184 1915 2261 1968 Eo
2303 1916 2462 1969 modo
2489 1903 2788 1986 praesentes
2812 1904 3129 1971 Vsubdiaconi
3161 1913 3424 1968 recedunt
3449 1925 3484 1964 a

1873 2001 2184 2078 prmscntia‘
2214 2002 2492 2071 sacriﬁcii,
2546 2016 2604 2060 ut
2651 2009 2879 2062 sabbato
2929 2007 3170 2076 quidem,
3224 2005 3329 2058 hoc
3376 2009 3484 2067 est,

1862 2101 2112 2171 'quandiu
2150 2083 2714 2168 septem'petitiones
2744 2086 3041 2154 Dominicae
3087 2095 3350 2151 orationis
3400 2093 3485 2147 di-

1863 2174 2098 2256 cuntur,
2125 2190 2234 2245 sint
2264 2191 2317 2244 in
2347 2191 2564 2246 silentio
2592 2199 2648 2246 et
2693 2191 2960 2255 inclinati,
2995 2190 3135 2245 sicut
3168 2195 3327 2242 erant
3356 2200 3486 2254 apo-

1874 2282 1999 2337 stoli
2029 2281 2118 2335 illo
2147 2269 2391 2350 tempore
2420 2289 2475 2335 et
2497 2271 2708 2335 sanctae
2733 2270 3011 2336 mulieres.
3045 2278 3147 2345 Qui
3175 2284 3362 2348 postea
3387 2289 3478 2329 sa-

1876 2380 2067 2442 tagunt
2092 2363 2454 2440 cutu'patenis
2494 2370 2561 2424 ad
2599 2363 2983 2438 requirendum
3021 2382 3220 2437 corpus
3263 2362 3482 2418 Domini

1862 2463 2249 2528 'circa'altare,
2273 2471 2334 2515 ut
2360 2452 2619 2517 mulieres
2641 2462 2974 2530 quaesierunt
3024 2457 3237 2514 Domini
3285 2467 3490 2524 corpus

1859 2560 2027 2615 'circa
2056 2557 2385 2628 sepulcrum.
2434 2557 2734 2624 Moraliter,
2786 2571 3076 2629 possumus
3123 2554 3485 2611 subdiaconos

1865 2650 1979 2711 'nos
2003 2638 2323 2724 peccatores
2350 2639 2673 2726 intelligere,
2710 2655 2799 2723 qui
2829 2641 3062 2717 faciem,
3089 2651 3142 2705 id
3184 2637 3302 2715 est,
3343 2663 3482 2703 con—

1865 2737 2161 2803 scientiam
2185 2734 2532 2817 peceatorum
2575 2755 2908 2812 nostrorum,
2962 2743 3231 2801 sacerdoti
3291 2749 3481 2796 osten-

1855 2839 2080 2905 dimus,
2113 2849 2174 2894 ut
2213 2847 2455 2894 nostram
2491 2826 2892 2894 confessionem
2943 2837 3137 2893 offerat
3171 2835 3282 2889 Deo
3315 2849 3330 2887 :
3378 2846 3492 2901 quo

1880 2942 2126 3006 peracto,
2155 2948 2262 2987 non
2300 2933 2446 2987 illico
2472 2931 2668 2987 saltum
2696 2931 2927 2988 facimus
2978 2931 3035 2986 in
3089 2930 3265 2985 locum
3317 2923 3492 2993 magi-

1858 3025 2144 3092 ‘strorum,
2175 3025 2269 3080 sed
2300 3032 2423 3094 post
2461 3024 2724 3079 diutinam
2771 3007 3224 3086 humiliationem,
3276 3018 3491 3072 fervore

1862 3128 2164 3175 crescente
2193 3117 2429 3190 Spiritus
2479 3120 2680 3185 sancti,
2714 3103 3027 3174 dilatantur
3062 3117 3226 3174 corda
3275 3118 3489 3174 nostra,
3565 3158 3570 3164 ,

1865 3199 2044 3286 quasi
2067 3224 2266 3273 natena
2293 3215 2360 3270 ad
2387 3200 2734 3284 suscipienda
2765 3219 3109 3271 sacramenta
3141 3206 3415 3264 Ecclesiae.

2369 3314 2374 3322 '
2426 3324 2434 3332 '
2470 3327 2698 3383 CAPUT
2730 3327 2938 3382 xxvu.
3189 3319 3195 3327 '
3235 3377 3240 3383 _
3432 3307 3436 3377 ῗ

2340 3397 2419 3452 De
2441 3399 2846 3469 pm’sentatione
2870 3407 3092 3466 patente.

1955 3489 2104 3545 Dixit
2122 3486 2336 3543 libellus
2364 3487 2662 3549 Romanus,
2688 3502 2847 3556 quem
2865 3485 2980 3555 jam
3027 3486 3487 3542 memoravimus:

1860 3568 1870 3597 τ
1894 3600 1912 3634 ι
1934 3579 2160 3648 Quando
2188 3580 2480 3634 inchoatur
2503 3595 2697 3644 canon,
2738 3579 2887 3633 venit
2915 3575 3203 3650 acolythus
3249 3578 3350 3633 sub
3394 3579 3495 3632 hu-

1860 3676 1862 3680 ’
1887 3687 2040 3728 mero
2069 3656 2278 3726 habens
2305 3671 2589 3725 sindonem
2623 3669 2676 3723 in
2700 3662 2838 3724 collo
2865 3669 3107 3741 ligatam,
3135 3658 3327 3723 tenens
3345 3676 3493 3738 pate-

1859 3773 2016 3819 ‘nam
2061 3757 2188 3840 ante
2237 3770 2425 3832 pectus
2473 3762 2525 3816 in
2576 3770 2730 3830 parte
2777 3762 3002 3816 dextera
3044 3748 3215 3830 usque
3257 3759 3494 3814 medium

1862 3871 2176 3912 canonem.
2208 3855 2361 3909 Tunc
2389 3853 2756 3909 subdiaconus
2805 3846 3040 3924 sequens
3080 3844 3325 3927 suscipit.
3371 3863 3495 3906 eam

1864 3946 2054 4018 super
2104 3946 2376 4016 planctum
2427 3954 2483 4000 et
2538 3945 2686 3999 venit
2741 3953 2869 3998 ante
2918 3943 3111 4009 altare,
3169 3949 3495 4013 exspectans

1863 4038 2108 4110 'quando
2169 4052 2292 4094 eam
2348 4023 2608 4107 suscipiat
2670 4036 3035 4091 subdiaconus
3103 4030 3497 4106 regidnarius:

1860 4130 2048 4185 'ﬂnito
2108 4124 2240 4184 vero
2305 4143 2535 4194 canone,
2583 4123 2952 4206 subdiaconus
2996 4125 3336 4197 regionarius
3393 4129 3504 4203 stat

1863 4223 2018 4280 'cum
2060 4233 2259 4292 patena
2307 4209 2433 4292 post
2481 4219 2960 4283 archidiaconum;
3012 4217 3227 4287 quando
3280 4213 3502 4278 dixerit,

1897 4315 1966 4368 Et
1992 4315 2056 4368 ab
2084 4314 2225 4367 omni
2256 4312 2647 4383 perturbatione
2675 4311 2866 4377 securi,
2916 4309 3081 4364 vertit
3121 4322 3180 4362 se
3230 4305 3504 4360 archidia-

1857 4399 2090 4469 ‘conus,
2135 4411 2192 4458 et
2240 4392 2542 4457 osculatam
2603 4392 2880 4473 patenam,
2929 4402 3021 4455 dat
3045 4413 3166 4454 eam
3215 4396 3506 4452 tenendam

1900 4483 2140 4555 secundo
2163 4480 2416 4553 diacono.
2455 4515 2474 4548 ι
2505 4483 2653 4552 Ordo
2682 4495 2807 4550 talis
2834 4504 2917 4550 est
2943 4513 2955 4548 :
2986 4492 3366 4548 Subdiaconus
3411 4503 3502 4544 se-

1899 4607 2072 4662 quens
2103 4605 2212 4644 non
2238 4597 2322 4645 est
2341 4604 2509 4644 ausus
2539 4588 2679 4643 ostia
2728 4570 2930 4641 altaris.
2966 4584 3276 4655 relinquere
3318 4596 3509 4636 secun-

1866 4669 2028 4757 "dum
2061 4697 2296 4739 canones
2330 4666 2681 4757 Laodicensis
2708 4676 2968 4757 concilii,
3023 4676 3117 4746 qui
3165 4675 3371 4738 dicunt,
3418 4687 3509 4727 ca-

1867 4755 2070 4847 ypitulo
2095 4757 2514 4844 quadragesimo
2546 4755 2728 4836 tertio,
2760 4755 2905 4838 quod
2933 4762 3041 4822 non
3087 4771 3338 4835 oporteat
3382 4763 3509 4818 sub-

1903 4872 2163 4928 diaconus
2200 4868 2392 4924 saltem
2422 4865 2698 4936 paululum
2733 4863 2931 4930 januas
2972 4861 3245 4921 deserere,
3293 4863 3350 4909 et
3387 4869 3511 4908 ora-

1863 4961 1868 5040 ξ
1905 4964 2145 5019 tionibus
2175 4975 2372 5033 vacare
2403 4956 2425 5012 ε’
2448 4975 2513 5013 ac
2542 4958 2666 5011 ideo
2693 4954 2980 5025 acolythus
3020 4951 3205 5008 educit
3255 4956 3511 5020 patenam

1908 5053 1976 5108 de
2004 5045 2220 5108 exedris
2248 5047 2466 5119 quando
2494 5046 2711 5111 dicitur,
2739 5042 2971 5100 sursum
3025 5041 3208 5098 corda.
3260 5039 3378 5119 Mea
3414 5037 3513 5091 hu-

1914 5140 2120 5196 militas
2163 5141 2296 5195 dicit
2340 5139 2485 5208 quod
2531 5137 2633 5193 sibi
2679 5136 2894 5192 videtur
2941 5133 3138 5189 rationi
3159 5133 3510 5212 _'oongruere,

1911 5233 2225 5303 relinquens
2265 5231 2652 5302 magistrorum
2702 5229 2953 5292 arbitrio,
3000 5225 3129 5295 quid
3172 5222 3512 5295 potissimum

1910 5326 2202 5382 tenendum
2229 5324 2318 5404 sit.
2352 5323 2580 5404 Videtur
2612 5322 2745 5378 mihi
2775 5328 2834 5373 ut
2857 5308 2924 5373 ea
2953 5319 3088 5399 hora
3136 5313 3514 5387 praesentanda

1865 5445 1873 5451 -
1911 5420 1983 5475 sit
2009 5428 2229 5490 patena,
2260 5400 2369 5489 qua
2395 5418 2542 5474 circa
2569 5401 2915 5485 sepulturam
2943 5391 3162 5466 Domini
3192 5407 3514 5480 satagebant

1861 5525 1872 5532 '
1911 5511 2160 5582 discipuli
2185 5510 2272 5565 vel
2303 5508 2579 5565 mulieres.
3001 5520 3007 5524 -
3300 5509 3302 5512 ν
3360 5521 3365 5526 -

112 5637 118 5640 ·
157 5615 454 5676 Domine,
513 5609 676 5672 bona,
717 5605 927 5660 scilicet
954 5611 1083 5675 qum
1117 5617 1264 5662 retro
1316 5595 1616 5662 memorata
1662 5616 1804 5671 sunt,
1866 5610 1903 5624 ·’
1982 5587 2168 5674 Postqt‘

1860 5689 1870 5724 ·’
1915 5697 2174 5770 mysteria
2202 5694 2493 5766 passionis.
2524 5693 2770 5764 Sequens
2812 5705 2942 5746 vero
2997 5682 3518 5744 Subdiaconus'me-

109 5830 122 5842 ο
159 5790 297 5863 cas,
334 5789 408 5851 ut
434 5782 571 5846 viva
603 5790 742 5856 sint;
769 5789 1062 5855 benedicis,
1090 5799 1149 5844 ut
1185 5791 1340 5846 utilia
1369 5793 1485 5847 sint
1517 5791 1708 5857 nobis,
1760 5801 1816 5846 et
1858 5799 1874 5808 ·

106 5925 119 5933 .
161 5896 454 5962 prastas'
476 5885 550 5938 ad
577 5875 881 5949 fruendum",
908 5898 1008 5955 per
1036 5874 1211 5954 ipsum
1252 5884 1612 5954 eamdemque
1661 5884 1812 5940 vide-
1859 5897 1872 5903 '

1982 5604 2272 5674 Postquam
2301 5604 2448 5658 enim
2478 5603 2576 5656 ivit
2597 5601 2673 5678 ad
2702 5614 2970 5664 mensam,
3015 5595 3341 5652 studuerunt
3369 5594 3516 5649 circa

1882 5789 1890 5818 ⁵
1917 5782 2265 5854 (ΙὶΟόειηοιιθ,
2297 5786 2352 5844 id
2382 5793 2500 5868 est,
2522 5801 2646 5840 eum
2682 5784 2905 5850 dicitur,
2939 5778 3024 5836 Te'
3056 5781 3238 5850 igitur,
3288 5779 3517 5862 suscipit

1889 5883 1893 5913 ⁵
1917 5885 2074 5944 illam
2092 5885 2170 5955 ab
2193 5881 2470 5966 acolytho,
2504 5889 2558 5964 et
2587 5890 2697 5964 stat
2724 5881 2790 5938 ad
2817 5881 2991 5937 altare
3011 5875 3138 5961 cum
3182 5867 3393 5964 paterna.
3425 5893 3518 5932 us-

1869 5977 1877 5984 '
1920 5993 2026 6049 que
2053 5961 2549 6048 du‘m'suscipiatur
2578 5959 2970 6033 asuiidiacono
2995 5959 3343 6060 'regionario,
3397 5982 3516 6023 sus-
3573 5977 3575 5980 ·
