3978 6474
233 467 369 528 ι149

975 460 1062 518 DE
1100 457 1652 517 ECGLESIASTlCIS
1686 456 1976 515 OFFlCllS
2013 455 2193 513 LIBRI
2231 455 2324 514 ιγ.
2361 483 2434 500 -—
2469 456 2600 516 LIB.
2643 457 2730 514 Ill.

3317 462 3486 524 ’1150

235 582 467 641 debitum
493 581 750 652 postulat,
783 587 878 634 alit
923 587 988 633 ut
1031 578 1088 634 in
1119 578 1477 634 tentationem
1523 591 1632 632 non
1655 575 1810 631 indu—
1835 577 1889 638 Α
1913 575 2250 646 gaudiorum.
2297 574 2428 644 Quis
2466 585 2551 632 est
2600 577 2691 647 qui
2733 590 2846 632 non
2892 579 3210 650 deprecetur
3245 584 3487 653 quandiu

233 683 402 739 catur,
433 681 593 744 atque
618 688 646 726 a
673 671 816 728 malo
846 671 1130 736 liberetur,
1156 685 1254 740 pro
1277 685 1336 725 se
1363 668 1477 725 solo
1498 676 1670 740 rogat.
1697 667 1806 723 Pu-

230 765 365 824 blica
393 773 482 820 est
508 763 663 820 nobis
688 772 743 820 et
765 763 1070 819 communis
1098 764 1290 830 oratio,
1331 771 1389 818 et
1425 763 1648 832 quando
1686 776 1810 817 ora-

230 875 367 923 mus,
419 873 530 914 non
571 873 673 929 pro
713 873 822 913 uno
865 872 1106 924 oramus,
1156 857 1250 912 sed
1294 871 1392 927 pro
1434 863 1546 911 toto
1585 855 1805 926 populo,

229 949 353 1021 quia
391 956 538 1005 totus
560 949 787 1020 populus
814 965 980 1004 unum
994 963 1209 1004 sumus.
1239 947 1380 1003 Deus
1407 947 1558 1016 pacis
1591 953 1647 1001 et
1677 961 1808 1001 con-

230 1036 427 1093 cordiae
477 1037 756 1108 magister,
813 1039 906 1108 qui
947 1038 1132 1093 docuit
1179 1037 1464 1102 unitatem,
1514 1037 1594 1092 sic
1647 1051 1810 1092 orare

227 1146 392 1186 unum
420 1147 522 1202 pro
550 1132 801 1190 omnibus
821 1133 1009 1198 voluit,
1053 1133 1322 1204 quomodo
1365 1133 1422 1188 in
1468 1149 1578 1188 uno
1619 1147 1808 1189 omnes

221 1221 338 1295 ipse
359 1225 616 1294 portavit.
646 1223 798 1282 Hanc
825 1226 1089 1282 orationis
1117 1227 1293 1298 legem
1322 1235 1678 1284 servaverunt
1696 1235 1808 1284 tres

222 1315 374 1388 pueri
401 1315 456 1370 in
485 1316 698 1372 camino
744 1317 884 1388 ignis
907 1316 1124 1384 inclusi,
1155 1325 1516 1374 consonantes
1545 1317 1599 1371 in
1622 1332 1804 1388 prece,

221 1415 276 1462 et
303 1406 496 1478 spiritu
526 1409 900 1467 consensionis
928 1411 1247 1467 concordes.
1281 1410 1534 1467 Declarat
1556 1409 1804 1482 Scriptu-

217 1503 294 1554 rae
320 1497 516 1558 divina'
544 1501 698 1567 ﬁdes,
730 1511 788 1558 et
823 1520 948 1560 cum
997 1505 1155 1560 docet
1193 1505 1462 1574 quomodo
1506 1506 1804 1573 oraverint,

217 1588 328 1644 tale
356 1585 453 1646 dat
477 1591 785 1663 exemplum
811 1593 954 1662 quod
981 1593 1183 1649 imitari
1215 1594 1272 1650 in
1314 1596 1568 1665 precibus
1613 1596 1808 1651 debea-

216 1696 361 1747 mus,
399 1690 454 1736 ιιι
482 1681 615 1738 tales
644 1699 764 1740 esse
785 1683 1074 1753 possimus.
1121 1681 1285 1752 Tunc,
1328 1685 1523 1755 inquit,
1569 1683 1650 1739 illi
1703 1693 1807 1740 tres

215 1772 374 1842 quasi
402 1790 468 1828 ea:
493 1791 598 1829 uno
627 1791 716 1829 ore
744 1774 994 1846 hymnum
1021 1775 1298 1842 canebant,
1342 1785 1393 1831 et
1436 1776 1806 1832 benedicebant

215 1857 390 1920 Deum
414 1863 589 1935 (Dan.
616 1863 732 1937 ιιι).
759 1859 1145 1937 LOquebantur
1175 1867 1332 1937 quasi
1365 1883 1433 1924 ex
1468 1885 1577 1925 uno
1607 1884 1723 1936 ore,
1749 1877 1806 1925 et

213 1959 455 2013 nondum
476 1953 606 2014 "illos
649 1959 902 2017 Christus
955 1961 1209 2018 docuerat
1257 1977 1455 2017 orare:
1483 1971 1538 2017 et
1596 1962 1802 2020 idcirco

213 2051 500 2108 orantibus
531 2051 634 2108 fuit
660 2053 1015 2124 impetrabilis
1061 2062 1116 2110 et
1163 2053 1360 2110 efﬁcax
1413 2070 1617 2121 sermo,
1673 2056 1802 2126 quia

216 2144 636 2214 promerebatur
660 2143 831 2201 Deum
870 2147 1116 2216 paciﬁca,
1161 2147 1391 2216 simplex
1439 2157 1494 2203 et
1537 2147 1800 2218 spiritalis

210 2233 413 2287 oratio.
446 2232 574 2300 Quae
594 2235 772 2289 oratio
796 2235 876 2290 sic
897 2235 1184 2292 inchoatur
1211 2254 1225 2290 :
1258 2237 1484 2293 Oremus
1526 2240 1800 2310 pra'ceptis

209 2324 536 2380 salutaribus
564 2327 747 2381 moniti
776 2336 826 2381 et
852 2327 1031 2392 dicina
1069 2329 1396 2384 institutione
1420 2330 1659 2400 formati,
1702 2348 1801 2385 au-

210 2420 398 2476 demus
425 2423 621 2477 dicere.
655 2421 933 2493 Praecepta
953 2424 1214 2480 salutaria
1261 2424 1490 2480 dicimus
1531 2425 1802 2496 evangeli-

209 2526 330 2565 cam
363 2510 702 2578 doctrinam;
748 2513 976 2569 dicimus
1005 2514 1420 2583 institutionem,
1448 2517 1800 2574 traditionem

204 2617 373 2673 quam
396 2603 513 2675 ipse
537 2603 792 2677 dignatus
820 2614 902 2661 est
930 2607 1144 2663 tradere
1173 2608 1230 2662 in
1256 2607 1594 2665 conﬁciendo
1615 2625 1801 2666 sacra-

203 2702 393 2749 mento
425 2697 670 2766 corporis
691 2705 748 2753 et
787 2698 1086 2768 sanguinis.
1120 2699 1273 2756 Unde
1303 2699 1447 2756 idem
1491 2701 1585 2772 qui
1633 2717 1800 2772 supra

200 2784 256 2840 in
294 2801 554 2843 sermone
586 2789 651 2844 de
690 2799 1033 2845 sacramento
1063 2790 1278 2848 Domini
1328 2792 1533 2859 calicis,
1582 2792 1800 2851 Cmcilio

202 2877 401 2950 ('Cypr.
438 2877 475 2932 Ι.
509 2896 570 2944 ιι,
595 2897 675 2952 ep.
701 2881 766 2952 5)
793 2899 805 2934 :
833 2880 1150 2952 Quanquam
1189 2883 1375 2947 sciam,
1400 2883 1570 2940 frater
1593 2885 1801 2941 charis-

197 2971 358 3038 sime,
375 2973 666 3045 episcOpos
683 2974 946 3046 plur-imos
985 2976 1280 3032 Dominicis
1317 2977 1564 3033 ecclesiis
1591 2978 1649 3032 in
1682 2986 1798 3034 toto

203 3061 410 3119 mundo
463 3065 646 3120 divina
707 3067 1017 3138 dignatione
1074 3069 1414 3138 praepositos,
1474 3070 1799 3142 evangelica:

200 3155 460 3211 veritatis
498 3172 562 3212 ac
581 3149 881 3215 DominiCa:
926 3158 1233 3215 traditionis
1279 3169 1464 3217 tenere
1505 3163 1792 3230 rationem,
1839 3159 1842 3164 λ

1907 666 2000 722 hic
2027 673 2111 722 est
2132 667 2188 722 iu
2210 667 2464 736 praisenti
2485 667 2702 735 saeculo,
2723 676 2784 723 ut
2804 667 3068 726 liberetur
3094 688 3127 726 a
3151 672 3330 728 malo?
3371 673 3482 732 Nec

1909 762 2012 817 hoc
2032 761 2366 833 negligenter
2393 763 2692 817 curandum
2728 777 2869 830 esse,
2921 771 2981 818 ut
3030 775 3156 822 ante
3197 768 3488 840 participa-

1907 856 2113 912 tione'm
2133 857 2380 927 corporis
2398 865 2456 912 et
2479 856 2759 928 sanguinis
2783 857 2995 912 Domini
3030 859 3355 917 interveniat
3372 878 3491 919 ora-

1907 947 2002 1011 tio,
2033 963 2153 1017 quae
2178 963 2279 1003 nos
2305 956 2500 1019 purget
2517 963 2549 1002 a
2573 948 2830 1019 peccatis,
2858 962 2926 1004 ne
2951 949 3167 1020 indigne
3196 955 3490 1012 manduce-

1896 1055 2030 1096 mus
2056 1048 2113 1095 et
2133 1040 2381 1096 bibamus
2403 1055 2599 1111 corpus
2633 1049 2688 1096 et
2715 1040 3035 1110 sanguinem
3060 1043 3293 1099 Domini.
3339 1045 3486 1114 Quo-

1905 1133 2070 1188 modo
2088 1132 2432 1202 compleatur
2458 1130 2634 1188 oratio
2668 1132 2967 1199 Dominica,
3018 1135 3072 1189 in
3100 1137 3326 1208 septima
3351 1140 3490 1208 peti-

1905 1227 2075 1292 tione,
2105 1227 2246 1282 idem
2272 1227 2362 1297 qui
2387 1241 2550 1298 supra
2569 1227 2809 1284 ostendit
2848 1227 2905 1282 in
2944 1227 3086 1284 libro
3124 1231 3189 1285 de
3229 1231 3489 1288 Oratione

1907 1317 2204 1383 Dominica,
2231 1319 2414 1374 dicens
2453 1318 2646 1391 (Cypr.
2678 1359 2693 1385 ,
2721 1336 2877 1374 serm.
2901 1319 2968 1393 6)
2998 1338 3010 1374 :
3036 1320 3167 1376 Post
3185 1322 3289 1378 ista
3307 1319 3489 1379 omm'a

1908 1408 1964 1464 in
1990 1410 2454 1465 consummatione
2477 1408 2743 1465 orationis
2781 1411 2933 1466 venit
2970 1410 3233 1479 clausula,
3267 1412 3487 1468 univer-

1903 1515 1996 1558 sas
2032 1501 2328 1572 petitiones
2361 1509 2420 1556 et
2464 1515 2657 1571 preces
2701 1511 2916 1557 nostras
2955 1502 3181 1558 collecta
3225 1503 3490 1559 brevitate

1901 1595 2234 1650 concludens
2261 1610 2276 1648 :
2301 1595 2358 1649 in
2384 1594 2677 1650 novissimo
2707 1595 2852 1650 enim
2875 1595 3170 1665 ponimus:
3198 1593 3300 1649 Sed
3326 1593 3489 1649 libera

1904 1703 2001 1742 nos
2032 1703 2064 1741 α
2087 1686 2253 1754 malo,
2297 1686 2822 1758 comprehendcntes
2855 1687 3082 1742 adversa
3133 1694 3327 1742 cuncta
3367 1702 3487 1757 quae

1903 1787 2098 1835 contra
2119 1795 2218 1834 nos
2239 1779 2301 1834 in
2325 1779 2432 1834 hoc
2461 1779 2663 1834 mundo
2687 1779 2910 1834 molitur
2933 1779 3202 1844 inimicus,
3230 1795 3260 1833 a
3291 1780 3488 1849 quibus

1907 1879 2088 1942 potest
2120 1887 2240 1928 esse
2275 1872 2434 1927 ﬁrma
2463 1872 2651 1939 tutela,
2674 1872 2722 1929 si
2755 1887 2857 1929 nos
2885 1872 3027 1929 Deus
3058 1873 3270 1939 liberet,
3311 1873 3356 1927 si
3401 1873 3492 1928 de-

1829 1944 1878 2006 Β
1899 1965 2250 2036 precantibus
2271 1974 2435 2036 atque
2451 1965 2868 2036 implorantibus
2888 1982 3046 2038 opem
3067 1983 3225 2023 suam
3247 1976 3484 2038 praestet.

1902 2056 2127 2125 Quando
2154 2066 2335 2112 autem
2359 2058 2610 2122 dicimus,
2638 2058 2802 2112 libara
2829 2069 2925 2113 nos
2969 2075 3002 2112 a
3025 2058 3186 2125 malo,
3231 2059 3368 2113 nihil
3404 2072 3490 2112 rc-

1897 2157 2083 2204 manet
2106 2149 2248 2220 quod
2293 2147 2436 2204 ultra
2473 2151 2649 2206 adhuc
2693 2144 2889 2206 debeat
2937 2151 3222 2222 postulari,
3270 2150 3488 2221 quando

1895 2241 2481 2312 semelprotectionem
2521 2241 2624 2297 Dei
2673 2243 2936 2298 adversus
2977 2243 3180 2298 malum
3227 2244 3484 2313 petimus,

1897 2348 2007 2403 qua
2029 2335 2339 2403 impetrata,
2379 2342 2570 2388 contra
2599 2334 2782 2388 omnia
2810 2349 2930 2404 quae
2970 2333 3218 2389 diabolus
3249 2334 3306 2388 in
3331 2348 3489 2388 mun-

1901 2424 2028 2479 dum
2055 2433 2331 2493 operatur,
2369 2425 2549 2478 securi
2579 2432 2785 2479 stamus
2820 2433 2876 2478 et
2909 2425 3028 2478 tuti.
3074 2423 3206 2492 Quis
3233 2425 3378 2479 enim
3421 2425 3488 2480 dc

1899 2512 2099 2570 saeculo
2126 2522 2304 2569 metus
2331 2523 2415 2570 est
2442 2514 2529 2569 cui
2559 2514 2702 2569 Deus
2744 2523 2891 2570 tutor
2945 2513 3221 2583 est?Quid
3261 2515 3483 2579 mirum,

1899 2603 2101 2662 fratres
2142 2605 2505 2674 dilectissimi,
2532 2607 2578 2662 si
2609 2608 2783 2663 oratio
2837 2607 2958 2663 talis
2993 2615 3084 2662 est
3135 2623 3298 2678 quam
3341 2606 3487 2663 Deus

1900 2698 2103 2763 docuit,
2133 2699 2224 2768 qui
2263 2699 2580 2770 magisterio
2609 2714 2707 2755 suo
2730 2713 2947 2755 omnem
2974 2714 3194 2771 precem
3241 2707 3486 2754 nostram

1901 2791 2122 2846 salutari
2175 2805 2422 2848 sermone
2465 2793 2763 2848 breviavit?
2805 2792 2920 2848 Hoc
2969 2793 3080 2865 jam
3138 2807 3235 2863 per
3283 2791 3478 2847 Isaiam

1899 2884 2221 2955 prophetam
2249 2886 2426 2941 fuerat
2450 2893 2576 2942 ante
2603 2886 2919 2957 praedictum
2967 2901 3089 2942 cum
3133 2885 3324 2956 plenus
3363 2883 3488 2956 Spi-

1901 2976 2009 3032 ritu
2039 2985 2227 3034 sancto
2253 2978 2322 3033 de
2348 2979 2446 3034 Dei
2471 2977 2751 3047 majeState
2780 2995 2843 3034 ac
2886 2978 3087 3049 pietate
3132 2977 3483 3047 loqueretur:

1911 3067 2136 3123 Verbum
2165 3086 2557 3136 consummans,
2583 3070 2780 3141 inquit,
2807 3079 2854 3125 et
2885 3070 3122 3125 brevians
3163 3069 3219 3124 in
3249 3066 3485 3140 justitia,

1848 3222 1852 3226 _
1897 3163 2150 3230 quoniam
2173 3179 2464 3218 sermonem
2487 3162 2771 3218 breviatum
2801 3162 2961 3232 faciet
2989 3160 3130 3215 Deus
3152 3161 3204 3214 in
3227 3169 3333 3215 toto
3363 3159 3485 3214 orbe

201 3263 305 3304 nec
339 3249 410 3305 ab
438 3265 504 3306 eo
535 3251 678 3322 quod
727 3251 976 3310 Christus
1023 3253 1284 3324 magister
1324 3262 1379 3309 et
1429 3256 1686 3326 praecepit
1737 3262 1868 3329 et“
1897 3264 2054 3309 terra:
2085 3253 2235 3329 (Isa.
2277 3255 2362 3327 ιι).
2395 3255 2623 3323 Quando
2676 3255 2806 3310 dicit
2849 3254 3156 3325 Lypﬁanus
3203 3253 3348 3324 quod
3393 3252 3485 3308 illa

201 3343 385 3416 gessit
406 3344 708 3426 humanam
730 3353 786 3400 et
811 3345 1077 3401 novellam
1122 3344 1523 3401 institutionem
1569 3347 1794 3413 docere,

201 3438 258 3484 et
285 3429 516 3500 reliqua.
549 3431 615 3485 Et
645 3431 842 3487 iterum
883 3433 940 3487 in
963 3434 1152 3488 eodem
1185 3451 1199 3487 :
1229 3435 1312 3489 Ab
1345 3435 1672 3505 evangelicis
1702 3451 1798 3491 au-

203 3530 314 3577 tem
339 3523 627 3594 praeceptis
656 3525 878 3580 omnino
910 3539 1018 3580 non
1058 3525 1418 3581 recedendum
1457 3541 1598 3593 esse,
1623 3537 1680 3583 et
1707 3542 1797 3582 ea-

202 3613 332 3670 dem
361 3631 482 3684 quae
512 3616 770 3687 magister
798 3616 984 3673 docuit
1012 3625 1064 3672 et
1081 3617 1234 3684 fecit,
1266 3619 1555 3689 discipulos
1575 3635 1796 3691 quoque

200 3707 502 3761 observare
549 3714 603 3762 et
650 3705 831 3764 facere
879 3707 1092 3763 debere.
1133 3707 1240 3769 Ubi
1292 3707 1592 3780 Cyprianus
1639 3712 1793 3778 dicit,

207 3817 227 3849 ι
251 3799 580 3870 evangelicae
645 3801 927 3856 veritatis»
950 3840 966 3867 ,
1013 3808 1072 3856 et
1118 3800 1174 3856 in
1218 3802 1631 3872 posterioribus,
1687 3805 1796 3860 «ab

195 3892 531 3965 evangelicis
554 3903 735 3952 autem
754 3895 1039 3966 praeceptis
1051 3895 1271 3951 omnino
1291 3913 1400 3951 non
1433 3897 1795 3953 recedendum

191 4001 338 4051 csse,
365 4004 385 4038 ι
407 3988 786 4059 evangelicam
814 3987 1118 4043 doctrinam
1155 3995 1445 4044 monstrat.
1495 3988 1597 4044 Ubi
1639 3989 1794 4056 dicit,

197 4095 220 4129 ε
243 4094 311 4135 ac
343 4079 646 4136 Dominicae
673 4079 995 4137 eruditioru's
1039 4088 1224 4136 tenere
1257 4082 1546 4144 rationem,
1568 4100 1589 4134 ι
1639 4089 1697 4138 et
1735 4081 1794 4136 in

195 4169 578 4239 sequentibus,
616 4187 636 4222 ‹
656 4171 848 4225 eadem
869 4186 990 4241 qua
1012 4172 1274 4243 magister
1303 4172 1485 4228 docuit
1511 4180 1566 4228 et
1593 4171 1744 4238 fecit,
1766 4192 1786 4225 ι

194 4255 544 4314 Dominicam
592 4258 1008 4320 institutionem.
1053 4260 1173 4328 Qua
1215 4261 1441 4317 audacia
1481 4261 1794 4318 intrandum

195 4349 270 4404 sit
290 4349 368 4404 ad
392 4350 694 4406 orationem
728 4349 1090 4418 Dominicam,
1123 4351 1556 4409 demonstratum
1583 4363 1689 4419 est,
1739 4353 1794 4409 id

193 4451 304 4508 est,
339 4451 632 4514 postquam
658 4452 924 4516 praecepta
953 4444 1232 4512 salutaria,
1258 4448 1313 4501 Id
1350 4453 1452 4510 est,
1480 4447 1793 4518 evangelica

195 4535 587 4591 mundaverint
612 4550 707 4592 cor
726 4545 990 4600 nostrum,
1023 4544 1078 4591 et
1103 4537 1461 4593 formaverint
1486 4539 1671 4594 divina
1710 4539 1793 4594 in-

1817 3305 1870 3370 (Ξ

1901 3361 2009 3400 una
2036 3346 2296 3414 petitione
2321 3345 2575 3400 conclusa
2614 3345 2685 3401 sit
2731 3344 2909 3398 omnis
2955 3342 3130 3397 oratio
3177 3350 3386 3406 nostra,
3433 3341 3489 3397 id

1901 3444 2006 3501 est,
2037 3435 2144 3490 Sed
2174 3435 2338 3489 libera
2365 3449 2458 3488 nos
2481 3452 2512 3488 α
2539 3434 2701 3500 malo,
2730 3434 2786 3488 in
2841 3446 2907 3488 co
2951 3447 3240 3503 possumus
3292 3431 3491 3488 intelli-

1900 3543 2030 3600 gere
2062 3543 2222 3599 posse
2256 3527 2554 3599 signi'llcari
2579 3542 2682 3598 per
2703 3526 2865 3583 tinem
2889 3525 3154 3581 orationis
3175 3525 3336 3580 linem
3389 3540 3488 3580 no-

1895 3628 2026 3676 strae
2060 3619 2472 3690 persecutionis.
2507 3618 2754 3689 Sequens
2785 3617 2964 3673 oratio
2985 3616 3255 3688 expositio
3289 3625 3373 3672 est
3397 3631 3491 3674 no-

1899 3718 2140 3773 vissimae
2165 3717 2463 3788 petitionis.
2488 3716 2586 3771 llla
2615 3715 2764 3781 dicit,
2805 3713 2910 3770 Sed
2952 3713 3115 3768 libera
3145 3730 3237 3768 nos
3269 3730 3301 3767 a
3324 3711 3484 3778 malo,

1895 3811 2007 3867 ista
2045 3810 2178 3866 dicit
2205 3825 2238 3864 a
2267 3810 2461 3880 quibus
2503 3807 2685 3874 malis,
2737 3805 2946 3862 scilicet
2985 3803 3300 3876 praeteritis,
3344 3817 3486 3874 pra:-

1899 3903 2163 3969 sentibus,
2189 3911 2246 3958 et
2284 3901 2500 3965 futuris,
2547 3909 2604 3956 et
2644 3907 2705 3954 ut
2747 3913 2854 3955 non
2903 3897 2976 3954 sit
3023 3897 3213 3953 domus
3262 3909 3483 3960 vacans,
3569 3903 3578 3912 '

1898 4004 2154 4068 precatur
2188 4010 2295 4064 pax
2325 4009 2355 4049 a
2388 3993 2501 4049 Deo
2540 3989 2999 4048 intercedentibus
3037 3989 3259 4044 sanctis.
3311 3987 3483 4057 Igitur

1898 4089 2147 4145 mbditur
2173 4104 2186 4140 :
2211 4086 2280 4140 Et
2307 4086 2376 4140 da
2404 4101 2584 4156 pacem
2608 4085 2665 4138 in
2691 4083 2870 4137 diebus
2907 4082 3120 4136 nostris.
3173 4077 3332 4134 Nulla
3378 4093 3485 4147 pax

1897 4181 2070 4236 tutior
2091 4193 2253 4248 quam
2291 4177 2512 4232 obedire
2553 4175 2767 4230 Domini
2817 4173 3120 4243 praeceptis,
3157 4169 3427 4225 declinare
3454 4182 3485 4220 a

1895 4273 2062 4336 malo,
2085 4279 2141 4325 et
2165 4269 2346 4325 facere
2372 4269 2597 4323 bonum.
2627 4265 2754 4320 lnde
2798 4263 2930 4318 dicit
2969 4261 3241 4331 Propheta
3270 4277 3282 4312 :
3314 4255 3485 4311 Decli-

1897 4379 1967 4418 na
1995 4379 2028 4418 α
2055 4362 2218 4427 malo,
2249 4369 2298 4414 et
2321 4359 2404 4428 fac
2425 4359 2614 4413 bonum
2639 4355 2756 4429 (Ps.
2782 4354 3003 4426 xxxvi).
3035 4353 3104 4408 Et
3144 4349 3434 4422 Apostolus
3459 4368 3473 4403 :

1899 4455 2146 4510 0dientes
2177 4452 2397 4517 malum,
2428 4449 2751 4504 adkcrentes
2776 4447 2907 4501 bono
2954 4444 3146 4517 (Rom.
3189 4442 3324 4514 xu).
3365 4441 3478 4496 Rc-

1893 4545 2061 4616 plicat
2081 4547 2138 4600 in
2183 4542 2535 4614 sequentibus
2571 4540 2819 4596 eamdem
2870 4537 3193 4592 orationem.
3249 4534 3372 4590 Non
3424 4548 3483 4590 se

196 4629 415 4723 stituta,
447 4643 567 4698 quae
589 4626 817 4685 dicimus
836 4629 893 4684 in
918 4629 1038 4686 loco
1077 4630 1172 4686 ubi
1223 4630 1486 4701 scriptum
1531 4640 1636 4697 est,
1674 4632 1794 4698 ,Αο-
1816 4661 1873 4723 D
1897 4639 2119 4698 conﬁdit
2142 4638 2254 4694 suis
2276 4635 2486 4692 meritis
2505 4634 2610 4689 hoc
2630 4633 2746 4704 ipse
2771 4631 3066 4723 impetrare
3104 4627 3245 4700 apud

195 4722 400 4792 cipiens
433 4738 619 4790 panem
646 4723 704 4776 in
724 4734 939 4779 sanctas
965 4742 1030 4778 ac
1058 4725 1371 4780 venerabiles
1409 4743 1598 4781 manus
1642 4743 1792 4799 sum,

195 4826 253 4873 et
281 4815 520 4887 reliqua,
551 4815 811 4870 audemus
834 4817 1038 4872 intrare
1086 4819 1156 4872 ad
1201 4819 1503 4876 orationem
1545 4821 1792 4878 Domini-

189 4928 343 4969 camt
370 4910 476 4968 Ubi
497 4911 794 4966 notanda
815 4910 963 4980 quod
995 4926 1105 4966 non
1135 4920 1224 4966 est
1249 4923 1677 4984 prmsumpwose
1711 4916 1796 4972 in.

199 5003 463 5060 trandum
489 5002 558 5057 ad
579 5017 725 5067 eum,
753 5001 855 5057 sed
874 5017 1005 5056 cum
1027 5002 1341 5058 reverentia
1365 5011 1420 5057 et
1445 5017 1640 5058 sereno
1677 5020 1796 5060 eor-

198 5097 286 5150 de.
311 5096 378 5150 In
410 5093 786 5150 recordatione
808 5092 1058 5163 septimae
1099 5092 1230 5158 diei,
1281 5091 1497 5162 quando
1539 5093 1792 5151 Christus

197 5186 411 5258 quievit
461 5185 517 5239 in
561 5184 829 5254 sepulcro,
877 5184 1061 5255 agitur
1099 5183 1385 5240 Dominica
1429 5186 1632 5254 oratio,
1669 5203 1790 5258 qua

195 5287 414 5349 septeni
452 5276 742 5346 petitiones
787 5275 1050 5339 continet,
1081 5275 1137 5330 in
1187 5291 1297 5345 quo
1333 5278 1570 5347 septimo
1599 5279 1687 5334 die
1715 5279 1790 5336 la-

198 5373 476 5428 borabant
502 5369 731 5440 apostoli
756 5368 982 5424 tristitia
1019 5384 1086 5424 ac
1127 5377 1275 5425 metu
1323 5368 1651 5428 Judaei-um.
1692 5373 1786 5440 Et,

200 5467 255 5520 ni
289 5465 473 5529 fallor,
496 5463 691 5518 orabat
713 5470 782 5517 ut
811 5461 1189 5517 liberarentur
1218 5478 1249 5516 a
1281 5463 1445 5527 malo,
1493 5471 1550 5519 et
1591 5479 1785 5521 cum

203 5562 314 5617 cuti
336 5567 464 5616 suut
488 5559 634 5629 quod
657 5558 854 5613 orabat
881 5558 1279 5614 resurrectione
1313 5557 1550 5614 Domini.
1577 5558 1791 5616 Orat-et

200 5672 351 5716 nunc
401 5664 593 5712 sancta
620 5653 862 5710 Ecclesia
887 5651 1044 5722 quasi
1072 5652 1127 5706 in
1161 5653 1391 5722 septima
1425 5653 1538 5718 die,
1573 5653 1791 5722 quando

200 5755 319 5826 iam
345 5748 748 5820 quiescentibus
767 5744 1051 5802 animabus
1073 5753 1412 5810 sanctorum,
1447 5743 1613 5798 instat
1652 5741 1792 5812 jeju-

199 5844 412 5907 nando,
441 5841 730 5913 vigilando,
751 5839 978 5904 orando,
1001 5836 1264 5894 certando
1284 5836 1341 5891 in
1382 5834 1669 5897 cbaritate,
1721 5849 1790 5889 ne

194 5939 568 6003 ιὼηιιψεωι·
581 5930 1034 6003 μήοωετδυδιιι
1053 5927 1248 5986 mundi
1267 5942 1305 5983 a
1339 5941 1443 5997 spe
1479 5924 1788 5982 caelestium

1899 4733 2240 4802 Quapropter
2267 4728 2419 4793 dicit,
2465 4734 2524 4780 ut
2553 4739 2648 4796 ape
2693 4721 3068 4778 misericordia
3115 4729 3221 4775 tute
3271 4717 3482 4787 adjuti;

1898 4839 1964 4879 ac
1998 4822 2195 4878 deinde
2227 4819 2413 4875 subdit
2445 4817 2705 4887 apertius,
2729 4830 2761 4868 a
2781 4815 2977 4883 quibus
3023 4811 3183 4865 malis
3227 4815 3482 4880 precetur

1891 4917 2034 4982 erui,
2081 4914 2354 4976 videlicet,
2403 4920 2464 4963 ut
2491 4927 2524 4963 a
2549 4915 2761 4978 peccato
2809 4906 2974 4959 simus
3028 4901 3198 4967 liberi,
3225 4907 3282 4956 et
3317 4913 3480 4970 quam

1872 5008 2085 5083 “pacein
2111 5012 2383 5078 precetur,
2416 5000 2597 5056 subdit
2621 4999 2846 5062 iterum,
2882 5005 2929 5051 et
2952 4994 3017 5049 ab
3039 4991 3179 5048 omni
3208 4990 3482 5063 perturba-

1885 5106 2036 5157 tione
2061 5099 2250 5154 securi.
2289 5096 2440 5162 Quod
2481 5106 2588 5148 non
2637 5097 2816 5162 potest
2853 5090 2992 5156 ﬁeri,
3041 5085 3148 5142 nisi
3195 5085 3480 5141 studeatur

1885 5191 2204 5248 virtutibus.
2230 5187 2304 5244 Ut
2322 5187 2578 5252 diximus,
2609 5183 2744 5239 nihil
2773 5183 2918 5238 aliud
2947 5179 3192 5236 continet
3220 5189 3476 5242 sequens,

1886 5284 2002 5341 nisi
2057 5291 2117 5337 ut
2164 5287 2398 5352 exponat
2443 5283 2800 5333 muneratam
2859 5271 3194 5344 petitionem.
3241 5267 3479 5322 Possunt

1897 5386 2009 5433 tres
2050 5373 2260 5430 articuli
2313 5371 2593 5444 prmsentis
2645 5367 2905 5423 orationis
2953 5363 3191 5434 coaptari
3245 5359 3474 5429 tempori

1895 5467 2160 5522 triduana:
2211 5463 2499 5534 sepultura:
2543 5459 2776 5515 Domini.
2806 5458 2885 5513 Ac
2909 5457 3029 5512 ideo
3060 5455 3162 5509 hoc
3196 5451 3369 5507 solum
3408 5450 3474 5504 de

1879 5561 2057 5616 «missa
2086 5573 2243 5630 posse
2265 5555 2491 5624 intelligi
2515 5552 2777 5609 celebrati
2801 5551 2857 5606 in
2896 5551 3195 5606 Parasceve
3228 5561 3332 5618 pro
3375 5543 3471 5602 tri-

1883 5652 1990 5709 bus
2017 5648 2420 5709 continentibus
2453 5645 2641 5703 diebus
2667 5643 2976 5716 sepulturae.

2597 5867 2753 5896 Ἠ
