3978 6508
196 452 320 532 “.55
351 477 365 524 ,κ

915 445 1003 503 DE
1041 446 1590 504 ECCLESIASTICIS
1628 445 1916 505 OFFICIIS
1948 448 2128 506 LIBRI
2165 449 2254 506 IV.
2294 480 2363 490 —
2401 451 2528 506 LIB.
2569 452 2651 508 III.

3246 459 3480 521 ,11541

190 561 511 638 Innocentius
537 559 603 616 de
630 558 705 616 'ea
752 559 942 616 scribit
974 562 1041 617 ad
1083 561 1400 616 Decentium
1432 560 1742 630 episcopum
1768 561 1824 623 Α
1846 560 2091 636 utrisque
2119 561 2211 617 dat
2237 568 2418 631 aptum
2449 562 2735 618 consilium
2763 561 2822 617 S.
2861 564 3195 635 Augustinus
3233 569 3301 623 ad
3342 571 3425 624 in-
3476 595 3486 613 ι

188 652 622 726 inDecretalibus
648 652 827 722 primo
855 653 1091 722 capitulo
1120 650 1318 723 (Grat.,
1359 651 1485 705 dist.
1513 667 1590 717 ιι,
1619 667 1734 720 cap.

189 751 264 814 Si,
301 757 346 802 et
366 747 428 801 de
455 744 698 809 Causea,
731 746 856 799 dist.
887 763 1004 816 cap.
1032 735 1278 816 Pacem),
1301 753 1522 814 propter
1558 751 1743 799 aucto-

184 843 384 895 ritatem
411 837 547 891 tanti
576 836 674 890 viri
703 854 715 889 :
744 836 940 890 Pacem
966 836 1131 906 igitur
1166 836 1366 890 asscris
1404 843 1531 890 ante
1559 833 1743 890 confc—

181 944 258 988 cta
284 931 535 1003 mysteria
564 931 828 1001 quosdam
861 930 1072 1000 populis
1101 929 1394 999 imperare,
1422 928 1506 984 vel
1534 929 1636 985 sibi
1666 929 1746 984 in-

179 1023 338 1076 vicem
365 1020 673 1075 sacerdotes
691 1019 925 1085 tradere,
950 1035 1072 1075 cum
1093 1027 1216 1088 post
1242 1019 1442 1086 omnia,
1471 1033 1590 1088 qua:
1612 1035 1742 1090 ape-

179 1112 277 1165 rire
315 1125 418 1164 non
455 1110 646 1174 debeo,
694 1124 796 1179 pax
844 1109 915 1163 sit
949 1109 1256 1190 necessaria
1303 1109 1612 1183 indicendo,
1645 1125 1744 1179 per

177 1218 327 1274 quam
367 1187 868 1274 constet‘populum
915 1203 982 1257 ad
1015 1187 1198 1258 omnia
1237 1218 1357 1272 quae
1385 1203 1438 1257 in
1467 1202 1742 1274 mysteriis

176 1309 415 1368 aguntur,
451 1293 615 1367 atque
653 1293 981 1353 in'ecclesia
1026 1296 1398 1361 celebrantur,
1447 1297 1743 1366 praebuisse
1799 1358 1804 1365 ,

175 1404 517 1455 consensum,
543 1405 607 1444 ac
638 1388 788 1444 ﬁnita
821 1404 941 1445 esse
977 1389 1130 1459 pacis
1165 1387 1542 1443 concludentis
1562 1389 1744 1458 signa-
1801 1425 1805 1454 ε

170 1481 284 1537 culo
313 1483 766 1538 demonstrentur.
796 1481 1170 1552 Interrogatus
1200 1497 1318 1536 sum
1360 1481 1429 1537 ab
1472 1481 1743 1552 aliquibus

171 1586 332 1642 quare
358 1586 465 1626 non
499 1571 731 1626 invicem
754 1571 1044 1643 porrigant
1073 1570 1178 1626 sibi
1215 1570 1399 1626 oscula
1441 1571 1545 1625 viri
1567 1580 1625 1642 et
1654 1569 1739 1627 fe-
1798 1625 1804 1635 ,

1801 1702 1808 1730 ί
1845 1658 2050 1738 ceperit
2081 1659 2390 1739 Dominum,
2419 1657 2556 1722 alter
2585 1659 2804 1725 dixerit,
2832 1659 3113 1739 Nonsum
3154 1659 3342 1728 dignus
3369 1668 3426 1712 ut

166 1651 326 1717 minae
370 1661 624 1743 inuoﬂicio
670 1663 887 1719 missae?
935 1663 1142 1731 Quibus
1173 1656 1422 1734 quamvis
1466 1673 1597 1719 tunc
1635 1679 1742 1720 non

166 1754 546 1824 responderem
572 1797 587 1822 ,
643 1755 1078 1825 respondendum
1119 1772 1267 1812 nunc
1316 1756 1433 1811 fore
1480 1755 1738 1811 arbitror.
1797 1778 1805 1821 ;

165 1841 421 1898 Carnales
446 1843 748 1914 amplexus,
774 1845 970 1915 quibus
989 1845 1294 1916 junguntur
1318 1845 1616 1915 saepissime
1639 1844 1742 1898 viri

1800 709 1807 715 ,
1845 652 2190 721 quisitionem
2238 652 2473 707 Januarii
2525 654 2590 708 de
2625 653 2813 708 eadem
2850 669 2911 708 re
2949 654 3072 727 (Ep.
3117 657 3241 728 118)
3278 658 3425 713 :Re-

1844 746 2276 815 ctius,‘inquit,
2317 745 2469 806 inter
2507 760 2601 800 eos
2648 744 2876 800 fortasse
2910 747 3177 816 quispiam
3219 748 3427 803 dirimit

1800 882 1806 897 ,
1844 836 2012 900 litem,
2043 837 2135 906 qui
2172 845 2355 891 monet
2399 845 2459 890 ut
2494 836 2770 906 praecipue
2805 836 2860 890 in
2887 835 3274 908 Christipace
3303 855 3426 909 per-

1844 936 2120 981 maneant.
2152 927 2253 998 (De
2295 943 2526 982 consecr.
2557 927 2682 981 dist.
2715 926 2768 993 2,
2820 943 2889 991 c._
2914 927 3202 1000 Quotidie.)
3237 929 3428 1003 Faciat
3479 987 3484 994 _

1796 1071 1807 1090 ί
1846 1027 2027 1072 autem
2058 1019 2430 1088 unusquisque
2460 1020 2601 1088 quod
2641 1018 2934 1074 secundum
2962 1020 3122 1076 ﬁdem
3151 1037 3304 1077 suam
3334 1025 3423 1092 pie
3479 1063 3484 1086 .-

1800 1165 1807 1178 ,
1845 1111 2021 1165 credit
2040 1126 2161 1166 esse
2181 1111 2510 1167 faciendum.
2536 1110 2741 1166 Neuter
2759 1113 2906 1167 enim
2929 1097 3115 1169 eorum
3131 1117 3426 1171 exhorreat
3487 1167 3489 1170 .

1844 1217 2041 1273 corpus
2075 1198 2130 1258 et
2152 1203 2470 1274 sanguinem
2507 1203 2744 1269 Domini,
2776 1204 2868 1259 sed
2891 1205 3312 1261 saluberrimum
3339 1223 3426 1262 sa-

1845 1303 2182 1348 cramentum
2238 1294 2818 1371 certatimhonorare.
2861 1296 3176 1351 contendat.
3241 1297 3427 1367 Neque

1845 1386 1990 1440 enim
2049 1385 2396 1456 litigaverunt
2445 1386 2588 1440 inter
2627 1401 2705 1452 se,
2761 1396 2855 1440 aut
2909 1375 3194 1457 quisquam
3236 1403 3423 1442 eorum
3486 1445 3490 1451 λ

1845 1491 1905 1531 se
1939 1475 2097 1530 alteri
2132 1477 2442 1546 praeposuit,
2481 1476 2741 1532 Zachzens
2777 1486 2833 1532 et
2863 1477 2952 1532 ille
2991 1478 3241 1532 centurio
3269 1476 3422 1548 (Luc.
3477 1535 3487 1547 ι

1844 1566 1983 1638 11x),
2011 1583 2132 1621 cum
2157 1567 2292 1622 alter
2308 1582 2494 1623 eorum
2527 1568 2766 1639 gaudens
2797 1584 2849 1622 in
2875 1569 3093 1624 domum
3124 1583 3275 1622 suam
3308 1583 3428 1622 sus-
3485 1633 3487 1638 η

1844 1747 1941 1802 sub
1973 1733 2164 1802 tectum
2200 1737 2368 1802 meum
2405 1749 2564 1803 intres
2599 1748 2816 1816 (Matth.
2851 1733 2993 1822 VIII).
3025 1750 3199 1805 Ambo
3238 1751 3426 1804 Salva-
3483 1811 3491 1824 ,

1844 1847 2018 1894 torem
2076 1838 2499 1894 honoriﬁcantes
2540 1827 2764 1894 diverso
2823 1849 2878 1895 et
2926 1841 3080 1910 quasi
3144 1842 3421 1897 contrario
3485 1905 3488 1914 ‘
3537 1901 3543 1908 ,

162 1942 217 1988 et
254 1933 492 2002 feminae,
523 1936 732 1992 vitandi
779 1945 906 1992 sunt
947 1939 1002 1992 in
1040 1938 1287 1994 ecclesiae
1331 1947 1622 1994 conventu.
1659 1939 1739 1994 Ac
1768 1931 1816 1991 B
1845 1931 2030 1997 modo,
2069 1931 2229 1987 ambo
2269 1931 2508 2000 peccatis
2545 1931 2754 1999 miseri,
2784 1932 2945 1987 ambo
2990 1933 3423 1989 misericordiam
3478 1997 3489 2011 ι

161 2029 286 2084 ideo
327 2040 745 2100 sequestrantur
783 2034 888 2088 viri
919 2042 973 2111 et
1004 2033 1220 2090 feminae
1262 2035 1316 2090 in
1346 2025 1598 2108 ecclesia,
1632 2052 1742 2092 non
1800 2083 1807 2098 ,

157 2122 334 2178 solum
374 2125 444 2178 ab
473 2125 662 2180 osculo
700 2125 925 2189 carnali,
958 2127 1051 2182 sed
1097 2127 1261 2181 etiam
1289 2127 1396 2182 situ
1440 2127 1617 2182 locali.
1655 2127 1740 2182 Ab
1798 2186 1804 2194 ,

157 2214 243 2269 his
282 2215 534 2283 personis
569 2217 767 2270 dantur
812 2216 998 2271 oscula
1029 2226 1218 2272 mutua
1263 2219 1318 2272 in
1364 2217 1616 2283 ecclesia,
1648 2220 1741 2289 qui
1801 2276 1807 2284 ,

155 2305 358 2382 nullam
402 2306 765 2363 titillationem
802 2307 1106 2365 libidinosa:
1149 2310 1513 2382 suggestionis
1541 2321 1742 2384 cogunt
1803 2367 1809 2375 ,
1844 2305 2017 2354 ειοιιιε
2066 2305 2284 2369 indigne
2320 2305 2451 2354 (ιίοίῐ
2490 2308 2740 2386 ίῖοοθβῐιηξ

807 2395 810 2400 “
1801 2447 1805 2461 τ
1845 2391 2228 2464 discernchant
2253 2391 2536 2469 acarteris
2566 2392 2703 2446 cibis
2749 2393 3099 2447 veneratione
3135 2393 3427 2464 singulari-
3485 2437 3492 2464 ε

156 2398 414 2453 excitare.
581 2438 586 2442 α
753 2435 758 2439 λ

225 2470 229 2473 ’
688 2470 917 2528 CAPUT
957 2471 1195 2528 XXXIII.

734 2562 813 2617 De
834 2563 1021 2635 Agnus
1048 2564 1164 2619 Dei.

225 2654 455 2726 Sergius
480 2669 619 2726 papa
653 2655 937 2710 constituit
963 2663 1022 2709 ut
1049 2656 1232 2726 Agnus
1271 2655 1368 2711 Dei
1394 2665 1735 2724 cantaretur,

152 2732 293 2805 sicut
316 2737 600 2821 ,scriptum
641 2757 726 2805 est
761 2749 816 2804 in
844 2748 1026 2804 Gestis
1055 2749 1477 2827 pontiﬁcalibus.
1504 2749 1605 2806 Hic
1631 2760 1746 2806 stac

151 2843 252 2898 tuit
304 2829 392 2897 ut'
426 2850 673 2913 tempore
720 2828 1111 2898 contractionis
1168 2842 1439 2898 Dominici
1493 2842 1741 2914 corporis

148 2936 330 3006 Agnus
361 2935 465 2991 Dei
497 2950 529 2989 a
549 2934 696 2991 clero
724 2943 780 2992 et
809 2935 1006 3007 populo
1045 2937 1382 2992 decantetur.
1415 2937 1740 3008 Deprecatio

147 3035 230 3084 est
261 3044 367 3100 pro
405 3028 627 3100 populo,
659 3029 753 3098 qui
799 3037 1113 3099 sumpturus
1148 3037 1234 3085 est
1261 3044 1459 3099 corpus
1499 3029 1736 3094 Domini,

1847 2013 2321 2078 consecuti.'ldem
2363 2021 2586 2090 exponit
2612 2021 2855 2090 Apostoli
2885 2023 3109 2089 dictum,
3145 2015 3248 2088 Qui
3290 2025 3427 2076 enim

1846 2115 2131 2169 manducat
2163 2123 2209 2168 et
2236 2115 2362 2168 bibit
2387 2115 2616 2185 indigne,
2639 2115 2904 2184 judicium
2945 2117 3044 2171 sibi
3067 2118 3350 2172 manducat
3378 2127 3429 2172 et

1846 2208 1969 2261 bibit
1996 2207 2047 2280 (Ι
2067 2206 2189 2262 Cor.
2216 2208 2316 2279 λι).
2340 2207 2396 2261 In
2421 2209 2770 2278 sequentibus
2794 2209 2895 2286 ita;
2916 2209 3044 2286 Inde
3066 2211 3264 2286 etenim
3290 2210 3430 2282 Apo-

1844 2299 2017 2354 stolus
2066 2299 2284 2369 indigne
2320 2299 2451 2354 dicit
2490 2308 2775 2369 acceptum
2819 2284 2889 2358 ab.
2924 2284 3004 2357 eis
3042 2284 3284 2375 quihoc
3316 2319 3426 2358 non
3481 2364 3491 2374 I

1843 2492 1929 2538 ter
1950 2471 2148 2538 debita.
2183 2466 2450 2537 Continuo
2479 2483 2696 2554 quippe,
2737 2499 2860 2538 cum
2891 2484 3140 2550 dixisset,
3159 2485 3428 2554 judicium

1843 2575 1943 2628 sibi
1970 2575 2254 2628 manducat
2283 2584 2331 2628 et
2363 2574 2511 2640 bibit,
2545 2575 2751 2630 addidit
2796 2575 3113 2658 utdiceret,
3145 2592 3249 2630 non
3286 2576 3428 2646 diju-
3483 2640 3492 2652 λ

1843 2668 2027 2722 dicans
2055 2685 2244 2739 corpus
2267 2669 2501 2722 Domini.
2538 2668 2609 2725 Ut
2643 2666 2890 2737 ajejunis
2916 2652 3259 2738 suscipiatur,
3285 2670 3427 2724 idem
3483 2730 3487 2735 ,

1799 2798 1805 2808 .
1845 2758 1976 2815 dicit
2017 2759 2072 2814 in
2104 2761 2309 2840 eodem
2351 2760 2527 2817 libro:
2555 2759 2801 2831 Namque
2845 2759 3096 2835 Salvator
3127 2777 3234 2831 quo
3261 2762 3428 2817 vehe-
3485 2806 3493 2814 .

1803 2851 2081 2936 .mentius
2127 2854 2533 2932 commendaret
2576 2855 2824 2926 mysterii
2880 2855 3025 2909 illius
3061 2855 3422 2919 altitudinem,

1801 2994 1806 3002 .
1843 2944 2092 2999 ultimum
2130 2944 2232 2998 hoc
2267 2943 2436 3022 voluit
2482 2944 2718 3023 infigere,
2755 2945 3011 3000 cordibus
3052 2954 3108 3000 et
3153 2945 3429 3020 memoriae
3486 3004 3494 3014 ,

1844 3038 2232 3108 discipulorum
2281 3053 2318 3118 ai
2360 3018 2556 3107 quibus
2609 3036 2677 3091 ad
2714 3019 3036 3106 passionem
3083 3018 3430 3108 digressurus
3485 3097 3492 3108 ,

146 3129 206 3174 ut
226 3107 615 3196 misericordia
653 3120 958 3176 innocentis
997 3120 1144 3190 agni,
1182 3128 1410 3192 peccata
1451 3120 1738 3175 subitanea

1840 3107 1991 3185 erat.
2013 3129 2082 3184 Et
2119 3130 2242 3184 ideo
2272 3114 2379 3184 non
2409 3130 2666 3200 praecepit
2703 3145 2810 3198 quo
2832 3129 3090 3200 deinceps
3123 3107 3312 3185 ordine
3337 3145 3428 3184 su-

147 3219 201 3266 et
229 3212 507 3267 irruentia
535 3204 872 3279 auferantur,
903 3200 1112 3294 scilicet
1131 3208 1741 3290 cogitationunrverbo-

1841 3206 2107 3289 meretur,
2133 3231 2192 3276 ut
2222 3207 2501 3292 apostolis,
2535 3237 2633 3292 per
2666 3209 3098 3296 quoseCclesias
3129 3207 3427 3293 dispositu-

145 3319 408 3375 rumque,
439 3312 496 3359 et
525 3305 666 3360 sicut
693 3305 945 3376 passione
970 3289 1068 3360 sua
1097 3287 1264 3359 totius
1293 3303 1481 3358 mundi
1511 3302 1634 3358 tulit
1660 3303 1737 3359 of-

1843 3331 1938 3371 rus
1970 3325 2110 3379 erat,
2141 3324 2383 3370 servaret
2412 3315 2557 3369 hunc
2583 3296 2786 3391 locum.
2818 3313 2952 3368 Nam
2990 3316 3033 3368 si
3059 3316 3162 3368 hoc
3191 3314 3280 3368 ille
3307 3331 3424 3368 mo-

142 3393 317 3459 fensa,
368 3396 449 3450 ita
487 3403 545 3450 et
586 3411 730 3450 nunc
764 3395 1042 3460 Ecclesiae,
1093 3410 1214 3466 quae
1251 3410 1374 3450 eum
1418 3405 1740 3464 susceptura

138 3497 225 3544 est
260 3505 368 3559 per
397 3489 824 3543 Eucharistiam.
870 3489 1183 3559 Antiphona
1232 3502 1491 3557 sequens,
1537 3488 1588 3542 id
1629 3495 1739 3553 est,

137 3599 248 3639 vox
285 3565 598 3653 reciproca,
641 3582 765 3653 jura
805 3581 1166 3638 fraternitatis
1197 3582 1456 3648 ostendit,
1489 3589 1550 3636 ut
1577 3598 1742 3636 unus-

142 3675 394 3744 quisque
421 3671 648 3728 alterius
667 3672 888 3727 utilitati
917 3673 1154 3739 studeat,
1184 3682 1239 3727 et
1265 3687 1562 3743 provocare
1586 3681 1742 3728 curet

135 3762 220 3819 ad
246 3763 458 3834 gaudia
485 3763 921 3819 resurrectionis.
949 3748 1117 3832 Quem
1145 3773 1327 3836 typum
1351 3765 1645 3835 gesserunt
1664 3765 1742 3820 illi

132 3858 250 3912 duo
278 3855 380 3926 qui
419 3853 713 3933 Dominum
761 3868 1131 3926 cognoverunt
1182 3859 1233 3912 in
1269 3857 1536 3915 fractione
1562 3860 1739 3930 panis,

133 3956 192 4003 et
221 3947 384 4003 illico
416 3957 776 4016 perrexerunt
799 3949 1161 4017 Hierusalem,
1201 3959 1248 4004 et
1273 3951 1578 4006 invenerunt
1619 3968 1746 4006 con-

131 4036 680 4113 gregatosundecim,
709 4050 758 4095 et
780 4058 868 4096 eos
896 4043 984 4114 qui
1016 4059 1133 4095 cum
1167 4043 1294 4114 ipsis
1319 4053 1468 4097 erant
1492 4044 1741 4110 dicentes,

135 4130 300 4198 Quia
323 4131 574 4213 surrexit.
593 4131 852 4187 Dominus
888 4149 1022 4199 vere,
1050 4143 1098 4187 et
1136 4135 1382 4205 apparuit
1419 4133 1667 4190 Simoni:
1697 4145 1745 4189 et

132 4219 242 4295 ipsi
282 4223 592 4278 narrabant
626 4241 743 4295 qua:
785 4235 936 4280 erant
965 4235 1109 4296 gesta
1155 4227 1350 4293 invia,
1395 4236 1444 4282 et
1482 4229 1743 4298 quomodo
1789 4227 1792 4229 Α

128 4308 512 4388 cognoverunt
557 4332 698 4382 eum,
727 4317 783 4370 in
809 4316 1067 4386 fractione
1096 4319 1248 4388 panis
1274 4317 1424 4390 (Luc.
1458 4318 1630 4392 xxxv).
1665 4318 1744 4373 llli
1809 4313 1812 4316 ’

128 4421 391 4477 namque
417 4415 780 4462 cantaverunt
797 4408 1176 4481 .antiphonam,
1205 4410 1445 4466 vicissim
1474 4407 1747 4468 narrando
1789 4407 1812 4460 o'

129 4499 200 4554 de
226 4497 656 4554 resurrectione
687 4499 919 4553 Domini.

692 4609 921 4667 CAPUT
957 4609 1198 4669 XXXIV.

421 4759 425 4762 ν
581 4761 596 4771 ο
697 4699 775 4754 De
808 4698 1172 4758 Eucharistia.

198 4787 576 4850 Eucharistia
636 4790 897 4845 sumenda
949 4801 1033 4848 est
1085 4802 1210 4864 post
1263 4781 1527 4851 osculum
1567 4797 1740 4868 pacis.

128 4885 296 4940 Sicut
322 4877 331 4886 “
357 4893 511 4937 unus
549 4878 708 4949 panis
747 4895 936 4954 sumus
976 4882 1031 4935 in
1072 4884 1314 4950 Christo,
1368 4886 1449 4940 sic
1493 4894 1548 4940 et
1576 4903 1744 4943 unum

1803 3461 1805 3464 .
1844 3407 2074 3471 nuisset,
2093 3415 2153 3460 ut
2175 3415 2297 3476 post
2319 3408 2470 3461 cibos
2493 3405 2628 3460 alios
2650 3421 2865 3474 semper
2883 3407 3239 3475 acciperetur,
3265 3407 3428 3462 credo
3488 3459 3497 3475 ,

1844 3500 1988 3571 quod
2035 3513 2160 3553 eum
2190 3513 2398 3553 morem
2429 3511 2588 3551 nemo
2617 3497 2890 3572 variasset,
2927 3498 3249 3574 1—..Ex'quo
3281 3507 3421 3552 tem-
3488 3542 3496 3563 ,

1803 3571 1808 3578 ’
1842 3607 1976 3663 pore
2003 3575 2196 3646 debeat
2239 3606 2296 3645 se
2325 3588 2668 3664 'sanctilicare
2690 3590 2891 3662 ,homo.
2912 3590 2979 3644 ad
3001 3571 3422 3659 perceptionem

1805 3719 1810 3725 -
1847 3684 1983 3740 tanti
2013 3665 2277 3748 muneris,
2315 3690 2470 3737 vetus
2506 3681 2733 3737 historia
2769 3681 2946 3736 docet.
2981 3680 3122 3734 Dicit
3151 3681 3206 3734 in
3237 3680 3422 3735 Exodo
3487 3730 3492 3742 ,

1845 3779 2104 3834 Dominus
2127 3777 2295 3850 Moysi
2321 3796 2332 3831 :
2368 3775 2512 3831 Vade
2537 3777 2607 3830 ad
2635 3776 2910 3848 populum,
2933 3786 2979 3830 et
3002 3775 3283 3844 sanctiﬁca.
3305 3774 3424 3828 illos

1804 3854 1814 3950 ι’
1844 3871 1999 3924 hodie
2027 3879 2075 3924 et
2115 3886 2230 3923 cras
2265 3867 2536 3939 laventque
2564 3869 2863 3924 vestimenta
2889 3885 3008 3933 sua,
3038 3868 3219 3944 etsint
3247 3868 3424 3938 parati
3483 3923 3494 3933 ,

1845 3961 1914 4016 ad
1943 3962 2336 4038 diem_tertium.
2368 3960 2434 4014 In
2467 3961 2552 4014 die
2578 3961 2728 4036 enim
2754 3961 2905 4014 tertio
2939 3959 3213 4038 descendet
3239 3957 3422 4012 Domi—
3487 4000 3493 4010 .

1847 4071 1944 4109 nus
1990 4073 2168 4109 coram
2212 4055 2352 4110 omni
2390 4054 2535 4125 plebe
2579 4072 2736 4136 super
2786 4065 3010 4110 montem
3051 4053 3184 4108 Sina
3227 4051 3424 4124 (Exod.

1806 4183 1812 4226 ξ
1845 4150 1984 4219 χιι).
2017 4150 2218 4205 Eodem
2250 4165 2476 4226 numero
2506 4150 2675 4204 David
2701 4128 2762 4204 se
2785 4157 2840 4204 et
2866 4164 3054 4203 omnes
3077 4162 3275 4217 pueros
3297 4161 3427 4200 suos
3492 4209 3494 4211 ,

1806 4289 1814 4302 ,
1848 4241 2247 4296 sanctiﬁcatum
2277 4241 2434 4306 dixit,
2461 4249 2521 4294 ut
2546 4241 2796 4295 comedat
2823 4254 2990 4308 panes
3019 4237 3423 4308 propositionis.

1846 4333 1926 4388 Ita
1956 4333 2218 4402 scriptum
2243 4341 2325 4386 est
2357 4333 2410 4385 in
2442 4331 2580 4386 libro
2613 4330 2881 4386 Samuelis
2912 4348 2924 4382 :
2961 4329 3105 4383 Dixit
3131 4327 3428 4381 Abimelech
3491 4369 3498 4383 ,

1847 4427 2134 4491 sacerdos;
2163 4424 2285 4479 Non
2329 4425 2492 4480 habeo
2533 4442 2694 4497 panes
2733 4413 3001 4492 laicosgad
3053 4408 3291 4491 manum,
3339 4422 3428 4477 sed
3490 4456 3495 4461 -

1849 4528 2051 4573 tantum
2075 4534 2262 4590 panem
2295 4527 2532 4572 sanctum
2550 4535 2569 4583 ;
2595 4519 2642 4586 si
2663 4517 2843 4572 mundi
2863 4525 2985 4570 sunt
3003 4517 3169 4588 pueri,
3201 4517 3430 4570 maxime
3491 4573 3498 4580 _

1772 4648 1826 4708 υ
1850 4628 1883 4664 a
1910 4610 2238 4664 mulieribus.
2273 4607 2342 4662 Et
2374 4609 2639 4680 respondit
2682 4608 2853 4662 David
2893 4607 3178 4680 sacerdoti,
3217 4617 3265 4661 et
3293 4608 3431 4662 dixit
3491 4637 3499 4647 ο

1850 4703 1898 4756 ei
1921 4716 1939 4754 :
1974 4701 2042 4756 Et
2070 4702 2363 4774 quidemwi
2409 4701 2471 4755 de
2512 4701 2818 4756 mulieribus
2858 4701 3033 4772 agitur
3074 4701 3432 4755 continuimus
3488 4752 3496 4760 ,

1850 4811 1944 4849 nos
1989 4795 2053 4848 ab
2083 4794 2197 4848 heri
2227 4803 2284 4866 et
2332 4794 2734 4858 nudiustertius,
2762 4793 2974 4864 quando
3007 4792 3429 4863 egrediebamur,

1802 4936 1808 4938 Ἴ
1849 4895 1897 4941 et
1925 4885 2136 4956 {uerunt
2170 4903 2296 4940 vasa
2325 4902 2608 4956 puerorum
2635 4895 2820 4938 sancta
2841 4899 2859 4934 :
2889 4900 3044 4952 porro
3070 4884 3152 4936 via
3183 4883 3294 4936 htec
3313 4880 3431 4951 pol-

126 4994 229 5035 cor
258 4977 544 5034 debemus
565 4972 784 5028 habere.
819 4970 939 5042 Ipsa
956 4969 1150 5028 unitas
1171 4983 1231 5028 ut
1257 4984 1525 5040 teneatur,
1561 4978 1748 5032 admo-
1813 5043 1818 5054 1
1851 4977 1970 5054 luta
1991 4986 2091 5043 est,
2112 4977 2203 5030 sed
2228 4985 2275 5030 et
2302 4976 2416 5045 ipsa
2441 4973 2596 5027 hodie
2624 4972 3038 5041 sanctificabitur
3060 4973 3116 5026 in
3139 4971 3300 5026 vasis.
3327 4971 3433 5024 Dc-

127 5082 303 5126 netur
334 5055 449 5139 per
470 5064 656 5121 oscula
684 5065 854 5136 pacis.
888 5063 1041 5120 Unde
1063 5063 1208 5121 Beda
1239 5065 1294 5121 in
1317 5075 1554 5121 tractatu
1583 5083 1748 5138 super
1854 5069 1926 5121 dit
1951 5052 2074 5138 ergo
2093 5054 2142 5123 ei
2167 5067 2410 5122 sacerdos
2433 5065 2820 5136 sanctiﬁcatum
2843 5081 3030 5137 panem
3054 5064 3105 5137 (I
3131 5064 3260 5135 Reg.
3288 5063 3430 5134 χχι).

125 5161 349 5218 Lucam
381 5175 400 5214 :
436 5157 520 5213 Ne
549 5157 834 5228 quisquam
871 5171 930 5212 se
950 5229 953 5231 _
975 5155 1249 5213 Christum
1278 5155 1578 5228 {agnovisse
1603 5159 1748 5214 arbi—
1817 5212 1823 5221 ,
2398 5180 2629 5238 CAPUT
2668 5181 2884 5237 xxxv.

125 5251 344 5321 tretur,
397 5253 452 5309 si
503 5251 621 5322 ejus
667 5252 912 5322 corporis
957 5253 1232 5323 particeps
1270 5269 1376 5308 non
1409 5262 1513 5320 est,
1557 5255 1611 5310 id
1639 5265 1741 5323 est,
2032 5251 2296 5323 Detparte
2341 5252 2531 5307 oblata:
2559 5270 2675 5325 qua:
2711 5262 2940 5307 remanet
2981 5254 3036 5306 in
3065 5252 3243 5308 altari.
3330 5265 3336 5312 ς

124 5349 440 5405 Ecclesia}.
477 5343 646 5415 Cujus
672 5345 938 5400 unitatem
964 5346 1017 5400 in
1044 5353 1388 5401 sacramento
1415 5347 1573 5415 panis
1601 5362 1747 5402 com-
1815 5394 1823 5422 τ
1924 5346 2193 5401 Triforme
2240 5356 2324 5402 est
2365 5363 2562 5418 corpus
2585 5347 2818 5412 Christi,
2866 5361 3067 5409 eorum,
3100 5346 3305 5401 scilicet
3333 5342 3428 5413 qui

123 5446 369 5499 mendat
390 5427 712 5509 Apostolus,
747 5439 932 5494 dicens
959 5457 971 5491 :
1002 5437 1146 5492 Unus
1168 5439 1345 5509 panis,
1369 5455 1532 5492 unum
1560 5455 1748 5509 corpus
1818 5507 1823 5512 _
1854 5449 2209 5512 gustaverunt
2235 5451 2467 5496 mortem
2495 5451 2570 5506 et,
2595 5441 2844 5496 morituri
2884 5450 3026 5495 sunt.
3071 5439 3310 5493 Primum
3341 5438 3427 5491 vi-
3493 5470 3496 5492 ς

126 5536 293 5590 multi
332 5520 617 5602 sumus(I
643 5529 765 5585 Cor.
813 5530 893 5602 x).
926 5531 1027 5585 Per
1071 5530 1470 5586 Eucharistiam
1499 5531 1749 5587 Christus
1854 5534 2068 5602 delicet,
2095 5544 2340 5591 sanctum
2372 5543 2427 5589 et
2450 5533 3052 5604 im;maculatum,quod
3090 5540 3428 5599 assumptum
3489 5575 3496 5599 ί

126 5628 185 5680 in
224 5623 404 5682 nobis
459 5623 676 5688 manet,’
700 5628 757 5675 et
781 5636 892 5696 ~nos
930 5619 985 5674 in
1029 5619 1121 5675 illo
1159 5636 1258 5690 per
1282 5630 1622 5692 assumptum
1654 5623 1751 5679 ho-
1819 5637 1940 5702 :est
1987 5643 2053 5683 ex
2104 5627 2272 5682 Maria
2312 5628 2560 5696 virgine;
2593 5628 2850 5691 alterum,
2892 5625 3035 5695 quod
3083 5623 3324 5678 ambulat
3372 5621 3429 5675 in

122 5721 374 5775 minem.
404 5717 536 5788 Ipse
567 5725 652 5771 est
691 5714 833 5770 Deus
867 5716 1037 5786 pacis,
1080 5729 1178 5786 per
1207 5732 1367 5786 quem
1400 5726 1595 5788 pacata
1626 5725 1752 5772 sunt
1820 5726 2031 5792 ,tcrra;
2069 5720 2306 5785 tertium,
2340 5724 2481 5788 quod
2506 5718 2653 5788 jacet
2691 5720 2742 5772 in
2791 5717 3073 5786 sepulcris.
3116 5715 3220 5769 Per
3253 5713 3428 5784 parti-

119 5810 403 5866 coelestia
448 5815 508 5861 et
556 5802 860 5863 terrestria".
904 5803 1050 5862 Sunt
1080 5815 1274 5863 autem
1313 5809 1456 5863 intra
1505 5819 1751 5864 sanctam
1853 5814 2032 5869 cuiam
2060 5813 2254 5868 oblatae
2298 5813 2562 5876 ImllliSSQB
2594 5814 2646 5867 in
2684 5811 2907 5866 calicem
2936 5809 3241 5865 ostenditur
3265 5805 3426 5861 Chri-
3493 5859 3496 5865 ,

124 5901 473 5972 Ecclesia!!!
497 5899 592 5981 qui
638 5915 766 5967 raro
801 5899 1234 5996 communicant,
1262 5909 1319 5964 et
1344 5901 1439 5979 qui
1475 5901 1750 5980 quotidie;
1801 5876 1829 5998 ρ’
1850 5906 1927 5968 sti
1975 5921 2197 5980 corpus,
2248 5907 2390 5979 quod
2431 5907 2564 5982 jam.
2591 5905 2889 5966 resurrexit
2933 5919 2965 5961 a
3007 5901 3277 5972 mortuis;
3327 5911 3434 5974 per
3487 5945 3494 5958 .
