3978 6458
440 416 582 484 ηδε
1467 397 1799 463 mutui
1834 396 2064 461 reuss

2163 390 2271 457 m1
2307 384 2651 452 MBTENSIS
2944 399 2949 402 ’
3594 372 3765 439 11⁵80

441 540 745 596 comestam
765 545 798 585 a
826 524 1113 587 “cordate
1132 519 1227 579 vel
1247 519 1519 593 apopulo,
1541 518 1825 579 ambulans
1844 517 2021 575 adhuc
2043 524 2099 584 Α
2121 511 2423 584 Unigenito
2449 509 2601 567 enim
2633 505 2753 563 ﬁlio
2778 518 2903 577 pro:
2926 496 3151 562 homine
3192 496 3605 596 inter-petistis,
3662 508 3759 555 est

442 592 608 702 super
631 637 868 689 terram,
911 632 1010 690 per
1039 617 1289 673 relictam
1302 592 1373 670 in
1413 613 1595 678 altari,
1622 610 1811 680 iacens
1854 612 1911 666 in
1937 624 2027 665 se-
2124 605 2269 676 apud
2295 610 2629 660 eoseternum
2649 605 2864 673 patrem
2899 597 3138 669 seipsum
3170 594 3453 653 hominem
3496 592 3758 648 derum

441 692 666 798 pulcris.
702 718 855 774 Idem
898 727 1099 783 corpus
1143 708 1383 766 oblatam
1423 706 1577 763 ducit
1612 719 1797 760 secum
1834 702 1906 758 ad
1942 715 2031 757 se-
2126 706 2325 762 strare,
2359 696 2520 767 eique
2543 707 2646 767 pro
2672 694 2915 749 humana
2941 699 3137 747 natura
3164 702 3420 761 rogasse,
3453 692 3563 743 est
3593 698 3757 739 eant-

444 782 711 891 pnlerum,
735 815 967 867 avocat
990 782 1136 860 illam
1164 810 1355 860 sancta
1376 798 1619 857 Ecclesia
1633 797 1893 853 viaticum
1915 809 2030 850 nso-
2129 794 2251 849 dem
2282 801 2535 848 naturam
2566 792 2621 846 in
2651 788 2955 845 divinitatis
2981 801 3093 844 sum
3122 782 3517 842 celsitudinem
3551 792 3761 836 susce-

446 878 657 973 rientis,
688 878 751 961 ut
785 901 1109 959 ostendatur
1125 912 1235 953 non
1261 909 1358 952 eos
1385 893 1583 950 debere
1608 892 1703 963 qui
1731 891 1787 946 in
1812 888 2032 946 Christo
2128 887 2294 959 pisse.
2327 883 2641 957 interpellat
2670 883 2839 956 igitur
2862 896 2963 955 pro
2988 880 3148 937 nobis
3174 878 3464 941 Dominus,
3500 889 3631 930 non
3658 888 3761 929 ro-

448 966 758 1062 moriuutur
777 994 1031 1068 deputari
1064 1000 1330 1058 mortuos,
1362 989 1463 1045 sed
1484 985 1860 1042 dormientes.
1876 982 2033 1039 Unde
2131 994 2224 1045 ce,
2258 978 2355 1035 sed
2381 975 2755 1033 miseratione.
2791 973 2845 1030 0
2867 973 3080 1029 utinam
3106 969 3324 1042 quando
3349 966 3694 1023 audivimus
3722 979 3757 1019 a

448 1057 687 1154 eti—oens
725 1057 1100 1162 sepulcrorum
1132 1084 1324 1140 Graece
1349 1087 1579 1135 vocatur
1601 1078 1943 1151 κοὶμητήρισν,
1980 1071 2035 1129 id
2132 1069 2364 1126 diacono
2399 1087 2412 1123 :
2454 1067 2538 1123 he
2570 1068 2733 1122 missa
2768 1075 2880 1132 est,
2915 1078 3074 1120 mens
3110 1069 3299 1117 nostra
3337 1060 3411 1115 ad
3444 1057 3617 1114 illam
3658 1072 3758 1128 pa-

452 1148 999 1256 rvast—,‘dormiiorium.
1042 1176 1199 1235 Unde
1227 1183 1284 1231 et
1330 1172 1531 1228 Paulus
1566 1169 1635 1225 ad
1679 1148 2030 1224 Corinthios:
2134 1164 2297 1219 triam
2332 1161 2551 1228 tendat,
2590 1175 2698 1232 quo
2735 1164 2898 1230 caput
2930 1164 3181 1212 nostrum
3210 1152 3539 1225 praecessit,
3574 1159 3643 1205 ut
3679 1148 3755 1203 ibi

454 1281 652 1338 Mulier
675 1276 896 1348 alligata
917 1281 993 1328 est
1014 1270 1137 1341 legi,
1159 1275 1359 1341 quanto
1383 1273 1611 1334 tempore
1628 1261 1707 1315 uir
1732 1258 1851 1329 ejus
1875 1256 2036 1321 vivit;

453 1373 592 1446 quod
641 1371 685 1425 si
723 1347 997 1423 dormierit
1024 1364 1102 1419 uir
1149 1360 1286 1432 ejus,
1331 1357 1555 1412 liberata
1588 1362 1662 1408 est
1687 1350 1739 1423 (I
1765 1347 1889 1405 Cor.
1912 1348 2033 1422 vn).

456 1444 827 1534 Remanetque
855 1463 911 1517 in
949 1458 1108 1514 altari
1133 1457 1250 1527 ipsa
1274 1449 1539 1524 particula
1577 1460 1750 1517 usque
1779 1445 1847 1500 ad
1875 1444 2038 1499 ﬁnem

457 1565 660 1627 missa},
699 1560 827 1629 quia
861 1572 1035 1627 usque
1068 1554 1124 1608 in
1156 1552 1319 1607 ﬁnem
1350 1548 1534 1606 saeculi
1564 1559 1796 1617 corpora
1825 1545 2041 1598 sancto-

456 1671 578 1712 rum
612 1654 898 1726 quiescent
924 1651 981 1706 in
1016 1646 1307 1719 sepulcris.
1358 1642 1675 1699 Munditiam
1714 1637 1909 1694 mentis
1947 1636 2044 1690 do-

459 1755 544 1805 cet
578 1724 862 1818 corporale
900 1742 1044 1815 quod
1072 1744 1319 1796 remanet
1364 1736 1421 1791 in
1464 1732 1626 1788 altari
1662 1737 1788 1804 post
1828 1724 2042 1783 Domini

459 1838 943 1902 resurrectionem,
974 1835 1062 1891 cui
1090 1832 1251 1889 debet
1282 1827 1657 1898 unusquisque
1690 1836 1906 1892 semper
1929 1825 2044 1874 stu-

463 1931 593 1988 dere
619 1928 897 1999 accipiens
923 1941 1125 1996 corpus
1148 1921 1389 1987 Domini,
1421 1917 1518 1975 sed
1537 1916 1813 1991 praecipue
1834 1914 1890 1971 in
1916 1912 2041 1967 ﬁne.

994 2034 1223 2093 CAPUT
1274 2032 1516 2089 XXXVI.

937 2107 1015 2163 De
1037 2108 1225 2161 ultima
1257 2104 1631 2159 benedictione.

537 2200 755 2259 Etenim
781 2198 1040 2256 Dominus
1070 2204 1195 2252 ante
1220 2194 1600 2251 ascensionem
1625 2191 1681 2246 in
1710 2186 1876 2245 caelos
1896 2184 2052 2243 duxit

468 2291 764 2362 discipulos
797 2292 855 2345 in
890 2288 1230 2353 Bethaniam,
1282 2285 1466 2354 ibique
1514 2280 1797 2338 benedixit
1847 2295 1960 2345 eos,
1996 2286 2053 2333 et

468 2372 716 2440 ascendit
755 2382 811 2436 in
834 2379 1032 2436 coelum
1065 2376 1218 2450 (Luc.
1266 2373 1413 2446 ult.).
1466 2372 1633 2429 Hunc'
1660 2386 1869 2427 morem
1904 2376 2054 2424 tenet

471 2474 752 2540 sacerdos,
783 2480 845 2528 ut
881 2478 1005 2542 post
1037 2469 1221 2525 omnia
1270 2474 1608 2524 sacramenta
1650 2469 2053 2527 consummata,

470 2568 763 2625 benedicat
819 2562 1050 2637 populo,
1108 2573 1273 2633 atque
1330 2559 1547 2615 salutet.
1604 2555 1811 2612 Deinde
1867 2567 2056 2609 rever-

475 2658 707 2738 titurad
745 2657 1035 2720 orientem,
1064 2661 1127 2708 ut
1156 2667 1223 2709 se
1252 2649 1594 2706 commendet
1624 2645 1839 2702 Domini
1868 2658 2058 2702 ascen-

473 2734 635 2809 sioni.
693 2748 939 2816 Dicitque
1002 2746 1263 2801 diaconus
1304 2761 1320 2797 :
1359 2740 1476 2808 Ite,
1545 2740 1707 2795 missa
1774 2745 1870 2793 est.
1935 2734 2060 2793 Sin-

475 2843 679 2917 gularis
705 2842 904 2898 ctenim
940 2840 1141 2910 legatio
1169 2838 1420 2895 Christus
1444 2834 1612 2891 missa
1656 2840 1742 2890 est
1770 2848 1871 2905 pro
1902 2830 2061 2887 nobis

477 2936 546 2991 ad
582 2936 826 3002 Patrem,
871 2934 1078 2988 habens
1127 2930 1329 2986 indicia
1371 2944 1483 2984 sua:
1534 2942 1720 2983 secum
1762 2923 2054 2997 passionis.

475 3027 683 3091 Primo,
713 3035 773 3080 ut
799 3030 894 3097 per
920 3026 1037 3080 haec
1063 3021 1345 3093 discipulis
1371 3020 1532 3076 ﬁdem
1560 3035 1671 3075 suae
1696 3017 2060 3074 resurrectio.

479 3120 566 3175 nis
595 3126 846 3184 astruat;
879 3117 1107 3182 deinde,
1137 3123 1201 3169 ut
1225 3113 1375 3168 Patri
1401 3128 1502 3183 pro
1534 3113 1693 3168 nobis
1721 3112 2059 3182 supplicans,

480 3209 641 3281 quale
674 3224 846 3279 genus
881 3207 1074 3263 mortis
1108 3220 1208 3277 pro
1246 3202 1561 3260 mortalium
1591 3202 1700 3257 vita
1734 3201 2059 3273 pertulerit,

481 3315 696 3370 semper
729 3300 1017 3365 ostendat;
1056 3297 1252 3363 tertio,
1288 3303 1351 3350 ut
1386 3310 1484 3351 sua
1521 3301 1699 3349 morte
1736 3293 2062 3363 redemptis,

482 3410 646 3468 quam
676 3393 1106 3450 misericorditer
1142 3393 1253 3447 sint
1284 3389 1481 3460 adjuti,
1522 3388 1816 3461 propositis
1854 3401 2070 3457 semper

483 3486 725 3557 ejusdem
755 3487 947 3542 mortis
973 3486 1194 3540 innovet
1219 3484 1472 3540 indiciis:
1505 3481 1733 3552 ideoque
1766 3480 2071 3536 misericor-

485 3577 603 3633 dias
636 3575 850 3631 Domini
889 3575 944 3629 in
981 3582 1246 3629 aeternum
1278 3581 1501 3628 cantare
1538 3586 1644 3626 non
1689 3578 1940 3626 cessent:
1974 3570 2069 3626 sed

484 3668 666 3725 dicant
693 3669 785 3740 qui
814 3667 1064 3737 redempti
1093 3674 1214 3720 sunt
1244 3682 1277 3719 a
1305 3663 1557 3729 Domino,
1588 3664 1835 3735 quoniam
1869 3661 2065 3728 bonus,

429 3782 440 3793 δ
487 3764 736 3835 quoniam
760 3763 817 3816 in
850 3758 1102 3816 saeuiunt
1134 3755 1495 3812 misericordia
1529 3755 1644 3826 ejus
1674 3753 1848 3827 (Psat.
1877 3753 2067 3826 cxvn).

489 3852 790 3917 Postremo,
831 3860 895 3907 ut
924 3851 1093 3908 etiam
1124 3848 1349 3920 perﬁdis
1386 3848 1443 3903 in
1474 3847 1682 3919 judicio
1733 3862 1896 3918 quam
1925 3843 2072 3915 iuste

494 3945 837 4009 damnentur,
879 3951 1113 3999 ostensa:
1143 3942 1285 3997 inter
1309 3941 1414 3996 alia
1444 3940 1651 4013 ﬂagitia
1681 3941 1847 3996 etiam
1878 3940 2071 3995 vulne-

492 4050 614 4091 rum
633 4075 648 4101 ,
675 4050 796 4105 quae
822 4033 892 4089 ab
915 4035 996 4090 eis
1021 4034 1293 4104 suscepit,
1320 4034 1606 4089 cicatrices
1630 4033 1967 4089 denuntient.
1997 4033 2074 4088 De

491 4150 600 4207 qua
624 4133 892 4206 legatione
911 4132 1043 4188 dicit
1066 4131 1303 4188 Joannes
1331 4130 1610 4201 apostolus
1635 4148 1647 4185 :
1685 4128 1792 4185 Sed
1815 4137 1865 4183 et
1889 4129 1934 4183 si
1958 4129 2073 4201 quis

491 4226 773 4299 peccauerit
793 4266 811 4293 ,
850 4224 1163 4280 advocatum
1195 4222 1444 4278 habemus
1480 4220 1621 4293 apud
1659 4228 1859 4292 patrem
1889 4216 2076 4273 Iesum

494 4315 759 4373 Christum
784 4314 993 4386 justum
1032 4313 1103 4387 (1
1140 4314 1300 4369 Joan.
1338 4329 1377 4367 ιι
1404 4312 1445 4382 ).
1481 4311 1601 4383 l'pse
1638 4309 1876 4366 Joannes
1922 4314 2077 4365 certe

495 4409 581 4465 vir
611 4410 793 4480 justus
822 4415 944 4463 erat
976 4414 1032 4463 et
1066 4422 1325 4479 magnus,
1361 4401 1464 4475 qui
1503 4406 1569 4460 de
1605 4409 1827 4475 pectore
1859 4399 2075 4457 Domini

494 4501 881 4571 mysteriorum
908 4506 1121 4555 secreta
1146 4498 1402 4553 bibebat:
1429 4496 1549 4551 Non
1579 4504 1760 4550 tamen
1787 4493 1924 4550 dixit
1941 4532 1956 4559 ,
1984 4492 2079 4548 ad-

2138 1256 2311 1312 simus
2342 1253 2646 1319 desiderio,
2684 1251 2779 1307 ubi
2823 1249 3164 1306 desideratus
3225 1245 3443 1301 cunctis
3483 1242 3759 1315 gentibus

2137 1360 2238 1401 nos
2266 1351 2548 1415 exspectat
2578 1356 2703 1399 cum
2734 1356 2834 1397 suo
2864 1341 3140 1411 trophzeo,
3173 1346 3453 1407 quatenus
3480 1333 3575 1388 sic
3609 1332 3755 1387 desi-

2144 1438 2418 1503 derando,
2472 1434 2763 1506 alicpiandn
2809 1433 2878 1488 ad
2924 1449 3051 1489 eum
3092 1430 3385 1503 pervenire
3425 1427 3748 1500 possimus,

2144 1529 2236 1600 qui
2268 1528 2345 1582 ita
2374 1526 2595 1583 Patrem
2631 1525 2899 1597 supplicat
2928 1540 3033 1596 pro
3053 1524 3213 1580 nobis
3241 1541 3256 1577 :
3290 1519 3456 1588 Volo,
3479 1530 3660 1593 pater,
3690 1527 3752 1572 ut

2140 1620 2237 1674 ubi
2262 1634 2358 1689 ego
2382 1634 2497 1672 sum
2515 1658 2532 1684 ,
2564 1618 2637 1672 ibi
2662 1618 2733 1672 sit
2762 1626 2817 1672 et
2851 1616 3092 1672 minister
3126 1630 3277 1669 meus
3315 1610 3536 1684 (Iouis.
3569 1625 3681 1666 nu
3702 1608 3747 1681 ).

2146 1710 2299 1768 Soiet
2326 1710 2521 1785 vulgus
2550 1709 2831 1766 indoctum
2860 1708 3142 1781 requirere
3160 1748 3176 1774 ,
3208 1720 3239 1761 a
3270 1721 3389 1777 quo
3414 1703 3545 1760 loco
3579 1703 3750 1758 totis

2146 1805 2308 1863 oliicii
2337 1805 2504 1860 missa
2534 1802 2843 1870 inchoetur,
2873 1798 2953 1857 υτ
2962 1801 3011 1857 si
3039 1799 3182 1855 forte
3206 1798 3277 1854 ad
3306 1804 3488 1853 totum
3516 1810 3629 1851 non
3658 1809 3755 1850 oc-

2071 1890 2121 1952 Β
2149 1901 2416 1967 currerit,
2454 1898 2629 1970 possit
2669 1897 2813 1953 scire
2844 1895 3042 1966 quibus
3079 1891 3273 1949 ciliciis
3311 1905 3371 1947 se
3400 1897 3755 1960 praesentare

2150 1993 2347 2051 debeat
2382 1992 2502 2048 sine
2535 1990 2948 2047 retractatione.
2984 1986 3153 2043 Nobis
3190 1984 3412 2041 videtur
3444 1983 3622 2039 missa
3651 1996 3753 2037 vo-

2149 2088 2269 2146 cari
2318 2088 2387 2143 ab
2435 2102 2500 2142 eo
2553 2085 2708 2151 loco,
2747 2098 2856 2154 quo
2890 2081 3084 2150 incipit
3117 2077 3373 2136 sacerdos
3405 2075 3753 2134 sacriﬁcium

2109 2219 2121 2228 -
2151 2178 2350 2237 offerre
2387 2178 2498 2233 Deo
2517 2217 2531 2243 ,
2574 2189 2749 2247 usque
2781 2171 2851 2228 ad
2882 2171 3136 2228 ultimam
3170 2169 3609 2226 benedictionem
3630 2209 3647 2233 ,
3694 2167 3755 2223 id

2151 2281 2266 2341 est,
2300 2271 2371 2327 ab
2394 2269 2685 2327 (Merenda
2715 2280 2887 2337 usque
2917 2264 3019 2330 ad,
3049 2262 3165 2331 Ite,
3196 2263 3342 2317 missa
3366 2270 3464 2315 est.
3496 2260 3544 2315 Δ
3580 2268 3747 2315 tem-

2152 2383 2285 2440 pore
2316 2364 2574 2423 sacrificii
2603 2363 2844 2420 Isidorus
2872 2359 3111 2417 cilicium
3144 2358 3318 2419 uisae
3345 2357 3609 2426 deputat,
3646 2354 3749 2409 in-

2154 2458 2348 2530 quiens
2376 2457 2431 2512 in
2460 2455 2603 2513 libro
2632 2451 3138 2529 Etymologiarum-z
3171 2448 3335 2511 Missa
3362 2457 3617 2518 tempore
3654 2461 3755 2502 sa-

2155 2548 2347 2604 criﬁcii
2373 2555 2460 2604 est
2483 2546 2700 2618 quando
2732 2541 3111 2601 catechumeui
3138 2541 3433 2605 mittuntur
3455 2539 3618 2599 foras
3645 2539 3761 2599 cla-

2158 2653 2341 2702 mante
2364 2644 2562 2701 levita:
2578 2640 2639 2699 Si
2666 2640 2787 2715 quis
2814 2639 3242 2697 catechumenus
3267 2637 3571 2704 remansit.
3595 2645 3761 2693 exeat

2157 2738 2322 2796 foras.
2354 2737 2422 2793 Et
2450 2737 2576 2794 inde
2604 2733 2937 2806 missa,quia
2966 2732 3331 2797 sacramentis
3357 2731 3561 2795 altaris
3589 2732 3759 2787 inter-

2158 2848 2280 2891 esse
2316 2848 2423 2890 non
2451 2840 2712 2905 possunt,
2742 2830 2834 2904 qui
2864 2830 3104 2891 nondum
3156 2828 3479 2903 regenerati
3522 2843 3759 2887 noscun-

2160 2932 2275 2981 tur.
2311 2921 2662 2981 Consuetudo
2690 2928 2879 2978 nostra
2911 2928 3093 2989 tenet,
3124 2928 3187 2977 ut
3213 2919 3654 2981 catechumenos
3682 2931 3761 2973 re-

2158 3015 2425 3087 peliamus
2467 3022 2593 3070 ante
2635 3013 3009 3086 Evangelium.
3061 3012 3178 3071 Non
3224 3010 3365 3071 mihi
3414 3012 3646 3071 videtur
3688 3026 3753 3069 es

2161 3105 2374 3162 ratione
2400 3104 2875 3171 incumbere,cum
2899 3103 3085 3178 procul
3111 3101 3275 3163 dubio
3300 3102 3760 3175 praedicatoribus

2166 3198 2405 3270 gentium
2433 3206 2766 3270 praeceptum
2804 3198 2910 3267 sit,
2947 3206 3009 3255 ut
3046 3197 3409 3270 Evangelium
3451 3198 3545 3257 eis
3573 3196 3762 3268 pradi-

2167 3300 2330 3348 cent:
2363 3292 2459 3348 sed
2494 3291 2765 3349 sacriﬁcio
2794 3293 3017 3353 omnino
3050 3292 3320 3353 interesse
3352 3306 3473 3349 non
3501 3274 3761 3366 possunt.

2167 3383 2273 3439 nisi
2308 3384 2514 3451 renati,
2545 3383 2673 3456 quia
2706 3400 2881 3457 neque
2908 3384 3118 3457 procis
3148 3391 3382 3456 rogatur
3412 3399 3447 3441 a
3478 3383 3762 3441 sacerdote

2169 3475 2224 3531 in
2254 3477 2665 3533 consecratione
2693 3477 2936 3548 corporis
2962 3475 3206 3544 Domini,
3235 3491 3422 3549 neque
3452 3475 3761 3533 conlectum

2171 3570 2278 3627 illis
2305 3570 2623 3643 porrigitur.
2658 3568 2750 3627 Sic
2777 3580 2899 3631 orat
2929 3571 3186 3629 sacerdos
3209 3587 3312 3649 pro

2169 3663 2272 3721 bus
2306 3681 2318 3719 :
2356 3661 2639 3729 Memento,
2670 3661 2924 3732 Domine,
2955 3662 3280 3735 famulorum
3325 3662 3767 3734 famularumque

2171 3766 2414 3824 tuarum,
2465 3766 2514 3812 et
2563 3758 2799 3813 omnium
2841 3758 3169 3825 natantium,
3211 3775 3447 3832 quorum
3496 3759 3594 3815 tibi
3629 3757 3767 3829 ﬁla

2176 3850 2388 3921 cognita
2424 3859 2534 3917 est,
2574 3859 2624 3904 et
2662 3859 2787 3904 nota
2844 3849 3071 3909 deuotio.
3111 3849 3368 3911 Nondum
3401 3851 3611 3913 renati.
3642 3848 3772 3907 ili-

2173 3940 2321 3997 deles
2367 3949 2663 4009 vocantur,
2702 3956 2813 3997 nou
2858 3940 3063 4001 ﬁdeles.
3117 3940 3289 4015 Igitur
3328 3958 3439 4003 non
3465 3954 3765 4017 possemus

2173 4032 2605 4089 animadvertere
2637 4047 2736 4103 pro
2771 4030 2880 4088 illis
2913 4033 3269 4091 constitutam
3303 4031 3763 4091 «assentationem

2175 4124 2229 4180 in
2267 4123 2444 4181 oﬁicio
2479 4123 2840 4181 confectionis
2877 4124 3122 4197 corporis
3156 4124 3385 4185 Christi.
3415 4123 3771 4195 Quapropter

2172 4215 2370 4363 ἓιει-ἱιο
2401 4229 2468 4273 eo
2507 4220 2751 4288 tempore
2786 4215 3047 4275 recedunt
3065 4256 3083 4283 ,
3109 4230 3216 4290 quo
3246 4214 3587 4281 Sacriﬁcium
3614 4213 3763 4277 celo-

2214 4314 2385 4363 ratur.

2214 4314 2385 4363 ratur.

2700 4399 2927 4458 CAPUT
2960 4400 3227 4465 XXXVIL

2472 4490 2554 4547 De
2585 4491 2833 4547 ulteriore
2862 4492 3049 4551 ultima
3076 4494 3449 4553 benedictione.

495 4598 747 4644 vocatum
784 4605 872 4644 me
900 4589 1118 4643 habetis
1313 4594 1525 4656 patrem
1552 4587 1686 4677 ,rsed
1717 4586 2071 4677 advocatum,
2099 4615 2153 4677 Β
2246 4585 2558 4677 Εεινιιιιίωε
2579 4585 2907 4653 benedictio,
2935 4586 3004 4643 de
3029 4602 3134 4660 qua
3161 4605 3308 4647 nunc
3336 4589 3585 4662 agimus,
3606 4603 3768 4661 quam

498 4677 706 4747 inquit,
745 4678 1010 4732 habemus
1035 4694 1048 4729 :
1086 4684 1146 4731 et
1180 4676 1444 4730 habemus
1474 4676 1644 4740 dixit,
1673 4691 1782 4730 non
1812 4674 2028 4730 habetis
2056 4690 2071 4727 :

497 4769 691 4826 maluit
724 4783 785 4825 se
816 4782 1023 4839 ponere
1050 4765 1109 4822 in
1135 4781 1365 4822 nuutero
1390 4774 1744 4837 peccatorum
1764 4806 1779 4832 ,
1811 4774 1872 4820 ut
1904 4765 2074 4821 habe-

500 4870 584 4918 ret
609 4862 930 4917 advocatum
958 4859 1238 4917 Christum
1256 4901 1271 4927 ,
1301 4876 1464 4931 quam
1489 4874 1693 4932 ponere
1719 4875 1778 4917 se
1802 4876 1902 4934 pro
1925 4858 2080 4917 Chri-

501 4963 586 5012 sto
612 4956 933 5011 advocaturn
954 4994 969 5019 ,
1001 4962 1058 5010 et
1084 4953 1318 5010 inveniri
1348 4958 1494 5009 inter
1522 4954 1862 5011 damnandos
1892 4967 2079 5025 super-

499 5048 617 5103 bos.
658 5047 772 5103 Nec
803 5054 987 5102 tamen
1024 5047 1312 5103 dicendum
1333 5088 1349 5113 ,
1378 5047 1505 5119 quia
1544 5047 1783 5119 episcopi
1818 5047 1907 5103 vel
1935 5061 2078 5118 prte-

500 5139 660 5210 positi
690 5156 798 5195 non
828 5147 1019 5209 petant
1048 5153 1148 5210 pro
1182 5139 1403 5209 populo.
1445 5138 1580 5196 Orat
1612 5139 1760 5196 enim
1800 5138 2079 5211 apostolus

501 5250 599 5307 pro
626 5233 801 5305 plebe,
831 5241 956 5288 orat
978 5232 1133 5305 plebs
1161 5247 1263 5303 pro
1288 5231 1569 5303 Apostolo,
1596 5232 1689 5302 qui
1713 5232 1878 5288 dicit:
1906 5229 2081 5287 Oran-

502 5339 576 5383 tes
606 5324 764 5381 simul
792 5336 842 5379 et
869 5338 964 5394 pro
993 5320 1168 5386 nobis,
1202 5328 1261 5374 ut
1288 5320 1430 5375 Deus
1467 5320 1670 5391 aperiat
1706 5318 1856 5375 nobis
1884 5318 2078 5375 ostium

505 5419 641 5474 verbi
675 5413 832 5491 (σοι.
862 5424 957 5471 tet
986 5414 1102 5485 tv).
1144 5412 1211 5468 Et
1246 5427 1350 5483 pro
1389 5412 1557 5468 Petro
1590 5412 1788 5467 orabat
1835 5410 2079 5467 Ecclesia

507 5511 527 5583 (
554 5512 666 5565 Act.
694 5507 854 5582 xu),
888 5523 1014 5563 eum
1040 5514 1188 5562 esset
1224 5506 1281 5561 in
1313 5505 1547 5562 vinculis
1576 5504 1797 5570 Petrus,
1830 5512 1888 5560 et
1914 5518 2082 5560 exau-

507 5602 620 5657 dita
642 5611 747 5657 est.
775 5600 1059 5669 Quomodo
1087 5606 1143 5655 et
1166 5597 1362 5654 Petrus
1386 5614 1489 5671 pro
1514 5597 1753 5654 Ecclesia
1770 5637 1785 5664 ,
1812 5597 1941 5668 quia
1963 5611 2080 5652 om-

509 5692 599 5748 nia
623 5706 724 5761 pro
750 5693 987 5748 invicem
1014 5692 1259 5748 membra
1284 5699 1467 5746 orant.
1499 5691 1672 5762 Caput
1700 5706 1800 5763 pro
1826 5690 2079 5746 omnibus

510 5783 849 5854 interpellat,
879 5786 948 5841 de
984 5799 1092 5856 quo
1120 5785 1384 5856 scriptum
1413 5791 1531 5839 est:
1552 5782 1658 5849 Qui
1694 5792 1768 5839 est
1797 5783 1867 5838 ad
1896 5784 2079 5838 dexte-

511 5890 629 5937 ram
661 5872 795 5945 Dei,
824 5875 917 5950 qui
950 5884 1003 5930 et
1036 5874 1329 5950 interpellat
1365 5891 1461 5951 pro
1496 5875 1649 5934 nobis
1680 5874 1883 5956 (Rom.
1911 5891 2009 5937 πη
2034 5875 2078 5961 ).

2176 4676 2517 4747 potissimum
2546 4675 2956 4747 frequentamus
2984 4686 3230 4757 tempore
3258 4682 3731 4755 quadragesimli
3754 4722 3777 4751 .

2179 4769 2285 4825 hoc
2318 4775 2439 4835 est,
2477 4775 2601 4840 post
2634 4766 2785 4823 illam
2818 4769 3069 4827 ultimam
3102 4771 3486 4835 continuatam
3511 4815 3531 4843 ,
3572 4775 3629 4833 in
3668 4791 3775 4848 qua

2179 4859 2439 4934 spiritalis
2465 4860 2691 4916 refectio
2715 4863 3147 4933 commendatur,
3175 4875 3346 4925 restat
3373 4868 3496 4927 haec
3522 4868 3771 4936 ulterior,

2181 4953 2248 5010 de
2293 4968 2400 5024 qua
2443 4966 2619 5021 nunc,
2671 4962 2733 5010 ut
2778 4954 3052 5025 diximus,
3089 4959 3289 5032 agitur,
3324 4960 3381 5021 in
3419 4977 3537 5033 qua
3569 4965 3779 5025 milites

2179 5044 2381 5102 Christi
2408 5046 2860 5103 commendantur
2890 5064 3085 5125 pugnat
3114 5059 3305 5114 contra
3338 5054 3637 5127 antiquus
3678 5058 3778 5119 bo-

2179 5146 2335 5195 stem.
2388 5137 2448 5194 Si
2486 5140 2649 5197 omni‘
2678 5148 2926 5215 tempore
2969 5159 3198 5209 necesse
3237 5156 3323 5205 est
3355 5158 3617 5218 paratum
3654 5166 3783 5211 esse

2179 5227 2495 5285 bellicosum
2530 5231 2794 5291 adversus
2830 5234 3058 5292 insidias
3091 5235 3209 5294 sive
3238 5236 3480 5313 impetus

2180 5337 2302 5378 rum
2330 5340 2344 5376 :
2385 5332 2591 5393 quanto
2618 5326 2791 5399 magis
2824 5327 2880 5382 in
2916 5328 3249 5403 procinctu!
3295 5330 3779 5407 Quadi-ageam

2178 5420 2426 5484 tempore
2462 5415 2567 5470 scit
2601 5416 2950 5477 adversarius
2986 5428 3173 5481 noster
3215 5437 3247 5477 a
3291 5432 3485 5484 saneta
3518 5426 3777 5491 Ecclesia

2180 5505 2455 5578 singulare
2484 5513 2761 5564 certamen
2793 5511 3144 5569 commissum
3179 5529 3300 5576 esse
3335 5525 3537 5577 contra
3575 5534 3673 5586 se.
3708 5534 3773 5577 ac

2180 5597 2303 5655 ideo
2338 5598 2505 5654 instat
2536 5598 2732 5656 fortius
2770 5601 2845 5657 ad
2877 5602 3196 5675 rapiendum
3225 5614 3390 5679 atque
3414 5617 3773 5679 prosternen-

2180 5689 2341 5758 dum,
2378 5690 2426 5746 si
2462 5689 2609 5748 forte
2643 5692 2882 5764 aliquem
2918 5693 3188 5753 invenerit
3230 5698 3617 5772 negligentem.
3673 5699 3774 5757 Sa-

2178 5784 2373 5841 cerdos
2405 5794 2615 5854 noster,
2653 5794 2717 5841 ut
2745 5788 2986 5858 prudens
3019 5788 3342 5862 agonotbcta
3380 5798 3438 5846 et
3468 5801 3772 5867 pugnator.

2179 5883 2443 5959 quantum
2471 5876 2529 5937 la
2554 5875 2762 5957 maiore
2789 5878 3030 5957 periculo
3056 5879 3208 5939 videt
3233 5879 3434 5941 milites
3456 5879 3608 5958 fore.
3642 5890 3768 5949 tam
