3978 6460
167 456 298 522 “57

166 593 273 639 tum
300 574 473 632 munit
500 586 592 627 eos
620 570 849 643 amplius
879 584 975 626 sua
1006 560 1406 626 benedictione.
1437 565 1605 620 Arma
1635 575 1732 617 no-
1759 563 1812 624 Α

165 681 272 730 stra
322 673 508 722 contra
563 661 863 729 diabolum,
917 667 1044 716 sunt
1091 657 1368 714 humilitas
1412 663 1468 710 et
1517 661 1728 709 caeteris

162 763 402 819 virtutes.
461 755 587 811 V'ult
637 753 888 808 sacerdos
943 758 1147 816 noster,
1198 759 1260 804 ut
1305 746 1508 802 nostris
1563 743 1729 799 armis

161 849 335 906 vestiti
365 847 534 901 simus
559 861 572 896 :
604 853 890 914 propterea
909 841 1068 911 jubet
1091 855 1187 910 per
1213 839 1522 894 ministrum
1553 844 1613 890 ut
1637 836 1732 890 hu-

161 941 422 999 miliemus
451 937 625 1006 capita
655 943 840 989 nostra
872 935 1010 997 Deo,
1045 939 1098 986 et
1129 931 1201 984 ita
1241 929 1458 982 tandem
1494 924 1729 980 infundit

160 1045 317 1100 super
364 1027 567 1082 milites
605 1023 993 1095 protectionem
1033 1018 1423 1076 benedictionis
1461 1031 1592 1071 sum.
1630 1013 1728 1068 Bc-

159 1122 386 1181 nedictio
427 1118 724 1176 sacerdotis
759 1130 965 1170 morem
1009 1113 1292 1182 antiquum
1340 1115 1520 1172 tenet,
1568 1114 1628 1160 ut
1671 1105 1727 1159 in

157 1214 446 1273 novissimo
472 1210 792 1282 porrigatur.
823 1204 988 1261 Jacob
1012 1202 1321 1274 patriarcha
1350 1202 1402 1256 in
1435 1198 1727 1254 novissimo

155 1307 272 1361 vitta
309 1320 417 1359 suae
457 1299 729 1356 benedixit.
766 1297 890 1352 filiis
925 1296 1056 1351 suis.
1101 1293 1376 1363 Scriptum
1413 1299 1496 1346 est
1531 1291 1584 1345 in
1617 1289 1725 1345 Ge-

157 1397 265 1454 nesi
295 1383 614 1452 :‘Benedixit
648 1390 867 1461 singulis
903 1385 1348 1442 benedictionibus
1381 1379 1638 1454 propriis,
1677 1388 1726 1434 et

152 1488 386 1558 pracepit
441 1484 549 1549 eis,
599 1482 820 1535 dicens:
870 1475 981 1548 Ego
1031 1490 1314 1546 congregor
1360 1474 1429 1526 ad
1477 1471 1723 1542 populum

152 1593 315 1633 meum
345 1593 361 1631 :
393 1574 600 1645 sepelite
631 1590 707 1626 me
737 1586 853 1624 cum
891 1568 1123 1640 patribus
1162 1565 1290 1619 meis
1328 1562 1498 1633 (Gen.
1533 1577 1656 1617 thx
1680 1560 1721 1632 ).

150 1672 213 1727 Et
239 1679 432 1725 Iterum
465 1687 476 1722 :
512 1665 804 1735 Finitisque
832 1663 1096 1717 mandatis
1117 1703 1131 1726 ,
1181 1660 1366 1732 quibus
1399 1658 1538 1728 ﬁlios
1574 1656 1726 1711 insti-

151 1763 354 1828 tuebat,
392 1758 596 1829 collegit
648 1743 801 1828 pedes
854 1770 976 1810 suos
1025 1770 1180 1825 super
1231 1752 1450 1816 lectum,
1504 1757 1552 1805 et
1598 1750 1724 1803 obiit

149 1851 324 1925 (Ibid.
350 1849 390 1920 ).
424 1847 687 1904 Similiter
715 1845 977 1918 scriptum
1019 1853 1104 1900 est
1147 1843 1213 1899 de
1258 1841 1439 1912 Moyse
1485 1841 1539 1895 in
1583 1839 1723 1896 libro

895 451 984 512 DE
1021 437 1578 513 ECCLESIASTICIS
1616 437 1906 505 OFFICHS
1941 437 2122 503 ΜΒΝ
2157 439 2248 505 Ν.
2288 474 2359 490 --
2395 443 2521 504 LIB.
2562 441 2648 505 lll.

3259 451 3401 515 “38

2419 559 2654 619 CAPUT
2683 558 2798 618 XL.

2323 652 2404 709 De
2429 656 2651 710 adventu
2670 653 2908 711 Domini.

1899 743 1958 800 1η
1989 745 2226 817 antiquis
2249 745 2404 802 libris
2430 746 2720 802 Missalium
2750 756 2804 803 et
2827 745 3291 810 Lectionariorum
3321 765 3406 812 re-

1827 837 2038 906 peritur
2066 838 2326 908 scriptum
2347 878 2360 900 ,
2395 834 2737 892 Hebdomada
2777 836 2965 907 quinta
2995 847 3122 895 ante
3150 840 3398 899 Natalem

1828 926 2063 982 Domini.
2095 927 2339 982 Totidem
2369 928 2514 983 enim
2541 927 2803 984 lectiones
2827 929 3092 985 habentur
3115 932 3168 986 in
3198 931 3404 991 Lectio-

1827 1019 2019 1085 nario,
2052 1028 2108 1074 et
2149 1020 2372 1074 totidem
2413 1019 2702 1091 Evangelia
2745 1034 2774 1075 a
2819 1029 3061 1092 tempore
3100 1035 3402 1082 memorato

1827 1123 1927 1179 per
1953 1109 2072 1164 dies
2116 1111 2424 1166 Dominicos
2463 1126 2636 1180 usque
2675 1111 2742 1164 ad
2781 1109 3125 1168 Nativitatem
3167 1114 3399 1170 Domini.

1829 1201 2256 1271 Antiphonarius
2285 1204 2448 1258 habet
2476 1204 2576 1258 tria
2607 1203 2786 1260 ofﬁcia
2814 1205 3006 1260 diurna
3026 1247 3039 1270 ,
3070 1214 3125 1261 et
3153 1218 3404 1278 quartum

1828 1293 1883 1348 in
1915 1295 2000 1349 die
2024 1295 2326 1361 Dominieo,
2354 1296 2446 1366 qui
2471 1305 2626 1352 vacat
2649 1304 2771 1366 post
2795 1297 3057 1354 lectiones
3084 1299 3400 1356 duodecim:

1827 1387 2102 1443 Nocturna
2141 1403 2276 1444 veno
2313 1397 2564 1459 quatuor,
2606 1400 2667 1445 ut
2702 1393 2952 1461 superius
2979 1390 3126 1457 dixi,
3157 1408 3257 1464 per
3287 1395 3405 1450 dies

1827 1478 2158 1536 Dominieos.
2181 1481 2387 1536 Auctor
2410 1480 2713 1545 lectionarii
2739 1485 2942 1540 excitat
2967 1484 3128 1540 fidem
3155 1495 3401 1540 nostram

1827 1571 1893 1625 ad
1934 1571 2280 1627 recolendum
2315 1571 2528 1628 Domini
2571 1576 2744 1629 nostri
2782 1573 2909 1630 Iesu
2945 1575 3148 1633 Christi
3179 1577 3397 1634 venturi

1829 1661 1882 1716 in
1911 1663 2171 1717 mundum
2211 1665 2543 1733 praeconium
2581 1680 2679 1734 per
2703 1667 2943 1736 quinque
2967 1676 3160 1724 :ctates
3188 1669 3400 1723 mundi.

1825 1753 2031 1810 Auctor
2073 1755 2324 1820 Missalis,
2361 1757 2463 1827 'qui
2501 1767 2726 1812 vocatur
2765 1757 3118 1830 Gregorialis,
3151 1768 3205 1815 et
3245 1760 3401 1814 Anti-

1826 1845 2111 1916 phoaarii,
2145 1860 2247 1902 nos
2275 1847 2476 1918 tangit,
2509 1856 2570 1902 ut
2599 1849 2905 1906 recolamus
2933 1852 3270 1906 nativitatem
3303 1851 3406 1906 Do-

147 1939 540 1998 Deuteronomii
573 1953 588 1993 :
629 1936 760 1992 Ha’c
813 1935 1095 1990 benedictio
1131 1951 1234 2006 qua
1279 1933 1538 1986 benedixit
1578 1930 1728 2002 Moy-
1757 1940 1805 2002 Β
1833 1937 1965 1990 mini
1996 1937 2326 1992 celebratam
2352 1953 2451 2008 per
2479 1948 2589 1994 tres
2617 1941 2836 1995 ordines
2866 1939 3131 1996 librorum
3151 1983 3165 2006 ,
3193 1941 3405 1996 scilicet

145 2052 223 2090 ses
259 2036 411 2088 homo
445 2031 542 2086 Dei
578 2029 702 2102 ﬁliis
737 2027 907 2084 Israel
940 2037 1058 2082 ante
1091 2035 1308 2081 mortem
1337 2041 1487 2079 suam
1519 2024 1718 2097 (Deut.

147 2143 316 2182 χχχιιι
340 2125 381 2197 ).
422 2125 665 2194 Denique
702 2129 756 2178 et
793 2121 908 2191 ipse
944 2118 1202 2174 Dominus
1238 2115 1504 2181 Salvator,
1536 2123 1597 2170 ut
1624 2131 1718 2170 su-

145 2220 324 2292 perius
352 2215 687 2290 przctulimus
711 2256 725 2281 ,
768 2223 895 2269 ante
923 2211 1294 2268 ascensionem
1327 2225 1481 2264 suam
1516 2207 1572 2264 in
1611 2223 1723 2265 cm-

148 2311 288 2377 lum,
325 2308 600 2365 benedixit
639 2305 918 2378 discipulis
963 2305 1075 2360 suis
1124 2301 1293 2376 (Luc.
1333 2300 1524 2373 xxiv).
1559 2299 1629 2354 Et
1661 2306 1722 2354 ut

149 2409 341 2457 czrtcra
364 2442 377 2466 ,
406 2398 816 2470 praetermittam
846 2405 1156 2452 sanctorum
1182 2402 1401 2463 patrum
1437 2388 1682 2460 exempla
1703 2431 1717 2456 ,

145 2507 301 2547 causa
335 2489 641 2560 compendii
671 2488 912 2544 breviter
940 2487 1060 2541 dico
1091 2503 1104 2539 :
1135 2483 1363 2552 Quando
1394 2482 1719 2537 familiarem

149 2581 362 2637 alfalum
387 2623 401 2649 ,
442 2581 706 2636 habemus
741 2591 862 2636 cum
902 2579 1076 2634 servis
1112 2575 1205 2633 Dei
1254 2591 1406 2632 more
1447 2573 1722 2644 religionis

146 2686 340 2731 nostrae
363 2717 376 2741 ,
406 2683 698 2745 antequam
729 2685 1043 2744 separemur
1071 2671 1140 2726 ab
1165 2669 1272 2725 illis
1293 2709 1306 2735 ,
1334 2669 1388 2724 in
1417 2667 1607 2723 ultimo
1634 2667 1724 2724 be-

146 2768 502 2824 nedictionem
534 2764 791 2838 petimus.

657 2871 883 2932 CAPUT
913 2865 1203 2928 XXXVIII.

212 2963 287 3022 De
317 2967 478 3022 missa
518 2966 574 3021 in
617 2966 894 3038 festivitate
920 2965 1092 3046 sancti
1128 2961 1354 3017 Joannis
1397 2958 1650 3033 Baptism

740 3053 894 3092 Itane
921 3051 1110 3106 prmo.

213 3147 406 3210 Beatus
425 3151 662 3208 Joannes
683 3151 926 3224 Baptista
947 3151 1146 3225 legitur
1166 3150 1219 3209 in
1243 3147 1537 3224 Evangelio
1558 3148 1719 3206 Luca:

147 3243 376 3313 repletus
403 3259 523 3301 esse
553 3242 757 3316 Spiritu
789 3253 977 3301 saneto
993 3259 1058 3300 ex
1083 3253 1240 3299 utero
1266 3241 1621 3316 matris(Luc.
1648 3242 1712 3315 ι).

147 3334 475 3406 Quapropter
515 3338 570 3390 in
613 3337 835 3392 exordio
877 3337 1013 3392 lucis
1054 3338 1157 3392 diei
1203 3338 1355 3407 quasi
1386 3337 1451 3409 in
1491 3336 1716 3390 exordio

147 3428 441 3482 nativitatis
486 3429 810 3483 sacrificium
854 3426 963 3482 Deo
1005 3428 1230 3482 olfertur
1272 3427 1327 3480 in
1352 3428 1571 3492 {honore
1599 3426 1716 3495 ejus

145 3519 210 3572 ad
259 3519 470 3574 laudem
518 3519 794 3575 Creatoris
828 3519 918 3589 qui
956 3519 1104 3572 illum
1141 3518 1393 3592 dignatus
1430 3526 1513 3573 est
1544 3519 1718 3573 hono-

144 3625 264 3665 rare
301 3626 368 3666 ex
408 3618 564 3665 utero
603 3611 813 3665 matris.
852 3610 975 3665 Ideo
1017 3619 1196 3664 autem
1229 3620 1341 3666 tres
1366 3611 1544 3666 missa:
1573 3610 1714 3665 cele-

141 3701 370 3756 brantur
399 3701 453 3756 in
485 3701 776 3757 festivitate
812 3702 956 3756 beati
984 3699 1240 3766 Joannis,
1273 3702 1400 3771 quia
1431 3701 1604 3756 tribus
1634 3699 1716 3754 in-

143 3793 385 3864 signibus
415 3794 701 3864 triumphis
727 3794 1051 3850 excellenter
1078 3793 1306 3849 refulsit.
1336 3794 1417 3849 Ad
1443 3793 1545 3849 hoc
1570 3793 1714 3848 enim

143 3887 288 3940 venit
317 3895 376 3940 ut
402 3887 546 3942 viam
572 3887 801 3942 Domino
827 3895 1152 3958 prmpararet
1178 3886 1424 3958 exemplo
1450 3902 1559 3941 sum
1587 3900 1715 3941 con-

143 3975 486 4031 versationis.
507 3975 608 4042 Qui
633 3975 938 4046 triumpbus
961 3974 1266 4031 celebratur
1288 3976 1342 4030 in
1366 3975 1548 4047 vigilia
1574 3975 1709 4047 ejus.

145 4068 246 4124 Per
291 4071 546 4140 baptismi
589 4071 953 4125 ministerium
996 4070 1192 4125 claruit
1232 4069 1456 4142 insignis
1491 4083 1506 4123 :
1553 4067 1713 4138 hujus

145 4159 426 4215 ministerii
458 4161 765 4231 triumphus
797 4160 1054 4216 rccolitur
1083 4163 1136 4216 in
1167 4162 1340 4232 prima
1370 4161 1534 4217 missa
1567 4179 1578 4214 :
1611 4160 1713 4214 Na-

146 4268 346 4307 zaraaus
387 4269 514 4307 vero
553 4253 852 4324 permansit
890 4269 954 4306 ex
998 4261 1156 4308 utero
1200 4253 1390 4308 matris
1424 4274 1436 4307 :
1472 4253 1574 4309 hoc
1614 4251 1714 4308 do-

145 4355 268 4396 num
303 4343 558 4398 recolitur
580 4343 818 4398 secunda
851 4342 1019 4398 missa
1053 4343 1107 4397 in
1141 4344 1250 4399 die.

701 4477 930 4536 CAPUT
967 4477 1212 4534 XXXIX.

1828 2029 1999 2101 legis,
2031 2030 2456 2100 Prophetarum,
2485 2040 2541 2086 et
2569 2031 2937 2097 Psalmorum',
2969 2047 3181 2087 necnon
3227 2041 3281 2087 ct
3307 2047 3405 2103 per

1825 2131 2077 2192 quartum
2096 2161 2110 2188 ,
2141 2123 2196 2176 id
2224 2131 2340 2187 est,
2371 2122 2694 2193 principium
2725 2123 3034 2194 Evangelii,
3064 2123 3118 2177 in
3148 2139 3255 2194 quo
3279 2139 3403 2177 nar—

1823 2221 1981 2268 ratur
2024 2211 2244 2268 Gabriel
2289 2213 2649 2284 archangelus
2691 2214 2892 2270 missus
2927 2215 2995 2268 ad
3039 2214 3356 2269 Zachariam
3383 2252 3398 2279 ,

1820 2303 2074 2359 videlicet
2117 2304 2340 2358 nuntius
2391 2305 2693 2359 nativitatis
2742 2305 3095 2374 praecursoris
3144 2305 3393 2370 Domini,

1822 2410 2010 2450 verum
2037 2395 2203 2449 etiam
2233 2404 2289 2449 et
2316 2397 2598 2466 prophetia
2628 2397 2907 2452 Zachariae
2933 2399 3000 2451 de
3027 2400 3258 2452 adventu
3292 2398 3398 2452 Do-

1822 2488 1989 2552 mini,
2017 2496 2072 2542 et
2099 2485 2320 2542 Gabriel
2347 2488 2548 2543 missus
2589 2489 2656 2542 ad
2686 2487 2908 2542 Mariam
2934 2487 3206 2558 Virginem
3224 2530 3238 2553 ,
3273 2503 3398 2542 nar-

1822 2593 1953 2634 rans
1997 2577 2047 2633 ei
2094 2579 2501 2650 conceptionem
2545 2577 2848 2635 Salvator-is
2892 2581 3063 2635 nostri
3108 2587 3163 2635 et
3205 2588 3400 2635 cmtera

1823 2670 1952 2726 talia
1991 2685 2163 2740 usque
2197 2670 2270 2724 ad
2309 2672 2670 2726 nativitatem.
2715 2671 2921 2744 Nempe
2959 2682 3014 2727 et
3056 2674 3167 2744 ipsa
3202 2681 3398 2744 quarta

1823 2761 2193 2828 hebdomada,
2227 2763 2330 2819 hoc
2378 2771 2496 2830 est,
2546 2779 2666 2834 quae
2691 2765 2939 2835 proxima
2966 2775 3050 2822 est
3081 2774 3206 2822 ante
3253 2765 3399 2821 Nati<

1824 2852 2047 2908 vitorem
2079 2854 2326 2919 Domini,
2360 2855 2474 2911 sive
2515 2856 2570 2911 in
2601 2871 2706 2927 qua
2745 2856 3076 2921 celebratur,
3109 2857 3402 2928 singularis

1823 2953 1940 3009 est,
1971 2955 2028 3001 et
2054 2947 2219 3002 habet
2247 2949 2305 3002 in
2345 2949 2656 3003 matutinali
2685 2948 2868 3005 ofﬁcio
2903 2964 3006 3020 per
3029 2965 3300 3019 quamque
3330 2948 3404 3003 fe-

1823 3037 1962 3093 riam
1992 3038 2316 3110 antiphonas
2337 3040 2588 3112 proprias
2611 3042 2668 3096 in
2698 3041 2948 3098 Psalmis.
2973 3041 3043 3097 Et
3066 3041 3174 3098 alio
3197 3042 3396 3098 modo:

1822 3140 1978 3186 actor
2005 3131 2338 3188 Lectionarii
2369 3133 2527 3189 docet
2557 3148 2686 3200 nos,
2717 3148 2880 3204 quam
2911 3133 3071 3190 fortis
3099 3133 3171 3189 sit
3205 3132 3394 3189 Domi-

1821 3239 1926 3280 nus
1963 3223 2060 3294 qni
2087 3231 2352 3280 venturus
2387 3232 2475 3279 est
2503 3225 2570 3279 ad
2593 3239 2728 3291 nos,
2753 3233 2810 3280 et
2848 3225 3150 3280 intraturus
3175 3224 3398 3280 domum

1737 3299 1790 3366 Ο
1811 3324 2064 3372 nostram
2082 3355 2098 3382 ,
2127 3324 2189 3370 ut
2215 3316 2271 3370 in
2297 3331 2365 3370 ea
2395 3316 2634 3383 habitet,
2665 3331 2828 3386 quam
2861 3317 3094 3372 solemus
3121 3315 3404 3371 sordidare

1822 3408 2060 3478 quinque
2087 3407 2342 3462 sensibus
2371 3408 2596 3462 nostris.
2647 3406 2824 3462 lilices
2852 3407 3040 3463 forma:
3069 3409 3272 3465 intrant
3297 3422 3404 3477 per

1821 3498 2048 3554 oculos:
2084 3497 2324 3566 suspicio
2364 3496 2507 3551 mala
2547 3497 2614 3552 de
2642 3496 2845 3564 fratre,
2875 3514 2975 3568 per
3015 3513 3223 3554 aures:
3265 3497 3402 3553 odor

1819 3587 2142 3644 libidinosus
2169 3603 2267 3658 per
2293 3602 2456 3644 nares
2481 3605 2494 3642 :
2524 3603 2624 3659 per
2653 3603 2714 3643 os
2743 3589 3012 3660 ingluvies
3037 3588 3233 3659 polluit
3253 3628 3268 3654 ,
3298 3601 3400 3660 per

1819 3691 2025 3738 tactum
2061 3682 2377 3752 crudelitas.
2427 3681 2488 3737 In
2527 3682 2779 3738 sordibus
2820 3697 2930 3737 non
2977 3681 3093 3736 vult
3149 3682 3401 3737 habitare

1818 3790 1915 3830 rex
1941 3786 2240 3832 venturus:
2273 3776 2378 3831 nisi
2409 3776 2484 3831 ita
2523 3784 2786 3848 purgetur
2826 3774 3156 3844 hospitium,
3191 3783 3252 3830 ut
3291 3788 3396 3830 nec

1818 3867 2011 3923 saltem
2044 3867 2222 3938 pulvis
2261 3867 2446 3922 talium
2483 3867 2924 3938 pbantasmatum
2964 3873 3243 3922 remaneat
3284 3881 3395 3922 non

1818 3959 2128 4031 dignabitur
2169 3960 2366 4031 hospes
2417 3966 2676 4016 venturus
2725 3959 2781 4015 in
2829 3959 2961 4014 illud
3005 3960 3231 4015 intrare.
3272 3957 3401 4014 Ideo

1817 4054 2008 4108 scribit
2060 4062 2251 4109 auctor
2295 4055 2539 4125 quinque
2590 4054 2856 4109 lectiones
2905 4052 3144 4123 quinque
3195 4051 3401 4108 hebdo-

1816 4145 2131 4208 madarum,
2181 4154 2243 4200 ut
2287 4161 2388 4201 nos
2435 4146 2687 4201 hortetur
2732 4144 3123 4199 circumcidere
3157 4144 3400 4214 quinque

1817 4250 2008 4290 sensus
2036 4243 2252 4290 nostros
2281 4236 2350 4289 ab
2380 4234 2529 4290 onmi
2558 4235 2726 4300 vitio,
2753 4242 2813 4290 et
2839 4247 3032 4304 parare
3061 4233 3398 4288 mansionem

1814 4325 2034 4398 dignam
2068 4327 2230 4397 Regi,
2267 4335 2324 4381 et
2350 4325 2602 4392 Domino,
2634 4333 2796 4395 atque
2826 4340 2956 4380 vero
2986 4323 3287 4392 Prophetas.
3323 4323 3399 4378 De

1815 4415 1935 4487 ipso
1965 4431 2093 4487 rege
2123 4415 2255 4471 dicit
2283 4415 2458 4486 prima
2487 4414 2651 4470 lectio
2679 4428 2692 4468 :
2727 4412 2864 4468 Ecce
2903 4413 3014 4466 dies
3050 4413 3281 4479 venient,
3311 4411 3396 4464 di-

1815 4511 1883 4564 cit
1912 4508 2199 4573 Duus'm,
2233 4516 2282 4562 et
2320 4507 2582 4562 suscitabo
2621 4505 2794 4561 Dauid
2834 4520 3042 4576 germen
3077 4502 3314 4575 justum,
3343 4511 3395 4558 et

446 4569 523 4625 De
549 4569 844 4641 o/ferenda,
882 4570 977 4626 Vir
1004 4580 1123 4626 erat
1148 4572 1202 4626 in
1237 4579 1402 4626 terra.

1824 4600 2050 4672 regnabit
2079 4569 2207 4665 nam,
2237 4608 2286 4652 et
2316 4598 2525 4668 sapiens
2553 4599 2673 4652 erit.
2708 4597 2774 4651 Et
2801 4569 2998 4650 iterum

213 4682 436 4740 Interim
461 4684 698 4740 occurrit
718 4684 850 4740 mihi
871 4684 1123 4756 repetitio
1143 4685 1460 4750 verborum,
1486 4699 1608 4755 qua
1631 4694 1716 4742 est
1737 4647 1791 4708 Β
1928 4691 2025 4744 hoc
2059 4697 2141 4744 est
2171 4647 2359 4742 nomen
2379 4647 2524 4758 ειηοά
2551 4687 2806 4741 uocabunt
2835 4701 2953 4740 eum
2975 4727 2989 4751 ,
3022 4685 3279 4739 Dominus
3299 4683 3395 4755 ju-

151 4772 197 4830 ln
221 4777 466 4833 versibus
491 4775 787 4842 otiertorii,
823 4775 916 4830 Vir
939 4787 1093 4844 erat;
1125 4778 1271 4835 nolui
1295 4781 1714 4848 praetermittere
1818 4789 1931 4835 stus
1973 4789 2173 4834 uoster.
2211 4777 2283 4832 Et
2318 4779 2516 4832 iterum
2559 4777 2614 4831 in
2652 4773 2943 4846 Evangelio
2983 4776 3055 4828 de
3094 4773 3394 4843 Propheta,

151 4869 285 4936 quod
312 4869 455 4924 sensi
487 4867 552 4922 de
581 4867 703 4932 illa,
735 4867 982 4937 quamvis
1009 4868 1144 4923 ordo
1174 4884 1354 4926 rerum
1385 4878 1567 4926 teneat
1591 4879 1716 4942 post
1823 4870 1962 4936 Quia
1990 4870 2074 4924 hic
2105 4879 2181 4924 est
2213 4885 2326 4923 vere
2351 4867 2635 4938 propheta,
2664 4865 2755 4936 qui
2783 4874 3030 4918 uenturus
3057 4873 3133 4917 est
3158 4865 3214 4917 in
3244 4880 3396 4916 mmi-

152 4961 492 5030 scriptionem
533 4959 835 5014 nativitatis
875 4959 1046 5014 sancti
1082 4957 1338 5024 Joannis,
1377 4961 1715 5017 nativitatem
1820 4961 1965 5014 dum.
2015 4960 2221 5016 Auctor
2267 4957 2498 5013 Missalis
2543 4957 2660 5010 sive
2695 4954 3104 5026 Aatipbonarii,
3147 4955 3395 5010 eamdem

153 5046 344 5106 Christi
373 5050 632 5108 scribere.
667 5050 727 5106 In
756 5047 1034 5107 oil‘ertorio
1061 5067 1168 5106 non
1195 5060 1278 5107 est
1318 5053 1568 5122 repetitio
1595 5068 1719 5108 ver-
1821 5052 2269 5122 praeparationem
2318 5050 2568 5103 hortatur
2618 5061 2718 5102 nos
2765 5044 2951 5102 facere
3002 5060 3102 5116 per
3161 5053 3396 5115 quatuor

155 5137 335 5194 horum
353 5183 368 5208 ,
393 5142 447 5196 in
477 5141 725 5198 versibus
748 5149 851 5198 est.
881 5140 1061 5197 Verba
1090 5143 1342 5200 historici
1359 5145 1718 5202 continentur
1818 5144 2204 5200 hebdomadas.
2235 5141 2387 5198 Sicut
2414 5140 2559 5196 enim
2587 5141 2750 5196 homo
2777 5139 3132 5199 iucundis
3159 5137 3396 5207 quinque

157 5228 205 5284 in
246 5233 561 5291 oil‘ertorio:
605 5233 771 5290 verba
808 5231 910 5288 Job
950 5234 1140 5305 aegroti
1177 5242 1234 5290 et
1271 5233 1505 5292 dolentis
1544 5235 1720 5292 coati-
1817 5237 2068 5295 sensibus
2111 5236 2181 5292 ad
2221 5237 2460 5292 animam
2505 5235 2645 5291 bene
2680 5242 2778 5289 aut
2811 5232 2960 5288 le
2998 5238 3273 5302 operatur,
3318 5230 3392 5285 ita

157 5332 341 5378 nentur
368 5327 420 5380 in
447 5326 712 5381 versibus.
736 5323 996 5396 Egrotus
1023 5325 1179 5396 cujus
1205 5325 1479 5382 anhelitus
1501 5341 1610 5382 non
1633 5334 1720 5382 est
1816 5345 1917 5402 per
1939 5338 2177 5400 quatuor
2206 5329 2475 5385 elementa
2507 5337 2601 5382 aut
2641 5326 2756 5380 ruit
2784 5325 2852 5380 ad
2879 5323 3024 5380 mala
3053 5322 3353 5394 corporalia
3375 5361 3390 5386 ,

158 5424 339 5484 sanus,
371 5433 545 5489 neque
584 5414 768 5481 fortis,
798 5416 935 5471 solet
965 5416 1131 5472 verba
1164 5415 1480 5488 imperfecta
1521 5417 1718 5487 saepius

158 5516 411 5574 repetere.
442 5508 612 5564 Oilicii
644 5515 853 5572 auctor,
883 5516 943 5561 ut
971 5505 1288 5564 ell‘ectauter
1317 5509 1474 5564 nobis
1501 5509 1571 5564 ad
1610 5523 1720 5565 me-

161 5599 374 5655 moriam
399 5602 681 5657 reduceret
699 5608 1050 5672 aegrotantem
1073 5599 1175 5656 Job
1193 5641 1208 5669 ,
1238 5603 1489 5672 repetivit
1524 5603 1721 5674 saepius

160 5690 313 5745 verba
343 5708 492 5751 more
520 5692 916 5764 :egrotantium.
951 5692 1008 5746 In
1039 5692 1315 5750 oil‘ertorio
1344 5703 1404 5750 ut
1431 5695 1579 5762 dixi,
1612 5711 1720 5752 non

161 5793 278 5840 sum
305 5791 466 5846 verba
495 5789 722 5860 repetita
742 5829 758 5855 ,
786 5789 913 5859 quia
949 5788 1241 5847 historicus
1269 5790 1514 5848 scribens
1552 5790 1723 5849 histo-

162 5876 323 5956 riam,
352 5900 458 5946 non
484 5885 808 5975 aegrotabat,

1820 5433 1915 5479 aut
1951 5423 2125 5495 surgit
2152 5424 2221 5478 ad
2251 5424 2410 5478 bona.
2443 5421 2804 5490 Quapropter,
2847 5426 2910 5473 ut
2953 5417 3065 5473 dixi
3087 5459 3102 5483 ,
3146 5419 3395 5472 hortatur

1822 5533 1924 5573 nos
1948 5524 2138 5573 auctor
2161 5523 2511 5578 memoratus,
2544 5520 2604 5567 ut
2631 5512 2677 5567 si
2701 5526 2876 5582 usque
2904 5510 3066 5566 modo
3095 5510 3386 5581 torpuimut

1823 5609 2182 5682 negligentia,
2225 5607 2424 5663 dehinc
2463 5619 2750 5675 surgamus
2789 5604 2855 5659 ad
2899 5604 3261 5659 mundandam
3301 5605 3397 5658 do-
3425 5623 3444 5634 -

1823 5721 1972 5760 mum
2011 5711 2260 5759 nostram
2302 5709 2364 5756 ut
2404 5700 2496 5770 qui
2541 5714 2649 5754 non
2691 5697 2960 5754 excitatus
2996 5705 3083 5752 est
3120 5698 3174 5752 in
3205 5696 3394 5768 quinta

1823 5794 2192 5859 hebdomada,
2238 5793 2429 5848 saltem
2471 5799 2662 5862 surgat
2699 5791 2756 5845 in
2795 5796 3008 5860 quarta.
3040 5788 3219 5860 Ipsum
3245 5789 3392 5845 enim

1828 5897 1987 5954 sonat
2029 5886 2226 5960 lectio,
2273 5899 2399 5964 qua:
2447 5883 2641 5960 legitur
2681 5883 2737 5941 in
2777 5891 2973 5960 quarta
3010 5881 3391 5955 hebdomada;
