4000 6540
211 531 215 536 .
261 483 376 541 “61

979 478 1068 536 DE
1105 477 1658 539 ECCLESIASTICIS
1693 479 1981 539 OFFlCllS
2017 479 2199 539 LIBRI
2234 479 2322 540 IV.
2345 509 2434 523 ια·-
2467 482 2599 539 LIB.
2636 483 2724 539 Ill.

3338 488 3478 546 “62

257 597 387 668 ligio,
411 606 528 648 cum
552 590 606 646 in
634 605 821 647 mense
845 593 1035 648 eodem
1070 594 1175 665 piae
1215 603 1416 651 sancta:
1451 595 1631 651 Mariae
1652 595 1805 667 plebs
1831 597 1887 660 Α
1907 595 2152 667 erigitur,
2176 606 2236 650 ut
2261 596 2448 667 diligat
2495 595 2665 652 Deum
2690 611 2757 651 ex
2807 603 2921 651 toto
2970 599 3154 666 corde,
3190 606 3245 655 et
3267 614 3334 656 ex
3364 608 3476 659 tota

257 686 486 744 universa
509 698 633 738 cum
657 683 1028 760 sacerdotibus
1063 701 1127 741 ac
1171 687 1432 742 ministris
1455 688 1670 759 hymnis
1700 705 1810 745 mo-

257 775 430 834 dulata:
458 775 607 830 vocis
639 790 734 846 per
763 774 1041 843 ecclesias,
1105 792 1311 847 perque
1358 795 1598 850 congrua
1658 779 1810 834 urbis

253 868 358 924 loca
385 866 640 937 procedit,
695 867 953 936 datosque
978 883 1008 922 a
1038 868 1296 938 pontifice
1322 885 1510 926 cereos
1559 871 1810 926 manibus

253 966 411 1030 gestat
441 958 716 1023 ardentes,
739 966 794 1013 et
843 967 1171 1027 augescente
1213 961 1355 1016 bona
1401 961 1808 1027 consuetudine,

250 1047 464 1122 idipsum
505 1049 560 1104 in
593 1049 806 1104 caeteris
838 1065 1065 1130 quoque
1114 1050 1354 1120 ejusdem
1399 1052 1589 1107 matris
1612 1060 1668 1107 et
1688 1067 1811 1122 per-

247 1151 407 1218 petua:
449 1143 676 1214 virginis
723 1142 1108 1199 festivitatibus
1137 1159 1299 1214 agere
1329 1144 1535 1210 didicit,
1567 1160 1676 1199 non
1707 1144 1813 1199 uti-

250 1252 346 1311 que
377 1237 428 1292 in
449 1235 822 1293 lustrationem
850 1237 1125 1294 terrestris
1154 1237 1364 1307 imperii
1388 1237 1807 1307 quinquennem,

247 1333 334 1391 sed
361 1347 653 1404 perennem
701 1333 854 1404 regni
902 1332 1138 1389 caelestis
1195 1331 1535 1396 memoriam,
1574 1331 1810 1400 quando,

240 1422 382 1494 juxta
412 1424 720 1494 parabolam
748 1423 1016 1496 virginum
1041 1424 1390 1494 prudentum,
1416 1438 1606 1478 omnes
1631 1422 1810 1489 electi,

241 1516 534 1573 lucentibus
585 1518 848 1573 bonorum
911 1525 1131 1572 actuum
1190 1516 1564 1587 lampadibus,
1597 1517 1812 1572 obviam

242 1621 432 1679 sponso
475 1623 541 1663 ac
587 1608 702 1679 regi
733 1623 830 1663 suo
875 1608 1176 1674 venientes,
1233 1623 1361 1664 mox
1383 1623 1508 1664 cum
1528 1623 1594 1665 eo
1619 1609 1689 1664 ad
1715 1626 1814 1666 nu-

236 1705 379 1777 ptias
405 1719 653 1777 supernae
678 1706 916 1762 civitatis
945 1706 1244 1763 intrabunt.

783 1800 1011 1856 CAPUT
1047 1801 1231 1857 XLIV.

682 1892 762 1947 De
790 1894 951 1948 missa
989 1911 1084 1952 pro
1113 1895 1355 1972 mortuis.

1911 688 2112 753 anima,
2144 696 2199 742 et
2221 701 2284 742 ex
2340 695 2450 742 tota
2485 697 2682 743 mente.
2714 687 2921 758 Corpus
2963 706 3092 747 vero
3121 702 3352 762 quatuor
3379 712 3485 752 no-

1910 778 2139 834 tissimis
2163 777 2442 833 elementis
2492 777 2755 833 subsistit.
2809 779 3096 835 Peccatum
3142 783 3337 839 anima:
3360 801 3481 856 qua».

1911 867 2147 938 neglexit
2176 867 2381 922 cultum
2407 867 2500 922 Dei
2536 869 2589 922 in
2630 869 2976 940 cogitatione,
3008 870 3064 925 in
3094 871 3205 927 vita
3233 883 3289 930 et
3320 875 3480 930 intel-

1909 959 2077 1026 lectu,
2118 961 2392 1016 humiliter
2416 961 2721 1016 conﬁtendo
2753 961 3031 1018 offerimus
3054 962 3162 1018 Deo
3193 966 3349 1022 tertia
3374 968 3484 1031 die,

1911 1059 1972 1106 ut
1992 1052 2060 1107 ab
2112 1053 2196 1110 bis
2254 1055 2493 1124 peccatis
2553 1065 2833 1125 purgetur.
2884 1055 3146 1112 Similiter
3200 1066 3485 1128 peccatum

1911 1151 2054 1220 quod
2088 1168 2187 1222 per
2208 1167 2404 1222 corpus
2433 1153 2620 1224 gessit,
2657 1153 2902 1222 cupimus
2955 1169 3190 1225 purgare
3213 1154 3265 1208 in
3291 1164 3485 1224 quarto

1911 1242 1999 1298 die
2020 1253 2141 1312 post
2177 1245 2397 1298 tertium
2436 1245 2598 1309 diem,
2635 1244 2689 1298 id
2732 1252 2817 1300 est
2846 1244 3075 1314 septimo
3115 1252 3237 1315 post
3257 1255 3490 1302 mortem

1913 1349 2087 1389 suam.
2119 1333 2337 1390 Duobus
2367 1335 2540 1390 modis
2573 1335 2936 1390 committitur
2960 1344 3262 1406 peccatum,
3293 1347 3385 1393 aut
3413 1337 3490 1391 fa-

1911 1424 2104 1480 ciendo
2128 1440 2193 1480 ea
2219 1440 2339 1496 quae
2362 1441 2468 1481 non
2519 1426 2802 1481 debuimus
2830 1426 3028 1493 facere,
3079 1435 3172 1481 aut
3195 1428 3491 1484 omittendo

1913 1531 1977 1571 ea
2005 1532 2126 1586 quae
2152 1517 2437 1572 debuimus
2468 1516 2666 1572 facere.
2704 1517 2886 1588 Usque
2916 1519 2984 1574 ad
3009 1520 3297 1589 septimum
3322 1519 3488 1587 diem,

1913 1606 1969 1663 in
1997 1623 2106 1678 quo
2137 1624 2364 1665 numero
2404 1609 2716 1681 designatur
2761 1612 3107 1679 universitas,
3161 1613 3340 1669 omnia
3364 1627 3491 1683 pee-

1913 1706 2035 1752 cata
2065 1715 2185 1768 qua:
2212 1701 2344 1768 egit,
2375 1709 2560 1757 etnon
2591 1701 2776 1757 debuit
2803 1719 2964 1774 agere
2994 1702 3274 1772 deﬂemus,
3306 1713 3362 1761 et
3391 1721 3492 1776 pro

1913 1790 2001 1846 his
2031 1806 2302 1862 rogamus,
2363 1809 2606 1849 seorsum
2665 1810 2764 1866 pro
2793 1797 2992 1863 anima,
3022 1806 3076 1852 et
3125 1812 3368 1854 seorsum
3392 1815 3493 1870 pro

1914 1899 2184 1956 corpore:
2244 1887 2496 1959 deinceps
2532 1905 2702 1959 usque
2759 1890 2827 1944 ad
2879 1891 3254 1947 tricesimum:
3305 1900 3360 1947 et
3392 1883 3500 1962 pro'

303 1983 462 2040 Missa
485 1999 584 2055 pro
605 1983 834 2039 mortuis
855 1983 910 2038 in
937 1985 1040 2040 hoc
1067 1984 1245 2040 differt
1271 2001 1302 2039 ει
1333 1995 1590 2041 consueta
1618 1985 1804 2051 missa,
1834 1971 1884 2032 B
1910 1976 1998 2033 his
2023 1993 2143 2048 qua:
2172 1979 2333 2036 modo
2360 1980 2414 2034 in
2437 1981 2804 2052 superioribus
2849 1985 3291 2051 memoravimus,
3315 1992 3368 2040 et
3394 2000 3494 2055 pro

231 2083 373 2146 quod
415 2076 532 2131 sine
555 2072 737 2130 Gloria
763 2084 819 2131 et
852 2075 1077 2130 Alleluia
1110 2087 1163 2132 et
1187 2077 1336 2147 pacis
1367 2077 1552 2133 osculo
1577 2077 1811 2133 celebra-

231 2175 338 2220 tur.
372 2163 554 2220 Gloria
583 2176 638 2221 et
663 2165 890 2221 Alleluia
921 2167 1242 2222 suavitatem
1269 2176 1324 2222 et
1346 2168 1587 2223 laetitiam
1611 2169 1813 2224 nostris

229 2257 502 2312 mentibus
563 2258 854 2313 inculcant.
913 2257 1052 2326 Quid
1103 2259 1337 2330 cogitem
1384 2276 1452 2316 ex
1485 2262 1588 2316 hoc
1608 2262 1808 2328 dicere,

229 2347 414 2402 verbis
449 2346 702 2417 Origenis
757 2349 1057 2418 explicabo.
1127 2348 1332 2405 Scribit
1377 2351 1522 2406 enim
1582 2352 1723 2406 idem
1757 2353 1812 2407 in

225 2438 449 2495 homilia
489 2440 522 2495 5
546 2440 773 2495 Levitici
809 2441 930 2495 libri
965 2459 977 2494 :
1019 2440 1360 2496 Sacriﬁcium
1407 2458 1537 2497 vero
1561 2459 1660 2514 pro
1687 2459 1814 2514 pec—

206 2536 347 2586 eato
382 2546 491 2586 non
553 2529 615 2583 ﬁt
674 2546 742 2584 ex
776 2529 914 2585 oleo.
950 2530 1092 2584 Dicit
1123 2533 1289 2598 enim,
1334 2530 1451 2586 Non
1495 2534 1814 2602 superponit

224 2623 274 2678 ei
301 2622 482 2678 oleum
507 2637 630 2676 cum
655 2619 770 2690 jam
813 2637 911 2691 pro
939 2630 1162 2691 peccato
1193 2633 1294 2678 est.
1335 2622 1496 2689 Quod
1554 2640 1685 2695 ergo
1712 2640 1812 2696 pro

221 2721 450 2785 peccato
474 2721 576 2779 est,
601 2729 702 2769 nec
728 2713 905 2770 oleum
936 2713 1135 2768 laetitiae
1163 2713 1243 2780 ei,
1296 2728 1399 2768 nec
1427 2715 1550 2769 thus
1578 2716 1814 2770 suavita-

222 2807 295 2863 tis
320 2807 623 2878 imponitur
655 2808 728 2878 1-.
779 2806 923 2861 Nulli
949 2806 1170 2862 dubium
1202 2807 1331 2876 quin
1376 2823 1523 2863 mors
1544 2807 1811 2863 sitvindi-

219 2909 310 2955 οἱα
333 2898 502 2970 primi
535 2898 764 2969 peccati,
789 2913 856 2952 ac
887 2898 1010 2953 ideo
1036 2898 1153 2952 sine
1177 2894 1359 2952 Gloria
1381 2907 1437 2954 et
1466 2897 1694 2952 Alleluia
1719 2913 1811 2954 ce-

218 2991 491 3059 lebratur,
544 2993 698 3062 quasi
748 2993 867 3047 sine
923 2991 1044 3047 oleo
1071 2999 1126 3048 et
1157 2993 1336 3049 thure.
1393 2992 1701 3049 Notandum
1730 3001 1814 3049 est

215 3084 392 3141 etiam
448 3083 594 3154 quod
644 3083 880 3139 ofﬁcium
941 3099 1040 3154 pro
1074 3084 1302 3139 mortuis
1337 3084 1406 3138 ad
1453 3083 1812 3139 imitationem

216 3178 405 3248 agitur
453 3175 759 3233 ofﬁciorum
814 3193 936 3248 quae
980 3184 1216 3248 aguntur
1268 3177 1322 3231 in
1355 3185 1529 3232 morte
1571 3175 1805 3232 Domini.

211 3268 338 3326 1am
391 3272 755 3341 praetulimus,
809 3271 952 3341 quod
1009 3270 1278 3336 novimus,
1309 3285 1477 3341 quare
1535 3271 1589 3325 in
1614 3269 1810 3325 ofﬁciis

211 3363 500 3431 passionis
541 3364 752 3419 Domini
804 3364 956 3434 pacis
981 3364 1223 3419 osculum
1253 3379 1360 3419 non
1391 3364 1689 3430 debemus;
1721 3364 1811 3418 hic

209 3458 504 3512 nescimus
551 3457 697 3511 aliud
725 3456 992 3526 proferre,
1055 3457 1162 3511 nisi
1216 3457 1360 3525 quod
1411 3456 1485 3510 ibi
1509 3455 1816 3526 praelibavi-

209 3565 362 3615 mus,
398 3549 659 3620 quoniam
689 3548 762 3602 ibi
792 3564 902 3602 non
933 3549 1110 3618 agitur
1132 3547 1379 3602 osculum
1403 3546 1574 3616 pacis,
1608 3561 1710 3600 nec
1729 3546 1818 3602 hic

205 3643 430 3714 agitur.
474 3641 798 3698 Recordatio
853 3650 1191 3696 mortuorum
1227 3641 1593 3710 nuncupative
1637 3641 1818 3712 agitur

204 3742 370 3799 ante,
411 3730 584 3787 Nobis
631 3748 832 3803 quoque
882 3732 1258 3803 peccatoribus.
1296 3731 1374 3787 lbi
1403 3731 1587 3785 linitur
1611 3747 1818 3787 memo-

203 3829 294 3884 ria
326 3826 534 3881 mortis
591 3825 828 3889 Domini,
865 3834 921 3880 et
970 3826 1252 3880 inchoatur
1290 3840 1437 3879 mors
1481 3832 1686 3888 nostra,
1718 3840 1816 3894 per

201 3916 625 3975 confessionem
649 3925 1019 3987 peccatorum.
1046 3916 1126 3971 Ac
1162 3917 1286 3972 ideo
1313 3917 1505 3971 merito
1540 3917 1614 3971 ibi
1639 3917 1818 3988 agitur

198 4010 496 4067 memoria
551 4011 948 4066 transeuntium
1002 4011 1095 4081 qui
1124 4011 1178 4066 in
1206 4011 1434 4066 Domino
1485 4011 1812 4066 moriuntur.

195 4103 480 4159 Christus
513 4102 657 4156 enim
682 4103 963 4172 praecessit
984 4116 1096 4166 eos,
1123 4117 1222 4156 nos
1244 4102 1542 4171 sequimur.
1570 4101 1818 4157 Solemus

198 4207 412 4248 eorum
476 4192 766 4246 memorias
821 4192 1153 4262 generaliter
1192 4193 1469 4249 celebrare
1525 4193 1708 4259 tertia,
1752 4210 1817 4250 ac

193 4286 482 4356 septima,
519 4291 573 4339 et
597 4284 870 4339 tricesima
894 4285 998 4340 die.
1039 4283 1193 4340 Unde
1219 4285 1382 4340 talem
1431 4285 1695 4340 habemus
1720 4301 1816 4340 au-

191 4377 539 4434 ctoritatem
603 4375 658 4430 in
717 4375 895 4431 Veteri
955 4375 1322 4431 Testamento.
1392 4375 1670 4447 Scriptum
1729 4385 1817 4433 est

186 4467 252 4523 in
294 4466 458 4520 libro
485 4463 865 4531 Numerorum,
921 4466 1156 4536 capitulo
1208 4466 1625 4537 quadragesimo
1651 4467 1818 4538 septi-

188 4572 340 4614 mo:
382 4555 501 4622 Qui
526 4557 750 4627 tetigerit
805 4557 1028 4611 cadaver
1071 4559 1320 4624 hominis,
1373 4567 1422 4613 et
1467 4569 1680 4628 propter
1719 4560 1816 4613 hoc

1837 3321 1886 3387 C

1916 2071 2022 2126 illis
2056 2087 2177 2141 qua:
2200 2070 2386 2126 debuit
2410 2071 2591 2128 facere
2643 2081 2697 2128 et
2725 2090 2832 2128 non
2870 2074 3016 2130 fecit.
3072 2077 3316 2148 Triginta
3343 2077 3490 2131 enim

1915 2164 2105 2220 diebus
2134 2165 2436 2233 completur
2484 2167 2705 2222 mensis.
2742 2167 2848 2223 Per
2899 2183 3142 2224 mensem
3175 2169 3494 2241 designatur

1912 2256 2213 2311 curriculus
2258 2258 2541 2327 prmsentis
2578 2258 2721 2325 vitae,
2768 2267 2828 2313 ut
2881 2275 2948 2313 ex
2995 2268 3137 2315 statu
3168 2260 3308 2314 lunae
3333 2259 3493 2314 facile

1915 2349 2267 2421 dignoscitur.
2298 2351 2451 2406 Unde
2488 2349 2782 2422 Gregorius
2808 2352 2861 2405 in
2887 2352 3177 2408 Moralibus
3200 2350 3323 2417 Job,
3350 2351 3491 2407 libro

1913 2452 2146 2497 octavo:
2189 2443 2456 2498 Mensium
2506 2444 2703 2514 quippe
2739 2444 2953 2498 nomine
3005 2445 3215 2498 dierum
3249 2442 3493 2498 collectio

1915 2540 1969 2587 et
1989 2547 2198 2587 summa
2228 2533 2494 2604 signatur.
2525 2533 2628 2587 Per
2653 2534 2795 2589 diem
2819 2549 2946 2606 ergo
2974 2547 3311 2604 unaquaeque
3350 2533 3493 2588 actio

1861 2694 1866 2698 ι
1914 2624 2142 2694 exprimi
2173 2633 2352 2694 potest
2381 2639 2395 2680 :
2431 2641 2531 2696 per
2555 2641 2796 2680 mensem
2847 2635 3026 2681 autem
3065 2626 3338 2681 actionum
3369 2623 3490 2678 ﬁnis

1913 2713 2177 2770 innuitur.
2216 2715 2440 2784 Quando
2489 2717 2764 2772 studemus
2791 2726 2852 2771 ut
2879 2731 3042 2788 opera
3072 2717 3371 2772 amicorum
3393 2731 3487 2770 no-

1914 2819 2150 2864 strorum
2179 2810 2288 2865 sint
2317 2810 2474 2882 plena
2510 2825 2694 2866 coram
2733 2809 2866 2877 Deo,
2921 2810 3141 2880 triginta
3166 2809 3354 2864 diebus
3389 2823 3488 2880 pro

1913 2901 1992 2958 eis
2020 2902 2410 2958 sacriﬁcamus.
2448 2900 2565 2956 Non
2610 2901 2803 2972 opinor
2827 2908 2887 2955 ut
2933 2900 3128 2970 aliquis
3154 2899 3281 2954 velit
3309 2899 3491 2954 dicere

1914 2994 2058 3063 quod
2090 3008 2196 3048 non
2236 2992 2396 3047 liceat
2427 2993 2584 3047 nobis
2610 3007 2770 3047 orare
2807 2991 3049 3061 quotidie
3083 2998 3138 3046 et
3183 2989 3491 3046 sacriﬁcare

1913 3086 2025 3141 Deo
2051 3101 2152 3155 pro
2183 3085 2432 3140 mortuis.
2468 3085 2572 3141 Sed
2610 3083 2756 3155 quod
2803 3084 2984 3154 agitur
3015 3083 3068 3137 in
3116 3084 3296 3148 tertia,
3333 3090 3389 3137 et
3411 3098 3496 3137 se—

1912 3180 2103 3250 ptima,
2135 3187 2190 3234 et
2213 3178 2487 3234 tricesima
2524 3179 2632 3245 die,
2683 3176 2896 3248 publice
2923 3178 3118 3248 agitur,
3145 3185 3200 3232 et
3229 3175 3496 3246 generali-

1916 3278 2003 3325 ter
2036 3271 2106 3326 ab
2140 3270 2394 3326 omnibus
2421 3269 2637 3333 amicis,
2669 3283 2733 3324 ac
2757 3269 3078 3324 convenitur
3104 3267 3262 3322 simul
3294 3269 3362 3323 ad
3391 3270 3494 3324 hoc

1921 3363 1974 3417 in
2009 3363 2262 3432 precibus
2286 3363 2598 3425 missarum,
2630 3368 2791 3429 atque
2827 3361 3182 3429 eleemosynis
3205 3367 3258 3413 et
3281 3361 3491 3415 caeteris

1920 3453 2081 3508 bonis
2111 3452 2324 3506 studiis.
2357 3452 2612 3522 Legimus
2638 3451 2692 3503 in
2724 3449 2954 3504 Historia
2978 3450 3270 3521 Anglorum
3308 3465 3491 3520 quem-

1921 3543 2046 3597 dam
2077 3543 2456 3612 presbyterum
2483 3541 2762 3611 opinatum
2797 3556 2916 3595 esse
2942 3542 3008 3595 de
3038 3540 3207 3596 fratre
3229 3557 3325 3596 suo
3352 3540 3494 3611 quod

1921 3642 2166 3688 mortuus
2204 3640 2348 3689 esset
2379 3633 2433 3687 in
2471 3633 2676 3703 praelio,
2705 3633 2795 3703 qui
2846 3640 3025 3688 tamen
3074 3649 3178 3688 non
3206 3642 3324 3687 erat
3353 3648 3498 3689 mor—

1921 3733 2068 3789 tuus,
2099 3724 2193 3779 sed
2224 3724 2539 3780 vulneratus
2573 3735 2626 3780 et
2652 3725 2974 3780 vinculatus.
3011 3724 3132 3780 Mox
3165 3734 3496 3780 memoratus

1918 3816 2207 3887 presbyter
2228 3829 2334 3868 non
2365 3816 2700 3886 exspectavit
2757 3817 2976 3870 tertium
3007 3815 3168 3879 diem,
3203 3829 3377 3884 neque
3411 3829 3498 3869 se-

1920 3907 2175 3977 ptimum,
2218 3921 2392 3977 neque
2434 3907 2793 3978 trigesimum,
2835 3907 2928 3962 sed
2955 3906 3384 3976 frequentissime
3409 3922 3500 3960 ec-

1919 3998 2150 4054 lebravit
2170 4013 2270 4070 pro
2297 4013 2362 4054 eo
2400 3999 2612 4054 missas.
2647 3999 2911 4069 Tempore
2943 3999 3120 4055 missa:
3143 3999 3379 4068 quotidie
3411 4014 3496 4053 so-

1919 4092 2032 4147 luta
2064 4101 2193 4148 sunt
2220 4091 2432 4148 vincula
2468 4091 2751 4148 vulnerati.
2791 4091 3064 4162 Scriptum
3112 4099 3194 4145 est
3223 4090 3492 4145 volumine

1920 4194 2264 4251 memorato,
2324 4184 2445 4238 libri
2497 4185 2675 4254 quarti
2725 4184 2900 4253 capite
2946 4183 3203 4240 vicesimo
3256 4189 3496 4252 quarto:

1920 4276 2164 4348 Cumque
2187 4276 2408 4331 vidisset
2433 4276 2522 4346 qui
2548 4283 2756 4330 emerat
2775 4289 2898 4329 eum
2925 4289 2984 4329 se
3011 4273 3239 4328 vinculis
3266 4289 3373 4327 non
3400 4287 3499 4343 po-

1922 4371 2091 4426 tuisse
2123 4369 2404 4433 cohibere,
2435 4367 2654 4423 donavit
2681 4367 2730 4422 ei
2778 4365 3091 4421 facultatem
3139 4363 3419 4428 redeundi,
3447 4363 3494 4420 si

1919 4469 2121 4532 posset.
2178 4460 2224 4515 A
2277 4460 2436 4514 tertia
2487 4467 2666 4513 autem
2721 4459 2869 4519 hora,
2910 4455 3125 4527 quando
3163 4456 3343 4510 missa:
3377 4452 3499 4510 ﬁeri

1919 4555 2185 4620 solebant,
2212 4553 2509 4624 saepissime
2539 4553 2747 4607 vincula
2794 4551 3158 4610 solvebantur.
3192 4549 3261 4604 At
3295 4549 3382 4604 ille
3406 4549 3496 4619 ju-

188 4651 374 4721 fuerit
413 4650 746 4716 immundus,
771 4661 962 4720 septem
987 4650 1098 4704 dies
1119 4659 1422 4721 aspergetur
1445 4665 1508 4703 ex
1529 4650 1628 4702 hac
1653 4667 1813 4720 aqua,
1841 4681 1898 4742 Β
1923 4647 2214 4716 rejurando
2236 4644 2569 4716 promisit'ut
2592 4646 2812 4708 rediret,
2844 4643 2928 4698 vel
2977 4642 3261 4712 pecuniam
3298 4640 3370 4695 illi
3400 4655 3499 4710 pro

186 4741 287 4798 die
320 4741 503 4795 tertia
532 4749 580 4794 et
613 4742 851 4810 septima,
903 4752 948 4795 et
977 4742 1051 4794 sic
1077 4742 1420 4796 mundabilur
1449 4738 1645 4811 (Num.
1675 4739 1812 4812 XIX).

185 4831 252 4888 In
298 4829 695 4887 celebratione
725 4832 944 4900 triginta
975 4832 1184 4885 dierum
1212 4831 1416 4886 suffulti
1459 4847 1644 4886 sumus
1677 4833 1819 4904 Moy-

185 4925 274 4980 sis
308 4933 377 4979 et
441 4921 629 4976 Aaron
683 4921 1065 4975 celebratione.
1120 4922 1199 4975 lta
1227 4924 1486 4991 scriptum
1533 4925 1697 4978 estin
1730 4939 1821 4978 eo—

185 5017 329 5074 dem
361 5015 545 5077 libro,
601 5013 836 5083 capitulo
892 5013 1070 5082 primo
1101 5031 1112 5065 :
1150 5013 1333 5067 Omnis
1363 5016 1500 5067 enim
1538 5014 1818 5068 multitudo

182 5112 400 5167 videns
443 5107 754 5163 occubuisse
787 5107 988 5171 Aaron,
1044 5106 1185 5176 ﬂevit
1235 5121 1392 5175 super
1439 5121 1559 5158 eum
1602 5105 1820 5174 triginta

181 5202 402 5257 diebus
429 5214 534 5270 per
562 5209 775 5253 cunctas
816 5197 1050 5268 familias
1097 5215 1221 5253 suas
1255 5197 1446 5269 (Num.
1480 5196 1596 5269 xx).
1625 5197 1690 5251 Et
1722 5197 1822 5251 ite-

181 5311 328 5350 rum
361 5294 445 5349 de
483 5292 662 5363 Moyse
695 5293 748 5346 in
772 5292 1210 5356 Deuteronomio,
1265 5289 1503 5360 capitulo
1541 5289 1820 5360 trigesimo

182 5396 422 5457 quarto
461 5401 476 5437 :
519 5382 901 5454 Fleverunlque
929 5400 1084 5454 super
1105 5399 1222 5436 eum
1246 5383 1347 5451 ﬁlii
1399 5380 1570 5435 Israel
1598 5383 1652 5434 in
1677 5399 1821 5435 cam-

177 5478 497 5549 pestribus
529 5473 684 5527 Moab
737 5475 951 5544 triginta
1007 5473 1188 5526 diebus
1236 5472 1414 5544 (Deut.
1466 5469 1680 5543 xxxrv).
1717 5470 1821 5524 lm-

181 5568 472 5624 mundus
505 5571 729 5633 propter
754 5564 985 5616 cadaver
1008 5562 1243 5618 hominis
1273 5562 1532 5631 pollutam
1581 5563 1819 5616 animam

178 5658 517 5730 significat
543 5654 771 5707 mortuis
795 5654 1068 5724 operibus.
1097 5654 1357 5724 Purgatio
1400 5655 1597 5708 mortui
1650 5655 1824 5709 homi-

177 5749 284 5805 nis
319 5765 444 5820 per
473 5745 805 5802 sacriﬁcium
829 5747 1128 5802 sacerdotis
1159 5747 1318 5801 tertia
1351 5746 1439 5802 die
1484 5755 1540 5801 et
1590 5748 1820 5817 septima

172 5843 710 5915 congruitnaturze
735 5841 1000 5897 humanae.
1033 5839 1256 5897 Constat
1283 5840 1444 5895 homo
1469 5855 1534 5897 ex
1559 5840 1738 5895 anima
1768 5849 1825 5896 et

172 5952 494 6012 corpore.
527 5935 718 5992 Anima
755 5936 928 5992 tribus
953 5936 1108 6008 quasi
1133 5935 1530 6008 quodammodo
1556 5937 1825 5996 columnis

569 6033 840 6098 PA'I'BOL.
904 6034 1034 6100 CV.

1922 4756 1980 4796 se
2006 4739 2241 4794 mittere.
2280 4738 2347 4791 Et
2368 4745 2492 4806 post
2519 4752 2686 4808 pauca
2711 4750 2725 4788 :
2754 4735 2853 4801 Qui
2885 4742 3006 4805 post
3035 4734 3150 4790 haec
3182 4735 3234 4788 in
3263 4733 3497 4802 patriam

1921 4847 2194 4897 reversus,
2219 4838 2381 4900 atque
2411 4829 2480 4883 ad
2504 4844 2659 4882 suum
2688 4827 2911 4881 fratrem
2961 4825 3305 4894 perveniens,
3333 4822 3498 4890 repli-

1922 4925 2064 4979 cavit
2094 4939 2161 4979 ex
2189 4921 2382 4976 ordine
2413 4927 2609 4974 cuncta
2634 4933 2754 4986 quae
2800 4916 2903 4970 sibi
2953 4915 3202 4977 adversa,
3229 4927 3416 4982 quaeve
3446 4911 3498 4964 in

1923 5013 2164 5068 adversis
2216 5010 2407 5065 solatia
2452 5005 2848 5077 provenissent.
2904 5001 3272 5072 Cognovitque
3312 5016 3501 5055 rever-

1923 5112 2069 5158 tente
2094 5118 2182 5167 eo,
2223 5101 2326 5155 illis
2364 5099 2596 5153 maxime
2622 5095 2952 5167 temporibus
2975 5111 3072 5149 sua
3094 5093 3258 5148 fuisse
3289 5093 3500 5147 vinculi

1921 5193 2116 5256 soluta,
2143 5192 2341 5261 quibus
2373 5205 2471 5260 pro
2505 5205 2562 5244 se
2615 5189 2905 5242 missarum
2959 5185 3176 5240 fuerant
3225 5181 3500 5238 celebrata

1920 5286 2203 5345 solemnia.
2257 5284 2408 5340 Solet
2453 5283 2642 5354 vulgus
2689 5281 2967 5351 requirere
3027 5278 3072 5333 si
3101 5291 3198 5348 pro
3247 5275 3500 5332 omnibus

1921 5377 2250 5434 Christianis
2299 5375 2509 5430 licitum
2570 5374 2641 5428 sit
2694 5374 2915 5427 missam
2970 5369 3264 5425 celebrare.
3297 5368 3503 5436 Quibus

1921 5469 2256 5540 Augustinus
2310 5465 2604 5537 respondet
2655 5465 2710 5518 in
2765 5463 2905 5516 libro
2958 5460 3307 5515 Enchiridion
3360 5459 3500 5531 (cap.

1926 5560 2049 5633 MO)
2079 5580 2092 5614 ι
2127 5559 2310 5629 Neque
2373 5557 2680 5625 negandum
2731 5562 2815 5609 est
2866 5551 3242 5608 defunctorum
3292 5551 3502 5604 animas

1923 5658 2124 5724 pietate
2185 5665 2406 5707 suorum
2452 5649 2746 5703 viventium
2775 5663 2933 5718 posse
2963 5645 3212 5710 relcvari,
3252 5659 3374 5699 cum
3404 5659 3502 5714 pro

1924 5748 2033 5802 illis
2063 5744 2389 5802 sacriﬁcium
2414 5741 2696 5796 mediatori
2731 5740 2978 5804 offertur,
3017 5738 3101 5792 vel
3146 5736 3503 5805 eleemosynze

1924 5845 1980 5900 in
2029 5842 2255 5899 ecclesia
2305 5839 2486 5894 ﬁunt:
2524 5839 2617 5895 sed
2673 5839 2755 5894 eis
2807 5838 2923 5893 hmc
2973 5842 3220 5907 prosunt,
3249 5834 3501 5905 quicum

1924 5939 2191 6004 viverent,
2214 5935 2330 5991 haec
2366 5932 2470 5991 sibi
2498 5940 2559 5989 ut
2599 5938 2790 6005 postea
2824 5931 3036 6005 possint
3075 5928 3355 6010 prodesse,
3382 5940 3500 5981 me-

2919 6026 2997 6088 3'7
