4000 6582
531 493 670 560 1163

1554 490 1884 553 ΑΜΑιΑιιιι
1920 492 2362 554 PRESBYTER!
2395 488 2742 553 METENSIS

3664 492 3790 556 1181

528 620 777 673 ruerunt.
825 610 923 669 Est
947 609 1091 668 enim
1118 608 1338 682 quidam
1385 609 1599 664 vivendi
1626 609 1844 675 modus,
1868 623 1972 665 nec
1994 618 2109 665 tam
2135 615 2190 675 Α
2211 609 2305 682 qui
2327 610 2456 677 sint,
2481 617 2700 681 oportet
2719 621 2790 666 ea
2819 620 2923 678 pro
2950 607 3289 680 regeneratis
3315 606 3575 665 omnibus
3594 609 3787 681 facere,

527 709 721 775 bonus,
754 713 815 761 ut
849 718 958 760 non
1003 703 1246 774 requirat
1269 703 1374 759 ista
1417 708 1542 774 post
1588 710 1841 768 mortem,
1866 716 1970 759 nec
1992 711 2105 760 tam

524 796 720 866 malus,
744 792 809 853 ut
836 797 885 853 ei
908 810 1016 851 non
1038 782 1262 867 prosint
1291 796 1392 851 ista
1420 802 1545 866 post
1567 802 1822 850 mortem.
1850 793 1947 851 Est
1971 789 2130 854 vero

524 884 650 947 talis
685 890 743 945 in
788 891 959 955 bono,
1001 895 1061 942 ut
1093 888 1141 944 is
1164 888 1281 943 haec
1313 903 1418 943 non
1469 887 1749 957 requirat;
1787 897 1841 945 et
1869 895 1952 945 est
1985 905 2107 944 rur-

522 1000 618 1042 sus
658 980 785 1039 talis
832 982 889 1036 in
914 979 1079 1047 malo,
1115 988 1177 1035 ut
1220 994 1321 1036 nec
1349 979 1437 1035 his
1468 980 1667 1047 valeat,
1711 994 1834 1035 cum
1856 980 1972 1035 haec
1995 981 2129 1035 vita

522 1064 841 1139 transierit,
896 1068 1157 1139 adjuvari.
1208 1068 1473 1139 Quocirca
1512 1070 1602 1127 hic
1634 1084 1795 1125 omne
1849 1070 2106 1126 meritum

522 1172 889 1240 comparatur,
908 1178 1015 1237 quo
1031 1163 1205 1234 possit
1217 1173 1345 1235 post
1359 1165 1499 1219 hanc
1520 1164 1690 1220 vitam
1711 1164 1947 1220 reievari
1957 1164 2106 1235 quis.

518 1261 670 1333 piam
686 1256 776 1318 vel
807 1257 1045 1330 gravari.
1078 1257 1147 1314 Et
1174 1256 1335 1331 paulo
1382 1263 1542 1329 post:
1579 1256 1717 1313 Cum
1742 1257 1808 1313 de
1834 1256 2106 1313 sacrificio

518 1356 638 1414 sive
689 1352 909 1421 altaris,
964 1352 1079 1409 sive
1137 1366 1583 1424 quarumcunque
1636 1350 2105 1423 eleemosynarum

520 1444 925 1519 pro-baptizatis
938 1444 1205 1501 defunctis
1230 1445 1483 1501 omnibus
1504 1442 1827 1511 oil‘cruntur,
1841 1442 2124 1515 pro'vaide'

522 1537 702 1604 bonis,
730 1536 1031 1611 gratiarum
1058 1537 1300 1593 actiones
1334 1545 1497 1604 sunt;
1532 1552 1632 1608 pro
1657 1551 1767 1591 non
1796 1535 1955 1591 valde
1987 1549 2106 1591 ma-

515 1629 604 1697 lis,
634 1631 1050 1703 propitiationes
1093 1637 1252 1697 sunt;
1300 1645 1401 1702 pro
1450 1628 1605 1685 valde
1659 1627 1836 1695 malis,
1888 1626 2104 1683 etiamsi

518 1720 669 1776 nulla
705 1722 816 1777 sint
848 1720 1158 1793 adjumenta
1197 1730 1563 1786 mortuorum,
1594 1720 1999 1791 qualescunque
2020 1717 2102 1772 vi-

519 1829 712 1871 vorum
762 1816 1163 1873 consolationes
1211 1823 1357 1873 sunt.
1392 1815 1600 1884 Quibus
1636 1824 1816 1870 autem
1845 1820 2098 1885 prosunt,

515 1912 612 1962 aut
635 1907 705 1962 ad
724 1906 832 1963 huc
860 1914 1112 1978 prosunt,
1141 1916 1205 1964 ut
1238 1908 1309 1963 sit
1340 1907 1502 1980 plena
1529 1905 1801 1972 remissio,
1831 1912 1925 1959 aut
1950 1910 2099 1959 certe

2207 713 2270 759 ut
2300 704 2481 761 nullus
2509 716 2703 761 eorum
2732 702 3186 774 praetermittatur
3207 703 3278 759 ad
3306 717 3447 774 quos
3490 702 3618 759 hac
3640 705 3789 763 bene-

2206 794 2330 852 ficia
2361 797 2578 867 possint
2618 804 2676 852 et
2705 796 2940 853 debeant
2964 795 3275 866 pervenire.
3305 793 3500 850 Melius
3524 796 3682 851 enim
3705 813 3786 852 su-

2205 897 2467 963 pererunt
2510 891 2615 947 ista
2663 890 2746 946 eis
2782 888 2983 960 quibus
3016 902 3120 944 nec
3153 888 3375 955 obsunt,
3405 901 3513 944 nec
3542 898 3786 959 prositut,

2206 1000 2374 1056 quam
2408 984 2491 1040 eis
2518 985 2749 1040 deerunt
2769 984 2967 1055 quibus
2987 989 3239 1055 prosunt.
3267 981 3669 1037 Anniversaria
3687 982 3789 1038 dies

2206 1078 2329 1133 ideo
2375 1078 2643 1148 repetitur
2689 1091 2792 1148 pro
2850 1074 3143 1142 defunctis,
3202 1074 3460 1145 quoniam
3521 1074 3787 1129 nescimus

2206 1167 2440 1239 qualiter
2487 1181 2676 1224 eorum
2728 1183 2892 1224 causa
2938 1166 3206 1225 habeatur
3232 1167 3291 1223 in
3325 1166 3436 1221 alia
3467 1166 3617 1223 vita.
3655 1166 3788 1223 Sicut

2205 1269 2518 1316 sanctorum
2574 1258 2946 1316 anniversaria
2995 1260 3113 1315 dies
3156 1260 3212 1315 in
3259 1274 3449 1315 eorum
3485 1259 3701 1315 honore
3726 1258 3786 1315 ad

2204 1351 2525 1407 memoriam
2582 1352 2740 1409 nobis
2780 1352 3064 1408 reducitur
3100 1367 3265 1423 super
3303 1351 3551 1408 utilitate
3590 1360 3784 1419 nostra,

2205 1444 2282 1500 ita
2316 1442 2720 1512 defunctorum,
2758 1445 2828 1500 ad
2868 1444 3157 1501 utilitatem
3197 1444 3436 1511 illorum,
3470 1453 3782 1501 emostran

2205 1538 2546 1594 devotionem
2593 1537 2940 1609 implendam,
3010 1539 3285 1595 credendo
3340 1553 3441 1594 eos
3507 1538 3783 1610 aliquantis

2203 1636 2462 1683 venturos
2490 1628 2559 1684 ad
2591 1629 2922 1685 consortium
2968 1638 3305 1685 sanctorum.
3357 1629 3635 1702 Alioquin
3656 1630 3780 1687 and

2203 1729 2447 1791 tempore
2512 1721 2716 1776 bonum
2763 1728 2847 1776 est
2883 1735 3044 1778 orare
3084 1737 3187 1792 pro
3225 1720 3524 1789 defunctis,
3582 1723 3780 1780 etiamsi

2202 1813 2319 1870 dies
2342 1813 2620 1869 nesciatur
2644 1811 2884 1869 defuncti
2910 1828 3008 1884 per
3022 1813 3373 1879 oblivionem,
3401 1828 3503 1869 seu
3528 1830 3637 1880 per
3659 1815 3783 1885 igno-

2203 1906 2463 1971 rantiam,
2494 1904 2580 1959 vel
2614 1906 3067 1976 praetermittatur
3094 1915 3323 1979 propter
3376 1908 3781 1978 occupationem

517 2002 579 2051 ut
603 2009 671 2053 eo
712 1997 1051 2055 tolerabilior
1083 1994 1178 2055 fiat
1226 2000 1343 2070 ipsa
1365 1999 1663 2056 damnatio.
1707 1992 1865 2054 Unde
1894 1996 2095 2051 iterum
2124 1982 2174 2044 Β
2199 1996 2440 2068 aliquam
2462 1998 2740 2053 terrenam
2766 2015 2781 2054 :
2815 2008 3011 2071 agatur
3035 2008 3218 2055 tamen
3238 2014 3431 2056 eorum
3470 2000 3784 2058 solem-nt

510 2084 581 2141 ad
618 2083 927 2155 Paulinum,
982 2090 1049 2145 d‘e
1075 2104 1209 2145 cura
1240 2104 1341 2162 pro
1388 2090 1619 2146 mortuis
1668 2087 1923 2160 gerenda,
1949 2086 2092 2142 libro

509 2176 792 2232 secundo:
828 2176 1093 2246 Quamvis
1125 2194 1234 2236 non
1280 2195 1383 2252 pro
1428 2181 1622 2251 quibus
1652 2179 1810 2245 ﬁunt,
1838 2178 2092 2235 omnibus

506 2267 743 2336 prosint,
803 2270 898 2326 sed
924 2271 1006 2326 eis
1059 2279 1271 2326 tantum
1293 2286 1393 2342 pro
1444 2271 1663 2343 quibus,
1691 2270 1820 2326 dum
1875 2271 2087 2336 vivunt,

505 2367 855 2430 comparatur
886 2368 949 2416 ut
977 2363 1208 2435 prosint.
1256 2361 1366 2419 Sed
1392 2364 1520 2434 quia
1579 2378 1687 2419 non
1728 2363 2089 2419 discernimus

2194 2085 2351 2158 juxta
2413 2087 2693 2145 decretum
2739 2090 3223 2148 devotissimarum
3268 2091 3562 2158 martium,
3630 2092 3785 2149 credo

2199 2182 2340 2252 apud
2368 2196 2494 2237 eum
2537 2182 2681 2255 apud
2708 2197 2868 2254 quem
2904 2201 3012 2241 non
3041 2194 3129 2241 est
3169 2186 3564 2245 vicissitudinis
3602 2187 3786 2244 obum-

2196 2273 2376 2331 bratio
2413 2284 2695 2347 acceptam
2713 2289 2837 2333 esse
2861 2277 3021 2349 quasi
3046 2277 3412 2334 anniversaria
3432 2276 3526 2333 sit.

511 2478 3769 2513 ww

1682 2624 1982 2707 LIBER
2054 2622 2560 2721 QUARTUS.

1987 2758 2267 2786 ἡ

998 2822 1585 2887 REFATIU'NCULA.

568 2937 631 2996 in
657 2922 764 2998 hoc
798 2949 995 3012 quarto
1026 2941 1213 2999 libello
1241 2942 1590 2999 continentur
1619 2942 1788 2999 multa
1833 2943 1901 2998 ad
1933 2944 2086 3001 inve-

502 3032 836 3102 stigandum,
863 3040 920 3090 et
944 3031 1102 3104 juxta
1135 3030 1450 3089 facultatem
1480 3050 1644 3107 quam
1692 3035 1844 3108 potui
1865 3036 2083 3107 precari

504 3140 535 3178 a
562 3124 936 3180 misericordia
962 3124 1199 3194 Domini,
1215 3126 1433 3197 scripta
1482 3127 1550 3184 de
1575 3129 1822 3185 cursibus
1856 3129 2081 3185 diurna-

2194 2843 2358 2900 quam
2381 2828 2547 2885 etiam
2574 2826 2698 2899 plus
2720 2825 2901 2898 placet
2922 2822 3275 2897 Redemptori
3296 2833 3497 2883 nosco
3521 2825 3786 2886 inbuere

2191 2921 2263 2986 ei,
2288 2934 2409 2992 quae
2428 2926 2684 2991 portatur
2708 2932 2741 2973 a
2782 2931 3030 2989 corpore.
3083 2916 3276 2973 Eidem
3316 2917 3703 2989 Bedetnptori,
3730 2932 3788 2976 ut

2191 3011 2367 3070 ﬁdelis
2400 3027 2597 3070 servus
2628 3011 2849 3068 domino
2877 3026 2998 3077 suo,
3032 3024 3249 3082 semper
3286 3012 3579 3069 debitores
3604 3029 3785 3070 suns

2188 3108 2420 3175 servire,
2442 3108 2589 3163 sicut
2614 3107 2852 3163 servitus
2878 3105 3105 3176 iustitia:
3151 3115 3210 3162 et
3234 3107 3697 3175 sanctiﬁcatio-i,
3730 3116 3785 3163 et

497 3218 641 3274 libus
678 3227 735 3293 et
773 3220 1202 3297 nocturnalibus,
1247 3223 1364 3279 sive
1400 3222 1458 3278 in
1516 3218 1673 3279 festis
1722 3220 1933 3290 diebus,
1983 3238 2082 3280 seu
2109 3251 2155 3316 ρ
2187 3199 3302 3316 ῗξξθτξξᾲξοηέδΔῚῗῖξξῗδ-Ρ-ῗέῗθηΐῗο
3333 3200 3571 3316 gf}?

496 3311 846 3383 quotidianis.
880 3312 1157 3382 Quatenus
1205 3314 1551 3372 considerato
1593 3314 1786 3371 ordine
1810 3315 2083 3387 composi-

494 3408 678 3474 tionis,
705 3417 761 3465 et
808 3423 1039 3467 numero
1092 3408 1454 3479 psalmorum,
1482 3415 1539 3464 et
1572 3405 1870 3463 lectionum
1902 3421 1966 3462 ac
1994 3422 2084 3463 re-

494 3500 922 3570 sponsoriorum,
980 3500 1328 3557 convenienti
1361 3499 1668 3571 quibusque
1713 3498 2078 3571 temporibus,

499 3590 714 3648 dulcius
746 3600 913 3664 atque
935 3592 1312 3663 compunctius
1338 3592 1452 3648 Deo
1507 3590 1798 3646 assistatur
1826 3589 1883 3645 in
1909 3588 2083 3645 eccle-

495 3683 598 3751 sia,
628 3691 685 3739 et
739 3694 960 3757 rogetur
989 3693 1153 3757 atque
1202 3684 1527 3741 recordetur
1565 3690 1675 3736 tam
1717 3697 1819 3753 pro
1869 3697 1950 3748 se,
1986 3681 2081 3753 qui

496 3780 673 3845 rogat,
704 3789 869 3846 quam
897 3791 997 3847 pro
1048 3776 1158 3832 illis
1190 3775 1390 3846 quibus
1434 3773 1743 3829 necessaria
1772 3781 1855 3829 est
1889 3775 2080 3844 depre-

492 3867 640 3922 catio
668 3881 687 3922 :
727 3876 783 3924 et
818 3869 1136 3925 recordetur
1171 3867 1386 3922 illorum
1417 3878 1649 3934 quorum
1680 3865 1839 3920 nobis
1863 3871 1947 3919 est
1972 3863 2079 3918 uti-

490 3958 559 4015 lis
593 3959 921 4016 recordatio.
969 3959 1191 4015 Necnon
1220 3958 1386 4014 etiam
1432 3955 1615 4027 aliqua
1647 3954 2078 4029 recapitulantur

489 4050 559 4107 de
579 4051 949 4123 superioribus
970 4052 1188 4117 libellis,
1236 4065 1357 4120 qua:
1392 4050 1635 4120 apertius
1683 4049 1904 4103 inventa
1951 4054 2077 4103 sunt

490 4158 522 4199 a
548 4158 672 4201 mea
707 4145 982 4216 parvitate
1002 4151 1127 4216 post
1152 4142 1386 4213 scriptos
1412 4147 1743 4197 memoratos
1769 4138 1999 4198 libellos.

972 4271 1202 4329 CAPUT
1251 4272 1546 4330 PRIMUM.

492 4362 562 4419 Ut
596 4383 656 4439 ea
696 4382 814 4439 quae
835 4365 935 4420 Dei
971 4372 1096 4420 sunt
1124 4366 1235 4439 Deo
1289 4366 1616 4439 reddamus;
1654 4374 1783 4439 quot
1806 4357 1956 4423 lteris
1992 4366 2074 4423 sol

559 4436 737 4491 orbem
780 4436 995 4508 lustrat,
1043 4438 1258 4492 totidem
1298 4436 1688 4508 repetitionibus
1730 4439 2073 4506 nosmetipsos

558 4507 827 4579 offerimus
856 4507 1223 4579 Deointerdiu
1253 4507 1530 4579 noctuque,
1562 4512 1787 4579 exceptis
1814 4509 2068 4579 vesperti-

557 4578 657 4650 nis,
696 4577 1160 4650 completoriisqtte,
1214 4588 1262 4632 et
1292 4577 1567 4633 matutinis
1614 4577 1826 4648 ofﬁciis,
1861 4577 1926 4632 de
1946 4579 2069 4650 qui-

559 4645 653 4699 bus
677 4645 909 4699 seorsum
933 4645 1211 4701 dicendum
1232 4658 1328 4703 est.

551 4754 663 4813 Nos
686 4756 778 4828 qui
811 4771 1094 4814 censemur
1133 4760 1350 4814 nomine
1404 4758 1736 4824 Christiano,
1795 4758 2065 4829 redempti

487 4864 677 4906 sumus
702 4864 731 4903 a
756 4848 1015 4905 servitute
1040 4846 1307 4904 diabolica
1346 4847 1547 4902 Christi
1572 4848 1814 4918 pretioso
1853 4852 2069 4921 sangui-

484 4957 572 4996 ne.
602 4940 728 4997 ldeo
753 4958 864 4997 non
894 4957 1081 4997 sumus
1115 4940 1311 5005 nostri,
1346 4939 1441 4994 sed
1466 4938 1845 5011 Redemptoris
1868 4944 2062 4997 nostri.

480 5029 560 5087 De
587 5047 695 5102 quo
737 5031 916 5103 pretio
968 5030 1100 5085 dicit
1155 5028 1488 5100 Apostolus:
1524 5030 1702 5102 Empti
1757 5033 1895 5085 enim
1941 5036 2065 5088 estis

428 5162 431 5167 ι
478 5123 647 5196 pretio
670 5139 882 5195 magno.
910 5120 978 5175 Et
1003 5120 1126 5176 ideo
1145 5122 1273 5191 quid
1300 5136 1462 5192 agere
1490 5120 1803 5189 debeamus,
1837 5126 2065 5197 subjun-

478 5220 599 5291 git:
634 5218 941 5289 Gloriﬁcate
974 5227 1021 5272 et
1053 5227 1259 5290 portate
1312 5218 1481 5272 Deum
1510 5218 1567 5272 in
1609 5235 1824 5290 corpore
1868 5230 2060 5276 uestro.

478 5310 862 5368 Gloriﬁcamus
898 5309 1052 5366 illum
1085 5309 1301 5381 quando
1330 5310 1379 5365 ei
1426 5311 1632 5380 gratias
1686 5311 1975 5369 referimus
1997 5314 2063 5371 de

479 5421 578 5477 sua
602 5402 1000 5476 redemptione,
1058 5411 1450 5476 portamusque
1487 5404 1542 5458 in
1592 5419 1820 5474 corpore
1874 5413 2061 5460 nostro

475 5497 694 5569 quando
730 5496 785 5551 in
822 5496 1004 5551 anima
1052 5502 1262 5561 nostra,
1309 5510 1430 5566 qua:
1474 5503 1727 5567 portatur
1755 5511 1786 5549 a
1811 5510 2057 5567 corpore,

477 5586 746 5642 inhabitat
772 5601 871 5659 per
898 5585 1242 5642 dilectionem
1279 5601 1434 5641 suam
1472 5586 1526 5640 in
1560 5585 1821 5656 cogitatu,
1848 5592 1899 5640 et
1924 5586 2056 5653 vita,

477 5687 536 5734 et
573 5677 851 5737 intellectu
882 5698 896 5733 :
934 5670 1016 5734 Ac
1050 5677 1173 5734 ideo
1230 5679 1426 5749 saepius
1474 5694 1574 5749 per
1608 5678 1923 5733 memoriam
1960 5692 2060 5733 no-

477 5778 645 5825 stram
676 5778 733 5825 et
780 5784 935 5826 suam
994 5768 1484 5825 sanctiﬁcationem
1510 5770 1780 5840 portando
1828 5769 1977 5825 illum
2003 5771 2056 5827 in

478 5867 662 5916 mente
681 5860 980 5915 secundum
1007 5874 1165 5916 suum
1180 5861 1321 5918 bene
1343 5863 1629 5933 placitum,
1652 5864 1725 5928 ei,
1750 5861 1805 5917 id
1836 5870 1920 5918 est
1939 5880 2058 5920 con-

478 5951 619 6012 θοι-ἱ,
653 5965 807 6007 mens
846 5961 1145 6007 memorata
1188 5954 1435 6025 praecipit
1460 5954 1527 6009 ad
1551 5954 1935 6023 obedientiam,
1962 5970 2058 6026 per

2187 3301 2305 3348 tute
2340 3293 2474 3349 dicit
2529 3293 2825 3349 Zacharias
2864 3292 3174 3363 pmpheta:
3207 3291 3277 3349 Ut
3327 3294 3453 3350 sine
3494 3296 3685 3350 thure
3717 3294 3782 3347 de

2183 3402 2348 3441 manu
2375 3385 2713 3440 inimicorum
2765 3394 3066 3441 nostrorum
3116 3385 3330 3442 liberati

2183 3478 2240 3532 in
2278 3476 2498 3549 iustitia
2522 3484 2574 3531 et
2610 3478 2888 3532 sanctitate
2935 3492 3117 3531 carent
3140 3476 3258 3547 ipso
3313 3478 3573 3533 omnibus
3604 3477 3777 3532 diebus

2183 3569 2402 3624 nostris.
2452 3565 2738 3624 Concessit
2766 3568 2927 3625 nobis
2951 3567 3097 3632 idem
3138 3567 3411 3624 Dominus
3454 3580 3640 3626 nostra
3668 3571 3777 3625 dio

2181 3661 2386 3716 lumina
2413 3666 2740 3730 temporum,
2768 3660 3000 3724 scilicet,
3028 3659 3139 3715 diei
3161 3668 3219 3714 et
3250 3660 3464 3727 noctis,
3488 3670 3553 3717 ut
3577 3661 3657 3717 sel
3680 3676 3776 3718 ιο-

2180 3753 2269 3808 bis
2294 3751 2502 3807 luceret
2530 3765 2632 3821 per
2654 3749 2824 3816 diem,
2871 3759 2933 3805 et
2954 3748 3085 3805 lima
3132 3765 3233 3822 per
3280 3759 3534 3808 noctem.
3563 3753 3645 3808 ΕΙ
3684 3752 3775 3809 his

2180 3843 2391 3899 duobus
2434 3843 2730 3898 luminibus
2782 3840 3091 3912 profectum
3123 3850 3329 3898 nostra:
3369 3842 3570 3915 fruges
3618 3860 3773 3899 assu-

2178 3944 2355 4001 munt,
2385 3945 2447 3992 ut
2481 3935 2548 3990 ad
2572 3934 2867 3991 utilitatem
2887 3943 3133 3990 matram
3159 3936 3512 4005 perveniant.
3540 3937 3619 3993 ει
3642 3938 3775 3993 luna

2179 4028 2384 4084 habent
2428 4028 2715 4083 humorem
2766 4033 2828 4081 ut
2854 4034 3130 4093 crescant,
3178 4027 3389 4084 exsoie
3450 4030 3774 4098 temperati-

2175 4135 2305 4176 vum
2331 4120 2581 4176 ardorem
2606 4126 2671 4175 ut
2694 4120 2764 4175 ad
2790 4119 3163 4175 maturitatem
3189 4121 3524 4191 perveniant.
3557 4118 3773 4175 Possu-

2176 4226 2297 4268 mus
2348 4212 2465 4267 haec
2514 4209 2866 4266 manifestare
2914 4227 2982 4268 ex
3028 4212 3189 4268 dictis
3232 4213 3439 4268 domini
3467 4210 3636 4267 Bch
3672 4210 3774 4281 (sit

2175 4311 2516 4373 assumptum
2536 4302 2610 4356 ab
2645 4302 2737 4357 illo
2783 4318 2816 4357 a
2845 4317 3170 4374 quocunque
3222 4304 3341 4375 ipse
3383 4304 3584 4370 vehit,
3636 4306 3771 4361 mihi

2175 4390 2369 4447 suﬁicit
2395 4390 2513 4460 eius
2544 4392 2863 4466 auctoritas)
2900 4410 2917 4448 :
2949 4394 3205 4464 denique,
3234 4395 3437 4465 inquit,
3472 4413 3603 4452 αι-
3631 4412 3773 4453 sere-

2172 4482 2298 4537 nior
2322 4497 2431 4537 nox
2455 4491 2559 4549 est,
2588 4494 2647 4540 et
2686 4485 2816 4540 luna
2849 4502 3078 4557 pernox,
3141 4494 3275 4543 tunc
3307 4487 3521 4560 largior
3570 4506 3662 4546 ros
3688 4506 3770 4546 re.

2172 4570 2347 4627 fertur
2373 4588 2503 4629 arva
2535 4573 2884 4643 perfundere,
2935 4586 2991 4633 et
3024 4576 3273 4647 plerique
3304 4580 3415 4633 sub
3458 4595 3598 4636 aere
3619 4583 3768 4651 quie-

2175 4672 2412 4731 scentes,
2464 4681 2573 4736 quo
2600 4668 2777 4738 magis
2831 4670 2931 4723 sub
2954 4668 3165 4725 hmine
3212 4668 3451 4726 fuissent
3482 4672 3650 4735 huc.
3698 4689 3765 4728 ea

2172 4757 2297 4827 plus
2327 4756 2574 4813 humoris
2607 4772 2666 4814 se
2710 4760 2887 4830 capite
2927 4760 3212 4831 collegisse
3260 4774 3585 4819 senserint.
3618 4764 3766 4819 liti

2168 4848 2280 4903 alio
2304 4848 2425 4904 loco
2457 4850 2525 4904 de
2551 4847 2665 4905 sole
2695 4867 2710 4903 :
2746 4849 3013 4920 Tempora
3037 4860 3165 4907 sunt
3195 4853 3327 4907 anni
3350 4863 3625 4922 quatuor,
3648 4853 3765 4924 qui-

2170 4940 2273 4994 bus
2300 4938 2379 4994 sol
2402 4955 2504 5010 per
2526 4940 2743 4996 diversa
2790 4941 2919 4995 caeli
2962 4943 3137 5010 spatia
3183 4943 3556 5003 discurrendo
3590 4946 3769 5014 alio

2168 5038 2320 5085 ctum
2354 5040 2621 5103 temperat
2644 5032 2857 5097 urbem,
2883 5033 3067 5088 divina
3105 5035 3293 5104 utique
3310 5048 3657 5106 prum-aue
3674 5054 3769 5095 sa-

2167 5123 2400 5194 pientia,
2428 5132 2492 5177 ut
2515 5139 2630 5178 non
2656 5139 2874 5195 semper
2901 5125 3109 5182 eisdem
3144 5141 3522 5187 conm-atus
3547 5134 3608 5189 in
3628 5135 3769 5189 ioci

2166 5214 2403 5270 fervoris
2427 5216 2688 5273 aviditate
2711 5218 3045 5274 mundanum
3070 5220 3436 5291 depopuletur
3456 5237 3717 5281 «nam
3742 5244 3760 5278 :

2166 5306 2263 5361 sed
2290 5307 2554 5377 paulatim
2593 5323 2695 5377 per
2724 5308 2943 5363 diversa
2969 5311 3339 5381 commigrans
3362 5315 3616 5368 terrenis
3640 5314 3762 5369 tru-

2162 5398 2344 5454 ctibus
2386 5400 2673 5454 noscendis
2694 5400 3141 5471 matus-aedisque
3192 5409 3637 5471 temperaturas-ta
3662 5421 3766 5461 clr-

2156 5766 2457 5838 Postquam
2510 5768 2813 5841 auimaper

2162 5860 2542 5916 recesseritab
2568 5862 3719 5934 eo,noneideputeturlaboradfruca-
3746 5886 3771 5929 ;

2162 5952 2256 6007 sed
2289 5953 2527 6022 quandiu
2558 5955 2613 6009 in
2642 5970 2872 6025 corpore
2932 5965 3041 6021 est,
3071 5964 3291 6028 oportet
3328 5959 3552 6028 operari
3610 5960 3771 6017 ﬁ
