4000 6540
320 397 439 462 “65

1042 407 1136 502 .DE
1172 409 1721 498 ECCLESIASTICIS
1755 406 2043 467 OFFlCllS
2078 410 2257 468 LIBRI
2292 412 2383 469 IV.
2420 444 2490 454 —
2527 414 2656 470 LIB.
2696 417 2788 474 ιν.

3402 427 3541 486 “66

317 527 516 598 placeat
537 521 667 588 Deo.
699 522 816 580 Non
842 525 989 584 enim
1010 528 1182 585 solum
1209 545 1310 602 pro
1335 531 1420 588 his
1445 547 1566 602 qua;
1595 532 1748 589 nobis
1776 532 1874 588 mi-
1897 529 1954 590 Α
1977 526 2138 611 dunt;
2169 528 2399 588 fodimus
2421 539 2476 588 et
2498 548 2597 589 nos
2625 542 2824 591 terram
2848 537 2993 594 circa
3024 540 3206 611 vitem,
3230 558 3296 600 ac
3317 545 3548 607 facimus

318 618 604 676 nistrantur
637 616 692 674 in
720 619 968 689 praesenti
1005 621 1220 692 saeculo,
1253 619 1364 680 Deo
1429 632 1673 682 astamus
1703 626 1757 685 in
1778 641 1874 684 no-

314 710 429 771 stris
456 709 689 780 ofﬁciis;
721 711 815 769 sed
841 712 1002 770 etiam
1037 713 1164 785 quia
1208 713 1480 772 debitores
1510 731 1609 774 nos
1633 731 1754 778 esse
1783 733 1874 775 eo-

311 800 606 875 gnoscimus
639 798 787 875 jugis
817 803 1024 860 servitii
1079 802 1213 876 ejus,
1243 814 1302 861 ut
1332 805 1506 864 ﬁdelis
1564 823 1751 865 servus
1779 809 1873 884 qui

307 909 512 966 semper
535 893 648 952 vult
675 894 731 952 in
787 895 1009 968 servitio
1035 897 1226 954 adesse
1255 899 1485 960 senioris
1509 900 1613 958 sui.
1647 900 1715 956 Et
1751 900 1873 957 ideo

307 985 578 1054 duodecim
624 987 973 1059 repetitiones
1003 989 1071 1046 de
1103 989 1192 1046 die
1215 987 1446 1063 facimus
1477 1009 1576 1064 per
1608 994 1868 1066 primam,

301 1089 351 1138 et
403 1081 639 1148 tertiam,
687 1091 742 1148 et
773 1092 1006 1155 sextam,
1062 1093 1118 1142 et
1167 1102 1366 1146 nonam
1415 1088 1626 1154 horam,
1676 1097 1736 1144 ut
1773 1103 1872 1161 per

300 1187 728 1246 unamquamque
766 1176 1138 1247 repetitionem
1195 1179 1306 1236 Deo
1331 1187 1596 1250 praesente
1623 1181 1791 1237 simus
1813 1181 1872 1246 in

298 1267 436 1326 omni
476 1269 653 1331 hora:
687 1267 934 1324 similiter
985 1268 1038 1324 in
1069 1278 1227 1328 nocte
1271 1286 1370 1342 per
1396 1273 1679 1329 duodecim
1723 1271 1871 1345 psal-

297 1376 428 1418 mos.
463 1362 531 1420 Et
558 1363 684 1433 quia
711 1372 868 1434 pater
897 1376 1081 1424 noster
1123 1366 1350 1435 audivit,
1376 1365 1445 1424 In
1470 1365 1662 1438 sudore
1691 1363 1868 1421 vultus

295 1452 372 1510 uti
407 1455 628 1512 vesceris
647 1472 782 1524 pane
807 1467 920 1524 tuo,
957 1459 1324 1516 convertimus
1349 1474 1450 1514 nos
1477 1456 1766 1529 aliquando
1795 1455 1867 1519 ad

291 1561 450 1616 opera
478 1549 817 1618 temporalia.
846 1551 1024 1621 Atque
1048 1560 1108 1607 ut
1157 1559 1378 1623 propter
1408 1552 1524 1608 haec
1559 1551 1867 1607 necessaria

290 1652 398 1696 non
432 1637 750 1698 omittamus
798 1643 1116 1702 servitutem
1174 1659 1341 1714 quam
1369 1643 1480 1700 Deo
1525 1643 1784 1700 debemus
1810 1641 1867 1700 in

288 1728 471 1788 anima
496 1730 773 1799 exhibere,
805 1741 1111 1790 statuerunt
1135 1744 1322 1806 patres
1343 1735 1518 1794 nostri
1549 1743 1610 1791 ut
1637 1743 1718 1792 tot
1743 1749 1867 1792 ora-

289 1819 461 1878 tiones
486 1821 909 1891 psalmodiarum
950 1823 1160 1892 ﬁerent,
1192 1833 1324 1897 quot
1351 1825 1504 1882 horae
1555 1833 1681 1884 sunt
1706 1824 1863 1882 nobis

286 1912 422 1972 datae
447 1914 514 1969 ad
543 1913 891 1972 laborandum
926 1931 1022 1988 pro
1079 1919 1473 1977 sustentatione
1499 1919 1760 1994 corporis.
1793 1918 1864 1974 Et

283 2005 410 2074 quia
439 2021 546 2061 non
589 2023 877 2079 possumus
899 2010 972 2064 ita
1015 2025 1232 2083 semper
1279 2012 1518 2084 operari,
1563 2011 1670 2068 nisi
1707 2011 1864 2083 quies

281 2095 570 2170 aliquando
607 2099 988 2174 subsequatur,
1039 2105 1283 2173 sequitur
1323 2120 1452 2170 nox,
1509 2105 1568 2161 in
1593 2119 1698 2178 qua
1751 2120 1862 2162 non

279 2201 569 2258 possumus
589 2191 826 2261 Operari,
855 2193 946 2250 sed
971 2194 1138 2263 quieti
1167 2196 1336 2252 otium
1363 2194 1574 2264 damus,
1601 2203 1659 2251 ut
1681 2204 1736 2251 et
1761 2211 1862 2266 pro

275 2281 398 2352 ipsa
433 2285 616 2356 quiete
642 2286 753 2343 Deo
774 2290 1055 2350 servitium
1079 2291 1387 2359 reddamus,
1418 2301 1702 2349 cantamus
1724 2291 1860 2346 duo-

276 2376 453 2435 decim
475 2380 712 2450 psalmos
756 2397 854 2452 pro
895 2383 1178 2440 duodecim
1232 2385 1382 2441 horis
1428 2385 1626 2440 noctis.
1663 2383 1862 2440 Tendi-

272 2485 399 2526 mus
427 2471 496 2526 ad
526 2471 630 2528 tale
670 2474 950 2530 servitium
979 2475 1139 2545 quale
1159 2476 1368 2545 primus
1389 2473 1561 2532 Adam
1589 2483 1745 2551 pater
1768 2490 1863 2532 no-

273 2569 390 2618 ster
415 2563 664 2630 exhibuit
691 2562 824 2630 Deo,
855 2575 1146 2638 antequam
1173 2576 1447 2638 peccaret,
1474 2577 1530 2626 et
1556 2567 1714 2645 quale
1744 2583 1864 2639 spe-

270 2669 465 2710 ramus
491 2654 732 2712 futurum
787 2665 910 2728 post
943 2658 1087 2714 hanc
1131 2660 1323 2726 vitam,
1360 2661 1464 2716 hoc
1513 2669 1616 2727 est,
1648 2668 1709 2716 ut
1735 2675 1864 2720 eon-

272 2745 416 2804 tinui
455 2747 626 2806 simus
673 2748 730 2804 in
786 2749 882 2810 Dei
931 2752 1238 2821 praesentia.
1281 2752 1400 2809 Non
1445 2752 1591 2812 enim
1639 2768 1865 2811 necesse

266 2848 359 2896 est
424 2839 663 2910 aliquem
698 2843 755 2897 in
793 2843 894 2900 hac
937 2844 1266 2903 discretione
1298 2848 1594 2916 mussitare
1642 2856 1863 2922 propter

267 2933 551 3004 disparem
602 2935 990 3008 longitudinem
1028 2940 1239 2995 dierum
1277 2947 1334 2995 et
1376 2927 1663 3009 noctium;
1696 2940 1863 2996 etiam

265 3024 633 3086 ealculatores
659 3029 916 3106 horarum
951 3040 1195 3103 tempora
1231 3032 1310 3090 sic
1354 3034 1604 3092 dividunt
1651 3033 1862 3090 dierum

261 3125 324 3174 et
364 3120 631 3189 noctium,
664 3130 724 3179 ut
749 3123 874 3180 luna
898 3140 996 3196 per
1025 3135 1241 3194 noctem
1293 3127 1473 3194 luceat
1528 3128 1643 3186 sive
1671 3127 1862 3184 aestivo

259 3223 365 3278 seu
411 3210 635 3270 hiemali
691 3222 932 3287 tempore
967 3217 1249 3274 duodecim
1302 3220 1476 3276 horis.
1531 3218 1687 3276 Unde
1715 3220 1862 3276 idem

261 3301 357 3372 qui
402 3318 567 3375 supra
604 3304 746 3368 Beda
802 3307 860 3363 in
913 3309 1053 3364 libro
1103 3310 1172 3365 de
1222 3310 1620 3382 Temporibus:
1661 3309 1864 3369 Verum

261 3391 609 3462 longissimis
661 3396 718 3452 in
771 3397 965 3454 bruma
1017 3400 1287 3467 noctibus,
1348 3402 1434 3457 vel
1490 3403 1622 3460 item
1672 3409 1865 3458 testate

258 3481 634 3552 brevissimis,
665 3502 896 3555 quarum
943 3489 1081 3545 alias
1127 3491 1410 3554 duodecim
1457 3492 1716 3558 horarum
1742 3507 1867 3562 spa-

262 3576 412 3638 tium
452 3576 610 3648 longe
666 3579 1074 3646 transcendere,
1112 3580 1247 3636 alias
1278 3597 1621 3654 nequaquam
1656 3583 1725 3638 ad
1762 3584 1866 3640 hoc

261 3665 591 3738 pertingere
621 3682 782 3737 posse
805 3676 1042 3736 constat,
1070 3686 1176 3741 qua
1207 3672 1420 3730 ratione
1449 3672 1634 3730 lunam
1663 3675 1867 3732 duode-

260 3759 381 3817 cim
423 3758 586 3815 horas
622 3759 805 3818 lucere
834 3762 1138 3829 credamus,
1176 3765 1280 3822 nisi
1311 3764 1453 3822 forte
1480 3774 1731 3836 putemus
1756 3782 1866 3822 non

258 3852 686 3922 aequinoctiales
747 3857 910 3916 horas
985 3859 1383 3930 intelligendas,
1447 3861 1542 3918 sed
1599 3861 1865 3933 singulas,

259 3960 524 4017 quasque
551 3957 741 4006 noctes
784 3967 886 4021 pro
917 3968 1015 4008 sua
1064 3967 1320 4012 mensura
1375 3952 1728 4024 longitudinis
1773 3960 1870 4009 aut

253 4037 563 4098 brevitatis
589 4041 645 4098 in
675 4043 960 4100 duodecim
992 4045 1312 4114 particulas,
1341 4061 1481 4116 quas
1522 4047 1686 4105 horas
1718 4045 1867 4103 voci-

257 4143 478 4205 tamus,
502 4153 657 4209 aequa
686 4139 1072 4197 distributione
1094 4140 1394 4198 ﬁndeudas.

907 4271 1136 4329 CAPUT
1174 4274 1238 4328 II.

918 4381 999 4437 De
1021 4382 1228 4437 Prima.

337 4497 889 4570 Magniﬁcentissime
907 4506 964 4554 et
985 4497 1378 4571 gloriosissime
1406 4505 1570 4569 atque
1607 4497 1870 4566 Christia-

1973 617 2211 689 fossam,
2258 624 2473 694 quando
2525 635 2767 684 nostram
2813 637 3062 690 naturam
3111 636 3181 700 ad
3227 642 3548 699 memoriam

1974 715 2133 770 nobis
2156 715 2484 786 inducimus,
2508 727 2563 776 et
2605 721 2953 780 humiliamur
2989 728 3091 786 sub
3135 733 3341 802 potenti
3385 749 3551 792 manu

1974 804 2092 871 Dei,
2129 808 2439 881 aspicienda
2475 826 2572 867 nos
2612 812 2886 883 pulverem
2911 823 2966 870 et
3011 819 3250 878 cinerem
3286 840 3428 886 esse.
3457 827 3551 884 lu-

1974 911 2139 966 super
2166 899 2329 954 etiam
2353 901 2481 971 quia
2509 902 2681 973 ipsam
2707 913 2957 964 naturam
2997 914 3398 984 corrumpimus
3421 932 3549 988 pec-

1973 989 2167 1054 cando,
2199 991 2506 1050 inducimus
2550 1004 2778 1062 stercus,
2808 1006 2868 1054 ut
2911 1010 3135 1071 peccata
3177 1015 3366 1063 nostra
3402 1009 3551 1068 circa

1972 1095 2074 1134 nos
2096 1081 2207 1135 sint
2232 1083 2286 1137 in
2314 1088 2566 1154 praesenti
2599 1089 2816 1158 sarculo,
2847 1100 3009 1162 atque
3044 1095 3098 1149 in
3139 1097 3324 1154 futuro
3354 1101 3553 1170 desint,

1971 1178 2026 1224 et
2055 1186 2154 1242 per
2179 1171 2316 1230 duas
2351 1192 2459 1244 res,
2493 1177 2544 1234 id
2568 1187 2673 1246 est,
2702 1197 2796 1252 per
2824 1185 3312 1246 considerationem
3354 1203 3555 1253 nostra:

1971 1272 2202 1333 naturae,
2231 1274 2284 1320 et
2309 1263 2408 1342 per
2431 1271 2811 1341 paenitentiam
2837 1283 3152 1334 nostrorum
3181 1291 3554 1354 peccatorum,

1970 1366 2184 1412 crescat
2233 1368 2418 1416 noster
2457 1361 2667 1418 fructus
2713 1365 2954 1434 uberius,
2987 1369 3187 1442 ﬁatque
3229 1375 3415 1430 vinum
3459 1393 3558 1448 per

1970 1451 2277 1520 angustiam
2314 1454 2623 1522 torcularis,
2661 1465 2716 1513 et
2755 1461 3205 1530 exspoliationem
3253 1468 3555 1528 carnalium

1971 1537 2416 1612 delectationum,
2441 1548 2584 1618 quod
2606 1549 2759 1618 quasi
2782 1567 2880 1622 per
2906 1554 3178 1622 quoddam
3204 1558 3441 1614 torcular
3474 1561 3559 1618 in-

1971 1638 2150 1688 troeat
2170 1634 2224 1688 in
2247 1637 2528 1694 cellarium
2557 1649 2775 1697 aeternae
2806 1643 3016 1701 domus.
3050 1647 3248 1704 Vinum
3295 1651 3439 1720 quod
3464 1668 3559 1708 ex-

1967 1721 2224 1792 primitur
2243 1727 2311 1781 ab
2327 1743 2430 1782 uva
2457 1745 2553 1800 per
2577 1747 2890 1801 pressuram
2917 1735 3205 1792 torcularis
3226 1737 3556 1802 desiderium

1970 1823 2217 1870 nostrum
2259 1816 2476 1874 fervens
2510 1827 2615 1886 est,
2653 1823 2798 1891 quod
2829 1824 3050 1879 exuitur
3095 1842 3124 1882 a
3165 1829 3374 1884 carnali
3421 1831 3561 1889 desi-

1890 1887 1942 1951 Ῑ
1972 1903 2145 1972 derio,
2170 1921 2228 1961 ut
2253 1906 2474 1981 dignum
2503 1912 2573 1966 sit
2599 1887 2821 1969 recondi
2851 1916 2904 1970 in
2927 1921 3299 1990 promptuario
3323 1887 3559 1988 Domini.

1968 1997 2191 2056 Fructui
2231 2001 2404 2058 vinem
2439 2004 2622 2072 multae
2669 2005 2911 2062 adversae
2961 2007 3092 2065 fera:
3123 2011 3473 2082 insidiantur,
3503 2023 3563 2071 ut

1969 2105 2093 2146 cum
2121 2091 2370 2147 furentur
2402 2103 2458 2150 et
2489 2094 2759 2164 trajiciant
2789 2098 2844 2152 in
2888 2113 3087 2171 corpus
3110 2117 3287 2160 suum.
3320 2103 3413 2161 Eis
3442 2105 3563 2173 qui-

1969 2183 2090 2238 dem
2126 2183 2256 2240 fcris
2282 2195 2511 2256 possunt
2553 2191 2859 2262 comparari
2891 2191 3112 2266 Zyphazi
3157 2197 3560 2267 quodammodo

1969 2278 2309 2348 apparitores
2363 2277 2514 2348 Saul,
2544 2281 2637 2352 qui
2685 2283 2974 2339 voluerunt
3024 2301 3217 2358 rapere
3259 2286 3451 2353 David,
3501 2297 3562 2348 ut

1969 2373 2250 2430 traderent
2286 2388 2410 2430 eum
2462 2375 2515 2432 in
2554 2391 2751 2432 manus
2802 2376 2934 2434 Saul
2982 2377 3050 2432 ad
3098 2379 3558 2436 interﬁciendum.

1968 2461 2087 2519 Non
2117 2465 2263 2520 enim
2295 2465 2492 2522 desunt
2517 2465 2675 2523 nobis
2702 2468 2868 2525 iidem
2902 2469 3146 2542 Zyphtei,
3175 2472 3265 2542 qui
3294 2473 3563 2548 interpre-

1968 2562 2158 2611 tantur
2186 2553 2446 2614 llorentes
2472 2575 2485 2611 :
2519 2574 2657 2631 quos
2702 2560 3054 2632 intelligimus
3082 2563 3286 2620 diaboli
3315 2564 3561 2620 membra

1971 2669 2113 2721 esse,
2137 2655 2253 2713 sive
2282 2654 2461 2730 ipsum
2495 2657 2902 2730 diabolum,qui
2931 2668 3110 2730 potest
3137 2661 3241 2716 dici
3271 2671 3560 2736 propterea

1969 2747 2340 2822 ﬂorens,quia
2359 2751 2775 2820 prosperitatem
2819 2753 3078 2810 caducam
3127 2754 3242 2812 suis
3291 2756 3562 2812 ostendat.

1967 2843 2089 2916 Ipse
2115 2843 2268 2900 enim
2295 2843 2409 2901 sive
2437 2859 2536 2917 per
2575 2860 2655 2912 se,
2677 2846 2792 2902 sive
2819 2861 2919 2918 per
2952 2847 3195 2904 membra
3223 2863 3320 2904 sua
3344 2847 3566 2906 insidia-

1971 2944 2064 2994 tur
2088 2937 2267 3004 nobis,
2299 2936 2386 2995 vel
2428 2946 2616 3011 aperte
2641 2939 3011 3012 persequitur,
3035 2948 3096 2996 ut
3140 2941 3319 3000 tradat
3346 2947 3565 2998 acterna:

1970 3028 2156 3084 morti.
2191 3029 2261 3084 Et
2290 3027 2467 3104 ﬁeret,
2491 3030 2595 3092 nisi
2626 3030 2785 3090 vinea
2815 3029 3054 3095 Domini,
3085 3046 3205 3101 quae
3232 3047 3333 3090 nos
3353 3047 3562 3100 sumus,

1969 3120 2200 3176 haberet
2227 3107 2410 3194 sepem
2433 3122 2642 3180 circum
2666 3136 2728 3180 se
2754 3131 2920 3195 atque
2944 3122 3183 3181 cultores
3213 3122 3355 3188 infra
3373 3138 3449 3180 se.
3469 3121 3542 3180 Se

1970 3227 2070 3282 pes
2097 3213 2243 3270 enim
2272 3214 2520 3272 custodia
2551 3211 2768 3271 Domini
2812 3221 2899 3274 est
2939 3215 3084 3272 circa
3122 3213 3324 3272 electos
3369 3229 3500 3282 suos
3548 3233 3561 3270 :

1971 3304 2226 3364 Cultores
2248 3291 2418 3376 enim,
2447 3312 2508 3363 ut
2531 3304 2902 3376 prtediximus,
2921 3313 3048 3362 sunt
3074 3305 3327 3363 doctores
3350 3312 3406 3358 et
3425 3319 3570 3376 pra:-

1969 3398 2137 3470 positi
2171 3397 2448 3472 Ecclesia.
2495 3397 2590 3452 Illa
2635 3412 2763 3468 sepe
2815 3397 3183 3454 circumdatus
3216 3405 3338 3454 erat
3396 3395 3566 3453 David

1971 3488 2188 3559 quando
2209 3486 2432 3560 Zyphaei
2464 3501 2587 3544 eum
2602 3487 3113 3552 circumdederunt;
3142 3503 3210 3544 ac
3239 3487 3362 3546 ideo
3386 3487 3564 3544 salva-

1973 3589 2062 3646 tus
2089 3587 2194 3648 est,
2224 3588 2278 3635 et
2298 3579 2497 3638 cecinit
2521 3578 2812 3651 psalmum,
2841 3578 3001 3647 Deus,
3033 3581 3089 3634 in
3111 3581 3320 3638 nomine
3341 3590 3429 3638 tuo
3451 3580 3562 3636 sal-

1972 3690 2096 3730 uum
2121 3689 2203 3727 me
2233 3673 2342 3744 fac,
2367 3680 2474 3728 etc.
2506 3671 2644 3740 Quia
2671 3671 2904 3729 Domino
2929 3673 3229 3730 miserante
3255 3672 3562 3730 inchoaturi

1973 3780 2164 3825 Sumus
2189 3763 2454 3821 diurnalia
2501 3761 2678 3820 oﬂicia
2722 3763 2790 3830 ab
2837 3763 2973 3834 hora
3020 3778 3126 3835 qua
3174 3761 3566 3838 paterfamilias

1974 3857 2192 3914 vocavit
2214 3857 2494 3930 operarios
2515 3856 2573 3914 in
2598 3857 2816 3914 vineam
2843 3871 3020 3922 suam,
3047 3854 3130 3914 las
3162 3854 3320 3912 nobis
3348 3855 3567 3912 videtur

1975 3957 2037 4016 ut
2080 3950 2147 4008 ab
2184 3949 2376 4006 eodem
2423 3957 2669 4022 tempore
2696 3963 2761 4003 ea
2792 3947 3144 4028 inchoemus,
3179 3946 3396 4018 quando
3435 3945 3566 4002 illud

1975 4041 2319 4113 evangelium
2354 4041 2555 4113 legitur
2581 4042 2725 4114 quod
2763 4041 3163 4098 ordinationem
3189 4039 3566 4112 operariorum

1977 4134 2222 4190 continet
2243 4150 2340 4205 per
2360 4141 2730 4206 competentes
2750 4133 2936 4200 horas,
2954 4132 3005 4188 id
3026 4141 3128 4200 est,
3149 4131 3562 4202 septuagesima.

1977 4225 2133 4282 Sicut
2161 4228 2306 4283 enim
2335 4227 2527 4283 ovibus
2554 4241 2676 4296 qua:
2705 4233 2868 4281 nocte
2911 4223 3294 4280 custodiuntur
3331 4221 3388 4276 in
3419 4220 3568 4278 ovili-

1975 4322 2101 4386 bus,
2140 4329 2197 4375 et
2222 4328 2346 4392 post
2391 4319 2714 4375 matutinam
2765 4317 3070 4374 custodiam
3119 4314 3445 4372 exeuntibus
3494 4315 3562 4370 de

1977 4414 2101 4472 vico
2131 4413 2196 4469 ad
2229 4428 2432 4484 pascua
2468 4412 2524 4467 in
2573 4410 2914 4468 latitudinem
2959 4425 3270 4482 camporum
3299 4450 3313 4474 ,
3344 4423 3568 4466 necesse

1976 4512 2064 4560 est
2109 4513 2168 4560 ut
2214 4503 2358 4560 illico
2399 4503 2639 4562 habeant
2675 4502 2971 4572 opilionem
2996 4501 3088 4572 qui
3126 4517 3220 4558 eas
3249 4500 3504 4572 defendat
3535 4516 3566 4554 a

248 4593 504 4652 nissime
529 4594 846 4665 imperator,
871 4594 1130 4666 quoniam
1156 4593 1435 4664 professus
1469 4603 1554 4649 est
1585 4609 1646 4651 se
1675 4609 1866 4652 servus
1891 4627 1946 4692 D
1975 4597 2120 4668 lupis
2144 4597 2479 4655 irruentibus
2505 4615 2517 4650 :
2549 4596 2622 4652 ita
2655 4596 2811 4652 nobis
2833 4611 3056 4652 necesse
3083 4605 3198 4662 est,
3223 4595 3400 4666 primo
3423 4595 3563 4653 dilu-

248 4696 493 4751 vester,
521 4688 770 4756 quamvis
807 4688 1068 4746 minimus
1101 4691 1378 4756 omnium,
1415 4689 1597 4759 aliqua
1641 4688 1866 4762 pingere

249 4780 332 4837 de
359 4779 636 4847 operariis
665 4781 757 4849 qui
795 4781 944 4838 omni
970 4783 1102 4838 hora
1126 4783 1316 4842 volunt
1344 4784 1601 4840 assistere
1643 4783 1700 4838 in
1743 4798 1863 4839 ser-

246 4872 410 4930 vitio
439 4869 557 4936 Dei,
583 4871 798 4928 videtur
821 4873 1074 4941 parvitati
1098 4890 1232 4932 meae
1253 4891 1348 4944 per
1369 4877 1465 4930 Dei
1492 4877 1691 4930 donum
1720 4875 1868 4946 quod

249 4971 527 5023 vestrum
555 4963 795 5024 animum
821 4963 889 5021 ad
913 4980 971 5022 se
1004 4967 1148 5035 rapit
1187 4967 1241 5020 in
1276 4967 1552 5036 prosperis
1588 4975 1643 5020 et
1676 4967 1869 5022 adver-

249 5058 369 5123 sis,
399 5064 466 5112 ut
493 5054 562 5114 ab
591 5056 681 5116 illa
713 5057 848 5116 hora
890 5057 1142 5115 inchoem
1171 5073 1277 5127 qua
1310 5056 1700 5128 paterfamilias
1731 5071 1865 5112 con-

249 5149 430 5210 ducit
470 5150 748 5219 operarios
792 5150 848 5206 in
889 5150 1103 5206 vineam
1145 5165 1321 5208 suam.
1381 5149 1580 5205 Sancta
1628 5147 1873 5204 Ecclesia

247 5240 475 5314 procul
489 5240 651 5298 dubio
670 5250 755 5298 est
773 5243 930 5300 vinea
939 5241 1367 5314 patrisfamilias,
1385 5258 1504 5313 qua:
1528 5242 1599 5297 ita
1616 5249 1878 5312 operatur

253 5348 373 5406 per
397 5336 685 5404 Operarios
717 5335 772 5392 in
802 5336 959 5394 vinea
991 5351 1110 5403 sua,
1151 5345 1212 5394 ut
1257 5337 1361 5394 sibi
1396 5336 1708 5392 fructiﬁeet.
1761 5337 1873 5394 Nos

253 5439 478 5484 sumus
502 5426 658 5484 vinea
697 5443 819 5498 quae
844 5428 1038 5485 colitur
1066 5445 1164 5500 per
1199 5429 1460 5494 cultores,
1489 5429 1699 5488 scilicet
1728 5445 1871 5500 prae-

249 5520 497 5592 positos
528 5529 729 5578 sancta
753 5521 1028 5589 Ecclesiae,
1055 5533 1149 5584 aut
1175 5539 1273 5594 per
1301 5523 1681 5593 nosmetipsos.
1719 5523 1868 5580 Prae-

251 5610 451 5685 positi
483 5612 776 5670 ostendunt
809 5613 1102 5682 culturam,
1151 5631 1359 5688 nosque
1401 5617 1564 5675 simul
1590 5633 1715 5673 cum
1764 5617 1875 5674 illis

253 5717 610 5762 exercemus
639 5703 805 5764 illam.
839 5706 1072 5767 Fodiunt
1101 5710 1338 5769 cultores
1378 5712 1593 5770 vineam
1637 5720 1694 5768 et
1732 5722 1872 5769 ster-

257 5802 515 5863 corant,
543 5798 760 5868 quando
795 5801 959 5857 corda
992 5809 1178 5861 nostra
1205 5804 1340 5862 dura
1368 5819 1465 5875 per
1489 5806 1657 5863 verba
1693 5806 1871 5864 incre-

258 5886 531 5960 pationis
560 5891 839 5957 scindunt.
866 5901 921 5953 et
968 5892 1133 5957 fetida
1179 5907 1406 5968 peccata
1454 5907 1640 5958 nostra
1685 5899 1871 5959 infun-

1973 4693 2098 4750 culo
2141 4691 2486 4766 surgentibus
2526 4690 2596 4746 ad
2625 4691 2883 4746 mandata
2914 4690 3150 4754 Domini,
3179 4695 3239 4743 ut
3269 4689 3569 4746 habeamus

1971 4794 2252 4859 pastorem
2283 4794 2341 4841 et
2368 4785 2647 4842 doctorem
2684 4783 2777 4852 qui
2820 4797 2918 4837 nos
2949 4782 3260 4836 introducat
3283 4779 3349 4834 ad
3374 4779 3565 4834 eadem

1973 4878 2231 4934 mandata
2260 4884 2316 4930 et
2339 4873 2593 4932 defendat
2617 4890 2649 4928 a
2673 4873 2844 4942 lupis;
2889 4872 2955 4926 de
2986 4871 3183 4940 quibus
3209 4870 3348 4938 lupis
3370 4869 3566 4938 legitur

1975 4967 2032 5024 in
2081 4965 2375 5036 Evangelia
2421 4964 2718 5020 secundum
2765 4961 3050 5026 Joannem,
3077 4959 3144 5013 Et
3172 4958 3326 5030 lupus
3354 4959 3490 5028 rapit
3516 4968 3566 5013 et

1979 5062 2228 5132 dispergit
2275 5076 2391 5116 oves
2431 5073 2449 5110 :
2494 5075 2558 5115 ac
2586 5058 2938 5116 nihilominus
2969 5072 2998 5111 a
3022 5056 3194 5123 leone,
3221 5054 3313 5124 qui
3344 5054 3565 5125 rugiens

1982 5152 2178 5207 circuit
2204 5165 2454 5220 quaerens
2480 5166 2642 5220 quem
2667 5150 2908 5206 devoret.
2943 5147 3226 5216 Quomodo
3270 5146 3427 5216 lupus
3471 5158 3565 5199 ra-

1980 5246 2118 5316 piat,
2159 5245 2274 5300 sive
2312 5244 2396 5300 leo
2445 5244 2687 5310 devoret,
2719 5241 3065 5308 manifestum
3094 5249 3178 5300 est
3210 5240 3294 5296 his
3332 5237 3423 5308 qui
3469 5236 3565 5292 im-

1978 5344 2289 5408 pugnantur
2310 5353 2341 5391 a
2361 5337 2527 5392 vitiis.
2553 5335 2931 5406 Unusquisque
2956 5333 3100 5390 enim
3134 5333 3225 5405 qui
3253 5331 3401 5386 videt
3423 5344 3562 5401 quo-

1980 5431 2143 5488 modo
2174 5439 2414 5488 tentatur
2441 5447 2470 5486 a
2517 5427 2957 5501 concupiscentia
3009 5442 3105 5484 sua
3149 5428 3455 5492 abstractus
3510 5430 3567 5480 et

1977 5527 2212 5594 illectus,
2240 5526 2521 5598 cognoscit
2559 5539 2719 5594 quem
2745 5531 3058 5578 memorata:
3090 5520 3218 5576 ferae
3244 5535 3341 5590 per
3378 5517 3560 5590 gulam

1979 5622 2216 5693 rapiant,
2245 5637 2406 5691 quem
2435 5634 2536 5690 per
2562 5616 2855 5682 luxuriam,
2878 5631 3039 5686 quem
3065 5630 3164 5685 per
3188 5612 3563 5669 curiositatem

1973 5715 2310 5773 nefariarum
2339 5711 2562 5776 artium,
2591 5725 2754 5780 quem
2777 5724 2877 5779 per
2909 5705 3416 5776 contemplationem
3441 5716 3567 5774 spe-

1979 5806 2316 5866 ctaculorum
2363 5802 2602 5872 turpium
2650 5810 2704 5858 et
2754 5813 3212 5870 supervacuorum
3230 5838 3244 5864 ,
3278 5811 3440 5868 quem
3468 5808 3565 5866 per

1977 5896 2392 5972 acquisitionem
2425 5908 2607 5954 rerum
2633 5892 3031 5963 temporalium,
3057 5904 3216 5963 quem
3245 5905 3344 5961 per
3387 5887 3564 5944 curio-
