4000 6522
429 413 565 471 “67

1454 405 1784 466 AMALARll
1821 401 2265 461 PRESBYTER!
2303 399 2647 456 METENSIS

3552 391 3710 451 “68

427 527 645 584 sitatem
671 522 1035 594 inquisitionis
1061 521 1175 577 sive
1201 521 1552 576 detractionis
1585 520 1842 574 vitiorum
1872 533 2002 588 pro-
2031 521 2084 581 Α
2106 515 2274 571 Israel
2293 531 2403 570 non
2429 523 2513 570 est
2543 512 2688 568 aliud
2712 523 2874 582 quam
2894 516 2955 564 ut
2974 507 3172 563 reverti
3201 504 3365 561 faciat
3390 504 3562 560 lsrael
3587 515 3714 563 toto

429 619 722 683 simorum,
755 630 913 687 quem
959 629 1058 684 per
1092 615 1422 685 superbiam,
1454 630 1614 685 quem
1658 629 1758 684 per
1793 611 2008 682 jactan-

429 709 582 765 tiam.
634 709 760 764 Hzec
799 714 924 764 sunt
953 707 1104 773 vitia,
1135 723 1256 778 quae
1285 705 1644 776 subjiciuntur
1670 705 1844 761 tribus
1884 722 2010 762 con-

430 801 808 872 cupiscentiis,
839 800 1034 872 quibus
1083 807 1228 855 totus
1281 799 1512 856 mundus
1557 799 1890 866 involvitur,
1918 799 2012 870 ,(Ιί-

430 902 588 950 cente
615 892 872 965 Apostolo
902 910 915 946 :
963 891 1128 947 Omne
1145 893 1283 964 quod
1311 895 1364 948 in
1401 900 1594 951 mundo
1637 904 1735 960 est,
1765 903 1856 948 aut
1887 910 2011 947 con-

431 985 755 1056 cupiscentia
799 985 974 1040 carnis
1012 995 1106 1050 est,
1135 995 1225 1040 aut
1256 987 1674 1056 concupiscentia
1712 985 2008 1050 oculorum,

429 1088 521 1133 aut
550 1076 796 1148 superbia
827 1077 965 1133 vitaz.
996 1077 1225 1148 Propter
1256 1079 1652 1149 suprascriptas
1695 1078 1840 1133 feras
1882 1077 2015 1132 dicit

428 1173 597 1246 opilio
623 1181 831 1238 noster,
856 1171 997 1226 Deus
1019 1174 1076 1226 in
1105 1173 1428 1242 adjutorium
1466 1189 1635 1226 meum
1659 1171 2013 1236 intende,Do-

429 1265 590 1329 mine,
615 1263 685 1317 ad
707 1262 1067 1333 adjuvandum
1091 1280 1172 1317 me
1197 1264 1407 1334 festina.
1441 1265 1499 1318 In
1521 1263 1681 1319 ollicii
1709 1264 1863 1319 initio
1886 1278 2011 1332 pre-

429 1360 607 1417 catur,
635 1362 694 1409 ut
725 1369 829 1408 non
861 1355 1072 1424 possint
1100 1363 1307 1410 tantum
1341 1354 1634 1426 praevalere
1659 1363 1925 1426 quatenus
1947 1356 2014 1410 ab

430 1446 620 1501 eodem
644 1445 1001 1502 conciliabulo
1031 1447 1268 1518 aliquem
1309 1457 1563 1518 separent
1609 1463 1705 1519 per
1758 1448 2016 1502 astutiam

429 1550 603 1593 suam.
635 1537 810 1592 Simili
854 1539 1014 1593 modo
1057 1537 1293 1595 faciebat
1341 1539 1553 1612 Moyses
1581 1580 1596 1606 ,
1629 1540 1842 1609 quando
1889 1553 2018 1594 arca

427 1627 742 1683 elevabatur
768 1630 836 1683 ad
885 1632 1230 1700 portandum.
1291 1632 1552 1687 Dicebant
1603 1632 1788 1688 enim:
1823 1631 2012 1703 Surge,

431 1717 675 1784 Domine,
701 1728 751 1774 et
785 1719 1107 1790 dissipentur
1158 1723 1359 1777 inimici
1419 1724 1528 1790 tui,
1573 1733 1623 1778 et
1677 1724 1884 1796 fugiant
1928 1723 2020 1796 qui

2109 609 2274 663 corde
2314 608 2382 662 ad
2434 620 2510 661 se.
2555 604 2697 659 Deus
2738 617 2846 657 non
2892 599 3078 666 habet,
3102 613 3210 669 quo
3247 606 3587 662 revertatur,
3620 599 3714 654 cui

2110 707 2282 754 totum
2309 712 2549 770 praesens
2571 703 2672 750 est.
2695 694 2776 750 Ita
2811 693 2955 748 enim
2976 732 2991 755 ,
3016 690 3277 761 Exsurge,
3303 687 3570 754 Domine,
3600 705 3718 746 non

2111 791 2358 848 estaliud
2391 787 2823 860 intelligendum,
2850 800 3039 856 quam,
3072 782 3181 838 Nos
3223 781 3308 838 fac
3347 795 3659 852 exsurgere
3687 797 3719 838 a

2111 898 2303 939 somno
2348 881 2604 952 torporis,
2632 887 2687 934 et
2718 877 2804 932 fac
2834 875 3132 932 industrios
3160 881 3325 944 atque
3366 881 3635 930 strenuos
3663 873 3720 929 in

2113 990 2280 1045 opere
2305 973 2684 1029 mandatorum
2713 979 2949 1025 tuorum.
2977 966 3061 1022 Ab
3091 966 3207 1038 ipsa
3247 963 3580 1020 reversione
3625 979 3719 1020 ac-

2113 1069 2258 1140 cepit
2292 1069 2436 1124 idem
2467 1075 2662 1122 cantus
2688 1079 2890 1120 nomen
2932 1078 3131 1118 versus.
3160 1059 3421 1114 Eamdem
3445 1058 3610 1114 enim
3640 1073 3724 1115 re-

2112 1159 2442 1224 versionem,
2461 1159 2527 1214 de
2551 1173 2656 1228 qua
2680 1159 2999 1211 admouetur
3021 1168 3120 1225 per
3134 1165 3724 1216 versum,exeroemus

2115 1258 2260 1307 statu
2295 1251 2540 1321 corporis
2566 1247 3003 1315 nostri.Quando
3028 1245 3278 1300 audimus
3303 1259 3557 1308 versum,
3586 1243 3724 1300 illico

2114 1345 2382 1400 vertimus
2405 1359 2504 1398 nos
2532 1343 2601 1397 ad
2629 1342 2921 1397 orientem.
2948 1339 3128 1408 Quare
3159 1338 3306 1393 hoc?
3360 1337 3469 1392 nisi
3497 1347 3564 1390 ut
3609 1353 3722 1392 om-

2116 1439 2204 1494 nis
2233 1437 2494 1509 cogitatio
2517 1452 2639 1506 quze
2671 1434 2817 1489 foras
2848 1433 3019 1488 exivit
3045 1431 3362 1501 aspicienda
3385 1439 3444 1486 et
3489 1430 3724 1486 videndo

2118 1532 2236 1587 lucc
2271 1528 2608 1600 temporalia,
2636 1534 2947 1583 revertatur
2973 1526 3112 1580 infra
3140 1541 3240 1580 nos
3261 1566 3275 1590 ,
3307 1534 3364 1580 et
3409 1525 3670 1582 dicamus
3707 1540 3721 1576 :

2119 1621 2366 1685 Domine,
2400 1620 2468 1674 da
2498 1618 2628 1673 mihi
2650 1635 2743 1672 cor
2771 1626 2828 1670 ut
2857 1632 3002 1671 orem
3027 1615 3095 1669 ad
3127 1625 3194 1669 te.
3243 1613 3447 1668 Postea
3496 1613 3722 1668 inchoa-

2121 1729 2243 1769 mus
2293 1711 2589 1781 implorare
2639 1707 3076 1765 misericordiam
3134 1707 3352 1761 Domini
3403 1721 3510 1777 per
3564 1705 3724 1776 Kgrie

430 1809 652 1865 Oderunt
716 1821 798 1878 te,
864 1829 896 1865 a
962 1812 1099 1881 facie
1165 1823 1275 1868 tua.
1341 1813 1452 1872 Nos
1506 1817 1651 1870 enim
1707 1816 2024 1887 spiritaliter
2050 1827 2100 1888 Β
2127 1809 2357 1875 eleison,
2382 1815 2467 1872 et,
2492 1804 2700 1861 Christe
2726 1805 2952 1869 eleisan,
2976 1813 3030 1860 et
3058 1804 3255 1858 iterum
3287 1800 3459 1872 Kgrie
3502 1801 3723 1858 eleison.

429 1916 617 1958 sumus
663 1902 753 1958 illa
799 1919 946 1959 arca.
1006 1904 1160 1960 Sicut
1211 1907 1356 1962 enim
1416 1906 1655 1977 quotidie
1709 1907 2018 1963 circumda-

428 1990 591 2049 batur
618 1994 712 2049 illa
741 1996 811 2050 ab
853 1996 1110 2063 inimicis,
1135 1999 1215 2053 sic
1261 2007 1316 2054 et
1361 2009 1545 2054 sancta
1573 1999 1815 2054 Ecclesia
1852 2015 2023 2070 usque

428 2085 487 2141 in
526 2085 692 2142 ﬁnem
712 2087 1142 2145 circumdabitur
1167 2105 1196 2143 a
1224 2091 1684 2160 persecutoribus,
1719 2092 1834 2146 sive
1873 2108 2025 2162 aper-

429 2176 521 2242 tis,
549 2177 664 2232 sive
704 2179 951 2234 occultis.
1004 2178 1283 2249 Sequitur,
1311 2189 1436 2251 post
1463 2182 1898 2252 deprecationem
1928 2199 2024 2239 no-
2051 2230 2073 2243 .

429 2271 532 2326 stri
561 2269 832 2343 Opilionis,
858 2271 1043 2327 Gloria
1072 2283 1267 2326 sancta:
1299 2271 1597 2340 Trinitatis,
1629 2290 1789 2343 quam
1826 2275 2022 2344 depre-

431 2379 624 2420 camur
661 2365 854 2421 adesse
900 2373 1085 2420 nostro
1140 2365 1428 2435 adiutorio.
1469 2365 1810 2422 Recordatur
1859 2368 2025 2438 opilio

429 2465 618 2514 noster
645 2457 914 2515 sermonis
945 2458 1182 2524 Domini,
1215 2475 1378 2529 quem
1425 2458 1592 2522 dixit,
1620 2457 1746 2514 Sine
1771 2477 1851 2514 me
1892 2459 2024 2514 nihil

429 2549 640 2619 potestis
666 2549 859 2619 facere.
891 2549 970 2605 De
993 2551 1290 2616 additione,
1318 2549 1502 2606 Gloria
1523 2552 1664 2620 patri
1685 2567 1785 2622 per
1811 2552 2025 2608 diversa

431 2642 572 2710 loca,
600 2642 963 2715 Hieronymus
989 2645 1208 2715 scripsit
1237 2644 1293 2698 in
1338 2643 1563 2715 epistola
1600 2659 1698 2700 sua
1725 2645 1794 2700 ad
1824 2645 2022 2700 Dama-

431 2749 554 2790 sum
582 2750 800 2806 papam.
847 2734 956 2791 Cur
995 2736 1050 2790 in
1081 2745 1384 2792 memorato
1415 2745 1677 2808 tempore,
1704 2738 1756 2792 id
1784 2745 1888 2803 est,
1926 2737 2024 2792 Se-

431 2829 792 2898 ptuagesima,
811 2827 1066 2897 Alleluia,
1100 2845 1209 2886 non
1255 2839 1592 2901 supponatur
1620 2830 1804 2903 gloria:
1830 2841 2027 2887 sancta:

435 2919 736 2989 Trinitatis,
751 2939 872 2992 qua:
891 2932 976 2978 est
995 2941 1088 2994 per
1107 2926 1284 2979 omnia
1306 2925 1502 2980 stecula
1523 2925 1840 2980 saeculorum
1858 2943 1876 2989 ,°
1910 2926 2023 2992 sed,

434 3010 614 3080 Laus,
657 3013 782 3079 tibi,
827 3013 1074 3082 Domine,
1104 3033 1198 3072 rex
1229 3027 1440 3072 (sternte
1466 3016 1672 3088 glariw,
1704 3018 1943 3073 diximus
1973 3019 2030 3073 in

432 3103 616 3160 libello
642 3119 804 3174 quem
834 3105 1064 3161 fecimus
1103 3108 1170 3162 de
1199 3107 1610 3178 Septuagesima
1631 3149 1646 3174 ,
1680 3108 1891 3164 scilicet
1920 3123 2030 3162 non

2126 1904 2262 1958 Tres
2290 1901 2550 1958 articulos
2577 1901 2758 1971 aliquo
2793 1899 2954 1954 modo
2980 1898 3175 1952 divinre
3200 1894 3508 1964 majestatis
3532 1908 3588 1950 et
3611 1895 3727 1951 Tri-

2123 1997 2311 2053 nitatis
2352 1995 2694 2052 celebramus
2741 1995 2796 2050 in
2824 1993 3076 2049 ecclesia.
3108 1991 3328 2046 Primus
3359 2000 3446 2046 est
3474 1999 3607 2045 ante
3635 2008 3720 2045 as-

2125 2098 2396 2160 sumptam
2426 2089 2852 2154 humanitatem,
2885 2085 3101 2158 quando
3149 2083 3390 2139 Trinitas
3438 2084 3731 2139 invocaba-

2125 2193 2216 2240 tur
2242 2185 2359 2240 sine
2387 2183 2729 2254 c0pulatione
2755 2181 3007 2235 humana:
3046 2186 3276 2244 naturae,
3322 2193 3384 2231 ac
3433 2177 3562 2232 ideo
3612 2193 3731 2232 me-

2125 2277 2232 2332 rito
2258 2284 2342 2331 ter
2391 2275 2620 2329 dicimus
2667 2272 2831 2342 Kyrie
2881 2271 3076 2326 eleison
3124 2270 3239 2324 sive
3279 2269 3439 2323 semel
3484 2278 3728 2338 propter

2126 2381 2291 2422 unam
2330 2365 2712 2422 substantiam.
2755 2363 3038 2418 Secundus
3089 2370 3175 2416 est
3215 2369 3323 2430 post
3361 2369 3712 2428 assumptum

2124 2461 2433 2525 hominem,
2474 2457 2690 2529 quando
2738 2455 2988 2512 Christus
3031 2454 3313 2509 videbatur
3358 2452 3413 2505 in
3473 2461 3626 2505 terra
3663 2457 3724 2505 et

2128 2555 2486 2610 nihilominus
2506 2569 2536 2606 a
2563 2553 2677 2607 suis
2708 2549 3034 2605 credebatur
3059 2549 3221 2611 Deus,
3252 2555 3307 2601 et
3334 2545 3478 2599 filius
3508 2544 3610 2599 Dei
3634 2585 3649 2608 ,
3672 2551 3733 2598 ut

2129 2648 2326 2704 Petrus
2351 2689 2364 2713 ,
2399 2645 2476 2701 Tu
2515 2663 2568 2701 es
2589 2687 2605 2712 ,
2635 2645 2848 2716 inquit,
2880 2644 3122 2698 Christus
3162 2639 3340 2695 Filius
3384 2639 3486 2693 Dei
3530 2641 3654 2702 rivi,
3683 2645 3736 2692 et

2129 2739 2330 2795 Paulus
2361 2739 2428 2793 de
2462 2739 2654 2795 eodem
2695 2736 2834 2791 Filio
2864 2754 2876 2789 :
2913 2733 3162 2804 Propria,
3203 2732 3419 2802 inquit,
3464 2728 3607 2783 Filio
3633 2744 3729 2782 suo

2133 2848 2236 2886 non
2264 2830 2513 2902 pepercit.
2559 2829 2824 2896 Quoniam
2855 2835 3076 2898 propter
3099 2833 3446 2894 assumptam
3480 2833 3734 2878 naturam

2131 2930 2359 2978 vocatur
2394 2921 2664 2988 Christus,
2697 2937 2817 2991 qua:
2843 2929 3008 2974 uncta
3048 2927 3132 2974 est
3177 2916 3458 2988 spirituali
3512 2915 3651 2976 oleo,
3682 2915 3733 2968 in

2133 3015 2313 3071 medio
2340 3014 2695 3070 articulorum
2725 3013 2978 3078 dicimus,
3003 3009 3208 3066 Christe
3247 3010 3479 3064 eleison.
3517 3007 3734 3076 Quando

2137 3109 2307 3165 semel
2337 3109 2568 3163 dicimus
2596 3108 2676 3172 ei,
2706 3105 2912 3162 Christe
2957 3105 3170 3170 eleison,
3213 3103 3574 3159 ostendimus
3619 3114 3730 3155 eum

434 3195 508 3249 ob
535 3193 701 3261 aliud,
724 3195 829 3251 nisi
857 3204 920 3250 ut
949 3197 1239 3252 humiliore
1270 3197 1450 3270 lingua
1479 3198 1692 3266 Latina,
1725 3215 1889 3270 quam
1917 3199 2026 3255 He-
2056 3190 2102 3254 C
2137 3203 2310 3258 solum
2362 3201 2528 3256 fuisse
2578 3202 2720 3256 inter
2760 3199 3030 3263 homines,
3063 3206 3118 3252 et
3153 3197 3442 3252 neminem
3489 3196 3733 3251 habuisse

433 3290 604 3354 braca,
627 3289 1020 3344 admoneamur
1045 3306 1144 3346 nos
1183 3291 1380 3347 debere
1408 3290 1634 3348 formari
1664 3293 1733 3347 ad
1772 3293 2029 3350 humilio-

431 3393 552 3435 rem
611 3382 1077 3437 conversationem
1141 3383 1196 3437 in
1261 3392 1506 3455 tempore
1561 3383 2026 3456 Septuagesimae,

435 3485 602 3541 quam
626 3470 681 3526 in
705 3471 812 3527 alio
829 3481 1090 3543 tempore.
1108 3472 1304 3529 Postea
1331 3476 1575 3545 sequitur
1603 3477 1844 3546 psalmus
1865 3494 2028 3548 quem

438 3561 614 3619 David
641 3564 906 3630 cantavit,
944 3567 1162 3634 quando
1189 3567 1408 3637 Zyphaei
1441 3567 1730 3623 voluerunt
1771 3585 1894 3624 eum
1941 3582 2030 3622 ra-

435 3671 567 3728 pere
610 3665 666 3712 et
691 3657 908 3714 tradere
947 3659 1004 3713 in
1043 3676 1208 3716 manu
1237 3660 1387 3715 Saul.
1415 3661 1585 3728 Quem
1612 3664 1768 3719 nobis
1802 3676 2029 3718 necesse

437 3757 522 3804 est
548 3756 770 3805 cantare
799 3751 1060 3817 diluculo,
1068 3753 1223 3823 juxta
1251 3754 1394 3823 quod
1423 3755 1689 3824 scriptum
1711 3764 1817 3822 est,
1836 3755 2028 3811 Justus

441 3857 534 3895 cor
565 3858 720 3896 suum
743 3843 914 3896 tradet
940 3843 1010 3896 ad
1032 3843 1360 3914 vigilandum
1385 3844 1639 3911 diluculo,
1666 3855 1729 3900 ut
1765 3847 1897 3901 velit
1930 3862 2032 3902 uos

440 3929 584 3985 Deus
617 3931 852 3996 salvare,
881 3934 1140 4003 quoniam
1169 3934 1332 3989 alieni
1379 3935 1670 4006 insurgunt
1717 3951 1880 4008 super
1930 3952 2032 3993 nos

440 4020 535 4092 qui
574 4035 681 4076 non
709 4031 1020 4092 proponunt
1062 4023 1233 4078 Deum
1277 4033 1405 4080 ante
1446 4035 1798 4096 conspectum
1849 4044 2026 4095 suum,

442 4120 606 4184 atque
643 4120 703 4168 ut
744 4129 811 4169 ex
851 4115 1104 4171 Omnibus
1134 4117 1579 4174 tribulationibus
1606 4136 1704 4176 nos
1733 4121 1951 4190 eripiat,
1977 4131 2034 4178 et

441 4218 607 4274 super
620 4220 810 4260 omnes
831 4205 1080 4262 inimicos
1100 4216 1319 4265 nostros
1334 4209 1597 4278 despiciat
1615 4211 1804 4267 oculus
1824 4221 2029 4280 noster,

439 4303 504 4351 ut
527 4295 697 4352 David
719 4311 817 4352 suo
841 4297 896 4352 in
921 4305 1163 4370 tempore
1189 4299 1338 4356 fecit.
1364 4300 1560 4356 Postea
1581 4313 1885 4374 sequuntur
1913 4305 2033 4359 duae

443 4389 794 4460 repelitiones
819 4391 1033 4459 psalmi,
1064 4391 1217 4446 Beati
1239 4394 1566 4449 immaculati
1585 4437 1599 4462 ,
1621 4397 1715 4466 qui
1741 4397 1932 4466 plenus
1950 4406 2034 4453 est

441 4479 703 4535 moribus.
729 4480 955 4550 Oportet
978 4483 1141 4548 enim,
1170 4493 1230 4538 ut
1272 4501 1408 4554 quos
1448 4486 1591 4542 Deus
1620 4487 1932 4543 liberaverit
1966 4489 2033 4546 de

444 4564 673 4625 vinculis
716 4580 774 4625 et
810 4581 1030 4628 carcere
1065 4575 1408 4630 inimicorum
1430 4619 1446 4642 ,
1474 4579 1717 4633 moribus
1764 4579 1922 4635 bonis
1981 4590 2038 4636 et
2060 4560 2115 4620 D

444 4658 550 4729 piis
585 4659 636 4712 ei
658 4659 920 4714 assistant
944 4661 998 4715 in
1029 4664 1177 4716 omni
1207 4666 1511 4730 devotione,
1538 4668 1679 4722 sicut
1706 4685 1772 4723 ex
1825 4670 2036 4725 duobus

443 4750 692 4807 versibus
731 4750 961 4806 duarum
1010 4753 1394 4822 repetitionum
1427 4773 1715 4826 possumus
1742 4761 2031 4830 conjicere.

446 4842 600 4900 Unus
621 4844 773 4911 dicit,
807 4842 1019 4900 Utinam
1041 4845 1344 4917 dirigantur
1368 4852 1461 4904 vite
1483 4867 1611 4906 mete
1639 4852 1708 4905 ad
1740 4853 2036 4909 custodien-

447 4938 544 4992 das
565 4938 976 5008 justiﬁcationes
995 4948 1146 5004 tuas;
1173 4939 1310 4995 alter
1335 4943 1430 5007 ita,
1451 4941 1640 4997 Revela
1665 4944 1844 4999 oculos
1870 4963 2030 5013 meos,

446 5039 497 5088 et
535 5029 873 5085 considerabo
904 5031 1171 5085 mirabilia
1198 5032 1262 5086 de
1289 5032 1398 5104 lege
1424 5045 1533 5089 tua.
1581 5035 1701 5092 Istae
1733 5047 1844 5093 tres
1883 5055 2036 5110 repe-

447 5124 670 5180 titiones
690 5132 996 5180 sustentant
1017 5135 1072 5178 et
1097 5123 1393 5180 defendunt
1414 5144 1596 5183 arcam
1623 5132 1836 5187 Domini
1867 5149 2037 5205 usque

450 5218 519 5273 ad
553 5217 768 5288 plenam
818 5218 1064 5283 tertiam,
1092 5216 1147 5272 id
1183 5227 1294 5283 est,
1322 5236 1420 5289 per
1450 5222 1640 5276 horam
1680 5225 1946 5294 primam,
1980 5237 2038 5284 ct

451 5312 765 5374 secundam,
797 5317 852 5365 et
884 5311 1122 5365 tertiam.
1153 5310 1357 5367 Deinde
1386 5315 1632 5384 sequitur
1679 5333 1885 5380 versus.
1924 5320 2036 5374 Ea:—

450 5420 628 5475 surge,
648 5402 891 5464 Domine,
924 5402 1116 5472 adjuva
1159 5421 1276 5468 nos,
1295 5413 1343 5459 et
1373 5403 1538 5459 libera
1567 5425 1660 5461 nos
1703 5421 1914 5481 propter
1945 5429 2037 5466 no-

449 5513 569 5552 men
593 5506 762 5550 tuum.
789 5492 978 5550 Simile
1007 5495 1134 5563 quid
1159 5496 1376 5551 dicebat
1402 5497 1615 5570 Moyses
1656 5503 1870 5568 quando
1910 5519 2037 5559 arca

453 5589 842 5658 deponebatur.
878 5585 969 5641 Sic
994 5586 1136 5640 enim
1165 5588 1426 5658 scriptum
1471 5598 1556 5644 est
1583 5590 1636 5643 in
1661 5589 1802 5645 libro
1831 5591 2033 5650 Nume-

451 5693 663 5744 rorum,
688 5678 924 5748 capitulo
956 5679 1219 5748 vigesimo
1249 5689 1433 5746 sexto;
1481 5684 1698 5752 quando
1734 5693 1913 5740 autem
1945 5687 2038 5744 de-

453 5777 765 5841 poneretur,
792 5769 970 5824 aiebat
1001 5787 1014 5822 :
1049 5768 1343 5836 Revertere,
1365 5771 1618 5838 Domine,
1643 5775 1713 5829 ad
1743 5777 2038 5832 multitudi-

457 5875 575 5915 nem
625 5857 856 5927 ﬁliorum
901 5858 1109 5918 δελενδα.
1159 5861 1424 5920 Reversio
1476 5863 1576 5922 Dei
1620 5868 1688 5924 ad
1735 5871 2034 5932 exercitum

2136 3295 2219 3350 sui
2249 3293 2480 3349 similem
2509 3307 2610 3362 per
2629 3292 2840 3357 omnia;
2873 3299 2928 3346 et
2952 3292 2994 3345 si
3030 3289 3585 3353 tertio,ostendimus
3608 3303 3735 3342 nun-

2135 3399 2469 3458 quam-eum
2518 3383 2686 3438 fuisse
2736 3391 3050 3454 separatum
3100 3397 3131 3434 a
3186 3381 3509 3435 substantia
3543 3385 3735 3434 sancta

2136 3477 2424 3534 Trinitatis
2454 3485 2678 3548 propter
2702 3476 2971 3530 unitatem
3015 3487 3281 3544 personae.
3334 3471 3568 3525 Tertius
3610 3469 3730 3522 arti-

2136 3571 2290 3627 culus
2323 3579 2409 3626 cst
2440 3586 2506 3626 ex
2533 3585 2598 3626 eo
2629 3577 2874 3638 tempore
2899 3584 3005 3639 quo
3032 3566 3205 3621 voluit
3240 3564 3564 3619 clariﬁcare
3594 3563 3732 3617 illum

2137 3670 2473 3730 assumptum
2503 3660 2776 3714 hominem
2805 3659 2926 3728 plus
2953 3673 3114 3727 quam
3136 3665 3284 3710 esset
3315 3655 3567 3724 quandiu
3593 3669 3732 3708 mor-

2136 3752 2260 3807 talis
2288 3760 2422 3807 erat.
2452 3750 2605 3806 Unde
2631 3751 2745 3820 ipse
2773 3749 2988 3804 dicebat
3013 3750 3078 3802 ad
3102 3747 3319 3802 Patrem
3342 3765 3355 3799 :
3378 3746 3634 3812 Clariﬁca
3659 3761 3734 3798 me

2138 3857 2226 3912 tu,
2279 3845 2474 3909 Pater,
2517 3843 2660 3914 apud
2705 3843 3035 3912 temetipsum
3082 3839 3326 3894 claritate
3373 3855 3537 3908 quam
3578 3837 3733 3891 habui

2136 3937 2443 4008 priusquam
2469 3933 2697 3987 mundus
2728 3932 2895 4000 ﬁeret.
2918 3930 2996 3985 Ac
3019 3930 3140 3984 ideo
3167 3929 3336 3985 simili
3375 3929 3566 3989 modo,
3595 3937 3654 3979 ut
3677 3927 3731 3979 in

2135 4029 2332 4101 primo,
2367 4042 2655 4097 precamur
2681 4025 2970 4080 Dominum
3001 4031 3062 4077 ut
3103 4023 3356 4092 ignoscat
3386 4021 3534 4074 nobis
3559 4021 3614 4072 in
3639 4027 3722 4070 ta-

2137 4123 2282 4177 libus
2307 4118 2716 4181 tentationibus,
2747 4117 2866 4172 sine
2904 4115 3102 4186 quibus
3128 4114 3245 4168 hare
3271 4115 3384 4167 vita
3409 4128 3510 4166 non
3535 4119 3727 4180 potest

2138 4212 2387 4284 transigi.
2416 4211 2492 4266 De
2516 4209 2711 4280 quibus
2733 4209 2933 4262 dicitur
2962 4207 3017 4262 in
3057 4205 3344 4260 Parabolis
3373 4203 3688 4259 Salomonis
3719 4223 3732 4257 :

2140 4303 2340 4375 Septies
2368 4303 2512 4358 enim
2560 4301 2701 4354 cadit
2724 4301 2904 4370 justus
2944 4299 3000 4352 in
3042 4299 3158 4365 die,
3183 4308 3231 4351 et
3260 4299 3526 4367 resurgit,
3551 4297 3604 4352 id
3634 4306 3734 4361 est.

2139 4415 2238 4472 per
2266 4397 2654 4470 ignorantiam,
2684 4410 2784 4465 per
2815 4393 3164 4458 oblivionem,
3197 4407 3296 4463 per
3321 4392 3732 4462 cogitationem.

2139 4507 2239 4563 per
2262 4508 2592 4557 sermonem,
2620 4506 2718 4561 per
2747 4489 3169 4558 subreptionem,
3203 4503 3302 4556 per
3327 4489 3731 4551 necessitatem,

2141 4603 2241 4659 per
2270 4587 2622 4659 fragilitatem
2663 4585 2866 4640 carnis.
2905 4581 3142 4654 Singulis
3187 4581 3380 4637 diebus
3421 4582 3518 4636 vel
3563 4581 3733 4642 inviti,

2140 4677 2228 4734 vel
2256 4677 2522 4741 volentes,
2555 4675 2871 4744 frequenter
2905 4683 3113 4729 reatum
3157 4673 3530 4738 incurrimus,
3561 4684 3619 4728 et
3663 4683 3735 4726 ας

2140 4784 2267 4824 men
2299 4768 2537 4840 resurgit
2560 4768 2761 4837 justus,
2793 4766 3044 4820 videlicet
3066 4765 3193 4834 quia
3223 4763 3459 4833 justitiae
3487 4766 3607 4834 ejus
3634 4779 3738 4818 non

2139 4857 2455 4929 pra'judicat
2503 4858 2685 4928 lapsus
2736 4856 3044 4928 fragilitatis
3088 4857 3362 4910 humanm.
3417 4859 3505 4911 Ac
3544 4858 3736 4912 deinde

2141 4952 2387 5022 sequitur
2414 4951 2590 5006 oratio
2626 4949 2931 5014 Dominica,
2953 4964 3116 5020 quam
3147 4964 3271 5003 cum
3298 4963 3505 5019 magna
3527 4950 3737 5004 cautela

2140 5052 2353 5116 oportet
2400 5052 2641 5108 cantare,
2686 5050 2747 5096 ut
2797 5042 2943 5111 ipsas
2994 5055 3081 5095 res
3137 5039 3192 5093 in
3233 5047 3419 5094 mente
3450 5051 3741 5095 teneamus

2139 5155 2276 5210 quas
2315 5137 2498 5192 verbis
2528 5137 2964 5206 pronuntiamus.
2996 5134 3308 5206 Saepissime
3336 5137 3606 5206 pra-cedit
3629 5135 3743 5207 lig—

2141 5232 2218 5285 rie
2245 5230 2462 5293 eleison,
2485 5245 2584 5299 per
2611 5229 2754 5299 quod
2808 5228 3189 5284 reconciliatur
3234 5229 3414 5298 primo
3472 5230 3625 5286 Deus
3643 5273 3660 5294 ,
3685 5239 3745 5284 ut

2140 5339 2262 5378 cum
2309 5338 2405 5376 sua
2448 5321 2799 5376 miseratione
2841 5328 2895 5374 et
2937 5319 3248 5390 dignatione
3287 5323 3569 5391 possimus
3619 5340 3745 5380 oon-

2140 5422 2398 5484 grucnter
2425 5412 2574 5466 illum
2617 5411 2872 5466 invocare
2911 5411 3124 5465 Patrem
3171 5421 3445 5476 nostrum,
3476 5425 3532 5469 et
3567 5417 3739 5472 inten-

2139 5506 2270 5562 dere
2298 5507 2478 5562 verbis
2523 5505 2806 5560 orationis.
2856 5505 2985 5560 Post
3029 5505 3335 5561 orationem
3389 5507 3740 5564 Dominicam

2141 5600 2389 5668 sequitur
2445 5606 2632 5652 nostra
2687 5597 3018 5663 credulitas,
3065 5614 3227 5669 quam
3275 5601 3453 5656 sancti
3500 5606 3738 5673 apostoli

2141 5692 2539 5747 constituerunt
2567 5691 2632 5746 de
2658 5691 2763 5746 ﬁde
2797 5699 2999 5748 sancta:
3037 5691 3356 5758 Trinitatis,
3399 5703 3569 5765 atque
3621 5696 3741 5752 dis‘

2140 5784 2455 5854 pensatione
2510 5782 2901 5839 incarnationis
2950 5782 3198 5850 Domini,
3227 5799 3294 5839 ac
3339 5793 3486 5839 statu
3527 5793 3740 5843 nostra

2141 5874 2418 5932 Ecclesiae.
2445 5874 2634 5933 Modus
2658 5875 2923 5938 orationis
2946 5891 3109 5948 quem
3137 5877 3502 5948 praetulimus,
3536 5881 3609 5936 ad
3637 5895 3737 5939 eos
