4000 6540
300 463 428 523 1169

1032 454 1121 513 DE
1153 449 1708 512 ECCLESIASTICIS
1745 447 2030 509 OFFICIIS
2068 449 2248 508 LIBRI
2279 451 2371 512 IV.
2409 484 2481 496 ——
2515 451 2644 510 LIB.
2685 453 2773 510 IV.

3397 455 3537 514 1170

299 571 476 645 aspicit
523 568 616 642 qui
653 571 720 627 de
764 568 972 626 levibus
995 570 1237 641 peccatis
1261 576 1318 626 et
1343 568 1675 642 quotidianis
1706 583 1852 625 eom-
1877 565 1930 626 Α
1954 580 2123 634 genua
2149 583 2267 621 sua.
2284 566 2435 624 Unde
2447 567 2806 642 Hieronymus
2823 569 2878 626 in
2901 570 3276 643 explanatione
3293 570 3536 645 ejusdem

297 676 610 745 panguntur.
635 666 776 723 Sunt
819 668 962 724 enim
1008 668 1222 738 utrique
1266 668 1320 722 in
1367 676 1553 723 nostra
1594 667 1857 736 Ecclesia,

297 763 484 821 scilicet
508 769 562 815 et
591 761 680 831 qui
711 761 764 816 in
795 761 1037 817 bonitate
1067 769 1503 831 permanserunt,
1534 767 1590 815 et
1617 761 1710 831 qui
1741 776 1863 816 cor-

295 864 508 913 ruerunt
532 855 828 925 peccando,
862 855 954 909 sed
995 853 1254 910 festinant
1295 855 1536 924 quotidie
1580 869 1862 926 resurgere

291 963 384 1020 per
402 946 791 1016 paenitentiam.
822 945 900 1000 Ex
931 962 1158 1016 persona
1184 947 1392 1001 illorum
1422 947 1622 1002 dicitur
1658 966 1670 1000 :
1717 946 1864 1002 Vivet

294 1039 459 1092 anima
486 1055 622 1104 mea,
649 1048 696 1091 et
726 1037 963 1092 laudabit
992 1049 1060 1103 te,
1089 1049 1136 1092 el
1152 1039 1362 1108 judicia
1399 1050 1491 1093 tua
1536 1040 1862 1111 adjuvabunl

291 1144 386 1181 me.
413 1125 487 1182 Ac
520 1128 565 1182 si
594 1128 799 1183 diceret
841 1144 854 1181 :
895 1128 950 1183 Si
992 1138 1204 1183 mortua
1234 1129 1394 1184 fuerit
1421 1129 1598 1184 anima
1624 1147 1742 1186 mea
1766 1146 1863 1202 pro

291 1219 558 1276 erratibus
587 1223 754 1287 meis,
779 1231 833 1277 at
861 1223 982 1278 dein
1013 1224 1158 1278 vivet
1196 1239 1294 1294 per
1331 1227 1762 1281 conversionem.
1799 1225 1865 1280 Et

281 1311 482 1382 judicia
509 1321 600 1366 tua
626 1313 954 1383 adjuvabunt
983 1332 1084 1369 me.
1109 1315 1245 1381 Quia
1279 1317 1460 1370 dixisti
1493 1336 1503 1370 :
1538 1315 1678 1371 Nolo
1720 1334 1864 1371 mor-

289 1415 384 1459 tem
414 1407 702 1476 peccatoris
721 1446 736 1471 ,
767 1406 858 1461 sed
891 1409 1058 1476 magis
1091 1417 1149 1461 ut
1180 1418 1513 1462 convertatur
1538 1417 1586 1462 et
1618 1411 1784 1472 vivat;
1811 1417 1867 1464 et

286 1496 523 1551 iterum:
567 1494 788 1552 Gaudeo
838 1515 994 1569 super
1042 1516 1146 1554 uno
1194 1509 1463 1569 peccatore
1512 1501 1866 1570 paenitentiam

285 1598 481 1658 agente,
506 1606 663 1659 quam
691 1606 848 1658 super
881 1591 1169 1658 nonaginta
1213 1607 1393 1644 novem
1417 1591 1579 1661 justis
1598 1633 1612 1655 ,
1635 1593 1724 1661 qui
1765 1608 1868 1646 non

282 1680 514 1749 indigent
555 1682 876 1749 paenitentia,
925 1696 1164 1736 errorem
1216 1682 1506 1752 pristinum
1554 1684 1727 1747 illius,
1775 1684 1867 1753 qui

284 1785 426 1824 nunc
451 1786 750 1827 conversus
776 1773 926 1838 dicit,
971 1771 1108 1827 Vivet
1152 1775 1330 1828 anima
1362 1792 1496 1838 mea,
1531 1785 1580 1828 et
1627 1774 1868 1829 laudabit

281 1869 351 1927 te,
382 1871 651 1918 monstrat
681 1880 872 1920 versus
901 1880 1133 1935 sequens
1171 1885 1182 1919 :
1221 1865 1411 1921 ΕΠ·αυὶ
1445 1868 1577 1921 sicut
1611 1869 1720 1923 oris
1750 1884 1867 1938 quae

280 1955 477 2022 periit;
512 1957 716 2026 require
741 1973 947 2010 servum
972 1966 1140 2021 tuum,
1170 1959 1295 2028 quia
1338 1959 1589 2012 mandata
1621 1967 1712 2012 tua
1767 1976 1869 2014 non

281 2062 397 2099 sum
425 2047 632 2101 oblitus.
682 2049 761 2102 Ex
808 2048 998 2103 eadem
1035 2065 1265 2119 persona
1315 2050 1560 2118 sequitur
1605 2049 1869 2120 psalmus,

280 2153 442 2208 quem
474 2138 643 2192 David
669 2140 906 2194 cantavit
925 2148 1208 2209 postquam
1238 2140 1550 2209 paenitendo
1576 2155 1870 2197 conversus

279 2236 364 2282 est
388 2243 419 2282 a
449 2228 592 2284 malo
632 2228 882 2284 adulterii
933 2238 989 2283 et
1029 2229 1328 2284 homicidii.
1377 2228 1507 2284 Post
1547 2229 1700 2285 illum
1732 2231 1872 2300 psal-

277 2333 426 2374 mum
461 2322 808 2377 commendat
835 2337 894 2377 se
940 2329 1087 2376 totus
1135 2337 1268 2392 grex
1299 2320 1432 2386 Deo,
1476 2330 1665 2391 pastor
1712 2322 1872 2378 simul

276 2423 402 2465 cum
436 2410 650 2476 ovibus,
698 2421 754 2467 et
787 2412 960 2468 dicit:
991 2412 1206 2484 Respice
1253 2415 1307 2466 in
1346 2430 1518 2467 servos
1554 2422 1670 2468 tuos
1723 2424 1772 2468 et
1818 2416 1874 2469 in

275 2517 440 2572 opera
470 2511 562 2556 tua
584 2544 598 2568 ,
621 2511 667 2556 et
693 2503 860 2574 dirige
887 2503 1026 2573 ﬁlios
1068 2520 1268 2558 eorum.
1316 2503 1430 2559 Hoc
1459 2504 1718 2559 debemus
1749 2520 1872 2560 cum

275 2590 363 2646 his
391 2593 575 2647 verbis
613 2602 799 2650 tenere
822 2595 875 2650 in
901 2604 1101 2660 mente,
1132 2604 1194 2650 ut
1228 2595 1368 2652 ﬁlios
1406 2607 1621 2653 nostros
1662 2599 1870 2668 cogite-

273 2697 400 2738 mus
437 2685 795 2754 cogitationes
826 2702 946 2757 qum
969 2696 1268 2743 nascuntur
1289 2704 1354 2743 ex
1377 2698 1580 2755 mente,
1604 2699 1872 2760 quatenus

275 2774 401 2830 illas
432 2776 630 2847 dirigat
656 2777 797 2834 Deus
819 2781 1116 2835 secundum
1147 2797 1304 2836 suum
1333 2784 1764 2854 beneplacitum;
1819 2794 1875 2842 et

272 2867 333 2924 in
363 2871 721 2938 sequentibus
744 2873 833 2927 ubi
865 2872 999 2928 dicit
1027 2888 1040 2927 :
1070 2874 1140 2928 Et
1172 2893 1330 2946 opera
1373 2894 1626 2932 manuum
1665 2888 1874 2935 nostra-

273 2976 396 3017 rum
423 2963 596 3034 dirige
622 2981 780 3034 super
809 2982 900 3019 nos
933 2983 1091 3036 opera
1132 2969 1467 3037 procedentia
1508 2986 1572 3023 ex
1603 2971 1878 3041 cogitatio-

271 3052 458 3106 nibus.
501 3051 580 3108 Ac
618 3055 812 3109 deinde
861 3056 1152 3126 singularis
1196 3057 1359 3127 opilio
1402 3074 1501 3128 pro
1549 3067 1662 3115 toto
1712 3077 1876 3133 grege

270 3153 560 3216 precatur,
593 3146 820 3208 dicendo
865 3166 878 3202 :
925 3147 1137 3217 Dirige,
1165 3148 1421 3215 Domine,
1447 3152 1634 3214 corda,
1666 3153 1720 3208 id
1767 3161 1870 3221 est,

271 3238 673 3308 cogitttiones,
713 3255 919 3304 sensus,
974 3239 1183 3295 scilicet
1224 3241 1440 3307 oculos,
1488 3251 1543 3297 et
1590 3257 1774 3309 aures,
1819 3250 1874 3298 et

271 3345 469 3395 nares,
493 3339 541 3384 el
569 3347 833 3386 sermones
874 3341 1104 3397 nostros,
1125 3334 1215 3404 qui
1253 3350 1347 3403 per
1385 3351 1442 3388 os
1472 3335 1793 3404 offeruntur,
1826 3345 1874 3390 et

272 3445 445 3499 opera
494 3444 745 3481 manuum
776 3439 1116 3493 nostrarum,
1154 3439 1209 3481 ut
1255 3431 1515 3498 possimus
1565 3428 1771 3499 placere
1818 3430 1876 3484 in

271 3531 565 3590 conspectu
593 3529 702 3572 tuo.
732 3519 800 3572 Et
829 3521 910 3574 sic
953 3521 1172 3574 tandem
1214 3523 1390 3576 securi
1420 3537 1778 3590 properamus
1807 3522 1877 3578 ad

272 3626 452 3682 opera
481 3611 811 3666 necessaria.
840 3609 1013 3681 Supra
1041 3612 1246 3681 scripto
1272 3613 1477 3678 versui,
1496 3611 1756 3684 Exsurge,
1776 3613 1880 3669 Do-

271 3702 450 3763 mine,
478 3715 584 3755 non
617 3701 954 3771 praeponitur
998 3702 1184 3768 lectio,
1224 3710 1278 3756 et
1326 3703 1447 3759 ideo
1496 3719 1602 3759 non
1633 3705 1879 3775 sequitur

274 3792 697 3860 responsorium
730 3801 794 3848 ut
833 3793 887 3847 in
932 3795 1142 3849 caeteris
1179 3793 1386 3850 olliciis.
1442 3793 1644 3850 Morem
1678 3804 1879 3853 sanctis

273 3883 552 3938 Ecclesia:
593 3892 742 3938 tenet
783 3884 888 3939 iste
927 3893 1224 3950 cursus,ut
1259 3887 1494 3957 primum
1527 3887 1740 3955 operari
1767 3897 1878 3942 stu-

274 3971 436 4035 deat,
462 3980 517 4025 et
545 3981 732 4042 postea
764 3974 978 4030 docere.
1009 3974 1121 4030 Hoc
1139 3976 1445 4048 exemplum
1474 3977 1694 4046 reliquit
1722 3977 1880 4034 nobis

269 4064 562 4131 Christus,
587 4067 652 4120 de
675 4082 782 4135 quo
802 4066 934 4122 dicit
963 4067 1162 4133 Lucas,
1195 4068 1326 4134 Qua:
1353 4070 1503 4140 coepit
1526 4069 1681 4124 Iesus
1706 4070 1880 4140 facere

271 4159 578 4214 et’docere.
604 4158 806 4214 Psalmi
838 4161 1113 4232 pertinent
1148 4162 1215 4216 ad
1259 4177 1444 4232 opera,
1475 4161 1634 4216 lectio
1683 4163 1751 4217 ad
1786 4161 1881 4216 do-

269 4250 544 4307 ctrinam.
575 4249 749 4316 Unde,
783 4253 828 4306 si
854 4253 1117 4307 Dominus
1142 4253 1370 4318 dederit,
1398 4254 1640 4323 apertius
1684 4255 1738 4309 in
1787 4270 1878 4309 se-

271 4341 587 4413 quentibus
623 4341 795 4410 parati
840 4358 1027 4397 sumus
1054 4343 1256 4398 dicere.
1315 4344 1371 4399 In
1410 4346 1665 4415 praesenti
1717 4361 1881 4401 cursu

268 4450 582 4507 precamur
614 4435 710 4491 Dei
742 4435 1069 4505 adjutorium
1100 4439 1167 4493 ad
1206 4455 1370 4510 opera
1417 4442 1644 4512 agenda.
1678 4441 1882 4512 Opere-

267 4542 414 4584 mur
465 4528 672 4598 primo,
721 4537 778 4584 et
828 4529 1118 4586 doceamus
1161 4540 1347 4602 postea
1398 4533 1453 4587 in
1496 4548 1658 4589 cursu
1703 4535 1880 4590 tertiae

268 4620 460 4674 horae.
491 4615 606 4684 Qua
632 4617 697 4672 de
723 4634 801 4686 re,
827 4627 887 4674 ut
907 4620 1120 4690 opinor,
1143 4637 1260 4677 mos
1286 4622 1525 4683 inolevit,
1556 4631 1616 4677 ut
1643 4639 1742 4695 per
1764 4639 1880 4679 mo-

267 4710 534 4765 nasteria
563 4709 673 4764 Deo
710 4711 902 4766 devota
931 4712 1142 4782 legatur
1179 4713 1341 4768 lectio
1371 4713 1425 4768 in
1459 4714 1715 4784 capitulo,
1748 4730 1878 4785 qua-

271 4811 455 4856 tenus
484 4799 540 4853 hi
579 4801 668 4868 qui
697 4801 888 4855 diebus
933 4818 997 4857 ac
1043 4803 1296 4860 noctibus
1346 4806 1597 4874 occupati
1650 4814 1777 4860 sunt
1823 4806 1879 4861 in

267 4888 520 4948 servitio
551 4889 784 4954 Domini,
811 4905 919 4944 non
949 4892 1059 4946 sint
1104 4894 1221 4947 sine
1261 4894 1510 4950 lectione.
1563 4894 1723 4952 Avidi
1751 4907 1880 4952 sunt

270 4983 536 5042 caelestis
556 4981 739 5053 pabuli
767 5001 779 5036 :
811 4999 916 5038 non
946 4999 1003 5038 se
1029 4992 1256 5053 possunt
1274 4986 1554 5040 continere
1571 4987 1700 5055 quin
1729 4989 1879 5044 omni

268 5077 453 5139 hora,
478 5083 956 5146 quantumcunque
983 5075 1075 5141 sit,
1106 5075 1436 5130 manducent
1462 5076 1529 5130 de
1576 5076 1697 5131 cibo
1729 5074 1880 5132 Scri-

269 5175 601 5239 pturarum.

915 5257 1141 5316 CAPUT
1178 5258 1264 5315 ΙΙΙ.

937 5350 1017 5406 De
1044 5353 1238 5407 Tertia.

362 5445 510 5500 Tres
549 5443 699 5500 hom
733 5445 841 5501 diei
863 5445 1019 5501 nobis
1047 5447 1271 5501 initiatae
1301 5454 1427 5502 sunt
1453 5449 1522 5503 ad
1549 5447 1882 5506 adorandum

274 5537 476 5593 Deum
523 5549 554 5588 a
617 5532 838 5590 Daniele
899 5535 1195 5605 propheta,
1243 5536 1309 5590 de
1364 5534 1560 5606 quibus
1613 5536 1687 5591 ita
1745 5539 1884 5593 scri-

272 5636 454 5700 ptum
493 5633 579 5681 est
625 5625 680 5680 in
727 5625 867 5681 libro
913 5627 1032 5697 ejus
1064 5645 1076 5680 :
1120 5627 1273 5693 Quod
1307 5644 1426 5682 cum
1464 5627 1653 5683 Daniel
1686 5645 1884 5701 compe-

274 5721 486 5786 risset,
526 5718 581 5773 id
617 5727 724 5786 est,
770 5719 1104 5775 constitutam
1154 5719 1347 5790 legem,
1391 5721 1658 5792 ingressus
1701 5731 1774 5776 est
1827 5722 1884 5778 in

275 5815 521 5870 domum
559 5829 710 5868 suam
753 5822 802 5868 et
842 5814 1082 5885 fenestris
1119 5815 1311 5885 apertis
1360 5815 1417 5870 in
1470 5815 1736 5870 caenaculo
1787 5833 1884 5872 suo

279 5911 494 5960 contra
513 5901 865 5974 Hierusalem,
889 5907 1055 5964 tribue
1084 5907 1404 5979 temporibus
1432 5907 1491 5963 tn
1525 5908 1608 5966 die
1643 5909 1880 5980 ﬂectebat

1960 654 2082 710 libri
2109 674 2120 710 :
2149 657 2275 712 Tria
2305 667 2484 714 autem
2505 667 2770 730 tempora,
2785 661 2980 732 quibus
2996 664 3106 721 Deo
3119 663 3383 722 ﬂectenda
3411 673 3539 722 sunt

1962 768 2159 823 genua,
2194 753 2410 808 tertiam
2450 753 2660 822 horam,
2691 763 2746 811 et
2771 763 3002 822 sextam,
3036 765 3093 813 et
3117 775 3338 827 nonam,
3364 759 3540 818 eccle-

1962 846 2181 901 siastica
2212 847 2435 902 traditio
2461 848 2731 920 intelligit.
2763 847 3005 918 Denique
3049 851 3216 906 tertia
3265 852 3400 908 hora
3447 852 3541 910 de-

1963 942 2172 996 scendit
2231 958 2392 1014 super
2453 943 2724 1014 apostolos
2790 941 3026 1013 Spiritus
3083 952 3320 1001 sanctus.
3373 944 3542 1002 Sexta

1961 1032 2148 1088 volens
2184 1033 2378 1090 Petrus
2422 1036 2736 1100 comedere,
2781 1035 2846 1090 ad
2882 1037 3179 1091 orationem
3212 1038 3454 1093 ascendit
3485 1037 3543 1094 in

1966 1125 2324 1180 ceenaeulum.
2380 1126 2532 1182 Nona
2577 1126 2770 1182 Petrus
2803 1134 2860 1182 et
2885 1125 3120 1184 Joannes
3147 1129 3444 1200 pergebant
3477 1130 3546 1186 ad

1965 1216 2244 1286 templum.
2315 1217 2411 1273 llis
2471 1219 2545 1272 ita
2599 1217 2891 1288 perlectis,
2951 1219 3253 1276 invenimus
3303 1221 3360 1276 in
3409 1220 3546 1276 libro

1965 1308 2173 1374 Esdraa,
2206 1311 2299 1380 qui
2329 1318 2451 1382 post
2489 1311 2763 1367 Danielem
2799 1311 2920 1378 fuit,
2950 1321 3143 1384 quater
3198 1313 3252 1368 in
3306 1313 3392 1369 die
3451 1329 3550 1384 po-

1966 1400 2152 1472 pulum
2192 1403 2286 1458 Dei
2328 1404 2585 1458 adorasse
2642 1404 2928 1469 Dominum
2980 1413 3036 1460 et
3072 1403 3376 1461 confessum
3429 1420 3550 1461 esse

1968 1501 2188 1561 peccata
2228 1507 2342 1548 sua.
2386 1493 2462 1547 lta
2501 1493 2644 1548 enim
2683 1495 2944 1565 scriptum
3002 1501 3086 1550 est
3143 1494 3198 1549 in
3250 1502 3551 1550 memorato

1969 1579 2110 1635 libro
2141 1601 2152 1635 :
2188 1579 2552 1637 Convenerunt
2580 1583 2680 1654 ﬁlii
2708 1583 2877 1638 Israel
2916 1585 2971 1638 in
3008 1585 3219 1656 jejunio
3268 1594 3317 1639 et
3362 1586 3549 1652 saccis,

1971 1680 2018 1724 et
2039 1671 2228 1726 humus
2251 1689 2407 1744 super
2434 1690 2540 1736 eos,
2570 1686 2616 1728 et
2653 1684 2952 1746 separatum
2992 1683 3066 1729 est
3104 1691 3278 1730 semen
3320 1675 3552 1744 ﬁliorum

1971 1761 2146 1816 Israel
2191 1764 2255 1818 ab
2305 1765 2448 1819 omni
2478 1765 2590 1833 [ilio
2618 1764 2947 1836 alienigenw,
2973 1776 3021 1821 et
3049 1775 3322 1832 steterunt,
3352 1775 3400 1820 et
3429 1783 3555 1822 con-

1972 1855 2256 1924 ﬁlebantur
2305 1867 2520 1928 peccata
2568 1874 2666 1912 sua
2725 1867 2773 1912 et
2833 1859 3132 1930 iniquitates
3187 1868 3396 1931 patrum
3432 1875 3557 1914 suo-

1895 1927 1945 1988 B
1974 1968 2111 2014 rum,
2153 1961 2200 2004 et
2260 1962 2698 2008 consurrexerunt
2753 1954 2821 2008 ad
2877 1927 3158 2020 standum,
3196 1964 3246 2008 et
3301 1953 3552 2026 legerunt,

1973 2043 2028 2096 in
2065 2043 2328 2098 volumine
2368 2045 2493 2116 legis
2523 2046 2738 2099 Domini
2764 2046 2865 2100 Dei
2899 2048 2984 2101 sui
3013 2061 3031 2099 :
3058 2056 3244 2117 quater
3279 2048 3336 2101 in
3373 2048 3476 2111 die,
3509 2057 3557 2101 et

1971 2145 2158 2207 quater
2181 2137 2236 2189 in
2269 2146 2416 2190 nocte
2444 2138 2828 2206 conﬁtebantur
2855 2146 2903 2192 et
2947 2138 3242 2193 adorabunt
3271 2137 3557 2193 Dominum

1972 2226 2143 2282 Deum
2155 2245 2332 2282 suum.
2353 2227 2505 2283 Unde
2517 2227 2659 2284 Beda
2677 2229 2758 2284 sic
2773 2229 2827 2284 in
2845 2237 3078 2285 tractatu
3091 2230 3377 2286 memerati
3398 2229 3523 2284 libri
3543 2247 3556 2284 :

1975 2317 2106 2385 Quis
2131 2320 2279 2374 enim
2322 2334 2431 2373 non
2459 2320 2693 2374 miretur
2744 2329 2958 2376 tantum
2986 2321 3241 2392 populum
3288 2329 3401 2376 tam
3445 2321 3561 2377 exi-

1974 2410 2140 2464 miam
2168 2410 2425 2466 habuisse
2454 2425 2639 2465 curam
2666 2411 2909 2481 pietatis,
2933 2420 2994 2465 ut
3017 2420 3208 2481 quater
3233 2411 3290 2465 in
3319 2411 3424 2477 die,
3458 2412 3560 2466 hoc

1975 2511 2058 2557 est
2082 2503 2260 2573 primo
2284 2518 2464 2569 mane,
2497 2503 2659 2558 tertia
2693 2504 2849 2569 hora,
2877 2511 3031 2558 sexta
3064 2511 3120 2558 et
3159 2519 3334 2569 nona,
3365 2503 3562 2573 quibus

1975 2594 2208 2648 orationi
2239 2594 2351 2649 sive
2389 2593 2703 2665 psalmodia:
2730 2595 3028 2650 vacandum
3057 2602 3208 2661 erat,
3261 2595 3466 2651 auditui
3503 2611 3563 2650 se

1975 2682 2112 2755 legis
2160 2684 2356 2739 divina:
2401 2684 2778 2752 contraderet,
2829 2701 2936 2757 quo
2979 2687 3230 2752 innovate
3285 2686 3341 2741 in
3389 2685 3560 2741 Deum

1977 2784 2178 2839 mente,
2207 2774 2396 2844 purior
2423 2790 2484 2830 ac
2512 2775 2760 2830 devotior
2793 2777 2861 2832 ad
2902 2777 3294 2846 deprecandam
3324 2775 3439 2847 ejus
3462 2777 3564 2833 mi-

1977 2865 2329 2920 sericordiam
2379 2867 2624 2921 rediret?
2663 2866 2771 2923 Sed
2814 2876 2870 2924 et
2908 2876 3066 2924 nocte
3107 2877 3300 2940 quater
3333 2884 3566 2926 excusso

1979 2968 2198 3031 torpore
2226 2961 2505 3027 somni,ad
2533 2963 2900 3019 conﬁtendum
2940 2971 3160 3033 peccata
3185 2980 3281 3019 sua
3307 2972 3362 3020 et
3384 2971 3566 3033 postu-

1977 3051 2196 3108 landtun
2226 3054 2444 3110 veniam
2488 3057 2842 3126 exsurgeret?
2884 3056 3124 3124 Quorum
3156 3057 3404 3129 exemplo
3440 3071 3567 3112 reor

1978 3146 2034 3202 in
2062 3147 2305 3203 Ecclesia
2331 3163 2538 3202 morem
2570 3149 2858 3205 inolevisse
2885 3151 3311 3220 pulcherrimum
3333 3191 3348 3218 ,
3381 3157 3443 3206 ut
3471 3162 3571 3221 per

1980 3238 2218 3310 singulas
2247 3239 2444 3294 divina:
2472 3241 2787 3310 psalmodia:
2816 3241 3009 3308 horas,
3041 3241 3201 3298 lectio
3236 3257 3343 3297 una
3369 3242 3435 3297 de
3465 3241 3570 3296 Ve-

1981 3331 2081 3385 teri
2121 3331 2237 3385 sive
2274 3330 2422 3386 Novo
2467 3332 2816 3387 Testamento
2857 3333 3068 3387 cunctis
3114 3332 3457 3388 audientibus
3500 3345 3569 3387 ex

1981 3421 2146 3477 corde
2171 3422 2400 3484 dicatur,
2428 3432 2482 3475 et
2506 3423 2585 3476 sic
2615 3423 2925 3492 apostolicis
2947 3424 3060 3478 sive
3082 3422 3415 3492 propheticis
3443 3437 3569 3477 con-

1980 3518 2182 3572 ﬁrmati
2206 3517 2406 3582 verbis,
2440 3520 2507 3573 ad
2545 3519 2858 3573 instantiam
2901 3519 3160 3574 orationis
3186 3516 3566 3590 genuﬂectant,

1981 3608 2077 3664 sed
2100 3608 2468 3664 etnocturnis
2495 3609 2647 3664 horis
2670 3624 2794 3663 cum
2821 3624 2852 3662 a
2881 3609 3159 3666 laboribus
3182 3617 3428 3665 cessatur
3449 3622 3571 3678 ope-

1981 3714 2124 3767 rum,
2149 3699 2332 3754 liberae
2366 3700 2572 3755 auditui
2615 3699 2906 3755 lectionum
2943 3701 3248 3756 divinarum
3280 3715 3439 3755 aures
3481 3713 3572 3756 ac-

1982 3793 2416 3848 eommodentur.
2468 3792 2551 3846 Ex
2599 3793 2956 3862 inspiratione
3003 3809 3108 3863 qua
3152 3793 3447 3863 inspiratus
3485 3797 3573 3847 est

1983 3885 2235 3940 dominus
2269 3885 2450 3952 Beda,
2477 3885 2727 3940 novimus
2767 3893 3013 3941 nostrum
3053 3900 3272 3941 cursum
3313 3885 3419 3939 diei
3457 3883 3572 3940 sive

1981 3979 2175 4042 noctis,
2196 3979 2398 4034 habere
2421 3980 2705 4034 exordium
2727 3994 2757 4032 a
2781 3978 2922 4035 libro
2943 3979 3146 4034 Esdraa.
3174 3977 3231 4034 Si
3257 3979 3400 4034 enim
3418 3978 3571 4050 juxta

1983 4084 2401 4125 eorummorem
2424 4071 2779 4126 convenimus
2806 4071 2873 4125 ad
2897 4070 3193 4142 rogandum
3213 4069 3404 4136 Deum,
3419 4085 3572 4141 opor-

1985 4169 2063 4217 tet
2091 4177 2191 4216 nos
2219 4162 2381 4227 scire,
2416 4162 2558 4232 quod
2589 4161 2886 4216 habeamus
2914 4176 3080 4232 opera
3103 4152 3383 4216 murorum
3402 4161 3572 4216 aedili-

1985 4255 2283 4311 candorum
2309 4255 2555 4310 ecclesia:
2576 4261 2798 4319 nostr-.13,
2823 4255 2963 4308 sicut
2991 4253 3062 4308 illi
3093 4253 3399 4308 habuerunt
3421 4253 3573 4308 urbis

1984 4345 2342 4411 Hierusalem,
2370 4355 2424 4402 et
2453 4348 2507 4401 in
2534 4347 2764 4402 circuitu
2789 4346 3056 4412 inimicos,
3089 4345 3230 4402 sicut
3257 4345 3332 4400 illi
3361 4345 3566 4401 habue-

1983 4449 2131 4498 runt.
2182 4441 2367 4497 Murus
2410 4441 2667 4498 Ecclesia:
2710 4449 2912 4497 nostrae
2941 4439 3102 4496 habet
3139 4441 3195 4496 in
3223 4440 3574 4497 fundamento

1985 4531 2278 4599 Christum,
2327 4547 2489 4602 super
2533 4533 2676 4603 quod
2722 4531 3130 4588 fundamentum
3179 4531 3402 4588 stabiliti
3446 4542 3572 4588 sunt

1905 4651 1960 4712 Β
1987 4625 2214 4696 apostoli
2257 4632 2312 4680 et
2358 4625 2449 4694 qui
2494 4638 2590 4693 per
2618 4638 2712 4678 eos
2747 4622 3128 4688 crediderunt,
3161 4622 3277 4677 sive
3307 4620 3572 4689 credunt,

1987 4732 2081 4772 seu
2127 4717 2366 4772 credent.
2417 4713 2527 4770 Nos
2570 4730 2757 4769 sumus
2801 4714 3064 4768 hodierna
3099 4713 3185 4769 die
3211 4713 3264 4768 in
3295 4720 3572 4768 structura

1983 4808 2144 4878 hujus
2172 4809 2338 4874 muri,
2368 4808 2460 4878 qui
2489 4822 2704 4878 semper
2727 4805 3088 4861 azditicabitur
3111 4819 3282 4874 usque
3315 4805 3372 4858 in
3408 4803 3570 4858 tinem

1983 4900 2192 4955 mundi.
2240 4899 2626 4968 Unusquisque
2664 4887 2978 4952 sanctorum
3019 4895 3111 4964 qui
3155 4894 3574 4965 praedestinatus

1983 5004 2070 5050 est
2089 5011 2120 5049 a
2148 4995 2259 5049 Deo
2295 4993 2363 5046 ad
2395 4993 2563 5045 vitam
2590 5000 2849 5046 aeternam
2871 5030 2884 5056 ,
2928 4988 3066 5059 lapis
3109 4995 3193 5045 est
3224 4987 3368 5043 illius
3405 4985 3570 5043 muri.

1987 5084 2152 5154 Lapis
2187 5098 2349 5153 super
2377 5082 2610 5152 lapidem
2654 5080 2903 5150 ponitur,
2945 5080 3163 5150 quando
3189 5079 3435 5151 magistri
3462 5079 3571 5135 Ec-

1990 5175 2189 5240 elesim,
2214 5173 2462 5243 iuniores
2490 5182 2774 5230 assumunt
2814 5175 2870 5228 in
2915 5174 3196 5244 proprium
3236 5174 3472 5228 studium
3501 5173 3573 5232 ad

1987 5266 2318 5331 docendum,
2369 5267 2436 5320 ad
2464 5266 2874 5337 corrigendum,
2904 5273 2960 5318 et
2997 5264 3065 5320 ad
3092 5264 3471 5321 stabiliendum
3514 5265 3569 5321 in

1987 5368 2175 5416 sancta
2205 5359 2464 5415 Ecclesia.
2499 5359 2674 5416 Habet
2709 5358 3081 5429 unusquisque
3127 5372 3292 5429 super
3329 5373 3388 5414 se
3433 5358 3570 5429 lapi-

1987 5455 2128 5519 dem,
2155 5454 2245 5524 qui
2274 5453 2514 5508 laborem
2539 5451 2838 5507 fraternum
2862 5459 3064 5522 portat.
3093 5451 3171 5507 De
3195 5452 3311 5520 ipso
3341 5439 3570 5507 aediﬁcio

1986 5543 2117 5599 dicit
2150 5543 2479 5614 Apostolus:
2517 5542 2664 5597 Alter
2689 5541 2905 5597 alterius
2946 5559 3105 5596 onera
3147 5549 3374 5613 portate,
3405 5551 3454 5596 et
3493 5544 3571 5600 sic

1987 5637 2332 5709 adimplebitis
2356 5636 2519 5707 legem
2549 5635 2762 5689 Christi.
2804 5634 3118 5692 Grossiores
3147 5634 3353 5704 lapides
3377 5650 3442 5691 ac
3467 5649 3569 5707 po-

1983 5728 2090 5794 liti,
2134 5744 2229 5783 seu
2260 5727 2545 5796 quadrati,
2591 5727 2684 5797 qui
2720 5735 2998 5798 ponuntur
3027 5727 3351 5784 altrinsecus
3393 5727 3528 5783 foris
3551 5767 3568 5794 ,

1986 5835 2216 5893 quorum
2250 5819 2306 5873 in
2335 5819 2511 5875 medio
2525 5818 2732 5890 jaceat,
2761 5820 2968 5891 lapides
3002 5821 3242 5877 minores
3278 5819 3568 5892 perfectio-

1988 5928 2076 5970 res
2100 5912 2203 5967 viri
2238 5919 2394 5976 sunt,
2446 5913 2540 5980 qui
2574 5905 2860 5969 continent
2903 5912 3229 5970 inﬁrmiores
3268 5909 3566 5980 discipulos
