4000 6500
459 407 593 466 il'll

1496 404 1828 475 AMALARii
1866 372 2304 477 pensamur
2343 408 2687 479 Muransts

3582 422 3727 484 H7!

455 530 570 584 sive
608 526 806 583 fratres
851 527 906 583 in
941 536 1129 585 sancta
1176 529 1417 588 Ecclesia
1463 531 1578 590 suis
1620 532 1840 590 monitis
1871 541 2035 605 atque
2060 526 2113 597 Α
2136 528 2196 591 ut
2226 536 2598 610 pertingamus
2618 536 2688 592 ad
2713 538 2922 592 sextam
2954 548 3117 593 cursu
3142 532 3289 595 horae
3317 537 3516 605 tertiae,
3547 547 3614 597 et
3642 542 3726 597 in-

452 622 811 680 orationibus.
845 616 1126 681 Stabilitas
1157 625 1303 682 enim
1324 626 1466 711 muri
1497 625 1615 683 sine
1644 635 1906 684 caemento
1920 642 2032 685 non

448 723 627 786 potest
669 726 809 772 esse.
840 715 1177 773 Ctementum
1223 718 1369 793 enim
1416 719 1749 776 construitur
1793 718 1941 776 calce
1977 726 2033 778 et

448 805 657 876 sabulo,
689 816 854 881 atque
882 812 1026 882 aqua
1051 830 1065 867 :
1103 812 1237 871 Calx
1267 814 1412 872 enim
1432 815 1648 874 fervens
1668 814 1905 873 Charitas
1925 823 2028 885 est,

448 912 571 972 qua
600 902 705 958 sibi
734 902 1013 974 coniungit
1040 907 1308 977 sabulum,
1340 908 1394 965 id
1424 917 1528 977 est,
1562 919 1840 966 terrenum
1873 924 2028 982 opus,

447 990 514 1046 de
539 1002 650 1062 quo
676 992 810 1049 dicit
841 995 1117 1065 apostolus
1151 995 1382 1054 Paulus:
1414 999 1581 1072 Magis
1612 1008 1792 1057 autem
1821 998 2033 1057 laboret

445 1083 726 1153 operando
769 1087 1019 1143 manibus
1060 1088 1175 1144 suis
1203 1089 1345 1161 quod
1380 1090 1580 1148 bonum
1609 1102 1718 1159 est,
1744 1098 1803 1149 ut
1831 1093 2031 1150 haheat

445 1173 592 1231 unde
621 1173 823 1231 tribuat
864 1179 1249 1235 necessitatem
1297 1168 1545 1252 patienti.
1592 1182 1843 1241 Charitas
1881 1186 2029 1241 enim

445 1279 574 1320 vera
623 1265 1043 1327 sollicitudinem
1088 1272 1380 1328 makimam
1418 1268 1585 1331 habet
1631 1278 1733 1346 pro
1768 1274 1945 1334 viduis
1973 1282 2028 1334 ει

446 1354 707 1412 confectis
732 1366 894 1415 aetate
918 1369 1081 1431 attrito
1108 1363 1455 1434 mgritudine,
1502 1366 1616 1423 sive
1653 1352 1900 1439 pupillis,
1933 1382 2028 1425 seu

445 1446 750 1505 debilibus:
791 1460 957 1524 atque
999 1455 1122 1512 ideo
1157 1458 1340 1513 studet
1390 1459 1606 1531 operari
1654 1462 1925 1529 manibus,
1969 1470 2030 1518 ut

445 1542 644 1599 habent
671 1546 816 1603 unde
836 1548 917 1604 eis
936 1550 1077 1605 bene
1099 1550 1281 1607 faciat.
1310 1552 1520 1610 Recolit
1539 1554 1683 1611 dicta
1700 1554 2026 1623 Salomonis,

446 1633 669 1691 Honora
690 1635 972 1695 Dominum
1005 1642 1069 1698 de
1102 1644 1194 1697 tua
1224 1644 1539 1702 substantia.
1572 1648 1641 1703 Et
1672 1647 1866 1704 lterum
1887 1692 1900 1716 ,
1928 1647 2031 1705 Re-

443 1726 672 1799 demptio
693 1732 885 1787 animo:
913 1734 1012 1789 viri
1035 1737 1262 1808 propria:
1290 1736 1508 1794 divitia’.
1549 1736 1619 1795 Ut
1645 1742 1788 1797 enim
1819 1740 1938 1798 calx
1974 1748 2029 1799 et

442 1827 589 1875 terra
615 1820 831 1877 valeant
868 1821 936 1879 ad
964 1812 1250 1882 :cdiiicium
1276 1826 1440 1894 muri,
1471 1842 1624 1900 aqua:
1653 1831 2029 1888 commistione

441 1909 794 1980 glutinantur.
820 1916 974 1987 Aqua
994 1918 1229 1988 Spiritus
1251 1930 1471 1978 sanctus
1491 1924 1598 1990 est,
1624 1920 1838 1980 dicente
1857 1940 2026 1981 evan-

442 2001 631 2066 gelista
669 2002 917 2061 Joanne:
972 2006 1168 2063 Fiuent
1209 2011 1275 2064 de
1317 2022 1491 2066 ventre
1537 2014 1652 2083 ejus
1699 2031 1849 2086 aqua:
1879 2017 2024 2071 vince.

441 2087 560 2144 Hoc
600 2098 779 2145 autem
824 2091 1036 2149 dicebat
1066 2096 1133 2151 de
1172 2097 1376 2167 Spiritu
1426 2110 1649 2168 sancto,
1701 2104 1755 2157 et
1801 2103 2024 2174 reliqua.

443 2176 601 2236 Sicut
620 2183 764 2237 enim
786 2184 905 2240 sine
923 2194 1186 2244 caemento
1208 2188 1413 2261 lapides
1434 2194 1575 2248 muri
1599 2209 1705 2249 non
1721 2192 2032 2267 junguntur

440 2271 601 2328 simul
627 2274 696 2330 ad
721 2274 1070 2335 stabilitatem
1090 2281 1268 2336 muri:
1302 2283 1382 2338 sic
1411 2299 1513 2340 nec
1539 2286 1788 2342 homines
1813 2289 1882 2343 ad
1906 2288 2030 2343 aedi-

439 2363 624 2421 licium
652 2368 891 2425 emicatis
933 2369 1272 2429 Hierusalem
1311 2384 1539 2446 possunt
1580 2377 1740 2435 simul
1776 2376 2029 2453 conjungi

438 2460 557 2516 sine
578 2461 865 2530 charitate,
890 2478 1053 2536 quam
1077 2466 1311 2541 Spiritus
1334 2480 1553 2529 sanctus
1574 2476 1848 2545 operatur.
1876 2474 2030 2531 [Edi-

2132 630 2311 684 trante
2336 630 2513 697 sexta,
2527 627 2848 685 inchoemus
2867 624 3098 685 alterum
3117 643 3358 686 cursum.
3377 628 3434 686 Si
3455 624 3731 692 Dominus

2131 719 2384 789 voluerit,
2412 722 2505 792 qui
2531 718 2700 778 solem
2727 732 2885 777 suum
2912 720 3051 805 oriri
3086 717 3216 777 facit
3258 736 3423 794 super
3455 722 3645 782 bonos
3678 732 3733 783 et

2130 812 2325 879 malos,
2355 814 2483 869 dare
2509 812 2668 869 nobis
2691 820 2752 867 ut
2788 810 2993 884 aliquid
3019 812 3178 887 digne
3210 815 3485 887 possimus
3518 815 3621 875 hic
3653 816 3732 875 di-

2131 906 2255 960 cere
2281 905 2348 961 de
2375 904 2664 971 varietate,
2686 906 2811 976 dua:
2830 903 2891 961 iit
2912 903 2966 961 in
2991 904 3258 973 cursibus,
3280 902 3337 964 id
3362 915 3468 976 est,
3496 908 3556 964 in
3579 910 3731 981 psal-

2131 996 2343 1064 modia,
2375 1004 2431 1053 et
2472 996 2826 1066 lectionibus,
2866 1006 2922 1056 ει
2944 1001 3299 1072 responsoriis
3338 1016 3404 1057 ac
3441 1004 3726 1072 versibus,

2129 1087 2271 1145 ibi-te
2291 1088 2346 1145 in
2375 1091 2724 1161 sequentibus
2763 1090 2934 1149 libere
2974 1088 3305 1147 incedenms.
3347 1090 3493 1149 Dicit
3520 1093 3730 1150 Paulus

2130 1182 2198 1239 ad
2228 1182 2525 1254 Ephesios:
2560 1182 2740 1239 Nolite
2765 1182 2882 1254 ﬁeri
2906 1182 3278 1255 imprudentes,
3305 1185 3397 1239 sed
3426 1186 3730 1257 intelligen-

2128 1284 2204 1333 tes
2227 1280 2345 1350 qua:
2370 1278 2438 1333 sit
2461 1276 2702 1333 uoluntas
2729 1276 2846 1333 Dei.
2880 1272 3060 1332 Nolite
3085 1274 3341 1332 inebriari
3364 1278 3509 1345 vino,
3537 1279 3602 1334 in
3634 1298 3731 1352 quo

2129 1378 2204 1424 est
2235 1368 2473 1435 luxuria,
2514 1369 2607 1425 sed
2634 1367 2926 1440 impiemini
2971 1364 3175 1439 Spiritu
3204 1376 3422 1435 sancto,
3460 1366 3730 1440 loquentes

2129 1460 2505 1533 nobismetipsis
2532 1459 2588 1515 in
2615 1458 2831 1533 psalniis
2861 1464 2910 1514 et
2939 1456 3146 1529 hymnis
3169 1502 3183 1527 ,
3213 1467 3265 1514 et
3293 1460 3523 1514 canticis
3568 1462 3727 1531 spiri-

2130 1538 2396 1621 tuaiibus,
2428 1558 2696 1607 cantantes
2735 1554 2784 1607 et
2821 1547 3102 1622 psallentes
3149 1550 3204 1605 in
3252 1548 3510 1607 cordibus
3550 1553 3727 1606 castris

2132 1642 2382 1699 Domino.
2434 1641 2505 1700 Ut
2551 1642 2617 1698 de
2662 1640 2998 1714 espositione
3039 1638 3212 1698 sancti
3242 1638 3571 1714 Hieronymi
3600 1641 3738 1714 mihi.

2130 1741 2489 1790 monstratum
2510 1741 2614 1801 est,
2633 1742 2743 1788 tres
2767 1732 3093 1789 mutationes
3115 1733 3287 1788 nostri
3312 1747 3513 1788 cursus
3535 1733 3590 1789 in
3615 1734 3729 1789 istis

2131 1829 2305 1884 tribus
2334 1815 2618 1900 prteceptis
2643 1828 2958 1899 apostolicis
2994 1824 3238 1900 intelligo
3262 1822 3553 1899 compleri,
3582 1830 3726 1883 vide-

2129 1919 2257 1977 licet
2282 1927 2342 1975 ιιι
2367 1919 2563 1991 psalmi
2589 1920 2697 1975 sint
2724 1920 2778 1975 in
2809 1928 2995 1976 nostra
3025 1919 3301 1976 locutione
3331 1922 3556 1992 quando
3581 1921 3728 1992 psal-

2129 2024 2246 2068 mos
2275 2016 2584 2068 cantamus:
2608 2016 2664 2068 et
2686 2010 2896 2083 hymni,
2924 2010 3143 2083 quando
3187 2026 3259 2067 ex
3285 2010 3525 2068 lectione
3553 2013 3729 2068 dicto-

2128 2116 2251 2160 rum
2272 2113 2580 2161 sanctorum
2604 2100 2825 2159 Patrum
2852 2098 2919 2158 ad
2940 2102 3131 2158 laudes
3152 2100 3250 2158 Dei
3271 2105 3723 2176 compungimnr:

2128 2202 2184 2252 et
2212 2193 2447 2261 cantica,
2480 2196 2696 2266 quando
2737 2210 2835 2267 per
2880 2203 3101 2249 cantum
3149 2193 3479 2266 responsorii
3522 2204 3720 2249 nostra

2127 2300 2283 2345 mens
2310 2286 2625 2345 sublevatur
2658 2286 2835 2358 aliqua
2885 2286 3068 2342 laetitia
3115 2287 3185 2342 ad
3229 2292 3583 2356 contemptum
3613 2298 3711 2343 stt-

2126 2382 2312 2450 pernae
2339 2380 2549 2450 patrita.
2583 2375 2789 2434 Cantus
2814 2376 2959 2433 enim
3001 2376 3292 2449 smpissimc
3319 2377 3373 2430 in
3396 2375 3588 2431 laetitia
3613 2392 3707 2432 ce-

2127 2468 2387 2528 lebratur.
2425 2470 2752 2527 Sanctorum
2778 2482 2933 2526 mens
2957 2480 3066 2525 non
3088 2468 3256 2524 habet
3281 2468 3540 2538 maiorem
3576 2468 3722 2524 lzcti-

437 2549 733 2609 ﬁcantibus
754 2552 911 2610 nobis
940 2557 1085 2614 hunc
1120 2574 1336 2617 murum
1363 2563 1560 2619 adsunt
1591 2560 1945 2635 Sanabalath,
1975 2566 2030 2624 et
2128 2563 2278 2630 tiam,
2330 2566 2491 2632 quam
2520 2562 2579 2617 ut
2601 2570 2699 2632 per
2727 2566 3003 2634 anagogen
3048 2556 3363 2615 sublevetur
3399 2557 3469 2613 ad
3500 2554 3726 2615 cmleste

438 2640 695 2710 Thobias,
723 2652 780 2701 et
800 2644 1030 2714 Arabes,
1051 2656 1106 2705 et
1121 2650 1409 2719 Amanitae,
1433 2663 1487 2710 et
1512 2650 1691 2725 Azoti,
1723 2656 1816 2728 qui
1839 2654 2028 2713 volunt
2128 2654 2374 2721 regnum.
2404 2651 2579 2723 ipsius
2609 2648 2892 2708 memorati
2924 2648 3121 2706 summi
3147 2644 3403 2705 Doctoris
3428 2649 3601 2704 verba
3631 2664 3725 2720 po-

437 2732 702 2803 impedire
729 2747 867 2807 opus
904 2744 1172 2796 nostrum.
1203 2742 1310 2799 Per
1338 2744 1645 2802 nominatus
1674 2740 1905 2819 gentiles
1942 2748 2027 2805 τι-
2126 2743 2303 2799 nenda
2326 2746 2451 2799 sunt
2478 2746 2538 2799 ut
2562 2742 2679 2812 eius
2708 2740 3035 2798 auctoritate
3081 2739 3282 2813 ﬁgatur
3320 2742 3379 2795 in
3410 2750 3599 2796 mente
3629 2754 3723 2795 au-

437 2825 629 2882 demus
654 2827 930 2885 diabolum
960 2832 1278 2905 impugnare
1299 2848 1400 2892 nos
1424 2836 1547 2894 cum
1575 2837 1742 2895 armis
1767 2840 1880 2898 Suis
1908 2842 2020 2913 Qum

2126 2832 2430 2898 dientlum,
2476 2831 2621 2902 quod
2663 2831 2911 2902 cupimus
2958 2830 3246 2886 disserere.
3288 2820 3435 2898 Quid
3455 2872 3471 2895 ,
3524 2828 3728 2900 inquit,

436 2926 566 2972 sunt
591 2919 722 2975 vitia
759 2922 875 2978 sive
914 2925 1066 2993 pravi
1095 2927 1362 2985 homines.
1409 2927 1479 2985 At
1509 2946 1608 2989 nos
1632 2930 1787 3005 juxta
1819 2936 2020 2991 morem

2125 2917 2341 2981 intersit
2383 2924 2526 2979 inter
2558 2922 2865 2994 psalmum,
2910 2922 3196 2994 hymnum,
3238 2926 3294 2978 ει
3323 2921 3637 3005 canticum,
3676 2920 3727 2976 in

433 3011 618 3081 populi
658 3010 867 3073 Iudaici
898 3021 1182 3074 teneamus
1211 3034 1364 3077 arma
1405 3030 1591 3081 nostra
1633 2998 1888 3084 inanibus
1928 3040 2026 3085 no-
2125 3015 2383 3087 Ρωίθΐῖο
2424 3014 2740 3086 Plenissime
2786 3013 3061 3070 dmum"
3110 3013 3205 3070 hic
3247 3014 3439 3070 amem
3492 2998 3732 3070 δτσῗίετ

435 3103 588 3170 stris,
608 3113 667 3161 et
685 3106 1039 3165 deﬂendamus
1061 3126 1160 3167 nos
1181 3113 1249 3168 de
1274 3114 1509 3173 inimicis
1538 3121 1737 3175 nostris
1762 3114 1830 3176 ad
1854 3114 2023 3178 Deum
2124 3110 2356 3182 hymnos
2379 3120 2499 3165 0990
2526 3108 2839 3175 dicendum:
2869 3107 2961 3178 τιυὶ
2983 3105 3362 3163 Nullumne!“
3388 3116 3448 3164 ει
3480 3104 3727 3177 malai“

434 3193 752 3253 clamantes.
779 3199 857 3254 Ita
882 3200 1029 3256 enim
1055 3205 1316 3276 scriptum
1352 3215 1436 3264 est
1471 3207 1526 3264 in
1556 3206 1694 3266 libro
1718 3222 2020 3271 memorato

2126 3204 2235 3258 tem
2262 3201 2558 3273 praedicant
2585 3200 2703 3270 Dei,
2732 3206 2789 3258 et
2810 3198 3050 3271 ejusdem
3078 3208 3294 3271 semper
3317 3197 3409 3254 vel
3432 3196 3730 3266 beneﬁcia,

434 3286 659 3345 Esdra:
700 3290 773 3346 Et
805 3295 1073 3353 oravimus
1119 3296 1402 3357 Dominum
1434 3296 1611 3358 Deum.
1652 3317 1890 3361 nostrum
1911 3349 1925 3373 ,
1973 3316 2022 3364 et
2048 3286 2092 3324 υ
2125 3294 2212 3350 θθῙ
2241 3292 2381 3349 Γείτιά
2410 3293 2696 3348 miram“?-
2740 3292 2895 3361 Ωιιοά
2934 3300 3123 3347 omnes
3156 3290 3357 3361 Ρθθιωί
3405 3292 3726 3357 malum.

435 3384 709 3452 posuimus
738 3388 981 3444 custodes
1021 3404 1179 3463 super
1214 3406 1425 3449 murum
1461 3394 1547 3451 die
1570 3415 1631 3453 ac
1661 3406 1810 3455 nocte
1839 3400 2020 3456 contra

2125 3386 2321 3457 quibus
2359 3385 2588 3440 Alleluia
2618 3385 2703 3440 vel
2739 3384 3086 3456 praepositum
3107 3425 3122 3450 ,
3148 3382 3236 3440 vel
3266 3383 3587 3453 subjectum
3624 3388 3727 3440 est.

436 3488 547 3529 eos.
582 3474 651 3529 Et
674 3477 838 3547 paulo
862 3487 1022 3548 post:
1064 3480 1135 3536 Et
1165 3482 1365 3552 factum
1400 3494 1507 3553 est;
1530 3502 1562 3542 α
1594 3487 1679 3542 die
1706 3487 1820 3554 ma,
1850 3486 2024 3545 ιηεάξα
2122 3470 2325 3533 Psalmi
2350 3482 2530 3531 autem
2560 3477 2781 3548 proprie
2809 3475 2877 3531 ad
2907 3475 3161 3531 Ethicum
3196 3475 3385 3531 locum
3411 3478 3719 3546 pertinent,

435 3580 558 3636 pars
577 3567 835 3637 jnuenum
868 3586 1048 3627 eorum
1084 3574 1310 3645 faciebat
1336 3588 1493 3648 opus,
1540 3580 1591 3634 et
1634 3580 1806 3635 media
1832 3580 2023 3653 parata
2122 3574 2184 3622 υῑ
2208 3564 2307 3637 Ῥεῖ
2332 3574 2598 3636 "Sanum
2625 3567 2774 3623 νθθῖε
2797 3566 2927 3639 (μηδ
2952 3557 3279 3631 radendum,
3303 3572 3365 3621 εί
3391 3566 3537 3636 φησι
3558 3567 3729 3620 ω

439 3668 552 3713 erat
578 3660 649 3715 ad
669 3661 885 3731 bellum,
901 3670 951 3720 et
977 3665 1193 3733 lancem,
1217 3672 1266 3721 ei
1285 3674 1453 3735 scuta,
1471 3680 1521 3725 et
1550 3680 1723 3739 arcus,
1750 3680 1798 3726 et
1820 3668 2020 3739 (ariete,

2123 3659 2250 3715 dum
2278 3659 2351 3718 sit
2378 3660 2707 3715 noverimus.
2742 3659 2845 3727 Qui
2874 3668 3006 3716 vero
3032 3661 3099 3716 de
3122 3659 3503 3731 superioribus
3540 3659 3730 3729 dispu-

437 3760 489 3805 et
510 3753 768 3825 principes
791 3766 910 3827 post
936 3772 1023 3814 eos
1049 3759 1105 3813 in
1133 3761 1279 3815 omni
1301 3760 1456 3817 domo
1490 3758 1668 3830 ludo,
1714 3772 1765 3820 et
1792 3760 2018 3835 reliqua.

434 3842 628 3899 Nostra
657 3860 810 3903 arma
848 3858 976 3905 sunt
1010 3852 1281 3922 protectio
1323 3851 1441 3908 Del.
1487 3852 1593 3911 Per
1630 3863 1843 3912 scutum
1874 3854 2019 3926 ildei,

433 3939 491 3989 et
514 3933 728 4005 galeam
758 3935 946 3995 salutis
972 3948 1028 3997 et
1054 3941 1290 4013 gladium
1314 3944 1462 4000 verbi
1501 3948 1854 4018 protegimur.
1894 3938 2022 4007 lites

433 4033 716 4087 teneamus
743 4028 799 4085 in
825 4038 1024 4099 mente,
1050 4036 1268 4106 quando
1296 4049 1482 4093 sumus
1507 4038 1818 4111 congregati
1840 4037 2018 4107 simul,

432 4125 490 4173 et
512 4120 768 4193 princeps
795 4132 984 4182 noster
1010 4128 1083 4183 sit
1108 4128 1389 4185 nobiscum
1418 4130 1537 4186 vice
1564 4131 1789 4198 Christi,
1823 4128 1917 4203 qui
1942 4130 2021 4187 di-

430 4214 550 4276 cat,
577 4210 723 4268 Deus
743 4215 800 4269 in
818 4213 1146 4288 adjutorium
1173 4228 1345 4275 meum
1372 4222 1603 4288 intende,
1632 4229 1685 4275 et
1711 4221 1903 4278 doceat
1923 4234 2021 4279 nos

429 4314 531 4373 per
563 4298 852 4362 lectlonem
895 4318 953 4364 et
997 4312 1207 4366 muniat
1246 4326 1345 4368 nos
1372 4318 1470 4384 per
1501 4315 1806 4370 orationem
1840 4330 2015 4372 suam.

432 4392 566 4461 Quis
593 4395 693 4453 scit
721 4398 769 4453 si
793 4401 869 4455 sic
895 4401 1183 4471 poterimus
1211 4405 1429 4460 evadere
1455 4405 1519 4461 de
1557 4407 1800 4462 inanibus
1844 4407 2020 4463 inimi-

429 4498 615 4541 corum
635 4498 935 4546 nostrorum
950 4492 976 4545 Υ
1010 4492 1233 4548 Inerant
1255 4495 1416 4550 etiam
1446 4502 1555 4550 tam
1582 4498 1811 4553 studiosi
1836 4499 1937 4554 viri
1963 4496 2018 4554 in

432 4584 735 4632 memorato
756 4579 956 4647 populo
984 4581 1102 4647 Dei,
1135 4590 1197 4637 ut
1237 4598 1344 4639 una
1383 4592 1545 4641 nianu
1580 4591 1827 4645 tenerent
1863 4602 2012 4645 arma

430 4676 533 4735 pro
557 4662 894 4734 defensione,
925 4670 1205 4742 alteraque
1240 4689 1454 4730 murum
1481 4676 1724 4734 facerent
1749 4699 1762 4735 :
1800 4681 1876 4736 ita
1906 4682 2018 4739 sint

428 4764 486 4811 et
514 4769 706 4812 manus
736 4766 956 4827 nostrae,
985 4756 1041 4816 id
1064 4771 1169 4829 est,
1197 4760 1524 4822 intentiones
1559 4778 1855 4839 porrectae,
1882 4776 2015 4843 qua-

428 4853 587 4902 tenus
609 4860 716 4903 una
738 4849 1026 4909 resistatur
1046 4852 1299 4922 inimicis,
1323 4866 1381 4911 et
1400 4856 1568 4914 altera
1598 4869 1792 4932 agatur
1812 4863 2013 4919 bonum

426 4948 582 5007 opus.
624 4938 827 4995 Eadem
864 4942 1009 4997 enim
1038 4953 1297 5001 resonant
1321 4946 1488 5018 aliqui
1515 4962 1705 5007 versus
1735 4952 1801 5008 de
1830 4953 2009 5009 tertia.

426 5025 486 5081 in
510 5027 686 5113 prima
710 5031 969 5100 periocha
1002 5032 1205 5097 dicitur
1226 5050 1457 5094 versus:
1485 5037 1556 5094 Et
1582 5043 1901 5113 respondebo
1927 5058 2015 5100 ea»

356 5130 359 5131 '
426 5111 794 5187 probantibus
814 5118 944 5176 mihi
971 5124 1202 5192 verbum,
1227 5129 1353 5197 quia
1380 5134 1584 5201 speravi
1607 5111 2010 5191 intermortuus

427 5209 530 5265 ttu's
547 5225 569 5274 ;
608 5209 667 5267 in
695 5214 932 5270 secunda
964 5216 1193 5272 dicitur:
1226 5218 1453 5292 Superbi
1472 5225 1648 5293 inique
1672 5226 1893 5297 agebant
1921 5240 2012 5284 its-

423 5316 750 5377 qssquaque,
785 5322 821 5363 ιι
844 5306 955 5378 iege
977 5320 1153 5373 autem
1182 5320 1275 5367 tua
1304 5328 1410 5369 non
1434 5313 1691 5371 declinavi
1713 5336 1732 5384 ;
1763 5316 1816 5373 in
1851 5321 2008 5375 tertia

431 5394 505 5451 ita
530 5410 543 5451 ι
584 5395 937 5471 Ηααίριὲοαια
957 5410 1034 5456 est
1060 5419 1218 5474 super
1245 5421 1327 5460 me
1353 5407 1606 5478 iniquitas
1640 5410 2005 5480 superborum,

430 5500 524 5553 ego
548 5497 723 5545 autem
744 5490 801 5545 in
825 5499 933 5547 toto
958 5492 1115 5547 corde
1134 5497 1412 5551 scrutabor
1446 5498 1702 5554 mandata
1728 5509 1839 5555 tua.
1864 5496 2006 5568 Quid

429 5576 601 5633 velint
641 5587 755 5637 tres
801 5584 1153 5653 repetitiOnes
1194 5586 1249 5641 in
1292 5596 1453 5645 cursu
1491 5591 1694 5655 tertiae,
1728 5591 1785 5645 in
1826 5592 2004 5662 prima

428 5674 788 5727 monstratum
814 5682 918 5729 est.
941 5673 1059 5731 Hoc
1081 5684 1185 5742 est,
1207 5686 1267 5731 ut
1293 5678 1384 5733 hic
1406 5684 1755 5750 protegamur
1772 5696 1871 5753 per
1892 5682 2005 5740 tres

352 5816 358 5821 ,
427 5757 594 5813 horas
629 5763 928 5831 usquedum
968 5766 1167 5823 iterum
1210 5771 1595 5837 conveniatur,
1643 5787 1755 5828 una
1798 5776 2005 5839 scilicet

429 5864 527 5920 per
554 5859 804 5924 quartam
830 5863 885 5910 et
908 5859 1176 5926 quintam,
1212 5877 1277 5918 ac
1298 5876 1399 5933 per
1433 5873 1663 5932 sextam,
1692 5867 1767 5922 ita
1802 5876 2001 5958 tamen,

2122 3756 2221 3817 tat,
2251 3758 2306 3808 et
2330 3752 2655 3807 conventum
2693 3751 2880 3805 mundi
2900 3786 2916 3816 ,
2958 3751 3307 3820 omniumque
3332 3754 3725 3804 creaturarum

2122 3843 2367 3901 ordinem
2395 3851 2558 3914 atque
2582 3831 2930 3900 concordiam
2956 3842 3170 3899 subtilis
3197 3834 3512 3912 disputator
3542 3843 3722 3897 disse-

2123 3938 2220 4004 rit,
2269 3936 2373 3993 iste
2412 3937 2691 4009 spirituale
2729 3938 2999 3994 canticum
3031 3936 3195 3992 canit.
3243 3935 3395 4007 Opus
3436 3933 3714 4006 psalterii,

2122 4028 2265 4101 quod
2294 4038 2457 4085 manu
2485 4030 2788 4100 percutitur
2826 4034 2887 4083 ut
2913 4034 3164 4094 resonet,
3202 4028 3272 4083 ad
3313 4042 3469 4097 opera
3507 4026 3705 4080 nostra

2120 4121 2374 4192 pertinet.
2421 4120 2598 4193 Opera
2629 4128 2944 4177 sanctorum
2992 4126 3118 4176 sunt
3159 4128 3347 4175 mores
3380 4116 3534 4184 boni,
3559 4126 3719 4189 quos

2070 4206 2095 4221 ’“
2121 4220 2441 4270 exercemus
2484 4214 2597 4269 sive
2642 4214 2695 4268 ili
2743 4213 3080 4284 profectione
3127 4211 3428 4283 Spirituaiis
3476 4210 3720 4275 itineris,

2120 4303 2236 4359 sive
2281 4305 2336 4358 in
2383 4304 2653 4361 occisione
2686 4304 2988 4360 carnalium
3035 4302 3397 4375 voluptatum.
3448 4303 3519 4359 ili
3566 4304 3725 4360 enim

2119 4404 2300 4453 mores
2327 4397 2446 4453 sine
2468 4396 2654 4455 labore
2682 4406 2790 4452 non
2815 4402 3041 4468 possunt
3070 4397 3337 4455 exerceri.
3367 4396 3728 4472 Quapropter

2118 4487 2334 4558 quando
2353 4482 2640 4545 cantamus
2663 4489 2921 4560 psalmos,
2940 4490 3175 4548 solemus
3199 4494 3369 4558 stare,
3395 4498 3459 4547 ut
3480 4508 3549 4549 ει
3569 4500 3723 4549 statu

2118 4580 2363 4649 corporis
2388 4570 2823 4637 demonstremus
2853 4581 3103 4638 allectum
3127 4580 3325 4639 nostra:
3353 4584 3583 4649 mentis,
3611 4584 3722 4641 hoc

2117 4678 2200 4725 est
2222 4678 2443 4740 paratos
2477 4682 2579 4727 nos
2620 4672 2742 4727 esse
2767 4672 2883 4728 sive
2908 4673 2977 4728 ad
3005 4672 3328 4729 domandam
3358 4674 3588 4730 carnem
3622 4690 3724 4729 uo-

2116 4766 2306 4825 straiu,
2339 4772 2433 4815 seu
2463 4762 2533 4818 ad
2557 4761 2873 4818 exercitium
2900 4763 3079 4833 operis
3124 4764 3177 4819 in
3222 4774 3388 4819 causa
3426 4775 3629 4822 nostra
3667 4772 3723 4820 et

2114 4848 2367 4906 fratrum.
2394 4848 2524 4909 Post
2547 4853 2709 4908 istam
2733 4853 3118 4923 tropologicum
3142 4853 3497 4921 locutionem,
3532 4854 3585 4911 id
3606 4862 3717 4919 est,

2113 4956 2235 5012 qua:
2263 4944 2329 4999 de
2357 4945 2602 5001 moribus
2629 4945 2888 5014 disputat,
2917 4945 3267 5015 subsequitur
3291 4942 3481 5013 lectio,
3519 4948 3573 5002 in
3603 4958 3717 5018 qua

2113 5033 2203 5089 illa
2228 5034 2594 5104 reperiuntur,
2621 5044 2741 5105 quae
2780 5042 3001 5090 sanctus
3029 5034 3397 5108 Hieronymus
3421 5038 3721 5109 deputavit

2116 5124 2353 5195 hymnis,
2385 5124 2436 5178 id
2468 5132 2584 5190 est,
2628 5139 2747 5195 qua:
2791 5124 2860 5179 ad
2898 5124 3113 5180 laudem
3152 5125 3249 5181 Dei
3287 5127 3589 5195 pertinent.
3631 5126 3723 5183 lbi

2115 5213 2452 5282 maiestatem
2477 5215 2690 5270 Domini
2713 5212 3038 5282 invenimus,
3068 5217 3337 5286 quomodo
3358 5217 3721 5275 circumscri-

2113 5312 2239 5375 ptus
2275 5305 2545 5359 omniain
2590 5320 2647 5361 se
2688 5305 2983 5361 contineat.
3030 5301 3110 5361 lbi
3150 5305 3526 5364 fortitudinem
3556 5309 3719 5378 ejus.

2114 5393 2385 5461 quomodo
2427 5400 2671 5450 creatum
2711 5393 2967 5464 populum
2994 5398 3153 5451 suum
3179 5396 3416 5452 redimat
3443 5396 3503 5452 in
3538 5412 3717 5453 nsanu

2112 5479 2241 5537 forti
2267 5490 2322 5535 et
2348 5482 2570 5539 brachio
2612 5490 2857 5540 extento.
2879 5484 2958 5540 ibi
2981 5485 3244 5549 beneﬁcia
3262 5484 3401 5557 sint,
3425 5491 3723 5559 quam

2108 5572 2287 5643 ipsum
2310 5588 2471 5645 quem
2498 5575 2750 5641 redemit,
2786 5577 2922 5633 ditet
2949 5579 3203 5641 omnibus
3239 5578 3419 5637 bonis.
3444 5578 3531 5637 Ilii
3558 5580 3721 5635 ben

2107 5663 2247 5734 ejus,
2271 5665 2542 5736 quomodo
2570 5665 2703 5725 iccit
2731 5667 2928 5725 caelum
2959 5677 3017 5724 et
3059 5676 3297 5735 ternm,
3333 5678 3394 5726 st
3426 5682 3616 5735 mare,
3652 5680 3719 5726 ss

2108 5756 2290 5815 mania
2310 5771 2431 5826 quas
2455 5757 2511 5812 in
2538 5758 2621 5814 eis
2647 5767 2791 5814 sunt.
2819 5758 2879 5827 in
2905 5757 2995 5815 illa
3016 5773 3127 5815 non
3146 5759 3298 5817 deest
3316 5760 3721 5825 historia...

2109 5848 2265 5911 deest
2288 5847 2571 5919 allegoria.
2597 5862 2708 5909 non
2734 5847 2891 5917 deest
2915 5849 3235 5923 tropulngis.
3257 5865 3369 5911 ιιι
3385 5849 3544 5910 ω
3560 5865 3719 5907 ιιι-
