4000 6478
286 345 420 404 11⁸15

1038 338 1126 393 DE
1164 337 1720 397 ECCLESIASTICIS
1759 339 2049 400 OFFICIIS
2087 341 2266 400 LIBRI
2305 343 2395 402 IV.
2436 377 2506 388 —
2544 349 2671 404 LIB.
2713 349 2806 406 IV.

3421 359 3562 423 11⁸14

278 475 441 536 goge,
493 455 740 529 quamvis
781 453 1084 529 tropol0gia
1131 470 1376 514 seorsum
1426 455 1754 523 celebretur,
1809 466 1871 514 ut
1898 462 1951 522 Α
1975 461 2120 514 niam
2165 470 2352 531 pastor
2395 463 2498 519 loci
2547 458 2826 524 doctorem
2855 473 2970 528 vult
3007 476 3303 552 insinuare,
3338 483 3459 540 ideo
3488 487 3561 543 ibi

277 552 628 629 prmtulimus,
661 552 716 610 in
741 552 984 622 psalmis.
1011 551 1070 607 In
1093 551 1393 622 tropologia
1415 551 1746 621 psalmorum
1768 568 1864 610 no-

273 654 387 706 stra
413 658 579 716 opera
603 642 912 709 rettulimus,
936 651 993 699 et
1014 643 1070 698 in
1093 643 1394 712 tropologia
1413 641 1706 698 lectionum
1730 642 1862 698 alio-

275 755 416 797 rum.
440 737 564 794 Non
592 737 739 794 enim
760 736 818 792 in
841 735 1055 794 Domini
1084 736 1392 805 majestate,
1415 736 1532 790 sive
1555 735 1611 789 in
1641 750 1738 790 sua
1759 734 1865 790 for-

275 829 528 895 titudine,
558 845 652 886 seu
682 828 740 884 in
766 828 1070 894 beneficiis,
1094 826 1181 882 vel
1208 825 1366 883 factis
1385 827 1714 893 laboramus,
1735 841 1864 898 qua-

271 931 494 994 propter
517 921 754 978 solemus
776 922 965 978 sedere
999 921 1054 976 in
1081 921 1402 976 recitatione
1441 921 1725 988 lectionis,
1767 932 1862 977 aut

267 1017 473 1076 silendo
495 1025 659 1073 stare.
686 1018 745 1073 ln
767 1018 1123 1090 responsoriis
1149 1033 1384 1087 namque
1403 1018 1639 1074 solemus
1669 1033 1860 1074 vocem

266 1109 430 1168 altius
456 1109 658 1175 levare,
698 1125 863 1181 quam
900 1111 956 1166 in
981 1110 1376 1180 superioribus,
1407 1110 1462 1165 id
1486 1121 1601 1176 est,
1634 1111 1858 1182 psalmis

263 1210 318 1258 et
347 1203 585 1274 hymnis.
619 1203 723 1259 Per
747 1203 1086 1258 altitudinem
1117 1204 1264 1259 vocis
1291 1204 1631 1260 altitudinem
1661 1206 1860 1260 mentis

262 1304 634 1354 monstramus
659 1313 673 1350 :
715 1309 835 1364 qua:
864 1310 923 1351 se
947 1296 1109 1367 erigit
1138 1296 1194 1350 in
1225 1295 1481 1365 gaudium
1509 1311 1756 1368 supernae
1780 1298 1859 1353 ci-

259 1389 464 1444 vitatis.
496 1389 627 1445 Post
671 1391 814 1446 bona
855 1407 1020 1461 opera
1056 1398 1112 1446 et
1153 1391 1510 1448 refectionem
1546 1393 1746 1450 mentis
1789 1393 1856 1447 de

258 1491 448 1540 sancta
479 1481 780 1552 Scriptura,
811 1484 1059 1554 sequitur
1086 1485 1342 1554 gaudium
1373 1485 1612 1540 cmleste.
1641 1484 1752 1540 Cur
1776 1500 1856 1541 re-

256 1574 581 1644 sponsorius
610 1574 854 1640 dicatur,
897 1575 950 1629 in
983 1575 1278 1644 scriptione
1302 1577 1483 1631 missa:
1515 1575 1719 1632 dictum
1747 1585 1850 1634 est.

256 1664 688 1734 Responsorium
720 1667 774 1722 in
803 1667 910 1722 isto
933 1667 1054 1723 loco
1075 1669 1303 1724 canticis
1324 1669 1693 1740 spiritualibus
1712 1685 1854 1725 com.

251 1770 532 1826 paramus.
565 1747 789 1817 cantica
820 1769 966 1825 sunt,
1000 1762 1127 1832 quia
1163 1771 1484 1818 cantantur:
1518 1762 1846 1834 spiritualia,

1971 555 2340 622 praetermittit
2367 569 2521 611 suam
2543 557 2866 627 doctrinam,
2897 572 2958 619 ut
2983 565 3176 627 doceat
3203 587 3561 648 unumquem-

1971 662 2078 717 que
2104 647 2401 716 doctorem,
2436 651 2612 720 primo
2640 662 2890 724 oportere
2909 663 3145 729 operari,
3173 675 3229 722 et
3256 647 3446 740 postea
3469 673 3562 729 do-

1968 755 2116 795 cere.
2161 740 2240 795 De
2279 756 2386 810 qua
2430 742 2561 799 dicit
2601 743 2816 817 Moyses
2842 748 2898 804 in
2931 749 3072 808 libro
3110 756 3516 820 Denteronomii
3540 808 3555 833 ,

1972 830 2097 886 Non
2123 833 2301 887 arabis
2326 835 2380 888 in
2401 835 2745 907 primogenita
2771 841 2934 896 bovis.
2961 841 3150 904 Potest
3169 851 3334 907 etiam
3359 853 3413 909 in
3437 830 3558 913 istis

1968 922 2145 978 tribus
2183 925 2543 982 varietatibus
2583 943 2746 992 omne
2785 945 2968 1002 genus
2992 938 3320 997 musicorum
3360 947 3554 1018 accipi,

1965 1016 2110 1083 quod
2134 1018 2390 1088 antiquus
2413 1024 2642 1092 populus
2664 1029 2954 1086 exercebat
2974 1033 3030 1088 in
3050 1033 3264 1092 laudem
3291 1039 3407 1095 Dei.
3435 1016 3557 1100 Tri-

1940 1161 1946 1164 .
1964 1106 2158 1173 formis
2177 1120 2261 1168 est
2285 1122 2479 1170 natura
2507 1118 2729 1176 musica:
2751 1123 2906 1179 artis.
2927 1124 3036 1180 Aut
3055 1129 3197 1184 enim
3223 1145 3324 1202 per
3339 1134 3556 1204 pulsum

1964 1198 2256 1271 digitorum
2286 1203 2367 1270 ﬁt,
2405 1215 2466 1268 ut
2494 1207 2549 1262 in
2586 1209 2847 1279 psalterio
2877 1224 2933 1271 et
2960 1217 3168 1274 cithara
3187 1261 3202 1288 ,
3223 1198 3300 1278 -ει
3339 1198 3557 1285 caeteris

1963 1292 2130 1359 vasis,
2159 1309 2279 1364 qua:
2316 1295 2474 1366 pulsu
2509 1299 2801 1371 digitorum
2840 1314 3140 1378 tanguntur
3163 1329 3177 1365 :
3201 1304 3308 1368 'aut
3329 1330 3430 1386 per
3452 1332 3556 1374 vo-

1961 1400 2101 1452 cem,
2125 1395 2186 1442 ut
2211 1397 2296 1444 est
2316 1399 2541 1448 cantus:
2564 1403 2658 1450 aut
2684 1409 2782 1466 per
2803 1399 3010 1464 ﬂatum,
3036 1403 3178 1460 sicut
3200 1415 3284 1462 est
3305 1408 3361 1464 in
3383 1411 3550 1469 tubis.

1960 1476 2088 1532 Haec
2114 1479 2217 1534 tria
2243 1491 2618 1540 memorantur
2643 1486 2698 1542 in
2719 1487 3004 1549 Psalterio.
3033 1493 3176 1551 Dicit
3197 1499 3437 1567 psalmus
3458 1505 3555 1559 tri-

1959 1572 2198 1627 cesimus
2224 1575 2527 1632 secundus:
2559 1573 2891 1648 Con/itemini
2910 1583 3140 1641 Domino
3161 1588 3217 1643 in
3245 1591 3471 1660 cithara,
3497 1597 3554 1651 in

1955 1663 2208 1733 psalterio
2256 1666 2432 1732 decem
2478 1668 2798 1726 chordarum
2839 1676 3049 1745 psallite
3085 1679 3207 1736 illi:
3246 1681 3470 1751 Caritate
3502 1689 3552 1742 ei

1957 1758 2222 1812 canticum
2251 1776 2472 1828 novum,
2501 1763 2627 1820 bene
2665 1766 2874 1838 psallite
2899 1771 2947 1826 ei
2974 1772 3031 1826 in
3060 1775 3454 1845 uociferatione.
3481 1781 3553 1836 Et

250 1849 378 1918 quia
405 1850 718 1918 praecedunt
745 1868 814 1908 ex
835 1851 1159 1920 jubilatione
1187 1855 1448 1925 spiritalis
1477 1832 1694 1911 mentis.
1724 1857 1838 1915 Alia

1955 1848 2155 1904 iterum
2181 1851 2234 1906 in
2263 1854 2478 1922 psalmo
2504 1832 2698 1914 tertio:
2743 1857 2872 1916 Voce
2895 1879 3010 1918 mea
3037 1867 3107 1920 ad
3129 1832 3548 1926 Dominum—

248 1940 400 1996 enim
422 1951 546 1997 sunt
568 1944 802 2009 cantica,
827 1960 948 2014 quae
967 1947 1033 2002 de
1061 1947 1321 2018 singulari
1345 1963 1567 2005 munere
1585 1953 1840 2023 gaudent,

246 2039 310 2087 ut
336 2041 466 2088 sunt
489 2048 554 2090 ea
580 2035 648 2090 de
683 2037 880 2104 quibus
905 2038 1222 2107 scripsimus
1257 2040 1312 2096 in
1353 2042 1708 2111 baptisteria:
1749 2045 1843 2100 ubi

243 2127 506 2198 gaudium
551 2129 810 2200 tripudiat
853 2133 1252 2203 neophytorum
1287 2133 1356 2188 de
1381 2135 1644 2206 singulari
1682 2137 1842 2192 inno-

242 2218 449 2284 centia,
487 2221 686 2290 quibus
718 2236 877 2278 nemo
917 2225 1243 2294 respondet:
1285 2233 1340 2280 et
1382 2225 1487 2280 alia
1529 2236 1658 2282 sunt
1699 2229 1839 2297 ista,

164 2315 166 2318 ’
241 2310 444 2382 quibus
464 2315 836 2386 unusquisque
856 2315 1086 2374 alterum
1109 2317 1386 2374 incitatad
1402 2320 1714 2375 mansiones
1736 2337 1841 2378 εωο

240 2408 428 2470 lestes,
457 2423 577 2476 qum
606 2408 788 2462 multa:
814 2417 941 2464 sunt
967 2408 1022 2462 in
1053 2408 1214 2464 domo
1250 2410 1442 2479 patris.
1484 2409 1626 2477 Quid
1649 2427 1839 2468 versus

240 2498 577 2567 responsorii
602 2499 898 2566 signiﬁcet:
923 2501 977 2556 in
1003 2509 1306 2556 memorato
1343 2501 1520 2556 oticio
1546 2501 1721 2558 Missa:
1747 2503 1841 2558 de-

239 2587 582 2658 scripsimus,
608 2590 712 2654 hoc
736 2599 839 2656 est,
873 2599 934 2646 ut
959 2592 1066 2647 duo
1089 2592 1200 2648 sint
1223 2594 1278 2648 in
1303 2593 1676 2650 ecclesiastico
1697 2595 1836 2658 viro,

237 2678 468 2742 scilicet,
484 2681 795 2738 exhortatio
815 2683 885 2746 ad
902 2683 1118 2748 fratres,
1144 2692 1198 2738 et
1220 2684 1510 2754 singularis
1529 2685 1839 2755 deprecatio

237 2771 308 2824 ad
329 2769 641 2827 Dominum.
665 2773 853 2830 Gloria
873 2775 1224 2845 subsequitur
1243 2775 1300 2830 in
1322 2778 1620 2849 anagogico
1637 2776 1836 2833 cilicio.

236 2858 380 2916 Nulli
410 2862 636 2924 dubium
662 2868 806 2935 quod
834 2866 984 2928 nullo
1010 2867 1066 2924 in
1096 2867 1217 2924 loco
1248 2877 1398 2932 tanta
1425 2869 1599 2940 gloria
1632 2869 1840 2927 refera-

235 2969 326 3011 tur
353 2957 502 3026 Deo,
545 2968 749 3029 quanta
774 2961 831 3016 in
862 2970 1010 3018 coetu
1048 2971 1361 3026 sanctorum
1405 2963 1754 3035 angelorum,
1783 2972 1842 3024 et

234 3061 430 3106 eorum
459 3059 773 3108 sanctorum
803 3055 897 3124 qui
928 3055 985 3118 in.
1015 3062 1310 3125 conspectu
1346 3056 1560 3126 Domini
1600 3066 1746 3116 sunt.
1775 3055 1837 3116 In

1950 1947 2108 2000 maui.
2167 1948 2303 2004 ltem
2351 1951 2406 2004 in
2453 1951 2663 2021 psalmo
2705 1956 3004 2012 centeitimo
3049 1960 3504 2034 quinquagesimo
3529 1983 3543 1996 ·

1948 2036 2192 2093 Laudate
2223 2057 2344 2102 eum
2368 2041 2425 2096 in
2452 2059 2581 2101 sono
2606 2045 2778 2110 tubw,
2811 2045 3028 2102 laudate
3056 2065 3175 2104 eum
3213 2053 3270 2107 in
3294 2053 3546 2123 psalterio

1945 2138 1996 2184 et
2021 2129 2228 2185 cithara
2246 2145 2265 2182 .'
2294 2130 2536 2188 Luudate
2557 2151 2676 2188 eum
2695 2135 2751 2190 in
2776 2145 3024 2209 tympano
3047 2149 3096 2195 et
3123 2142 3302 2209 choro,
3327 2144 3547 2201 laudate

1944 2234 2066 2275 eum
2093 2220 2149 2275 in
2176 2222 2386 2278 chordis
2415 2233 2464 2278 et
2493 2241 2716 2296 organo.
2755 2227 2995 2285 Laudate
3034 2247 3154 2288 eum
3195 2235 3252 2289 in
3289 2237 3544 2306 cymbalis

1946 2307 2074 2363 bene
2113 2311 2442 2378 sonantibus,
2490 2322 2548 2370 et
2593 2315 2822 2386 reliqua.
2861 2318 3087 2385 Quando
3126 2324 3269 2378 enim
3305 2327 3546 2395 psalmos

1945 2410 2252 2471 cantamus,
2269 2421 2438 2476 genus
2457 2422 2776 2466 exercemus
2801 2413 3038 2479 musicae,
3065 2417 3211 2486 quod
3232 2417 3294 2472 tit
3309 2435 3408 2489 per
3425 2421 3546 2490 pul-

1942 2511 2064 2552 sum
2091 2497 2402 2569 digitorum.
2451 2499 2586 2556 Nam
2625 2511 2682 2558 et
2725 2504 2967 2572 psalterii
3005 2506 3294 2577 volumen,
3335 2515 3547 2584 accepit

1943 2604 2142 2646 nomen
2185 2606 2218 2645 a
2269 2592 2526 2662 psalterio
2569 2598 2793 2653 musicae
2834 2600 2989 2656 artis.
3031 2601 3259 2670 Quando
3288 2605 3540 2676 legimus,

1942 2695 2113 2752 genus
2140 2681 2272 2737 illud
2299 2699 2642 2753 exercemus,
2675 2689 2819 2758 quod
2857 2706 2956 2761 per
2986 2707 3174 2749 vocem
3206 2693 3287 2751 lit.
3328 2695 3543 2754 Lectio-

1941 2793 2092 2845 nem,
2120 2793 2282 2836 voces
2307 2781 2520 2837 vocavit
2548 2782 2746 2840 Paulus
2777 2787 3054 2855 apostolus
3085 2788 3139 2844 in
3161 2788 3390 2847 Actibus
3417 2806 3544 2862 apo-

1939 2869 2240 2928 stolorum:
2272 2871 2607 2943 Ignorantes,
2639 2877 2836 2947 inquit,
2865 2878 3050 2934 Jesum'
3073 2889 3121 2934 et
3145 2897 3294 2937 voces
3318 2883 3543 2954 prophe-

1941 2972 2140 3030 tarum,
2185 2981 2300 3035 quas
2344 2983 2438 3037 per
2479 2985 2632 3024 omne
2675 2970 2952 3026 sabbatum
2999 2971 3265 3044 leguntur.
3313 2975 3542 3043 Quando

1939 3059 2290 3126 responsoria
2318 3069 2636 3127 cantamus,
2669 3063 2828 3133 quasi
2873 3079 2972 3135 per
3013 3066 3198 3122 tubam
3235 3053 3570 3126 exultamus.

229 3141 356 3198 istis
385 3142 733 3212 lectionibus,
766 3147 978 3208 scilicet
1005 3149 1348 3206 diurnalibus
1374 3167 1481 3212 non
1510 3153 1716 3221 petitur
1742 3154 1838 3209 be-
1864 3190 1909 3254 α
1942 3166 2130 3208 vocem
2159 3155 2446 3211 excitando
2473 3157 2544 3212 ad
2583 3157 2779 3214 altiora
2822 3159 3053 3229 fratres,
3100 3177 3275 3233 usque
3313 3164 3452 3220 adeo
3465 3169 3542 3224 ,ιιι

233 3234 474 3300 aedictio
510 3250 542 3292 a
584 3237 822 3308 majore,
855 3240 1115 3309 quoniam
1150 3240 1325 3310 major
1354 3251 1542 3300 cantat
1583 3258 1710 3309 eas,
1739 3244 1834 3314 qui

234 3325 372 3398 solet
393 3327 570 3394 vicem
600 3328 803 3400 Christi
846 3340 1034 3398 tenere
1069 3333 1126 3387 in
1155 3333 1418 3399 Ecclesia.
1461 3334 1575 3390 Hoc
1606 3337 1837 3392 interest

227 3417 375 3474 inter
398 3417 500 3476 has
523 3419 812 3488 lectiones,
835 3412 897 3480 et
922 3423 1068 3478 illam
1093 3438 1214 3493 quae
1239 3425 1310 3491 ad
1339 3426 1562 3488 missam
1594 3426 1836 3484 celebra-

192 3526 356 3589 .mr,
402 3513 550 3582 quod
592 3521 676 3580 est
724 3515 867 3580 inter
912 3514 1268 3572 domesticam
1314 3518 1739 3578 admonitionem
1779 3529 1835 3576 et

227 3603 384 3660 illam
411 3619 535 3674 quae
561 3606 627 3662 ad
655 3607 972 3674 concionem
1003 3609 1203 3680 agitur.
1230 3611 1378 3666 Illam
1401 3613 1545 3668 enim
1571 3630 1735 3684 quam
1765 3617 1833 3671 ad

224 3695 460 3762 missam
485 3697 714 3768 agimus,
737 3714 806 3754 ex
827 3700 998 3771 gradu
1023 3702 1260 3760 solemus
1285 3705 1553 3774 proferre,
1575 3717 1635 3762 ut
1655 3712 1834 3767 omnis

224 3787 465 3859 populus
491 3805 612 3848 eam
641 3792 846 3850 audiat.
887 3793 1062 3874 Quam
1112 3798 1448 3866 prtetulimus
1477 3801 1534 3856 in
1560 3801 1736 3859 ollicio
1767 3806 1833 3860 de

222 3877 552 3950 baptisteria
580 3892 801 3956 propter
823 3895 1028 3948 statum
1067 3890 1328 3960 temporis
1347 3931 1360 3955 ,
1395 3891 1450 3948 id
1477 3901 1560 3948 est
1597 3893 1736 3961 diei,
1765 3897 1832 3951 ad

221 3973 508 4044 sapientes
531 3975 672 4043 fieri,
702 3977 758 4032 in
788 3995 898 4049 qua
919 3989 974 4038 et
1001 3989 1193 4036 auctor
1227 3984 1296 4040 ad
1322 3986 1643 4042 memoriam
1673 3989 1833 4042 redu-

220 4065 397 4132 citur,
427 4075 486 4124 ut
518 4068 564 4124 si
606 4069 749 4134 forte
789 4072 986 4144 aliquis
1020 4087 1243 4143 eorum,
1295 4079 1388 4146 qui
1433 4090 1833 4151 congregantur

221 4169 292 4212 ex
322 4155 598 4214 universis
623 4159 754 4216 locis
788 4173 1012 4234 propter
1057 4166 1339 4224 raritatem
1377 4168 1648 4236 lectionis,
1675 4173 1829 4227 inco-

222 4249 441 4319 gnitam
475 4250 640 4314 habet
665 4253 970 4322 historiam,
1011 4258 1198 4314 audiat
1226 4267 1502 4318 auctorem
1523 4303 1537 4326 ,
1567 4263 1659 4332 qui
1691 4263 1831 4321 forte

220 4357 338 4397 non
371 4350 458 4398 est
486 4342 794 4416 incognitus
819 4354 876 4403 et
899 4363 966 4404 ex
993 4349 1110 4418 ejus
1134 4352 1459 4410 auctoritate
1479 4353 1688 4411 firmius
1709 4357 1831 4413 inli-

219 4441 434 4505 gantur
456 4436 621 4492 verba
645 4437 918 4507 lectionis,
936 4441 994 4498 in
1020 4443 1206 4509 corde,
1225 4445 1319 4515 qui
1348 4452 1529 4502 tamen
1555 4449 1831 4518 sapientes

1898 3230 1909 3254 ⁴
1938 3245 2289 3313 perveniatur
2308 3246 2376 3302 ad
2397 3245 2612 3303 laudem
2634 3259 2837 3305 sancta:
2861 3251 3167 3318 Trinitatis,
3184 3230 3247 3309 et
3267 3253 3536 3321 dicamus,

1939 3333 2122 3390 Gloria
2169 3335 2354 3402 Patri,
2387 3349 2436 3393 et
2481 3337 2650 3405 Filio,
2691 3350 2741 3395 et
2789 3340 3017 3411 Spiritui
3062 3354 3266 3398 sancto.
3315 3343 3540 3412 Quanto

1937 3428 2082 3483 enim
2119 3427 2314 3483 melius
2348 3437 2434 3484 est
2464 3445 2660 3501 corpus
2698 3441 2946 3490 nostrum
2969 3436 3119 3492 vasis
3138 3436 3381 3503 musicis,
3415 3452 3538 3509 quae

1936 3509 2350 3576 sedilicahantur
2375 3536 2472 3590 per
2510 3522 2791 3580 homines:
2821 3534 2974 3582 tanto
3001 3529 3276 3600 acceptius
3306 3537 3392 3586 est
3419 3527 3532 3586 Deo

1935 3611 2258 3682 obsequium
2287 3613 2344 3668 in
2375 3621 2619 3685 tempore
2647 3617 2773 3682 isto,
2799 3634 2963 3689 quam
2988 3630 3134 3677 esset
3164 3622 3221 3676 in
3243 3622 3446 3693 prisco.

2006 3706 2076 3760 Et
2102 3715 2310 3775 quanto
2339 3707 2532 3764 melior
2560 3718 2646 3765 est
2675 3710 2760 3766 lex
2801 3711 3099 3780 libertatis,
3148 3728 3268 3785 qua:
3313 3723 3396 3773 est
3437 3729 3538 3787 per

1935 3799 2170 3870 gratiam
2204 3799 2340 3855 Novi
2369 3801 2724 3869 Testamenti,
2766 3803 2884 3876 lege
2921 3807 3235 3862 servitutis:
3266 3815 3418 3864 tanto
3447 3807 3536 3863 di-

1935 3892 2094 3964 gnius
2128 3899 2242 3960 est,
2292 3901 2352 3948 ut
2380 3893 2436 3948 in
2464 3896 2686 3966 proprio
2723 3911 2952 3967 corpore
2989 3898 3288 3954 habeamus
3321 3899 3535 3965 laudes,

1933 4003 2074 4059 quas
2116 3987 2194 4042 illi
2232 4002 2448 4059 semper
2491 3997 2546 4044 et
2577 3990 2777 4060 ubique
2815 3990 3150 4058 relbramus,
3186 4005 3350 4062 quam
3380 3991 3437 4047 in
3473 3991 3537 4045 li-

1933 4083 2088 4154 gneis
2115 4082 2260 4138 vasis
2299 4091 2356 4138 et
2397 4084 2577 4138 aereis.
2620 4083 2720 4140 Hic
2751 4086 2949 4140 iterum
2978 4086 3227 4156 cupimus
3257 4085 3440 4142 dicere
3467 4083 3538 4140 de

1931 4191 2114 4232 versu.
2142 4178 2348 4233 Versus
2385 4175 2525 4232 hanc
2558 4179 2668 4232 vim
2703 4180 2897 4245 habet,
2932 4186 2992 4233 ut
3021 4179 3263 4235 converti
3308 4181 3535 4235 chorum

1932 4277 2104 4325 totum
2137 4269 2300 4326 faciat
2324 4271 2392 4325 ad
2415 4286 2602 4337 unum,
2631 4281 2793 4342 atque
2822 4279 2990 4327 totam
3014 4273 3370 4330 intentionem
3393 4271 3538 4329 illius

1933 4361 2000 4415 ad
2030 4376 2177 4428 rem,
2209 4375 2310 4433 pro
2354 4377 2460 4432 qua
2510 4364 2689 4433 agitur
2722 4362 2978 4418 cilicium.
3027 4363 3198 4419 Sicuti
3230 4371 3315 4420 est
3354 4364 3535 4435 primo

1931 4467 2133 4520 mane;
2184 4453 2447 4525 Exsurge,
2481 4454 2736 4520 Domine‘,
2777 4455 2975 4526 adjuva
3011 4473 3105 4511 nos
3144 4465 3192 4510 et
3225 4456 3388 4511 libera
3437 4469 3534 4510 nos

217 4533 460 4595 possunt
485 4540 604 4584 esse
637 4539 857 4600 propter
886 4541 1092 4589 rectam
1122 4538 1592 4594 conversationem
1619 4559 1631 4594 :
1677 4551 1734 4596 at
1770 4544 1826 4598 hi
1853 4557 1908 4618 Ῑ)
1931 4554 2142 4616 propter
2170 4561 2356 4600 nomen
2385 4554 2553 4600 tuum.
2582 4546 2662 4601 Ac
2691 4548 2736 4602 si
2758 4546 2936 4603 dicat:
2963 4547 3272 4620 Exsurgere
3300 4561 3401 4603 nos
3420 4546 3530 4614 fac,

217 4617 321 4686 qui
364 4631 582 4688 semper
610 4619 665 4674 in
708 4621 1092 4686 ecclesiasticis
1141 4628 1306 4684 rebus
1350 4629 1641 4700 insistunt,
1679 4642 1734 4690 et
1773 4635 1826 4689 in

217 4707 467 4772 lectione
493 4710 676 4770 divina
703 4721 763 4768 ut
791 4723 917 4772 sunt
947 4717 1230 4790 domestici
1262 4720 1521 4780 Ecclesia:
1541 4766 1556 4791 ,
1594 4740 1701 4782 non
1730 4728 1828 4782 ha-

217 4800 360 4857 bent
389 4813 614 4866 necesse
645 4803 832 4868 audire
857 4819 1137 4864 auctorem
1162 4825 1177 4863 :
1215 4811 1344 4880 quia
1379 4827 1446 4867 ex
1479 4814 1708 4871 lectione
1736 4833 1826 4872 co-

219 4899 502 4966 gnoscunt
543 4901 862 4958 auctorem:
901 4904 958 4951 ul
997 4897 1227 4968 legimus
1259 4903 1315 4956 in
1346 4902 1551 4970 Esdra,
1594 4917 1827 4974 quatuor

219 4984 495 5040 lectiones
536 4983 737 5054 ﬁebant
781 4987 836 5042 in
883 4988 970 5044 die
1005 4988 1074 5052 ab
1105 4992 1326 5060 antiquo
1365 4992 1462 5049 Dei
1496 4996 1714 5064 populo.
1758 4998 1826 5052 Et

220 5075 431 5131 merito
446 5083 700 5145 quatuor,
717 5078 840 5148 quia
857 5088 1091 5150 quatuor
1111 5081 1393 5140 elementis
1407 5096 1624 5142 constat
1638 5091 1821 5158 homo,

218 5174 282 5226 ut
312 5169 744 5242 unumquodque
766 5171 1092 5238 elementum
1123 5190 1222 5244 per
1253 5187 1622 5248 competentes
1658 5181 1822 5238 horas

221 5275 284 5315 se
304 5257 505 5324 otl‘erat
527 5265 763 5322 creatori
788 5279 906 5319 suo.
923 5264 1162 5330 Primam
1183 5283 1418 5340 namque
1433 5271 1590 5342 juxta
1613 5289 1822 5330 morem

220 5364 484 5424 nostrum
510 5357 846 5426 praetulimus
865 5359 983 5417 sine
1009 5359 1261 5418 lectione.
1287 5362 1348 5419 Si
1374 5363 1462 5420 illa
1487 5381 1594 5422 non
1621 5367 1823 5425 habue-

221 5447 299 5504 rit
323 5447 639 5516 lectionem,
667 5464 776 5506 non
800 5462 959 5507 erunt
987 5462 1188 5510 nostra:
1224 5455 1486 5514 lectiones
1527 5466 1642 5525 tot,
1689 5471 1822 5531 quot

219 5539 457 5598 fuerunt
486 5541 539 5598 in
568 5542 662 5598 illo
687 5545 909 5617 antiquo
933 5547 1029 5603 Dei
1067 5549 1282 5620 populo.
1329 5549 1670 5623 Quapropter
1688 5569 1818 5622 pro-

221 5642 485 5690 curatum
513 5642 596 5692 est
628 5651 660 5690 a
686 5638 889 5694 sanctis
930 5638 1201 5708 Patribus,
1229 5650 1289 5698 ut
1317 5644 1371 5699 in
1399 5645 1638 5714 capitulo
1668 5648 1818 5718 lege-

224 5735 387 5784 retur
435 5725 525 5780 illa
567 5727 749 5796 lectio,
794 5745 914 5800 quae
962 5733 1177 5789 silentio
1219 5738 1587 5806 prmtermissa
1637 5747 1721 5794 est
1762 5741 1817 5796 in

221 5814 441 5884 Pruna.
468 5817 540 5884 Et
566 5837 678 5880 non
700 5823 905 5882 frustra
932 5825 1006 5883 ibi
1039 5829 1408 5899 praetermissa
1441 5838 1527 5890 est
1557 5831 1655 5888 sed
1683 5847 1816 5906 quo-

1931 4637 2182 4706 Domine,
2215 4637 2283 4694 ad
2323 4651 2488 4711 opera
2527 4648 2583 4695 et
2625 4639 2817 4709 adjuva
2841 4640 3044 4697 virtute
3085 4639 3296 4698 brachii
3339 4641 3416 4695 tui
3461 4641 3530 4695 ad

1929 4731 2284 4801 operandam,
2313 4739 2370 4786 et
2405 4731 2575 4787 libera
2604 4731 2672 4787 de
2716 4731 2962 4797 insidiis,
3006 4747 3129 4802 qua:
3155 4741 3359 4802 paratae
3404 4740 3532 4787 sunt

1928 4832 2115 4878 contra
2145 4837 2263 4878 nos.
2297 4824 2451 4880 Hanc
2491 4824 2810 4893 petitionem
2858 4824 3086 4878 intentio
3128 4823 3328 4878 mentis
3367 4822 3530 4878 debet

1927 4919 1982 4973 in
2015 4933 2072 4972 se
2102 4919 2337 4972 retinere
2367 4918 2420 4971 in
2443 4917 2621 4971 oliicio
2650 4915 2866 4970 Primae.
2889 4915 2961 4970 At
2986 4916 3075 4971 hic
3102 4915 3158 4970 in
3190 4914 3374 4970 Tertia
3397 4915 3531 4971 dicit

1925 5023 2140 5074 versus,
2170 5006 2398 5075 Adjutor
2424 5021 2578 5061 meus
2597 5015 2732 5072 esto,
2758 5019 2825 5062 ne
2851 5006 3197 5077 derelinquas
3220 5021 3326 5073 me,
3347 5019 3526 5078 neque

1927 5100 2194 5168 despicias
2241 5115 2360 5165 me,
2413 5100 2558 5156 Deus
2600 5100 2855 5156 salutaris
2898 5115 3090 5157 meus:
3127 5101 3206 5156 Ac
3251 5100 3297 5157 si
3338 5100 3524 5156 dicat:

1924 5192 2188 5261 Adjuvisti
2218 5207 2316 5248 nos
2347 5207 2521 5263 usque
2566 5193 2634 5248 ad
2680 5207 2919 5263 praesens
2959 5199 3204 5261 tempus,
3235 5189 3428 5260 adjuva
3469 5197 3527 5245 et

1925 5283 2202 5353 deinceps.
2234 5282 2480 5339 Nondum
2515 5284 2863 5355 pervenimus
2898 5282 2966 5337 ad
2995 5283 3050 5339 id
3077 5298 3187 5353 quo
3213 5283 3520 5349 tendimus,

1923 5376 1980 5432 id
2007 5384 2091 5431 est
2124 5379 2190 5432 ad
2219 5378 2523 5442 meridiem,
2559 5379 2612 5431 in
2647 5392 2755 5446 quo
2783 5383 2837 5430 tu
2866 5376 3076 5446 pascis,
3114 5377 3167 5430 in
3206 5390 3315 5445 quo
3344 5383 3402 5430 tu
3432 5391 3525 5432 ac-

1923 5470 2119 5532 cubas,
2161 5468 2313 5539 jnxta
2361 5469 2583 5525 Cantica
2639 5468 2999 5523 canticorum.
3050 5466 3128 5522 Ne
3180 5466 3523 5538 derelinquas

1921 5577 2021 5618 nos
2053 5563 2106 5618 in
2143 5563 2248 5618 isto
2282 5563 2496 5628 itinere,
2535 5577 2712 5633 neque
2744 5561 3013 5632 despicias
3052 5575 3151 5617 nos
3175 5545 3340 5616 'Deus
3374 5560 3520 5616 salu-

1921 5657 2058 5711 taris
2083 5663 2290 5712 noster.
2314 5654 2519 5710 Deinde
2543 5649 2980 5726 sequitur‘Kyrie
3002 5651 3198 5708 eleison
3227 5659 3283 5708 et
3311 5649 3520 5708 Christe

1919 5749 2136 5806 eleison.
