4000 6508
431 335 571 398 H75

1045 415 1274 509 CAPUT
1317 452 1405 508 ιν.

423 546 504 613 De
527 545 761 603 oratione
788 559 946 616 quam
973 553 1254 617 conventus
1284 543 1509 613 fratrum
1527 545 1766 600 'celebrat
1791 561 1883 617 per
1911 544 2014 600 ali-

713 613 837 688 quot
865 630 1048 669 cursus
1073 613 1291 670 diurnos
1323 627 1726 688 nocturnosque.

495 753 593 810 Est
616 749 869 808 sacerdos
895 751 949 804 in
975 758 1137 812 terra,
1167 750 1255 804 cui
1283 765 1506 806 necesse
1531 757 1614 806 est
1643 750 1884 820 quotidie
1910 765 2011 821 pro

422 867 483 908 se
512 858 568 906 et
594 864 694 919 pro
722 845 918 919 populo
954 846 1049 900 Dei
1080 843 1446 901 intercedere:
1475 845 1544 900 Et
1568 856 1652 900 est
1684 846 1938 901 sacerdos
1963 847 2015 901 in

421 943 583 1009 emlo,
637 942 724 998 cui
768 957 876 996 non
917 947 1002 995 est
1045 953 1269 995 necesse
1308 940 1681 996 intercedere:
1716 939 1808 994 sed
1834 947 2016 994 tamen

417 1036 555 1102 vult,
587 1043 644 1090 et
670 1033 973 1105 interpellat
998 1032 1240 1101 quotidie
1275 1047 1373 1102 pro
1403 1032 1595 1087 nobis:
1643 1031 1893 1087 sacerdos
1920 1029 2015 1101 qui

417 1138 506 1186 est
531 1129 585 1185 in
616 1136 758 1184 terra
790 1143 896 1182 non
922 1126 1036 1181 vult
1063 1140 1240 1195 neque
1268 1132 1446 1194 potest
1469 1125 1682 1191 dicere,
1714 1123 1856 1194 quod
1888 1123 2015 1179 abs-

421 1238 526 1295 que
553 1230 774 1294 peccato
817 1220 907 1287 sit,
943 1220 1156 1275 dicente
1195 1217 1441 1274 Joanne:
1485 1217 1544 1273 Si
1570 1219 1859 1274 dixerimus
1888 1235 2017 1289 quo-

416 1315 562 1368 niam
591 1323 858 1384 peccatum
893 1328 994 1366 non
1028 1311 1299 1377 habemus,
1332 1313 1568 1383 nosipsos
1596 1311 1928 1374 seducimus,
1966 1318 2017 1364 et

415 1408 608 1461 veritas
634 1407 691 1460 in
730 1405 875 1460 nobis
905 1421 1009 1459 non
1035 1413 1130 1459 est.
1162 1403 1263 1471 Qui
1299 1413 1478 1459 tamen
1509 1403 1760 1474 quiiamvis
1785 1401 1856 1456 sit
1888 1416 2016 1472 peo-

415 1506 588 1562 cator,
623 1514 731 1552 non
760 1497 919 1552 debet
946 1512 976 1551 a
1013 1497 1348 1553 conscientia
1375 1512 1470 1551 sua
1502 1495 1774 1561 morderi,
1801 1495 2011 1548 ut'tan-

414 1601 529 1648 tum
556 1593 626 1647 sit
661 1600 947 1663 peccator,
979 1598 1242 1661 quantum
1272 1589 1551 1658 cognoscit
1578 1588 1776 1643 essein
1818 1585 2014 1658 populo

412 1694 592 1748 terra}.
626 1683 729 1751 Qui
755 1683 984 1754 populus
1025 1683 1080 1737 in
1117 1682 1388 1754 aliquibus
1413 1688 1497 1736 est
1524 1681 1703 1736 minus
1744 1679 2012 1750 obligatus

410 1778 670 1849 peccatis,
700 1778 753 1831 in
785 1776 1055 1846 aliquibus
1076 1775 1269 1843 magis.
1286 1773 1391 1828 Pro
1412 1773 1496 1828 his
1519 1772 1609 1842 qui
1632 1770 1844 1826 minora
1868 1785 2013 1825 com-

1481 333 1816 393 AMALARII
1852 332 2293 392 PRESBYTER!
2333 334 2673 394 METENSIS

2045 453 2098 514 Α
2125 451 2321 520 lamus,
2359 464 2420 510 ut
2446 454 2627 511 omnia
2655 452 2934 509 contraria
2961 445 3122 508 bonis
3155 447 3765 524 nostrissuperentur

3603 340 3634 396 1
3653 339 3762 400 178

2121 561 2221 616 per
2251 547 2463 620 Domini
2486 547 2768 604 auxilium.
2789 545 2902 602 Hoc
2927 545 3165 616 pertinet
3180 546 3248 600 ad
3270 545 3756 616 postulationem.

2121 639 2199 696 De
2221 656 2329 710 quo
2358 657 2516 697 versu
2543 640 2676 696 dicit
2693 638 3030 711 Augustinus
3057 639 3110 692 in
3132 646 3368 694 tractatu
3393 655 3585 710 super
3609 642 3756 712 psal-

2121 747 2278 788 mos:
2316 731 2652 797 Conrertere,
2697 731 2940 796 Domine,
2971 747 3260 802 usquequo,
3286 740 3335 785 et
3376 731 3753 802 deprecabilis

2123 834 2230 878 esto
2255 841 2412 895 super
2435 840 2610 878 servos
2641 832 2795 877 tuos:
2827 823 2944 877 Vox
2973 829 3058 877 est
3097 836 3286 877 eorum
3305 862 3322 885 ,
3366 823 3455 876 vel
3503 839 3620 893 pro
3667 827 3750 883 eis

2123 917 2213 986 qui
2245 917 2440 973 multas
2470 917 2880 987 persecutiones
2910 917 2964 970 in
3003 916 3107 970 isto
3133 915 3333 971 sazculo
3369 916 3564 970 malas
3603 918 3746 974 tole-

2121 1019 2304 1068 rantes
2323 1012 2700 1068 innotescunt‘
2719 1011 3057 1081 compeditos
3083 1009 3245 1064 corde
3269 1010 3325 1063 in
3347 1010 3665 1079 sapientia,
3687 1019 3746 1068 ut

2121 1121 2222 1162 nec
2253 1115 2434 1161 tamen
2465 1105 2624 1161 malis
2651 1104 2825 1161 coacti
2852 1103 3124 1176 refugiant
3151 1119 3184 1158 a
3209 1103 3449 1158 Domino
3470 1104 3554 1158 ad
3583 1105 3744 1174 hujus

2121 1199 2302 1254 surculi
2325 1199 2488 1253 bona.

2191 1289 2534 1362 Sitquartus,
2558 1287 3052 1359 Conﬁteanturtibi,
3072 1288 3319 1351 Domine,
3332 1289 3435 1358 qui
3452 1289 3740 1359 pertinent

2119 1381 2185 1438 ad
2199 1383 2495 1455 gratiarum
2509 1382 2770 1438 actiones.
2791 1380 3080 1451 Hucusque
3092 1389 3307 1436 oratum
3326 1390 3420 1437 est
3430 1382 3736 1437 secundum

2117 1474 2434 1544 Apostolum
2475 1490 2575 1544 pro
2614 1474 2872 1531 omnibus
2924 1475 3257 1531 hominibus.
3297 1475 3524 1529 Deinde
3561 1477 3736 1545 sequi-

2118 1581 2227 1635 tur,
2255 1587 2348 1642 pro
2395 1570 2600 1641 regibus
2630 1579 2677 1624 et
2710 1570 2955 1624 omnibus
3003 1569 3093 1640 qui
3125 1569 3181 1623 in
3225 1568 3571 1624 sublimitate
3595 1580 3731 1633 sunt,

2116 1675 2172 1719 ut
2195 1665 2424 1735 quietam
2447 1675 2494 1718 et
2529 1663 2874 1735 tranquillam
2906 1663 3066 1717 vitam
3099 1679 3326 1734 agamus
3357 1665 3418 1718 in
3448 1666 3604 1727 omni
3632 1666 3736 1734 pie-

2117 1767 2221 1812 tate
2249 1766 2297 1813 et
2321 1758 2580 1812 castitate.
2613 1757 2886 1825 Quoniam
2915 1766 3043 1812 sunt
3076 1757 3221 1811 intra
3256 1768 3517 1813 nostram
3549 1759 3737 1814 Eccle—

411 1835 653 1938 inittunt,
685 1880 740 1926 et
763 1886 862 1941 pro
877 1835 951 1926 ise
978 1879 1101 1925 orat
1123 1835 1395 1932 savcerdos,
1425 1835 1642 1938 quando
1669 1864 1820 1931 dicit,
1845 1863 2011 1935 Kyrie
2038 1835 2090 1897 Β
2118 1853 2254 1909 siam
2295 1853 2388 1922 qui
2444 1852 2670 1907 minima
2714 1851 3084 1916 committunt.
3116 1865 3218 1922 pro
3248 1852 3338 1906 his
3390 1861 3582 1907 tamen
3633 1868 3733 1908 ne-

409 1963 627 2030 eleison,
651 1973 706 2018 et
727 1964 1028 2020 orationem
1057 1962 1416 2026 Dominicam,
1446 1961 1501 2014 in
1524 1973 1628 2029 qua
1650 1973 1809 2013 nemo
1830 1964 2011 2028 potest

409 2073 470 2114 se
493 2073 778 2123 excusare,
809 2058 916 2112 nisi
945 2055 1214 2110 veraciter
1245 2056 1407 2120 dicat,
1433 2053 1502 2108 Et
1526 2053 1730 2108 dimitte
1755 2051 1902 2106 nobis
1925 2049 2011 2105 de-

409 2153 517 2208 bita
558 2161 759 2208 nostra.
793 2152 927 2206 Dein
971 2150 1321 2223 prosequitur
1357 2148 1612 2204 sacerdos
1637 2146 1856 2201 modum
1881 2158 2008 2198 ora-

409 2246 593 2311 tionis,
627 2259 787 2314 quem
814 2243 1014 2298 Paulus
1042 2243 1368 2306 dinumerat,
1411 2239 1638 2295 dicens:
1680 2235 2010 2292 Obsecratio-

409 2355 517 2400 nes,
553 2337 816 2391 orationes
835 2378 849 2402 ,
887 2334 1268 2406 postulationes
1288 2375 1302 2400 ,
1347 2334 1641 2404 gratiarum
1673 2331 1926 2395 actiones,
1955 2336 2010 2383 et

409 2439 607 2487 caetera
638 2446 758 2501 quae
784 2437 1103 2500 sequuntur.
1136 2426 1293 2483 Unde
1319 2426 1449 2481 dicit
1476 2423 1797 2479 Ambrosius
1820 2423 1872 2476 in
1907 2431 2010 2476 tra-

408 2533 556 2580 ctatu
579 2539 679 2580 suo
715 2538 878 2595 super
906 2521 1152 2578 eamdem
1177 2518 1484 2590 epistolam.
1514 2516 1652 2572 Ante
1681 2515 1860 2570 omnia
1879 2553 1894 2578 ,
1927 2513 2011 2568 in-

406 2617 545 2686 quit,
572 2615 701 2671 illud
733 2617 980 2680 obsecro,
1005 2613 1148 2684 quod
1171 2611 1256 2668 vel
1281 2610 1518 2665 maxime
1542 2625 1638 2664 vos
1667 2607 1806 2663 scire
1826 2605 2008 2676 operis

405 2723 530 2764 esse
555 2707 736 2773 debet,
765 2716 826 2761 ut
851 2707 1236 2762 convenienter
1273 2703 1413 2759 scire
1441 2702 1697 2773 possitis,
1731 2699 1861 2770 quid
1888 2697 2010 2753 ﬁeri

405 2799 732 2854 conveniens
750 2799 838 2853 sit.
855 2798 997 2852 Dicit
1022 2806 1200 2851 autem
1213 2837 1227 2862 ,
1244 2793 1556 2859 Orationes,
1576 2790 2005 2856 obsecrationes,

405 2888 817 2960 postulationes.
853 2888 920 2942 Et
957 2895 1081 2958 post
1115 2900 1324 2956 pauca:
1364 2884 1473 2939 Aut
1498 2883 1642 2938 enim
1677 2883 1821 2937 bona
1852 2880 2008 2936 nobis

404 2997 438 3036 a
476 2981 588 3037 Deo
632 2982 749 3036 dari
792 2981 1121 3052 postulatus,
1155 2980 1297 3050 quod
1320 2978 1597 3033 orationes
1625 2975 1874 3031 vocavit:
1915 2980 2011 3029 aut

383 3055 679 3128 .malorum
709 3073 1060 3138 solutionem,
1104 3072 1248 3142 quod
1289 3069 1697 3125 obsecrationes
1727 3080 2008 3136 nuncupa-

405 3165 507 3220 vit.
539 3165 606 3219 Et
636 3165 830 3220 iterum
855 3173 978 3234 post
1001 3178 1172 3233 pauca
1200 3179 1214 3214 :
1255 3161 1347 3216 Illa
1374 3176 1504 3216 vero
1527 3175 1648 3231 quae
1677 3159 1745 3214 ad
1775 3157 1879 3212 hoc
1910 3171 2005 3210 no-

403 3254 493 3312 bis
521 3264 648 3310 sunt
670 3254 963 3320 contraria,
993 3253 1160 3308 multa
1186 3260 1315 3308 sunt
1337 3262 1392 3308 et
1413 3253 1650 3306 assidua.
1679 3250 1855 3306 Unum
1885 3249 2005 3319 qui-

401 3345 526 3400 dem
553 3346 676 3417 quia
700 3345 1004 3400 dcemonum
1032 3344 1309 3415 subreptio
1335 3344 1484 3399 varie
1513 3358 1611 3398 nos
1633 3358 1663 3398 a
1684 3343 1828 3398 bono
1847 3357 2007 3398 aver-

403 3444 520 3491 tere
565 3437 752 3506 cupit:
797 3437 1030 3492 alterum
1068 3452 1198 3492 vero
1230 3436 1474 3492 molestia
1507 3436 1843 3506 passionum,
1881 3449 2004 3504 quae.

402 3527 558 3583 nobis
587 3529 766 3585 inesse
791 3529 1028 3595 videtur,
1051 3544 1082 3583 a
1106 3529 1305 3600 quibus
1331 3537 1388 3584 et
1406 3544 1436 3582 a
1459 3527 1616 3584 boxiis
1642 3527 1845 3583 exclusi
1871 3541 2004 3582 con-

400 3628 485 3674 tra
515 3629 762 3676 nostrum
789 3623 1128 3692 propositum
1159 3635 1299 3690 saepe
1327 3622 1381 3675 in
1409 3620 1535 3684 illis,
1563 3635 1684 3690 qua:
1713 3618 1869 3674 nobis
1891 3632 2002 3672 non

399 3714 748 3777 conveniunt,
773 3714 1169 3770 concludimur.
1203 3712 1307 3768 Sed
1336 3711 1702 3768 necessarium
1731 3719 1848 3776 est,
1880 3725 1999 3776 nos,

402 3806 496 3875 qui
527 3806 751 3861 multam
781 3822 945 3877 super
972 3807 1076 3861 hoc
1104 3821 1342 3877 pugnam
1371 3804 1704 3859 sustinemus
1724 3803 1793 3857 ad
1818 3801 2002 3856 Domi-

400 3913 534 3952 num
559 3913 865 3963 recurrere,
891 3899 983 3968 qui
1007 3909 1201 3968 potens
1220 3903 1304 3951 est
1331 3911 1428 3950 suo
1451 3893 1653 3948 auxilio
1675 3893 1865 3948 sedare
1887 3891 2003 3946 uni-

401 4003 560 4044 versa
593 3987 699 4054 illa,
731 4003 852 4058 qua:
877 3988 945 4042 ad
969 3997 1211 4044 nostram
1236 3987 1512 4056 pertinent
1538 3983 1860 4039 molestiam.
1889 3981 2003 4037 Hoc

406 4078 546 4135 dixit
567 4079 981 4151 postulationes.
1011 4081 1078 4134 Et
1106 4080 1305 4134 iterum
1331 4076 1492 4143 infra,
1524 4077 1842 4132 Gratiarum
1870 4089 2002 4130 vero

404 4173 550 4227 actio
577 4172 786 4244 probis
811 4188 930 4243 qua:
945 4172 1059 4241 jam
1089 4172 1331 4241 prazstita
1361 4181 1486 4226 sunt
1509 4170 1779 4227 efﬁcitur:
1818 4177 1872 4225 et
1900 4183 2001 4240 pro

401 4265 600 4335 quibus
640 4266 757 4321 btee
781 4264 897 4320 ﬁeri
939 4263 1283 4329 conveniant,
1311 4263 1563 4320 deceris:
1611 4262 1720 4318 Pro
1759 4261 2000 4318 omnibus

399 4358 717 4412 hominibus.
747 4357 808 4412 ln
847 4371 1134 4414 commune
1163 4371 1262 4427 pro
1287 4355 1540 4412 omnibus
1564 4355 1874 4412 hominibus
1903 4355 1998 4409 de-

402 4448 532 4505 bere
579 4464 674 4505 eos
715 4449 976 4506 sollicitos
1013 4465 1133 4504 esse
1176 4449 1472 4520 praeepit:
1513 4455 1567 4504 et
1607 4448 1805 4502 iterum
1836 4444 1996 4500 infra.

403 4541 608 4595 Deinde
635 4541 704 4595 ad
732 4542 820 4596 illa
849 4558 971 4612 quae
997 4557 1210 4598 summa
1239 4557 1359 4598 esse
1384 4542 1638 4597 videntur
1660 4542 1800 4594 inter
1828 4541 2003 4595 homi-

403 4646 520 4695 nes,
553 4633 753 4686 transit
782 4652 794 4686 :
829 4632 937 4686 Pro
968 4634 1197 4703 regibus,
1239 4636 1443 4702 inquit,
1483 4643 1530 4686 et
1558 4632 1797 4686 omnibus
1821 4633 1910 4701 qui
1945 4633 2001 4686 in

362 4710 382 4802 η’
403 4723 724 4779 sublimitate
765 4734 908 4781 sunt.
946 4724 1130 4781 Nostri
1174 4727 1320 4780 enim
1347 4725 1562 4780 codices
1592 4724 1797 4779 habent
1825 4725 2002 4795 primo

401 4815 806 4872 obsecrationes
830 4859 844 4883 ,
895 4824 950 4872 et
991 4825 1181 4888 postea
1224 4818 1518 4874 orationes.
1562 4816 1718 4872 Hunc
1754 4815 2001 4872 ordinem

403 4909 652 4979 sequitur
674 4919 860 4964 nostra
882 4911 1077 4965 oratio.
1099 4910 1316 4966 Primus
1345 4925 1534 4966 versus
1554 4920 1678 4980 post
1696 4909 2000 4966 orationem

2033 3205 2079 3270 C

404 5000 741 5056 Dominicam
766 5011 869 5068 est,
887 5002 1000 5073 Ego
1023 5003 1157 5069 dixi,
1179 5003 1426 5070 Domine,
1453 5004 1700 5058 miserere
1720 5004 1845 5069 mei,
1868 5019 2001 5057 sana

403 5093 637 5147 animam
667 5109 859 5158 meam,
882 5095 1008 5164 quia
1039 5096 1245 5165 peccavi
1284 5096 1395 5148 tibi.
1431 5095 1488 5149 ln
1521 5096 1623 5151 hoc
1655 5110 1815 5150 versu
1841 5095 1999 5149 obse-

404 5184 580 5240 cratio
621 5191 735 5249 est,
777 5199 873 5255 per
897 5201 1060 5255 quam
1098 5193 1352 5256 precatur
1392 5186 1660 5242 absolutio
1706 5185 1993 5240 malorum.

406 5274 630 5342 Quando
652 5275 804 5341 dicit,
833 5274 977 5330 Sana
1003 5277 1236 5330 animam
1268 5293 1462 5339 meam,
1491 5278 1616 5348 quia
1646 5279 1854 5347 peccavi
1879 5278 1994 5342 tibi,

404 5367 729 5422 medicinam
759 5368 971 5422 Domini
999 5378 1272 5438 precatur,
1301 5375 1360 5423 ut
1395 5385 1426 5422 a
1452 5368 1710 5440 languore
1747 5368 1995 5424 absolva-

415 5466 521 5510 tur.
552 5458 635 5514 Sit
671 5459 938 5515 secundus
965 5473 1188 5527 versus,
1241 5459 1468 5516 Ostende
1515 5461 1662 5514 nobis
1683 5501 1696 5526 ,
1731 5460 1954 5515 Domine
1977 5502 1992 5526 ,

406 5548 820 5608 misericordiam
844 5565 1010 5619 tuam,
1031 5567 1078 5608 et
1107 5553 1342 5609 salutare
1371 5565 1521 5610 tuum
1550 5555 1619 5609 da
1647 5555 1814 5609 nobis.
1846 5554 1902 5608 In
1931 5570 1996 5610 eo

406 5659 569 5697 versu
596 5644 734 5698 bona
759 5646 916 5701 nobis
936 5647 1272 5716 postulamus
1297 5667 1308 5700 :
1351 5648 1499 5718 quod
1526 5648 1762 5718 pertinet
1785 5647 1852 5702 ad
1873 5663 1997 5702 ora-

411 5737 631 5790 tionem.
661 5735 742 5791 Sit
771 5741 979 5807 tertius,
1011 5739 1336 5807 Convertere,
1368 5742 1610 5808 Domine,
1635 5759 1924 5813 usquequo,
1945 5751 1995 5797 et

405 5830 744 5894 ""t’i't‘ml'i/is
770 5845 876 5886 esto
904 5852 1057 5898 super
1082 5853 1252 5891 servos
1283 5845 1420 5890 tuos.
1454 5835 1509 5890 ln
1537 5848 1602 5889 eo
1624 5850 1785 5893 versu
1810 5845 1995 5908 postu‘

2115 1959 2268 2000 cesse
2288 1951 2373 2000 est
2402 1943 2715 2014 pmcedens
2739 1945 2936 1999 oratio.
2967 1943 3105 1998 Sunt
3141 1951 3197 1999 et
3231 1945 3328 2014 qui
3358 1945 3601 2012 majora,
3630 1944 3736 2000 Pro

2114 2037 2313 2108 quibus
2351 2051 2578 2094 necesse
2615 2044 2700 2092 est
2736 2037 2935 2091 addere
2959 2035 3275 2106 psalmum:
3308 2035 3570 2091 Miserere
3609 2038 3732 2102 mei,

2113 2129 2255 2185 Deus
2285 2171 2300 2196 ,
2367 2131 2462 2200 qui
2517 2130 2736 2202 proprie
2790 2130 3029 2200 pertinet
3079 2131 3147 2186 ad
3204 2130 3559 2200 panitentes.
3610 2129 3738 2184 Alio

2112 2225 2292 2279 modo.
2351 2221 2540 2279 Oratio
2596 2223 2910 2294 praecedens
2977 2238 3082 2294 pro
3141 2222 3372 2277 minimis
3427 2224 3723 2292 peccatis,

2110 2316 2356 2386 psalmus
2379 2317 2451 2371 sit
2485 2331 2586 2387 pro
2608 2317 2881 2371 maximis.
2915 2317 3198 2371 Postremo
3219 2315 3382 2387 surgit
3424 2315 3704 2370 sacerdos

2111 2411 2232 2467 vice
2259 2410 2405 2466 illius
2436 2411 2737 2466 sacerdotis
2761 2452 2776 2477 ,
2806 2409 2899 2482 qui
2937 2410 2993 2464 in
3020 2410 3160 2466 caelo
3201 2418 3282 2464 est
3308 2451 3322 2473 ,
3351 2418 3411 2464 et
3453 2409 3719 2478 quotidie

2112 2503 2424 2574 interpellat
2471 2519 2571 2574 pro
2629 2503 2806 2568 nobis,
2865 2511 2920 2558 et
2971 2502 3108 2559 dicit
3136 2502 3334 2557 stando
3379 2502 3726 2556 orationem.

2113 2596 2244 2652 Ilaec
2273 2596 2451 2652 oratio
2491 2596 2545 2650 in
2579 2597 2729 2652 omni
2771 2604 3018 2666 tempore
3073 2595 3476 2664 subsequitur:
3513 2593 3569 2648 id
3618 2599 3725 2657 est,

2113 2689 2368 2746 Paschali
2395 2732 2408 2755 ,
2441 2689 2791 2746 Pentecostes
2817 2732 2831 2756 ,
2868 2689 3166 2745 Dominicis
3203 2688 3402 2744 diebus
3444 2698 3506 2743 et
3545 2687 3718 2744 testis.

2119 2783 2186 2839 Ut
2218 2781 2679 2839 resurrectionem
2704 2782 2907 2839 recolat
2946 2780 3062 2850 ejus
3088 2782 3426 2846 sacerdotis,
3457 2781 3617 2850 cujus
3636 2781 3718 2834 vi-

2112 2891 2229 2933 cem
2281 2884 2452 2934 tenet.
2485 2877 2661 2949 surgit
2687 2875 2756 2931 ab
2780 2875 3052 2940 accubitu,
3081 2883 3138 2931 et
3167 2875 3374 2930 stando
3403 2874 3547 2929 dicit
3579 2875 3717 2929 hanc

2112 2973 2438 3028 orationem.
2471 2972 2573 3040 Qui
2605 2981 2786 3028 tamen
2815 2972 2966 3042 prius
2987 2971 3223 3043 jacendo
3245 2980 3379 3025 orat
3411 2985 3543 3024 cum
3565 2977 3723 3024 cate-

2110 3064 2208 3129 ris,
2227 3065 2483 3134 quoniam
2507 3073 2765 3136 peccator
2793 3072 2899 3130 est,
2918 3078 3040 3118 cum
3063 3063 3462 3134 peccatoribus
3483 3069 3720 3132 pmstra-

2111 3164 2201 3212 tus
2239 3166 2365 3212 est:
2401 3167 2456 3212 et
2486 3158 2615 3227 quia
2663 3158 2836 3212 vicem
2867 3165 3023 3212 tenet
3068 3155 3272 3210 Christi
3311 3197 3328 3220 ,
3365 3156 3572 3210 stando
3592 3153 3720 3208 dicit

2113 3250 2405 3322 specialem
2435 3251 2763 3306 orationem.
2798 3251 2925 3306 Haec
2953 3249 3206 3321 specialis
3243 3250 3437 3304 oratio
3469 3247 3718 3303 sacerdo-

2114 3356 2246 3412 tum,
2271 3361 2393 3415 qua:
2416 3345 2818 3416 quodammodo
2838 3344 3144 3399 libertatem
3173 3351 3228 3399 et
3254 3341 3715 3414 gloriﬁcationeu

2111 3445 2385 3493 monstrat
2416 3436 2585 3492 futuri
2615 3437 2792 3508 regni,
2827 3445 2883 3492 et
2916 3443 3096 3491 tamen
3138 3450 3362 3504 semper
3389 3449 3524 3489 esse
3552 3435 3711 3488 inter-

2110 3546 2383 3586 cessorem
2415 3530 2487 3586 ibi
2522 3544 2620 3601 pro
2646 3531 2804 3585 nobis
2837 3571 2851 3595 ,
2874 3544 2974 3600 per
2995 3543 3183 3584 omnes
3216 3536 3566 3582 memoratos
3603 3525 3710 3579 dies

2108 3623 2279 3680 festos
2305 3624 2500 3679 currit.
2534 3623 2766 3692 Reliqua
2797 3621 2973 3677 oratio
3001 3621 3296 3684 reticetur,
3341 3620 3610 3689 quoniam
3637 3618 3710 3670 ibi

2107 3722 2367 3785 peccator
2397 3713 2578 3768 nullus
2617 3721 2723 3776 est,
2758 3727 2934 3783 neque
2972 3711 3096 3767 erit.
3123 3710 3179 3766 Si
3205 3711 3331 3780 quis
3364 3709 3602 3765 voluerit
3623 3708 3710 3762 ὥς

2109 3824 2258 3874 cere,
2287 3806 2546 3878 quoniam
2574 3806 2692 3862 hzee
2723 3805 2903 3860 oratio
2935 3804 3110 3859 vicem
3138 3810 3286 3858 tenet
3316 3801 3710 3872 interpellatio-

2107 3899 2194 3954 nis
2220 3897 2425 3954 Christi
2455 3939 2471 3963 ,
2501 3897 2594 3968 qui
2630 3896 2944 3968 interpellat
2988 3911 3088 3966 pro
3114 3895 3273 3950 nobis
3315 3894 3560 3964 quotidie
3594 3891 3707 3946 Pa-

2109 4000 2270 4058 trem,
2318 4006 2488 4062 quare
2535 3991 2703 4055 dicat,
2758 3990 2866 4045 Per
2919 3989 3203 4044 Dominum
3251 3997 3481 4043 nostra:
3505 3983 3696 4037 Iesum

2108 4083 2412 4139 Christum:
2462 4083 2677 4140 dicatur
2705 4083 2776 4149 ei,
2803 4082 3056 4138 Christus
3083 4083 3178 4153 qui
3208 4089 3295 4137 est
3323 4083 3376 4136 in
3399 4086 3549 4149 patre
3593 4091 3702 4130 ua-

2107 4175 2382 4241 turaliter,
2411 4183 2466 4231 et
2492 4191 2592 4246 per
2615 4191 2777 4246 quem
2809 4183 3122 4246 assumptus
3143 4182 3228 4230 est
3255 4173 3421 4229 homo
3444 4173 3501 4227 in
3528 4171 3708 4226 Deum

2106 4277 2331 4340 propter
2345 4285 2510 4324 unam
2525 4269 2884 4340 eamdemque
2900 4283 3190 4339 personam
3213 4266 3336 4322 Filii
3354 4267 3447 4321 Dei
3458 4307 3474 4330 ,
3502 4265 3713 4320 ostium

2107 4364 2265 4420 nobis
2306 4363 2424 4419 fieri
2450 4365 2706 4437 dignatus
2751 4372 2837 4420 est
2861 4380 2962 4435 per
2986 4363 3128 4435 quod
3177 4380 3276 4419 nos
3322 4371 3380 4420 et
3421 4363 3714 4418 orationes

2107 4463 2331 4521 nostrai,
2367 4465 2423 4510 et
2459 4457 2643 4511 omnia
2670 4455 2810 4511 bona
2837 4463 3027 4511 nostra
3057 4463 3338 4510 transeant
3364 4454 3431 4509 ad
3464 4465 3706 4524 patrem.

2105 4542 2313 4599 ideirco
2362 4545 2560 4602 merito
2609 4549 2866 4602 sacerdos
2913 4546 3046 4602 dicit
3091 4561 3245 4602 suam
3295 4547 3612 4601 orationem
3641 4546 3709 4599 ad

2111 4635 2278 4690 Deum
2309 4645 2522 4705 patrem
2568 4636 2676 4692 Per
2704 4637 2994 4692 Dominum
3037 4649 3274 4693 nostrum
3313 4637 3510 4692 Iesum
3558 4635 3712 4691 Clui-

2110 4733 2270 4786 stum,
2303 4725 2429 4793 quia
2463 4740 2564 4794 per
2593 4725 2746 4781 illum
2773 4727 2985 4798 accepit
3023 4727 3165 4782 hanc
3187 4725 3419 4797 gratiam
3457 4734 3524 4779 ut
3549 4726 3712 4780 vicis-

2107 4816 2398 4872 situdinem
2445 4833 2556 4874 sua:
2586 4819 3044 4891 interpellationis
3085 4819 3352 4875 fratribus
3376 4828 3551 4890 atque
3578 4834 3711 4873 eon-

2107 4908 2389 4978 diseipulis
2413 4911 2709 4974 ministret,
2741 4921 2797 4967 et
2824 4913 3046 4977 recolat,
3085 4921 3247 4984 atque
3276 4913 3345 4968 ad
3374 4913 3704 4969 memoriam

2107 5001 2348 5082 reducat.
2383 5002 2554 5070 Quam
2579 5005 2880 5060 orationem
2902 5007 3161 5076 prazcedit
3184 5005 3469 5072 salutatio,
3496 5015 3556 5061 et
3577 5006 3705 5062 sub-

2104 5093 2352 5162 sequitur
2378 5093 2686 5151 benedictio
2717 5111 2879 5166 quam
2911 5106 2966 5152 et
2994 5099 3294 5169 gratiarum
3334 5099 3487 5153 actio
3521 5097 3708 5167 sequi-

2103 5192 2208 5240 tur.
2251 5185 2383 5241 Post
2409 5189 2868 5246 resurrectionem
2919 5207 3073 5247 suam
3124 5192 3389 5248 Dominus
3437 5190 3707 5246 salutavit

2101 5279 2424 5352 discipulos,
2465 5281 2726 5338 salutavit
2747 5293 2803 5338 et
2834 5284 3054 5350 iterum,
3102 5284 3494 5354 benedixitque
3521 5299 3619 5338 eos
3647 5283 3706 5336 in

2100 5380 2283 5427 monte
2317 5371 2534 5439 Oliveti,
2576 5381 2632 5428 et
2653 5375 2729 5429 illi
2759 5375 2963 5446 gratias
2987 5375 3294 5442 referendo,
3325 5376 3707 5430 adoraverunt

2098 5465 2154 5520 in
2191 5466 2312 5522 loco
2341 5467 2433 5521 ubi
2461 5475 2731 5523 steterunt
2759 5470 2927 5538 pedes
2953 5470 3093 5540 ejus.
3137 5469 3292 5537 Quod
3328 5470 3540 5524 eaedem
3568 5483 3700 5539 pne-

2096 5575 2221 5614 cum
2242 5561 2520 5616 orationes
2543 5561 2881 5618 celebranda:
2906 5563 3017 5618 sint
3041 5563 3347 5633 vespertina
3379 5563 3542 5626 hora,
3572 5575 3701 5631 qua

2095 5663 2152 5709 et
2177 5669 2342 5719 nona,
2375 5654 2429 5708 in
2458 5652 2777 5709 Laodicensi
2801 5655 3032 5710 concilio
3060 5697 3074 5720 ,
3105 5655 3344 5724 capitulo
3371 5662 3572 5709 octavo
3597 5651 3700 5704 de-

2098 5747 2242 5800 cimo
2271 5746 2538 5816 scriptum
2577 5755 2680 5812 est,
2721 5747 2864 5818 quod
2909 5749 3143 5820 idipsum
3185 5747 3419 5803 oliicium
3460 5761 3698 5817 precum

2094 5853 2241 5895 nona
2266 5846 2321 5895 et
2336 5851 2565 5905 vespera
2587 5853 2807 5909 semper
2846 5841 3044 5900 debeat
3068 5839 3337 5898 exhiberi.
3372 5837 3695 5896 secundum
