4000 6488
203 348 319 432 ηπ

959 363 1050 422 DE
1087 357 1646 423 ECCLESIASTICIS
1682 356 1971 418 OFFICIIS
2007 355 2188 415 LIBRI
2225 355 2314 415 1V.
2353 386 2426 402 --
2462 356 2590 415 LIB.
2631 355 2723 414 IV.

3287 365 3430 430 H78

198 491 286 550 hoc
305 469 684 555 capitulum'in
711 479 866 538 festis
921 489 976 538 et
1023 482 1079 538 in
1108 479 1323 538 caeteris
1383 479 1573 535 diebus
1627 491 1740 532 uno
1767 479 1822 540 Α
1845 484 1954 531 tem
1984 476 2401 533 munitissimam
2431 475 2789 536 Hierusalem.
2830 478 2894 537 Ei
2927 481 3062 540 nihil
3087 485 3258 556 deest,
3287 490 3430 550 sicut

200 578 332 639 modo
351 575 650 633 celebretur
677 575 854 630 oratio
891 573 947 629 in
983 573 1296 644 vespertino
1326 578 1383 626 et
1404 571 1539 626 hora
1571 583 1738 634 nona,

195 680 249 731 ut
264 685 387 735 reor,
417 667 669 724 similiter
690 681 978 738 possumus
999 666 1183 722 dicere
1198 665 1265 719 de
1293 662 1452 718 tertia
1472 670 1529 716 et
1560 668 1736 717 sexta.

196 766 305 824 Post
317 759 685 833 vespertiualia
713 767 768 815 et
787 758 1125 815 matutinalia
1149 755 1345 824 ofﬁcia,
1370 771 1490 826 quae
1505 760 1742 824 aguntur

192 873 276 930 pro
301 853 535 917 mortuis,
559 851 796 909 solemus
823 860 1054 907 cantare
1083 849 1353 921 psalmum
1383 848 1439 902 in
1464 846 1599 909 loco,
1637 844 1741 899 Mi-

192 965 334 1004 serere
356 947 478 1013 mei,
513 945 675 1010 Deus,
706 945 951 1010 Domine,
989 961 1052 998 ne
1072 945 1129 998 in
1154 943 1334 1013 furore
1369 950 1480 996 tuo.
1514 940 1633 1010 Ipse
1656 947 1744 994 est

187 1049 351 1098 sextus
387 1038 444 1093 in
472 1038 663 1094 ordine
699 1037 1061 1101 Psalmorum,
1117 1043 1172 1090 et
1202 1044 1385 1090 tamen
1423 1033 1744 1088 inscribitur

186 1147 271 1205 pro
315 1139 519 1186 octava.
552 1130 778 1194 Idcirco,
823 1129 948 1200 quia
978 1143 1076 1184 nos
1104 1168 1120 1193 ,
1173 1128 1265 1197 qui
1306 1128 1360 1180 in
1391 1135 1544 1181 sexta
1582 1133 1743 1181 aetate

185 1223 345 1278 mundi
371 1238 577 1288 sumus,
623 1221 905 1286 debemus,
933 1237 1033 1292 pro
1055 1221 1285 1292 septima
1311 1228 1367 1275 et
1394 1229 1586 1274 octava
1605 1229 1742 1275 aeta—

184 1323 227 1371 te
261 1330 438 1386 rogare
473 1313 641 1369 Deum
677 1329 776 1383 per
812 1314 957 1368 hunc
1013 1312 1308 1383 psalmum,
1335 1319 1395 1364 ut
1444 1312 1744 1368 evadamus

181 1414 449 1469 tormenta,
484 1419 603 1474 quae
630 1405 786 1460 malis
810 1404 1080 1460 debentur
1100 1405 1155 1460 in
1198 1404 1518 1460 memoratis
1539 1404 1741 1459 errati-

177 1498 285 1562 bus,
320 1498 380 1552 de
441 1511 549 1566 quo
577 1497 711 1552 dicit
750 1497 1084 1568 Augustinus
1137 1497 1193 1552 in
1247 1497 1470 1568 prologo
1498 1495 1742 1565 ejusdem

174 1589 396 1645 Psalmi:
455 1587 649 1644 Veniet
684 1598 910 1645 octavus
959 1590 1149 1660 judicii
1201 1590 1352 1647 dies.
1407 1591 1499 1649 aui
1531 1591 1741 1646 meritis

174 1682 401 1736 tribuens
417 1681 559 1751 quod
585 1682 831 1747 debetur,
854 1682 967 1751 jam
990 1699 1095 1738 non
1126 1684 1192 1738 ad
1215 1700 1378 1754 opera
1404 1684 1740 1754 temporalia,

171 1774 258 1829 sed
309 1773 372 1828 ad
418 1774 584 1829 vitam
615 1783 874 1829 aeternam
918 1785 1138 1832 sanctos
1186 1778 1508 1843 transferet,
1545 1777 1743 1847 impios

167 1880 286 1920 vero
313 1867 528 1922 damnet
573 1867 629 1921 in
671 1874 954 1922 aeternum.
984 1868 1156 1935 Quam
1193 1869 1593 1924 damnationem
1627 1886 1741 1925 me-

167 1965 330 2022 tuens,
363 1966 486 2013 orat
514 1958 755 2014 Ecclesia
785 1959 840 2013 in
871 1959 974 2015 hoc
1004 1960 1215 2030 psalmo
1239 2001 1254 2027 ,
1288 1961 1475 2016 dicens
1509 1979 1521 2016 :
1553 1962 1740 2017 Domi-

161 2065 246 2116 ne,
297 2067 357 2105 ne
400 2068 455 2106 m
493 2051 570 2105 ira
603 2060 695 2105 tua
750 2068 944 2123 arguas
978 2069 1081 2107 me.
1114 2052 1181 2107 Et
1228 2051 1374 2108 Beda
1407 2054 1460 2108 in
1504 2053 1644 2110 libro
1673 2053 1741 2110 de

160 2144 488 2214 temporibus
512 2160 526 2198 :
557 2146 673 2215 ipsa
695 2153 777 2201 est
796 2155 1009 2212 octava,
1038 2161 1138 2216 pro
1158 2162 1266 2216 qua
1291 2156 1478 2203 sextus
1497 2147 1740 2218 psalmus

156 2237 488 2292 inscribitur.
519 2236 694 2293 Credo
715 2239 862 2308 quia,
890 2240 944 2294 in
972 2254 1066 2294 sex
1090 2239 1250 2310 hujus
1275 2240 1457 2294 saeculi
1486 2241 1740 2297 aetatibus

157 2343 252 2399 pro
280 2330 510 2398 septima
551 2330 638 2385 vel
675 2338 865 2385 octava
894 2329 1055 2399 hujus
1081 2331 1263 2386 saeculi
1311 2339 1394 2386 est
1417 2339 1577 2386 aetate
1606 2348 1738 2402 sup-

151 2419 478 2490 plicandum.
529 2419 586 2474 In
615 2437 720 2491 qua
757 2423 884 2491 quia
925 2421 1059 2490 justi
1110 2423 1325 2492 gaudia,
1379 2422 1475 2476 sed
1521 2423 1741 2492 reprobi

151 2519 278 2569 sunt
307 2513 567 2583 supplicia
618 2516 927 2585 percepturi
953 2555 966 2577 ,
995 2515 1236 2584 psalmus
1272 2515 1376 2568 iste
1407 2515 1614 2586 ingenti
1643 2531 1739 2586 pa-

148 2619 278 2660 vore
307 2605 542 2676 incipit,
577 2609 770 2675 currit,
799 2607 990 2664 linitur
1021 2627 1032 2664 :
1069 2607 1315 2676 Domine,
1349 2625 1412 2663 ne
1461 2609 1519 2663 in
1558 2609 1741 2679 furore

147 2707 236 2754 tuo
257 2715 456 2771 arguas
491 2717 590 2756 me.

773 2791 1002 2850 CAPUT
1033 2794 1098 2849 ν.

791 2885 870 2941 De
905 2883 1086 2941 Sexta.

214 2973 292 3030 De
315 2976 494 3032 tribus
509 2976 918 3048 repetitionibus
941 2986 1107 3034 sexta:
1135 2977 1250 3034 sive
1269 2991 1442 3043 nonae,
1458 2987 1622 3049 prout
1642 2992 1740 3050 po-

139 3068 239 3132 tui,
275 3067 588 3124 miuistravi
622 3069 676 3123 in
708 3084 866 3125 cursu
889 3071 1098 3140 primae,
1133 3077 1188 3126 et
1225 3071 1414 3134 tertia),
1449 3079 1505 3126 et
1530 3071 1595 3126 de
1624 3070 1737 3126 lec-

141 3161 388 3217 tionibus
411 3170 574 3232 atque
599 3165 977 3234 responsoriis.
1008 3164 1311 3220 Praesentes
1328 3174 1438 3221 tres
1458 3166 1738 3236 repetitio-

137 3271 238 3311 nes
269 3265 524 3311 statuunt
544 3273 643 3314 nos
688 3258 742 3313 in
773 3257 1036 3315 famulatu
1065 3260 1301 3326 Domini,
1346 3259 1460 3316 sive
1485 3259 1738 3315 muniunt

135 3346 206 3402 ab
249 3347 472 3404 insidiis
519 3348 724 3404 inimici
765 3367 863 3421 per
911 3352 1196 3421 septimam
1227 3353 1417 3409 horam
1445 3395 1460 3419 ,
1491 3363 1545 3408 et
1591 3364 1741 3409 octa-

129 3453 284 3504 vam,
315 3447 376 3494 et
411 3453 628 3505 nonam,
663 3441 740 3494 ita
770 3449 967 3507 tamen,
995 3454 1057 3497 ut
1087 3445 1146 3498 in
1185 3445 1300 3513 ipsa
1323 3461 1466 3499 nona
1503 3447 1741 3501 habeant

129 3529 361 3585 initium
397 3529 618 3601 reliqum
645 3539 755 3588 tres
770 3533 1142 3603 repetitiones,
1171 3550 1292 3604 quae
1317 3550 1415 3590 nos
1434 3536 1741 3606 perducant

123 3640 314 3695 usque
348 3623 424 3679 ad
453 3623 617 3680 ﬁnem
647 3625 774 3681 diei.
805 3627 998 3682 Restat
1019 3643 1083 3683 ex
1132 3636 1278 3684 statu
1312 3628 1573 3700 temporis
1608 3644 1741 3685 con-

122 3716 395 3771 siderare
415 3731 655 3784 versum,
683 3719 775 3788 qui
805 3720 1005 3776 dicitur
1027 3722 1095 3776 ad
1126 3730 1356 3777 sextam.
1391 3721 1576 3777 Status
1605 3730 1742 3778 tem-

113 3807 288 3877 poris
325 3814 419 3862 est
465 3808 738 3874 meridies,
785 3813 1003 3881 quando
1054 3814 1134 3869 sol
1162 3815 1216 3869 in
1257 3823 1445 3870 centro
1481 3814 1606 3870 caeli
1632 3822 1735 3882 est,

113 3896 616 3956 ferventissimum
651 3902 904 3958 ardorem
935 3914 1162 3975 praestat
1212 3905 1395 3961 terris.
1451 3906 1595 3961 Idem
1626 3913 1739 3962 sta-

113 3997 214 4046 tus
274 3988 688 4062 perfectionem
744 3996 1008 4050 mentium
1065 3996 1387 4053 devotorum
1451 3998 1736 4053 hominum

109 4091 441 4148 monstrat,
470 4099 702 4154 quorum
727 4086 911 4142 fervor
940 4088 1015 4142 ita
1046 4087 1371 4157 conjunctus
1396 4097 1479 4144 est
1509 4089 1617 4159 igni
1649 4090 1736 4143 in-

107 4175 368 4242 visibili,
410 4184 476 4239 ut
507 4176 575 4231 ab
607 4178 724 4247 ipso
764 4189 1020 4248 pascatur
1047 4180 1427 4245 delectatione,
1459 4189 1514 4234 ct
1543 4181 1739 4234 illumi-

104 4278 295 4324 nctur
319 4267 540 4322 lumine
565 4268 952 4340 intelligentiae.
984 4271 1186 4326 Eadem
1209 4271 1345 4326 hora
1367 4271 1613 4326 ascendit
1633 4270 1738 4324 Pe-

101 4370 241 4417 trus
288 4360 355 4414 in
390 4360 734 4415 caenaculum
763 4401 777 4428 ,
824 4371 878 4416 et
905 4361 1070 4418 voluit
1113 4364 1420 4419 comedere.
1458 4362 1515 4417 ln
1561 4363 1737 4434 prima

97 4463 247 4508 sunt
285 4451 462 4506 initia
497 4451 758 4507 virtutum
784 4493 799 4518 ,
829 4452 882 4507 in
917 4453 1074 4508 tertia
1103 4453 1396 4524 profectus,
1426 4455 1480 4510 in
1507 4453 1738 4510 meridie

90 4545 430 4620 perfectio.
449 4542 621 4612 Quam
636 4543 1026 4615 perfectionem
1048 4547 1372 4603 denuntiant
1388 4548 1544 4602 nobis
1570 4547 1737 4616 aliqui

91 4654 322 4698 versus
372 4653 572 4692 cursus
612 4647 798 4694 sextae.
841 4637 1024 4694 Prima
1077 4640 1337 4710 periocha
1374 4640 1507 4696 dicit
1536 4659 1548 4694 :
1576 4641 1738 4711 Defe-

87 4737 172 4791 ci!
215 4735 285 4786 in
309 4728 563 4783 salutare
609 4739 756 4782 tuum
781 4731 962 4786 anima
990 4748 1126 4796 mea,
1172 4742 1221 4786 et
1247 4734 1304 4787 in
1335 4733 1486 4787 verbo
1518 4742 1612 4804 tuo
1637 4750 1736 4787 su-

85 4821 466 4900 persperavi.
523 4818 773 4876 Secunda
821 4822 996 4877 dicit:
1037 4823 1313 4888 Quomodo
1365 4826 1528 4880 dilexi
1573 4825 1736 4897 legem

85 4931 293 4985 tuam,
358 4915 642 4970 Domine?
685 4924 794 4970 tota
827 4915 912 4969 die
971 4917 1243 4971 meditatio
1276 4934 1390 4972 mea
1422 4928 1517 4972 est.
1550 4919 1737 4974 Tertia

82 5015 200 5078 ita,
245 5007 439 5065 Oculi
463 5007 564 5061 mei
614 5006 917 5077 defecerunt
963 5008 1019 5062 in
1064 5007 1292 5061 salutari
1313 5019 1428 5074 tuo,
1469 5010 1595 5063 etin
1623 5009 1735 5063 elo-

81 5105 306 5176 quium
362 5101 602 5172 justitiw
633 5111 756 5154 tute.
794 5100 1005 5156 Statum
1035 5101 1225 5156 talium
1251 5102 1516 5156 mentium
1544 5117 1736 5158 versus

77 5199 422 5252 monstrat
447 5231 463 5257 ,
495 5191 678 5246 dicens
712 5210 724 5246 :
777 5191 1033 5247 Dominus
1057 5193 1184 5262 regit
1209 5209 1312 5259 me,
1351 5202 1399 5247 et
1430 5192 1561 5248 nihil
1611 5193 1740 5248 mihi

77 5288 315 5351 deerit,
359 5284 430 5338 in
457 5281 570 5336 loco
595 5299 805 5353 pastu-tr
838 5284 911 5338 ibi
952 5300 1033 5338 me
1053 5283 1349 5339 collocavit.
1382 5284 1484 5340 Ubi
1515 5301 1614 5341 nos
1659 5285 1741 5340 di-

71 5381 295 5436 cimus
333 5417 352 5443 ,
395 5373 660 5428 Dominus
689 5375 816 5446 regit
842 5390 924 5429 me
947 5415 962 5439 ,
997 5375 1279 5430 translatio
1318 5391 1439 5445 quae
1460 5385 1739 5447 assumpta

73 5480 176 5526 est
209 5485 249 5526 a
287 5473 514 5524 sancto
541 5463 867 5537 Hieronymo
882 5481 948 5521 ex
977 5464 1245 5522 Hebraica
1272 5468 1524 5534 veritate,
1551 5468 1735 5536 habet,

69 5563 413 5620 Dominus
460 5560 633 5628 pascit
659 5573 764 5613 me.
795 5557 965 5625 Quem
1009 5558 1268 5614 Dominus
1294 5560 1469 5629 pascit
1501 5562 1741 5619 adventu

69 5657 356 5727 spiritus
403 5649 534 5717 sui,
572 5651 820 5706 eumdem
854 5651 1013 5722 regit,
1060 5650 1217 5705 idest
1245 5651 1300 5706 in
1353 5651 1460 5708 illis
1491 5653 1738 5711 moribus

69 5749 225 5805 facit
263 5759 434 5802 eum
473 5743 700 5814 spiritus
744 5742 841 5798 Dei
870 5742 1166 5809 delectari,
1196 5743 1288 5812 qui
1322 5746 1621 5800 secundum
1651 5761 1738 5801 ra-

69 5842 329 5896 tionem
357 5842 526 5902 sunt,
555 5843 612 5893 et
630 5834 918 5913 deducunt
946 5849 1044 5909 per
1074 5844 1285 5895 rectum
1313 5836 1419 5896 iter
1451 5837 1520 5896 ad
1547 5837 1737 5896 civita-

1842 567 2042 626 Paulus
2061 567 2351 639 Apostolus
2373 571 2505 626 dicit
2531 589 2542 625 :
2573 568 2765 627 Omnia
2804 592 3017 646 possum
3041 579 3096 633 in
3137 597 3196 634 eo
3220 585 3310 654 qui
3346 601 3428 642 me

1843 660 2126 730 confortat,
2146 660 2338 716 Omnia
2384 661 2459 716 illi
2489 672 2848 734 cooperantur
2878 669 3174 726 secundum
3211 674 3382 730 Deum
3409 695 3422 732 :

1843 768 2103 824 prospera
2132 761 2187 809 et
2216 753 2443 809 adversa
2489 756 2869 824 aequanimiter
2918 759 3119 816 tolerat
3149 781 3163 829 ;
3195 779 3260 821 ac
3305 766 3430 825 ideo

1843 845 2190 914 subsequitur
2220 861 2234 900 :
2267 845 2337 900 In
2363 844 2477 900 loco
2501 865 2709 918 pascua:
2747 849 2816 902 ibi
2847 866 2928 904 me
2955 851 3248 920 collocavit,
3280 858 3425 926 sive,

1846 937 1900 992 in
1932 937 2265 993 abundantia
2317 939 2764 995 intellectualium
2816 957 2998 998 rerum
3046 945 3098 999 in
3148 951 3428 1018 praesenti,

1846 1032 1960 1087 sive
1991 1031 2044 1086 in
2096 1031 2296 1096 futuro,
2331 1033 2385 1088 in
2413 1033 2597 1088 laetitia
2649 1043 2704 1090 et
2750 1035 2920 1106 gloria
2950 1039 3301 1109 sempiterna,
3338 1043 3430 1101 ubi

1844 1126 1950 1183 erit
1972 1127 2196 1185 satietas
2233 1129 2475 1184 omnium
2497 1129 2814 1199 gaudiorum
2846 1131 2963 1188 sine
2985 1131 3113 1189 line.

2471 1220 2699 1276 CAPUT
2737 1220 2823 1277 VI.

2489 1309 2563 1364 De
2598 1311 2776 1367 Nona.

1915 1402 2066 1460 Nona
2108 1404 2351 1460 continet
2376 1418 2474 1459 nos
2500 1419 2600 1475 per
2634 1406 2902 1464 decimam
2949 1410 3143 1468 horam
3177 1418 3232 1467 et
3265 1413 3431 1471 unde-

1846 1495 2044 1551 cimam
2097 1502 2152 1550 et
2205 1495 2605 1551 duodecimam.
2665 1496 2851 1554 Status
2880 1503 3142 1574 temporis
3169 1543 3184 1568 ,
3218 1505 3435 1573 quando

1844 1603 1988 1644 nona
2039 1588 2344 1644 celebratur
2377 1629 2392 1653 ,
2447 1589 2696 1661 designat
2757 1590 3029 1648 fervorem
3089 1595 3435 1663 studiorum,

1845 1699 2004 1754 quem
2029 1685 2484 1740 exercebatmcns
2512 1685 2567 1739 in
2591 1685 2879 1744 altitudine
2899 1691 3165 1746 virtutum
3190 1691 3434 1761 aliquan-

1846 1776 2018 1831 tulum
2048 1775 2377 1847 tepefactum
2409 1793 2532 1833 esse
2569 1787 2792 1849 pr0pter
2820 1783 3147 1837 tentationes
3186 1783 3437 1838 accidenv

1770 1847 1818 1907 B
1849 1876 1950 1924 tes.
1996 1867 2152 1924 Unde
2203 1867 2499 1938 Gregorius
2530 1847 2583 1924 in
2609 1847 2902 1928 moralibus
2930 1872 3031 1928 Job
3070 1889 3085 1928 :
3113 1874 3284 1940 Vitia,
3309 1874 3438 1930 dum

1847 1978 1947 2017 nos
1967 1970 2200 2028 tentant,
2245 1963 2593 2032 proficientes
2622 1964 2730 2034 in-l-
2746 1981 2841 2020 nos
2865 1966 3095 2021 virtutes
3120 1967 3428 2024 humiliant.

1846 2051 1998 2107 Sicut
2028 2061 2155 2107 tunc
2197 2053 2278 2107 sol
2308 2053 2587 2109 descendit
2615 2071 2644 2108 a
2675 2063 2862 2110 centro
2883 2059 2952 2111 ad
2997 2057 3283 2114 inferiores
3308 2074 3435 2129 par-

1844 2152 1947 2211 tes,
1980 2143 2055 2197 ita
2080 2159 2262 2208 mens,
2296 2146 2514 2214 quando
2540 2154 2802 2211 tentatur,
2835 2147 3115 2203 descendit
3137 2149 3206 2204 ab
3245 2149 3434 2204 altitu-

1841 2233 1966 2288 dine
1991 2232 2167 2286 intimi
2204 2233 2388 2302 gaudii
2426 2235 2494 2290 ad
2517 2235 2972 2290 considerandam
3003 2253 3157 2292 suam
3187 2248 3440 2296 naturam

1841 2331 2005 2392 atque
2047 2321 2422 2392 fragilitatem,
2454 2332 2508 2378 ct
2556 2325 2702 2378 videt
2729 2341 2890 2396 quam
2944 2326 3120 2382 facilis
3155 2329 3226 2382 sit
3251 2330 3319 2383 ad
3345 2344 3438 2386 oc-

1840 2429 2044 2470 casum.
2096 2413 2428 2469 Tentabatur
2481 2413 2716 2480 Paulus,
2771 2416 2990 2487 quando
3046 2417 3300 2473 dicebat:
3352 2419 3438 2474 Ne

1839 2509 2147 2580 magnitudo
2200 2508 2571 2565 revelationum
2603 2509 2817 2565 extollat
2858 2528 2958 2575 me,
2993 2512 3151 2566 datus
3181 2523 3255 2567 est
3309 2514 3439 2569 mihi

1837 2601 2081 2657 stimulus
2108 2602 2283 2656 carnis
2323 2619 2476 2669 metu,
2529 2602 2760 2674 Angelus
2804 2612 3006 2659 satana:
3033 2605 3124 2676 qui
3154 2621 3235 2660 me
3285 2605 3431 2660 cola-

1839 2695 2030 2767 phizet.
2058 2694 2175 2762 Qua
2195 2694 2263 2751 de
2276 2699 2441 2750 causa
2471 2703 2710 2750 tentetur
2729 2695 2953 2763 electus,
2979 2712 3222 2767 pnesens
3245 2705 3433 2755 noster

1838 2790 2098 2861 magister
2122 2790 2322 2845 Paulus
2353 2791 2442 2846 hic
2463 2793 2816 2847 demonstrat.
2851 2793 3029 2862 Atque
3053 2794 3107 2848 in
3155 2794 3434 2864 sequenti-

1838 2884 1942 2939 bus
1977 2884 2285 2939 molestiam
2319 2900 2482 2955 quam
2514 2885 2823 2956 patiebatur
2853 2903 2921 2941 ex
2953 2887 3252 2944 tentatione
3277 2929 3292 2954 ,
3320 2903 3436 2943 ma-

1811 2972 2080 3042 nifestat,
2133 2977 2356 3034 dicens:
2386 2975 2613 3048 Propter
2658 2979 2798 3049 quod
2849 2989 2928 3034 ter
2955 2979 3242 3036 Dominum
3273 2998 3427 3052 roga-

1839 3071 1907 3133 vi,
1957 3079 2012 3123 ut
2043 3070 2384 3124 discedereta
2417 3087 2517 3126 me.
2558 3069 2631 3126 Ut
2677 3071 2871 3140 opinor
2900 3071 3003 3126 nisi
3031 3072 3082 3126 ei
3131 3072 3436 3130 molestiam

1841 3160 2046 3218 laceret
2081 3162 2332 3217 stimulus
2382 3172 2608 3228 satanae,
2636 3179 2743 3218 non
2776 3163 2947 3219 Deum
2986 3175 3321 3236 precaretur,
3374 3174 3439 3222 ut

1845 3258 2151 3313 discederet
2176 3257 2244 3311 ab
2291 3271 2375 3310 eo.
2402 3255 2662 3310 Eamdem
2699 3258 3068 3325 precationem
3106 3268 3305 3312 sonant
3339 3258 3441 3314 ali-

1845 3352 1937 3421 qui
1988 3366 2178 3405 versus
2233 3365 2425 3405 cursus
2477 3363 2654 3403 nonre.
2711 3347 2894 3403 Prima
2950 3350 3211 3418 periocha
3264 3350 3439 3406 dicit:

1849 3442 2240 3496 Tribulationes
2281 3451 2329 3495 et
2377 3443 2639 3512 angustia
2687 3443 3000 3504 invenerunt
3050 3460 3154 3509 me,
3185 3444 3440 3501 mandata

1845 3545 1936 3589 tua
1959 3535 2232 3589 meditatio
2259 3551 2375 3588 mea
2404 3543 2500 3588 est.
2530 3534 2684 3601 Quod
2710 3534 2782 3588 ita
2805 3535 3142 3606 Augustinus
3170 3535 3223 3590 in
3246 3536 3439 3592 eodem

1843 3627 2051 3698 psalmo
2079 3646 2092 3680 :
2127 3627 2365 3682 Steviant
2392 3667 2408 3692 ,
2437 3634 2859 3697 persequantur,
2907 3627 3034 3682 dum
3065 3637 3249 3684 tamen
3281 3644 3438 3684 man-

1843 3718 1968 3775 data
2017 3719 2114 3772 Dei
2151 3734 2258 3774 non
2298 3718 2674 3788 relinquantur
2700 3759 2714 3785 ,
2759 3727 2816 3774 et
2848 3735 2917 3774 ex
2967 3720 3098 3790 ipsis
3131 3721 3432 3789 mandatis,

1843 3814 2009 3868 etiam
2040 3812 2131 3882 qui
2168 3812 2418 3876 saeviunt,
2456 3810 2775 3882 diligantur.
2816 3811 3064 3867 Secunda
3095 3811 3225 3867 dicit
3256 3831 3269 3866 :
3298 3811 3439 3892 Mul-

1844 3907 1884 3961 li
1907 3907 1998 3976 qui
2029 3915 2416 3975 persequuntur
2439 3921 2543 3969 me,
2569 3914 2614 3958 et
2648 3903 2900 3959 tribulam
2926 3922 3029 3970 me,
3070 3922 3102 3958 a
3129 3905 3440 3961 testimoniis

1844 4000 1947 4054 tuis
1979 4016 2080 4053 non
2103 3997 2380 4052 declinavi.
2415 3998 2595 4053 Tertia
2626 3998 2700 4052 ita
2730 4016 2742 4051 :
2774 3996 2967 4052 Erravi
2993 3999 3128 4052 sicut
3153 3999 3265 4054 ovis
3315 4014 3434 4070 qut:

1842 4091 1995 4161 periit
2025 4108 2044 4155 ;
2076 4090 2282 4160 require
2311 4105 2519 4144 seruum
2556 4098 2726 4153 tuum,
2752 4091 2876 4160 quia
2920 4089 3174 4144 mandata
3206 4099 3296 4143 tua
3334 4106 3440 4145 non

1843 4199 1959 4235 sum
1990 4180 2201 4234 oblitus.
2237 4179 2442 4234 Versus
2471 4180 2759 4249 praesentis
2795 4195 2989 4234 cursus
3020 4188 3291 4234 memorat
3322 4188 3438 4234 teu-

1843 4273 2106 4328 tationcm
2161 4287 2282 4342 qua:
2317 4272 2635 4341 designatur
2676 4287 2774 4341 per
2805 4271 2936 4326 solis
2968 4271 3432 4328 declinationem:

1843 4363 1920 4417 Ab
1963 4361 2180 4417 occultis
2203 4364 2330 4416 meis
2355 4403 2369 4428 ,
2402 4363 2599 4433 inquit,
2626 4362 2825 4416 munda
2856 4379 2937 4417 me
2967 4403 2982 4428 ,
3013 4361 3258 4426 Domine,
3287 4372 3337 4417 et
3364 4360 3434 4420 ab

1843 4455 2030 4510 alienis
2052 4472 2206 4526 parce
2232 4472 2378 4510 servo
2404 4465 2516 4513 tuo.
2541 4453 2693 4522 Quod
2718 4456 2791 4510 ita
2822 4464 3154 4510 memoratus
3181 4455 3440 4527 Augusti-

1767 4585 1820 4647 Β
1846 4565 1950 4604 nus
1984 4550 2037 4604 in
2061 4549 2274 4620 psalmo
2300 4549 2512 4604 decimo
2540 4557 2737 4604 octavo
2772 4564 2786 4603 :
2827 4547 2977 4604 Tolle
3014 4549 3147 4604 mihi
3175 4563 3242 4604 ex
3275 4550 3439 4606 corde

1846 4643 2044 4697 malam
2070 4642 2479 4713 cogitationem,
2498 4641 2699 4712 repelle
2725 4657 2755 4696 a
2782 4656 2870 4696 me
2893 4641 3096 4697 malum
3111 4657 3388 4698 suasorem
3418 4659 3434 4698 :

1843 4733 1947 4789 hoc
1983 4742 2085 4799 est,
2115 4733 2198 4788 Ab
2233 4732 2462 4789 occultis
2493 4734 2632 4789 meis
2658 4734 2860 4790 munda
2897 4750 2985 4790 me
3013 4775 3028 4800 ,
3067 4743 3123 4790 et
3146 4736 3216 4792 ab
3243 4734 3438 4790 alienis

1843 4838 2009 4894 parce
2032 4839 2190 4880 servo
2223 4831 2336 4880 tuo.

2450 4911 2679 4968 CAPUT
2714 4910 2826 4966 VII.

2304 5004 2383 5058 De
2405 5003 2736 5074 vespertinali
2757 5018 2972 5074 synaxt.

1917 5098 2174 5168 Legimus
2199 5097 2255 5151 in
2279 5096 2478 5162 Esdra,
2516 5096 2659 5166 quod
2676 5095 2791 5165 jam
2818 5095 3242 5151 memoravimus
3260 5135 3274 5162 ,
3301 5107 3437 5167 qua-

1844 5197 1929 5246 ter
1966 5191 2020 5245 in
2053 5190 2142 5246 die
2169 5189 2427 5261 populum
2472 5190 2569 5245 Dei
2612 5190 2922 5246 confessum
2955 5204 3076 5244 esse
3123 5189 3354 5245 Domino
3378 5197 3434 5246 et

1843 5290 2036 5352 quater
2060 5283 2114 5337 in
2147 5292 2304 5338 nocte
2331 5301 2342 5337 :
2374 5283 2443 5337 Et
2465 5299 2531 5338 ex
2567 5282 2750 5338 verbis
2780 5281 2984 5336 domini
3009 5281 3187 5347 Bedze,
3222 5296 3288 5337 ex
3323 5292 3435 5337 tra-

1845 5383 1990 5430 ctatu
2018 5375 2072 5429 in
2101 5375 2291 5430 eodem
2321 5374 2493 5430 Esdra
2522 5393 2534 5427 :
2563 5372 2887 5442 Opinionem
2913 5388 3036 5429 esse
3054 5375 3438 5445 cognoscimus

1847 5474 2048 5522 sanctm
2072 5466 2351 5532 Ecclesiae,
2371 5465 2528 5535 juxta
2555 5464 2705 5519 illum
2733 5479 2942 5518 morem
2972 5479 3029 5519 se
3058 5475 3294 5533 quatuor
3323 5464 3434 5522 olli-

1845 5559 1930 5615 cia
1961 5559 2238 5615 celebrare
2261 5559 2314 5612 in
2348 5557 2457 5621 die,
2495 5565 2552 5611 et
2573 5563 2807 5626 quatuor
2840 5556 2895 5610 in
2928 5563 3110 5611 nocte.
3135 5554 3252 5611 Non
3285 5556 3432 5613 enim

1844 5655 2117 5710 immerito
2161 5668 2260 5708 nos
2302 5652 2396 5721 qui
2426 5650 2725 5707 militamus
2761 5651 2873 5706 Deo
2901 5692 2917 5716 ,
2945 5639 3141 5721 quate'r
3185 5651 3240 5706 in
3272 5660 3432 5710 nocte

1840 5748 2055 5820 vigilias
2081 5759 2404 5801 renovamus
2429 5783 2443 5810 ,
2471 5760 2594 5800 cum
2628 5745 2683 5800 hi
2716 5745 2812 5815 qui
2854 5743 3052 5800 sarculo
3093 5745 3425 5814 militabant,

1839 5857 1936 5912 per
1966 5848 2198 5911 quatuor
2226 5838 2442 5910 vigilias
2475 5839 2753 5900 (indebant
2776 5848 2991 5900 noctem
3015 5841 3072 5899 in
3096 5841 3314 5906 castris,
3352 5851 3426 5898 ne
