4000 6532
111 469 227 530 1181

845 459 931 516 DE
967 449 1520 546 ECCLESIAS‘TIGIS
1558 448 1848 514 OFFICllS
1884 447 2066 514 LIB!“
2104 449 2192 516 Π.
2231 451 2313 500 ω’
2341 457 2467 514 LIB.
2511 459 2601 516 iV.

3203 464 3347 524 1182

111 587 299 663 oportet
331 579 732 654 réspondot'lum
757 587 878 652 post
904 578 1192 635 lectionem
1215 575 1658 646 vespertinaiem,
1685 582 1740 645 Α
1763 576 1975 633 laudem
2004 576 2420 650 vespertinalem
2441 575 2674 634 offerunt
2701 591 2799 649 per
2819 580 3059 652 quinque
3088 581 3346 654 psalmos,

111 695 259 756 quare
300 686 402 732 nan
431 675 606 730 'simili
655 672 814 729 modo
852 671 1169 728 decantetur
1211 680 1334 743 post
1377 671 1660 726 lectionem

111 769 476 832 matutinalem.
523 767 582 823 In
625 767 726 823 hac
770 766 1102 823 revolutione
1134 764 1520 837 cogitationum
1564 780 1659 820 oc-

111 867 258 925 currit
301 857 455 927 mihi,
481 867 541 917 ut
570 861 711 917 sicut
737 862 973 932 hymnos
1010 859 1285 916 Zachariae
1312 855 1550 913 excludit
1579 873 1664 912 re-

111 955 424 1030 sponsorium
445 962 566 1025 post
590 951 962 1008 matutinalem
984 952 1289 1014 lectionem,
1317 953 1391 1005 ita
1415 947 1664 1005 excludat

111 1047 490 1119 responsorium
530 1046 764 1117 hymnus
791 1052 989 1099 sancta:
1031 1043 1212 1097 Mariae
1238 1050 1359 1112 post
1399 1041 1664 1111 vesperti-

112 1141 260 1195 ialem
292 1138 594 1192 lectionem.
625 1137 703 1191 De
731 1149 888 1190 versu
931 1133 1070 1189 foret
1107 1134 1196 1188 hic
1224 1132 1542 1197 dicendum,
1571 1131 1665 1186 sed

112 1233 214 1302 piia
245 1245 338 1285 nos
362 1231 679 1285 inchoamus
705 1229 821 1283 hzec
841 1227 1013 1282 oliicia
1037 1241 1066 1280 a
1096 1226 1528 1296 Septuagesima,
1559 1241 1665 1280 non

112 1335 370 1375 tossumus
417 1319 521 1374 hic
537 1317 742 1373 referre
782 1317 984 1388 aliquid
1028 1317 1094 1371 de
1124 1329 1306 1380 versu,
1333 1331 1492 1384 quem
1531 1315 1668 1370 sole—

113 1429 210 1467 nus
255 1411 437 1467 dicere
482 1411 534 1464 in
568 1410 914 1479 vespertinall
953 1408 1152 1475 oliicio,
1191 1413 1481 1478 antequam
1524 1407 1670 1463 dica-

112 1519 208 1558 nus
253 1504 455 1572 aliquid
485 1503 551 1557 de
580 1502 836 1564 Alleluia,
869 1504 1012 1571 quod
1043 1506 1296 1556 cantatur
1340 1501 1393 1554 in
1444 1489 1644 1570 Septua

111 1598 308 1666 gosima.
347 1596 405 1649 in
434 1593 624 1650 eodem
652 1607 898 1663 vespere,
933 1599 986 1646 et
1011 1592 1065 1646 in
1095 1598 1252 1646 nocte
1278 1591 1552 1661 sequenti,
1582 1589 1647 1642 Al

112 1689 245 1742 eluia
288 1703 386 1760 per
413 1687 593 1743 omnia
625 1687 801 1742 ollicia
845 1686 1082 1742 cantoris
1111 1686 1300 1741 currit.
1347 1685 1424 1739 ita
1465 1685 1675 1754 agimus

111 1781 154 1832 lc
195 1779 423 1833 Alleluia
469 1779 684 1849 quando
735 1777 866 1832 illud
913 1776 1254 1832 recondimus
1303 1776 1357 1830 in
1407 1775 1678 1830 thesauris

116 1873 218 1935 uis,
253 1872 304 1926 id
331 1877 434 1937 est,
464 1871 520 1925 in
549 1871 804 1926 cordibus
837 1870 1133 1924 electorum
1165 1877 1218 1924 et
1248 1868 1558 1940 angelorum
1582 1883 1678 1921 vo—

1764 687 1900 742 quos
1936 671 2172 727 solemus
2206 679 2424 727 cantare
2469 671 2522 726 in
2553 671 2850 727 Dominicis
2892 675 3160 730 noctibus.
3195 673 3350 732 Sicut

1765 763 2039 819 Dominica
2094 779 2198 818 nox
2244 764 2441 819 victrix
2501 763 2706 820 exstitit
2763 761 3044 821 Dominica
3105 783 3352 831 resurre-

1766 856 1963 922 ctione,
2009 857 2081 911 ita
2126 857 2319 928 psalmi
2369 857 2460 928 qui
2505 858 2560 913 in
2607 873 2670 913 ea
2717 865 3026 925 cantantur,
3068 861 3352 916 victoriam

1765 949 2060 1004 electorum
2106 949 2316 1005 Domini
2344 960 2399 1006 et
2434 950 2645 1006 laudem
2685 950 2800 1020 ejus
2834 959 3106 1007 resonant.
3139 951 3354 1009 Primus

1767 1043 2025 1113 psalmus,
2055 1042 2105 1095 id
2137 1051 2250 1108 est,
2281 1041 2596 1097 Benedictus
2630 1041 2884 1099 Dominus
2919 1045 3060 1100 Deus
3083 1062 3248 1111 meus,
3278 1048 3356 1102 vi-

1768 1133 1995 1188 ctoriam
2033 1133 2274 1188 continet
2339 1135 2506 1189 David
2557 1143 2746 1191 contra
2785 1134 3013 1190 Goliam.
3057 1135 3358 1208 Seqneutcs

1769 1225 1961 1297 psalmi
2006 1234 2260 1280 resonant
2309 1225 2522 1282 laudem
2557 1227 2672 1282 Dei.
2705 1227 2780 1282 De
2811 1225 3048 1282 secundo
3079 1229 3208 1283 dicit
3247 1229 3358 1283 Au-

1772 1321 2018 1392 gustinus
2057 1318 2109 1373 in
2151 1327 2383 1374 tractatu
2419 1319 2754 1375 Psalmorum
2781 1339 2791 1374 :
2823 1319 3085 1374 Exaltabo
3117 1330 3186 1388 te,
3213 1319 3355 1376 Deus

1773 1429 1918 1468 meus
1949 1428 2060 1476 rex,
2088 1421 2134 1465 et
2173 1411 2475 1466 benedicam
2509 1413 2707 1466 nomini
2751 1421 2840 1466 tuo
2868 1411 2922 1466 in
2949 1411 3199 1467 swculum
3230 1422 3277 1466 et
3306 1414 3361 1468 in

1774 1503 2026 1559 steculum
2073 1505 2254 1558 srrculi
2290 1521 2307 1558 :
2351 1504 2558 1560 Videtis
2606 1497 2916 1559 inchoatam
2953 1520 3072 1560 esse
3117 1503 3212 1560 Dei
3251 1503 3365 1560 lau-

1777 1599 1921 1662 dem,
1965 1612 2135 1668 usque
2171 1597 2225 1650 in
2271 1595 2429 1650 linem
2473 1596 2666 1666 psalmi
2714 1596 2830 1652 laus
2870 1597 2986 1669 ipsa
3029 1597 3363 1668 perducitur.

1778 1688 1853 1743 De
1889 1689 2051 1743 tertio
2081 1689 2175 1743 ita.
2215 1687 2353 1743 Ecce
2386 1688 2623 1760 psalmus
2668 1698 2842 1744 sonat.
2889 1687 3054 1758 Cujus
3100 1706 3205 1745 vox
3246 1688 3368 1746 est?

1780 1781 1930 1850 Quae,
1959 1783 2002 1837 si
2036 1782 2220 1848 vultis,
2252 1790 2432 1838 vestra
2461 1790 2545 1837 est
2575 1783 2918 1839 exhortantis
2947 1785 3181 1838 animam
3210 1799 3365 1840 suam

1781 1873 1847 1929 ad
1877 1873 2202 1929 laudandum
2231 1874 2420 1938 Deum,
2449 1881 2505 1928 et
2533 1876 2762 1930 dicentis
2787 1876 2888 1931 sibi
2919 1894 2930 1929 :
2957 1875 3164 1941 Lauda,
3189 1876 3367 1930 anima

111 1962 262 2026 :ibus,
294 1968 433 2017 sicut
477 1962 612 2045 sole}
637 1961 868 2016 diiedtus
896 1962 1040 2017 circa
1078 1960 1334 2016 dilectum
1367 1975 1550 2032 agere,
1582 1960 1672 2029 qni
1705 1985 1750 2045 Β
1783 1983 1918 2032 inea,
1966 1966 2269 2020 Dominum.
2314 1966 2379 2020 Et
2424 1967 2489 2021 de
2535 1975 2728 2037 quarto
2773 1966 2846 2021 ita
2875 1987 2888 2022 :
2938 1965 3100 2022 Nobis
3128 1967 3364 2022 dicitur:

111 2066 438 2114 torrecturus
483 2029 697 2112 estiter
721 2057 1094 2129 longinquum,
1122 2055 1397 2110 osculatur
1424 2070 1486 2109 os
1531 2052 1670 2124 ejus,

112 2150 308 2215 :ollum,
339 2150 546 2214 oculos,
575 2147 809 2204 frontem
862 2155 917 2202 et
952 2157 1169 2202 caetera.
1197 2146 1410 2200 Dictum
1451 2146 1522 2200 sit
1548 2145 1676 2199 stri-

118 2244 214 2296 tim
246 2243 313 2298 de
343 2239 603 2307 Alleluia,
644 2242 787 2310 quod
829 2245 1114 2310 propterea
1158 2240 1320 2294 toties
1368 2238 1678 2308 frequenta-

111 2353 226 2401 nus,
251 2337 380 2405 quia
407 2332 677 2407 diligimus
703 2332 854 2397 illud,
878 2340 933 2388 et
961 2335 1013 2387 in
1044 2333 1348 2404 propinquo
1379 2331 1678 2386 reconden-

111 2435 209 2486 lum
240 2432 333 2485 sit.
365 2429 659 2484 Dicendum
693 2435 775 2483 est
803 2427 868 2482 de
897 2426 1144 2481 versibus
1178 2425 1271 2494 qui
1300 2423 1435 2477 ﬁunt
1462 2439 1562 2493 per
1580 2422 1681 2476 Do—

111 2525 318 2578 oinicas
349 2530 536 2576 noctes
557 2525 802 2582 caeteras,
827 2519 884 2574 et
911 2535 1010 2589 per
1037 2533 1132 2573 sex
1163 2517 1278 2572 dies
1306 2514 1676 2570 hebdomadis.

111 2619 187 2670 ’er
240 2613 555 2670 Dominicas
605 2620 791 2667 noctes
844 2610 1078 2666 solemus
1125 2609 1332 2671 dicere,
1377 2603 1682 2677 Vespertina

119 2707 256 2761 ratio
301 2704 555 2760 ascendat
593 2703 661 2757 ad
698 2713 766 2768 te,
817 2701 1070 2766 Domine,
1117 2709 1163 2754 et
1202 2697 1481 2753 descendat
1527 2713 1684 2767 super

111 2817 177 2853 tos
218 2796 590 2852 misericordia
617 2806 727 2850 tua.
759 2795 818 2850 ln
844 2794 1056 2850 caeteris
1106 2802 1286 2848 autem
1317 2791 1566 2846 noctibus
1596 2805 1685 2845 so-

111 2906 260 2947 smus
291 2890 503 2954 dicere,
528 2889 803 2959 Dirigatur
827 2888 996 2941 oratio
1021 2901 1137 2940 mea
1172 2887 1308 2940 sicut
1329 2886 1600 2938 incensum
1629 2883 1684 2936 in

113 2993 371 3056 onspectu
405 2987 515 3037 tuo.
544 2981 722 3038 Unam
765 2965 1031 3035 ratiunem
1073 2979 1279 3034 habent
1332 2977 1421 3032 isti
1450 2991 1682 3031 versus:

111 3076 448 3134 tominicalis
492 3085 684 3130 versus
725 3085 790 3128 ex
824 3072 937 3128 suis
962 3072 1144 3126 verbis
1175 3075 1443 3125 monstrat
1471 3067 1687 3124 actitarl

112 3170 465 3242 'espertinam
513 3169 834 3225 orationem.
869 3165 1014 3221 Talis
1069 3177 1302 3234 namque
1345 3161 1504 3218 debet
1565 3173 1688 3215 esse

112 3265 267 3320 mnis
290 3269 509 3328 versus,
537 3267 599 3316 ut
625 3260 708 3316 vel
732 3266 932 3316 statum
959 3258 1119 3314 oliicii
1151 3259 1218 3312 ad
1259 3255 1578 3312 memoriam
1603 3267 1689 3308 re-

1778 2057 2020 2111 Laudate
2064 2057 2370 2111 Dominum.
2419 2058 2628 2113 Dicitur
2670 2059 2774 2112 hoc
2806 2059 3059 2113 omnibus
3099 2058 3370 2130 gentibus,

1777 2164 1886 2203 non
1934 2145 2065 2202 solis
2095 2148 2269 2203 nobis.
2310 2147 2376 2201 Et
2424 2149 2584 2203 istam
2635 2164 2822 2205 vocem
2860 2165 2956 2219 per
2989 2149 3110 2205 loca
3163 2149 3372 2219 singula

1779 2248 2098 2305 sonantem,
2147 2255 2177 2294 a
2244 2239 2539 2296 lectoribus
2609 2241 2921 2313 singulatim
2984 2242 3211 2296 audiunt
3266 2241 3371 2295 Ec-

1780 2330 1978 2386 clesize.
2011 2329 2126 2385 Una
2167 2345 2271 2385 vox
2303 2338 2479 2385 tamen
2527 2327 2620 2385 Dei
2652 2347 2814 2402 super
2843 2347 3032 2386 omnes
3068 2347 3174 2386 non
3208 2337 3374 2394 tacet,

1778 2432 1840 2476 ut
1866 2417 2150 2476 laudemus
2188 2437 2333 2477 eum.
2365 2422 2433 2476 Et
2463 2423 2620 2493 quasi
2659 2431 3026 2493 quaereremus
3052 2438 3220 2493 quare
3261 2421 3373 2476 lau-

1783 2513 1912 2568 dare
1943 2516 2112 2569 Deum
2140 2511 2456 2581 debeamus,
2495 2514 2673 2570 videte
2708 2530 2868 2585 quam
2900 2531 3118 2570 causam
3150 2513 3333 2570 attulit
3366 2534 3374 2570 2

1783 2605 2022 2661 Laudato
2048 2606 2357 2673 Dominum,
2386 2608 2581 2678 inquit,
2613 2609 2862 2678 quoniam
2894 2608 3058 2662 bonus
3102 2617 3195 2662 est.
3224 2606 3376 2664 Psal-

1784 2714 1905 2754 mus
1934 2700 2154 2772 quintus
2185 2699 2427 2754 continet
2457 2699 2672 2754 laudem
2721 2697 3088 2767 liierusalem,
3132 2715 3252 2770 qua:
3292 2714 3379 2755 re-

1785 2802 2028 2850 staurata
2061 2803 2142 2851 est
2174 2803 2295 2864 post
2316 2796 2830 2867 peregrinationem.
2861 2796 2937 2851 De
2964 2813 3072 2868 quo
3107 2795 3248 2852 idem
3285 2795 3379 2866 qui

1786 2900 1972 2955 supra,
2009 2885 2062 2939 in
2101 2885 2291 2940 eodem
2317 2903 2329 2938 :
2363 2884 2503 2953 Quid
2538 2885 2682 2940 enim
2714 2886 2922 2941 factura
2953 2901 3036 2952 es,
3062 2902 3095 2942 ο
3125 2886 3383 2942 Hierusa-

1785 2977 1928 3033 lem?
1967 2979 2184 3034 Transit
2230 2979 2376 3034 enim
2415 2979 2568 3034 labor
2605 2987 2660 3034 et
2701 2981 2953 3054 gemitus,
2993 2980 3122 3052 quid
3170 2979 3380 3036 factura

1787 3071 1883 3126 es?
1910 3058 2146 3126 Aratura
2190 3071 2290 3128 es?
2337 3071 2709 3127 seminatura?
2749 3071 3122 3128 noveliatura?
3163 3073 3384 3143 naviga-

1789 3174 1912 3220 tura
1959 3165 2051 3220 cs?
2099 3165 2440 3236 negotiatura
2492 3165 2588 3219 es?
2632 3163 2763 3235 quid
2808 3165 3020 3220 factura
3055 3165 3154 3221 es?
3196 3164 3280 3219 An
3326 3164 3382 3218 ir.

1789 3257 1896 3313 illis
1924 3255 2199 3329 operibus,
2233 3255 2484 3327 quamvis
2516 3255 2676 3312 bonis
2704 3266 2760 3311 et
2786 3257 2851 3312 de
2882 3256 3257 3313 misericordia
3292 3272 3358 3312 ve

111 3361 287 3424 ineat,
321 3356 410 3411 vel
454 3361 655 3411 statum
702 3352 994 3422 temporis;
1047 3351 1186 3405 sicut
1226 3349 1300 3403 illi
1342 3347 1548 3403 faciunt
1595 3345 1687 3415 qui

1793 3353 2087 3418 nientibus,
2116 3352 2362 3406 exerceri
2393 3351 2570 3406 adhuc
2599 3361 2651 3405 te
2678 3351 2928 3421 oportet?
2958 3350 3254 3406 Considera
3285 3364 3358 3402 nu

117 3451 233 3504 irca
267 3447 583 3518 passionem
626 3443 839 3498 Domini
881 3448 936 3496 et
971 3439 1427 3494 resurrectionem
1462 3443 1689 3491 cantan-

111 3555 173 3598 ur
207 3561 220 3597 :
256 3547 317 3596 at
368 3536 718 3609 quotidianus
745 3546 955 3597 versus,
987 3533 1039 3585 in
1068 3530 1466 3600 posterioribus
1511 3527 1694 3581 verbis

111 3635 221 3698 uis,
257 3629 518 3704 quamvis
547 3641 654 3682 non
680 3627 996 3690 cantentu'r,
1025 3622 1213 3678 eadem
1239 3621 1412 3692 aperit
1440 3619 1692 3684 dicendo,

111 3730 340 3786 Elevatio
394 3737 646 3780 manuum
683 3735 920 3776 mearum
967 3718 1290 3788 sacriﬁcium
1328 3715 1690 3787 vespertinum.

111 3827 329 3891 'ropter
382 3819 496 3872 hate
541 3815 738 3881 verba,
779 3825 969 3869 versus
1011 3819 1370 3875 memoratus,
1419 3807 1699 3879 Dirigatur

115 3917 264 3969 ratio
297 3925 452 3977 mea,
485 3909 790 3975 inchoatur,
836 3905 930 3963 sed
976 3906 1160 3962 nescio
1191 3921 1291 3961 cur
1333 3920 1439 3959 non
1476 3907 1698 3958 canten-

111 4023 216 4063 ur:
253 4003 516 4069 forsitan,
560 4001 686 4074 quia
734 4000 1047 4057 cantoribus
1084 3999 1351 4071 displicet,
1399 3995 1542 4069 quod
1591 4010 1697 4050 non

111 4096 436 4153 onveniunt
476 4109 664 4149 eorum
697 4091 1171 4151 modulationibus.
1215 4091 1351 4147 Cum
1395 4089 1512 4162 ipso
1536 4103 1697 4144 versu

115 4188 324 4244 tl'crtur
357 4183 669 4252 incensum,
712 4185 854 4256 quod
884 4184 1148 4239 Dominus
1190 4183 1445 4254 praaccpit
1484 4179 1695 4245 ollbrri,

115 4299 146 4338 e
175 4285 296 4352 quo
328 4272 594 4349 scriptum
625 4287 708 4334 est
735 4278 788 4332 in
818 4277 956 4332 libro
985 4276 1154 4332 Exod.
1189 4293 1202 4330 :
1232 4271 1505 4346 Ponesque
1534 4273 1701 4328 altare

111 4387 280 4430 onlra
326 4369 521 4438 velum,
550 4371 690 4443 quod
717 4379 837 4425 ante
868 4385 1047 4422 arcani
1073 4367 1260 4439 pendet
1300 4366 1583 4420 testimonii
1618 4380 1704 4419 co-

111 4488 198 4525 am
230 4466 632 4540 propitiatorio,
659 4481 761 4536 quo
789 4464 980 4535 tegitur
1005 4463 1377 4526 testimonium,
1403 4460 1492 4515 ubi
1518 4459 1705 4532 loquar

112 4564 200 4617 ibi.
241 4555 321 4615 Et
357 4557 585 4613 adolebit
618 4559 884 4612 incensum
917 4573 1074 4628 super
1098 4574 1156 4612 eo
1192 4558 1370 4610 Aaron
1406 4571 1562 4609 suave
1593 4553 1706 4624 fra-

112 4673 250 4712 rans
288 4671 309 4710 :
343 4666 501 4706 mane
531 4652 754 4724 'quando
785 4652 1044 4723 componit
1080 4649 1343 4714 lucernas,
1369 4647 1610 4703 incendet
1638 4645 1702 4701 il-

1795 3464 2007 3506 merum
2037 3457 2208 3512 tuum,
2240 3445 2524 3510 considera
2559 3444 2797 3520 undique
2827 3444 3142 3508 societatem
3187 3452 3335 3500 tuam
3367 3460 3381 3497 ε

1794 3541 1918 3598 vide
1949 3549 2129 3594 utrum
2160 3538 2357 3610 aliquis
2379 3535 2586 3594 esuriat
2615 3537 2703 3593 cui
2731 3539 2977 3610 porrigas
3003 3553 3222 3610 panem,
3265 3537 3386 3592 vide

1797 3633 1843 3689 si
1889 3631 2083 3703 aliquis
2110 3631 2260 3685 sitiat
2289 3630 2374 3692 cui
2425 3630 2518 3686 des
2549 3628 2774 3686 calicem
2807 3644 2963 3700 aqum
3007 3627 3235 3702 frigidae,
3267 3625 3390 3684 vide

1798 3733 1981 3780 utrum
2024 3723 2218 3794 aliquis
2262 3719 2402 3794 apud
2441 3731 2493 3778 te
2533 3723 2692 3779 modo
2735 3722 3058 3794 peregrinus
3103 3729 3190 3777 est
3230 3733 3390 3792 quem

1799 3816 2036 3889 hOSpitio
2067 3815 2320 3884 recipias,
2348 3814 2472 3871 vide
2501 3823 2682 3870 utrum
2718 3814 2914 3885 aliquis
2943 3828 3090 3886 aeger
3129 3826 3290 3883 quem
3318 3809 3394 3866 vi-

1800 3909 1955 3975 sites,
1999 3908 2123 3964 vide
2170 3915 2354 3962 utrum
2391 3906 2587 3978 aliquis
2630 3905 2804 3981 litiget
2862 3920 3025 3976 quem
3071 3903 3390 3972 concordes,

1800 4000 1925 4056 vide
1972 4009 2154 4055 utrum
2203 3998 2400 4070 aliquis
2447 3998 2714 4054 moriatur
2760 4010 2921 4069 quem
2964 3995 3214 4067 sepelias.
3253 3992 3393 4062 Quid

1803 4110 1935 4167 ergo
1962 4092 2175 4149 factura
2219 4093 2316 4148 es?
2346 4090 2622 4162 Collauda,
2666 4089 3037 4155 Hierusalem,
3079 4088 3391 4145 Dominum.

1805 4187 1883 4244 De
1907 4187 2109 4259 hymno
2158 4193 2358 4240 sanctae
2400 4181 2584 4239 Mariae
2624 4184 2698 4238 ita
2731 4191 2930 4238 tractat
2958 4181 3208 4238 dominus
3247 4179 3396 4235 Beda

1806 4279 1861 4336 in
1893 4277 2131 4334 homiliis
2161 4277 2274 4332 suis
2312 4296 2324 4330 :
2356 4273 2536 4330 Verba
2583 4275 2749 4347 igitur
2787 4272 3112 4344 evangelicae
3149 4269 3395 4328 lectionis

1807 4370 2077 4442 frequenti
2127 4368 2481 4426 meditatione
2525 4367 2888 4433 revolvamus,
2933 4364 3181 4437 exempla
3224 4365 3396 4419 beata

1807 4462 1904 4522 Dei
1939 4463 2222 4537 genitricis
2250 4478 2465 4534 semper
2494 4462 2677 4518 animo
2714 4461 3069 4526 retineamus,
3095 4468 3156 4514 ut
3192 4457 3246 4513 in
3274 4472 3400 4512 con-

1808 4565 1998 4629 spectu
2033 4555 2130 4611 Dei
2163 4551 2395 4611 humiles
2422 4551 2661 4620 inventi,
2695 4559 2750 4610 et
2776 4551 3042 4623 proximis
3071 4564 3284 4622 quoque
3314 4549 3402 4602 de-

1808 4651 1923 4707 bito
1953 4649 2161 4706 honore
2197 4648 2477 4714 submissi,
2508 4661 2817 4703 mereamur
2845 4661 2951 4705 una
2983 4661 3106 4701 cum
3136 4645 3251 4716 ipsa
3281 4658 3404 4714 per-

112 4753 202 4817 ιτι,
243 4755 298 4802 et
344 4745 560 4817 quando
597 4746 818 4799 collocat
860 4764 948 4800 eas
983 4745 1051 4800 ad
1098 4759 1360 4816 vesperam
1382 4785 1396 4809 ,
1434 4751 1548 4796 uret
1585 4739 1704 4812 tlty-
1728 4750 1782 4811 1)
1808 4751 1972 4824 petuo
2011 4741 2294 4798 sublimari
2325 4739 2545 4813 gaudio.
2576 4738 2905 4796 Studeamus
2935 4737 3167 4794 sollicite
3198 4750 3266 4792 ne
3303 4749 3403 4790 nos

111 4846 294 4899 tiama
348 4837 723 4908 sempiternum
753 4854 928 4890 coram
971 4837 1220 4902 Domino,
1258 4846 1314 4891 et
1347 4834 1577 4905 reliqua.
1617 4833 1704 4888 ln-

111 4937 282 4994 andat
325 4945 579 4989 summus
610 4929 882 4994 sacerdos,
928 4928 1020 4999 qui
1048 4929 1221 4982 vicem
1267 4935 1413 4983 tenet
1439 4928 1620 4982 Aaron
1649 4928 1701 4981 in

111 5030 371 5095 icclcsia,
401 5025 520 5100 quis
545 5025 740 5080 debeat
765 5024 1044 5078 incensum
1071 5021 1267 5077 ollerre
1292 5020 1521 5074 Domino
1544 5035 1707 5090 super

112 5130 289 5185 itare.
347 5121 487 5178 Post
529 5119 633 5176 hoc
680 5119 926 5189 sequitur
976 5115 1210 5187 hymnus
1259 5122 1459 5170 sancta:
1501 5111 1702 5167 Marite.

111 5220 248 5276 .icut
277 5212 532 5287 quinque
558 5209 752 5282 psalmi
779 5209 1062 5280 deplorant
1090 5204 1233 5280 quod
1256 5205 1492 5276 quinque
1517 5218 1708 5259 sensus

111 5309 354 5384 orporis
392 5302 750 5376 deliquerant,
781 5302 854 5362 ita
895 5297 1127 5372 hymnus
1173 5307 1374 5355 sanctze
1402 5297 1585 5352 Marim
1612 5311 1706 5350 ca-

112 5407 258 5480 ligat
290 5398 681 5472 cogitationes,
708 5412 827 5467 qum
854 5411 912 5450 se
940 5392 1086 5449 inani
1106 5391 1369 5462 iactantia
1400 5389 1710 5445 extulerunt

111 5517 134 5552 a
171 5479 586 5569 prosperitate
642 5487 782 5554 diei,
836 5486 1108 5546 dicendo:
1151 5481 1408 5555 Dispersit
1460 5479 1708 5551 superbos

112 5601 268 5646 rente
307 5582 493 5641 cordis
529 5580 644 5646 sui,
688 5581 924 5653 deposuit
975 5585 1202 5651 potentes
1243 5576 1307 5630 de
1343 5574 1482 5630 sede.
1528 5572 1709 5642 Usque

119 5697 193 5737 uc
237 5675 481 5735 modum
518 5687 706 5728 eorum
756 5671 1031 5726 hominum
1078 5668 1332 5731 diximus,
1376 5671 1604 5733 excepto
1646 5665 1710 5718 de

114 5791 258 5830 ersu
293 5765 652 5834 dominicali,
689 5764 782 5838 qui
827 5763 1008 5838 aliqua
1046 5762 1367 5836 negligentia
1399 5757 1714 5832 percutiun—

111 5883 178 5921 ur
211 5861 380 5919 unde
412 5858 615 5916 habent
644 5859 918 5936 plangere.
952 5855 1021 5910 At
1043 5871 1184 5912 nunc
1215 5853 1501 5909 dicendum
1531 5857 1614 5904 est
1643 5849 1708 5905 de

111 5957 199 6014 llis
251 5952 364 6026 qui
413 5949 467 6005 in
502 5949 730 6008 Domino
775 5947 1130 6022 triumphant,
1163 5947 1217 6004 et
1262 5943 1612 6001 nihilominus
1653 5940 1704 5998 ei

1811 4837 2050 4893 indebite
2098 4834 2435 4892 laudantium
2479 4832 2634 4889 favor
2669 4832 2922 4896 extollat,
2965 4845 3090 4892 cum
3124 4829 3274 4884 illam
3317 4827 3400 4881 vi-

1813 4928 2038 4984 deamus
2078 4929 2220 4983 inter
2266 4925 2437 4982 verba
2483 4937 2629 4980 verae
2661 4920 2990 4976 laudationis
3025 4919 3404 4984 inconcussam

1813 5021 2139 5078 humilitatis
2184 5019 2425 5076 tenuisse
2472 5015 2858 5074 constantiam.
2908 5012 2968 5072 Si
3017 5009 3405 5072 immoderatus

1814 5111 2199 5182 temporalium
2230 5124 2414 5164 rerum
2444 5122 2544 5164 nos
2580 5105 2851 5178 appetitus
2899 5103 3160 5168 delectat,
3186 5099 3408 5156 remini-

1815 5218 2036 5260 scamur
2061 5202 2186 5272 quia
2207 5199 2373 5271 judex
2399 5206 2584 5254 noster
2613 5197 2807 5255 divites
2841 5195 3067 5250 dimittit
3098 5193 3308 5247 inanes.
3345 5188 3406 5245 Si

1812 5294 2129 5366 temporalis
2155 5291 2372 5347 alliictio
2404 5290 2547 5348 forte
2578 5297 2819 5345 mentem
2853 5286 3166 5352 conturbat,
3199 5283 3406 5355 recogi-

1810 5396 1989 5444 temus
2024 5384 2146 5456 quia
2176 5393 2229 5440 et
2272 5381 2506 5440 humiles
2553 5382 2776 5439 exaltat.
2804 5371 3092 5451 Nunquam
3123 5379 3188 5434 de
3236 5379 3406 5450 impe-

1812 5479 2000 5536 tranda
2031 5475 2390 5534 admissorum
2429 5475 2586 5530 venia
2624 5475 3000 5545 desperemus,
3033 5472 3160 5543 quia
3194 5468 3408 5532 miseri-

1815 5571 2001 5629 cordia
2024 5569 2141 5641 ejus
2171 5586 2202 5630 a
2229 5559 2486 5641 progenie
2513 5567 2568 5621 in
2603 5565 2892 5638 progenies
2918 5563 3236 5622 timentibus
3259 5576 3402 5617 eum.

1813 5663 1954 5722 Nulli
2005 5664 2148 5720 inter
2206 5660 2346 5717 mala
2399 5675 2519 5732 qua:
2574 5658 2704 5715 fecit
2757 5659 2980 5732 gravior
3033 5654 3406 5732 impmnitendi

1814 5758 1972 5828 culpa
2000 5757 2275 5826 subrepat,
2311 5753 2437 5823 quia
2465 5753 2605 5808 Deus
2641 5751 2888 5832 superbis
2927 5749 3155 5816 resistit,
3200 5761 3409 5818 eosque

1810 5852 2097 5924 beatorum
2123 5859 2270 5906 sorte
2307 5862 2620 5913 secernens,
2652 5863 2748 5919 per
2787 5845 2938 5923 varia
2965 5859 3251 5926 poenarum
3281 5843 3400 5910 loca

1811 5958 1912 6017 pro
1939 5949 2285 6015 peccatorum
2319 5940 2583 5998 varietate
2619 5937 2898 6011 dispergit.
2929 5927 3021 5994 Fit
3063 5945 3269 6001 autem,
3301 5931 3412 5988 iar-
