4000 6480
520 409 666 472 H85
1543 393 1876 457 AMALARII
1911 385 2352 455 PRESBYTER!
2385 380 2728 441 METENSIS
3687 369 3832 425 ηει

519 527 701 601 giente
728 520 974 586 Domino,
1019 526 1083 575 ut
1126 517 1173 574 si
1219 517 1392 574 beata:
1424 513 1609 570 Maria:
1647 525 1861 580 semper
1889 516 2011 564 acta
2038 512 2096 561 et
2120 506 2174 568 Α
2194 499 2340 556 enim
2378 495 2651 552 immerito
2677 498 2857 562 potest
2882 487 3002 543 lucc
3045 498 3175 557 pars
3219 481 3402 539 noctis
3433 479 3829 538 conticinium

2366 592 2377 601 .
2438 590 2448 601 .
2715 599 2722 601 Α
2781 583 3046 601 .ι,-----..ι
3097 578 3267 601 -.μ-ξ-
3354 575 3512 601 Δ-..,1
3573 587 3680 601 ΛΑιι
3741 573 3827 601 nn:

523 573 699 601 D"""
729 573 974 586 -ν-τ--ηι
1130 573 1147 574 νκ
1272 573 1277 574 κ
1763 573 1778 580 -

523 622 662 679 dicta
691 615 1009 679 recolamus,
1036 627 1250 682 semper
1280 613 1336 666 in
1366 609 1522 665 nobis
1550 615 1605 662 et
1631 604 1972 661 observantia
2007 616 2096 656 ca-
2195 592 2401 655 vocari,
2435 590 2490 644 in
2520 602 2627 658 qua
2672 583 3048 641 conticescunt
3092 578 3294 634 omnia.
3344 575 3516 645 Apud
3571 587 3686 627 eos
3737 573 3828 642 qui

523 711 721 768 stitatis
749 717 805 764 et
846 704 1063 761 virtutis
1089 671 1254 773 opera
1287 706 1654 771 perseverent.
1695 695 1828 750 Nam
1857 703 1913 750 et
1954 694 2098 764 opti-
2198 696 2415 742 noctem
2455 681 2702 737 dividunt
2736 679 2790 732 in
2830 685 3036 748 septem
3066 682 3270 744 partes,
3318 671 3510 740 prima
3542 682 3695 738 pars
3741 683 3828 723 vo.

524 818 644 858 mus
691 815 754 855 ac
800 797 1189 854 saluberrimus
1222 795 1274 848 in
1317 801 1503 848 sancta
1547 790 1786 846 Ecclesia
1825 803 1942 843 mos
1984 788 2103 842 ino-
2201 789 2356 835 catur
2383 773 2786 848 crepusculum,
2814 767 3052 825 secunda
3080 778 3388 836 vesperum,
3418 761 3615 816 tertia
3651 760 3832 815 conti-

525 898 654 953 levit
693 904 752 950 ut
782 896 1012 966 hymnus
1042 891 1207 960 ipsius
1235 888 1474 958 quotidie
1517 901 1639 942 cum
1683 883 1980 956 psalmodia
2011 896 2102 936 ve-
2202 872 2425 935 Cillium»
2464 869 2531 922 de
2567 882 2672 935 qua
2704 878 2846 918 ""“C
2871 861 3102 932 θεὶωυε,
3147 871 3311 926 quam
3343 855 3472 908 ideo
3533 853 3628 907 δίο
3675 867 3830 922 Ροεεο

2490 963 2535 966 κ,
2802 958 2812 966 .
2882 957 2894 966 .
3179 952 3212 966 _.
3428 958 3441 966 ,
3510 948 3702 966 hunc
3777 945 3821 966 ι,

527 990 782 1061 spertinze
808 986 981 1041 laudis
1030 983 1097 1038 ab
1144 983 1391 1038 omnibus
1435 988 1681 1040 canatur,
1725 985 1987 1046 quatenus
2036 988 2104 1028 ex
2202 967 2385 1024 vocari
2426 963 2678 1025 arbitror,
2725 958 2849 1029 quia
2881 957 2936 1010 in
2966 971 3034 1010 eo
3073 952 3448 1009 conticescunt
3501 948 3731 1002 omnia.
3776 945 3829 1001 lu

2339 1057 2379 1061 .-
2421 1057 2431 1061 -
2869 1049 2880 1061 ι
2947 1048 2957 1059 ι
3047 1060 3052 1061 ,
3111 1044 3144 1061 ,1
3193 1052 3315 1061 ἀμ-..
3358 1053 3556 1061 __-_-_--
3596 1037 3667 1061 ..ΑΙ
3714 1053 3806 1061 ..--

529 1037 779 1061 ’Ί’“¹““’“’
810 1037 976 1041 -ν--ντή
1036 1037 1056 1038 η
1184 1037 1187 1038 ν
1669 1037 1676 1040 -
1743 1037 1758 1046 -

529 1082 634 1138 hoc
660 1080 868 1133 animos
893 1075 1129 1130 fidelium
1164 1081 1218 1128 et
1245 1070 1577 1141 frequentior
1603 1067 1896 1122 Dominicm
1929 1065 2106 1118 incar—
2207 1074 2270 1113 eo
2296 1057 2473 1112 officio
2508 1061 2740 1124 quatuor
2769 1048 2962 1119 psalmi
3005 1044 3316 1100 recoluntur
3358 1053 3558 1108 usque
3594 1037 3671 1091 ad
3714 1053 3828 1092 ver-

535 1171 770 1229 nationis
802 1167 1078 1230 memoria,
1109 1165 1174 1220 ad
1208 1162 1455 1218 affectum
1484 1159 1786 1215 devotionis
1823 1155 2104 1216 accendat,
2209 1167 2345 1206 sum.
2378 1150 2435 1204 In
2462 1156 2693 1218 quatuor
2731 1144 2956 1214 psalmis
2979 1149 3212 1210 quatuor
3232 1137 3521 1191 elementa
3582 1133 3827 1202 corporis

532 1263 911 1334 et'recogitata
939 1259 1133 1330 szepius
1166 1255 1409 1326 exempla
1446 1251 1721 1324 genitricis
1749 1248 1890 1302 illius
1925 1247 1981 1300 in
2007 1245 2108 1299 vir-
2211 1242 2378 1297 nostri
2418 1236 2860 1294 commendamus
2900 1232 3146 1287 Domino.
3190 1228 3346 1294 Quod
3389 1239 3614 1280 versus
3648 1231 3826 1292 aperte

2396 1332 2405 1334 Α
2539 1331 2570 1334 -_
2792 1325 2822 1334 η
2969 1326 3000 1334 ..
3175 1320 3209 1334 ,η
3309 1320 3319 1329 .
3504 1326 3520 1334 _
3690 1314 3818 1334 ,ημ-

535 1361 710 1411 tutum
744 1314 1031 1407 soliditate
1059 1314 1396 1404 conﬁrment.
1442 1314 1510 1398 Et
1543 1344 1647 1397 hoc
1692 1348 1995 1410 opportune
2043 1336 2110 1391 ad
2212 1332 2489 1396 dilucidat,
2523 1331 2707 1386 dicens
2741 1347 2753 1382 :
2783 1325 3000 1382 Custodi
3031 1340 3130 1387 me,
3164 1320 3417 1382 Domine,
3454 1326 3520 1369 ut
3574 1314 3823 1383 pupillus

497 1471 500 1474 ’
535 1459 790 1517 vesperes
818 1442 936 1497 fieri
975 1438 1320 1509 complacuit,
1365 1442 1423 1489 ut
1453 1433 1699 1489 videlicet
1729 1406 1972 1499 fatigata
2017 1442 2113 1497 per
2213 1426 2384 1490 oculi;
2417 1424 2509 1478 sub
2541 1423 2726 1476 umbra
2765 1419 2971 1473 alarum
3015 1427 3229 1469 tuarum
3266 1421 3490 1482 protege
3546 1425 3652 1462 me.
3691 1406 3823 1475 Quot

537 1539 676 1594 diem
717 1550 779 1590 ac
810 1535 1044 1590 distenta
1091 1529 1319 1585 diversis
1366 1525 1779 1596 cogitationibus
1829 1535 1981 1575 mens
2011 1533 2112 1572 no-
2213 1518 2454 1590 pericula
2496 1516 2708 1586 possint
2750 1512 3020 1568 hominem
3067 1507 3327 1562 invadere
3355 1501 3694 1558 dormiendo
3722 1515 3819 1554 ex-

537 1640 668 1694 stra,
717 1629 1059 1685 incumbente
1105 1634 1343 1692 tempore
1384 1621 1605 1691 quietis,
1654 1617 1720 1672 ad
1765 1616 2018 1670 unionem
2056 1627 2115 1668 se
2219 1611 2484 1665 trinsecus
2541 1607 2829 1678 plusquam
2877 1599 3171 1672 vigilando,
3217 1595 3616 1664 unusquisque
3667 1604 3819 1644 reco-

538 1737 649 1776 suze
671 1718 1120 1776 considerationis
1143 1715 1437 1786 colligeret,
1467 1710 1688 1779 jamque
1711 1707 1999 1763 salubriter
2027 1703 2117 1758 ad-
2219 1705 2425 1778 gnoscit
2451 1701 2541 1771 qui
2571 1699 2655 1754 vel
2687 1696 2922 1752 tenuiter
2948 1693 3106 1763 sapit.
3133 1689 3371 1759 Aptatur
3417 1680 3821 1754 quodammodo

539 1814 774 1878 monita,
822 1809 1079 1881 quidquid
1129 1805 1457 1876 superﬂuum
1501 1802 1587 1857 vel
1630 1801 1877 1854 nocivum
1923 1798 2114 1852 diurna
2221 1799 2325 1853 hoc
2373 1794 2605 1851 ofﬁciunt
2655 1784 3146 1849 commendationi,
3199 1797 3310 1851 qua
3355 1795 3421 1834 se
3474 1774 3827 1833 commendat

540 1905 820 1976 vagatione
864 1867 1244 1963 contraxisset,
1276 1904 1445 1952 totum
1474 1895 1575 1949 hoc
1618 1890 1898 1947 nocturnis
1943 1889 2118 1942 denuo
2145 1880 2193 1939 B
2221 1891 2382 1944 homo
2425 1885 2556 1950 Deo,
2585 1881 2801 1952 quando
2846 1877 3040 1932 transit
3084 1875 3150 1930 de
3188 1871 3414 1927 saeculo.
3466 1867 3706 1923 Somnus
3741 1872 3829 1918 est

540 1995 792 2065 precibus
835 2002 889 2047 et
940 1989 1198 2060 lacrymis
1245 2003 1313 2042 ex
1361 1996 1600 2056 tempore
1634 1982 1942 2038 mundaret.
1991 1979 2122 2033 Post
2223 1982 2400 2049 imago
2444 1977 2654 2032 mortis.
2701 1973 2852 2029 Sicut
2897 1971 3042 2025 enim
3089 1967 3362 2021 alienatur
3415 1977 3580 2017 mens
3629 1958 3830 2013 mortui

543 2087 688 2142 hunc
729 2087 984 2156 hymnum
1032 2097 1128 2150 per
1170 2087 1355 2134 noctes
1401 2077 1711 2132 Dominicas
1750 2073 2019 2142 aliquibus
2065 2069 2123 2124 in
2223 2071 2458 2128 hominis
2496 2069 2564 2124 ab
2603 2068 2724 2122 istis
2759 2063 3100 2125 mortalibus,
3139 2067 3194 2112 et
3229 2055 3469 2110 miseria
3512 2052 3688 2121 hujus
3733 2064 3830 2103 sat-

544 2178 677 2233 locis
706 2177 901 2232 dicitur
928 2173 1088 2243 Kyrie
1119 2171 1334 2234 eleisou,
1362 2177 1422 2222 ut
1447 2167 1627 2222 audivi
1656 2166 1862 2229 Romm,
1892 2172 1947 2218 et
1974 2170 2124 2233 post—
2225 2163 2331 2219 culi
2371 2161 2625 2218 oblivioni
2672 2159 2980 2220 traduntur,
3022 2155 3097 2208 ita
3141 2147 3548 2220 quodammodo
3611 2145 3834 2199 animus

545 2284 608 2324 ea
639 2268 901 2324 collecta:
931 2263 1200 2334 aliquibus
1233 2263 1287 2316 in
1327 2260 1460 2315 locis
1492 2258 1716 2314 collecta
1753 2255 2125 2312 tantummodo
2227 2252 2545 2310 dormientis
2583 2250 2853 2305 alienatur
2892 2263 2924 2300 a
2964 2239 3373 2313 cogitationibus
3416 2237 3722 2292 consuetis
3779 2243 3837 2287 et

548 2362 807 2431 sequitur.
839 2357 992 2414 Sicut
1023 2353 1448 2426 genuﬂexionem
1490 2349 1789 2404 omittimus
1840 2344 2127 2401 recolendo
2228 2348 2296 2400 ab
2333 2345 2481 2400 omni
2519 2341 2696 2398 ollicio
2734 2337 3037 2410 temporali.
3065 2334 3216 2402 Quod
3238 2337 3505 2385 monstrat
3543 2325 3838 2398 Augusti-

548 2452 998 2509 resurrectionem
1033 2456 1290 2509 nostram,
1325 2447 1399 2500 ita
1430 2450 1484 2498 et
1512 2457 1702 2513 preces
1745 2438 1949 2494 ﬂebiles
1989 2451 2128 2506 prae-
2228 2458 2331 2498 uus
2368 2442 2422 2496 in
2452 2455 2561 2494 uno
2586 2452 2744 2493 versu
2778 2434 2972 2507 psalmi
3000 2430 3185 2502 primi,
3215 2427 3305 2496 qui
3335 2425 3556 2480 canitur
3583 2423 3647 2476 ‘m
3680 2435 3840 2476 cum.

549 2546 716 2601 sentis
733 2547 877 2610 vitae,
903 2558 1040 2614 quas
1063 2541 1296 2597 solemus
1316 2553 1438 2594 cum
1465 2533 1833 2607 genuﬂexionc
1853 2543 2123 2602 promere,

2256 2538 2459 2595 iletorio
2487 2535 2711 2591 dicens:
2745 2506 2810 2584 In
2849 2544 2975 2600 pace
3005 2529 3059 2580 in
3090 2525 3328 2594 idipsum
3359 2506 3635 2574 dormiam
3674 2524 3722 2568 et
3763 2530 3836 2567 re-

550 2635 604 2691 in
637 2638 717 2691 eis
750 2636 1000 2690 noctibus
1035 2633 1356 2688 omittimus.
1389 2628 1459 2685 Ut
1487 2626 1734 2696 superius
1781 2624 2126 2678 demonstra-
2229 2605 2514 2702 ξμιεεδεαηι,
2571 2626 2739 2680 Recte
2764 2622 2908 2678 enim
2936 2635 2966 2673 ει
2997 2617 3198 2672 talibus
3224 2620 3495 2683 speratur
3528 2605 3835 2664 omnimodo

550 2738 664 2782 tum
707 2737 881 2782 estex
918 2725 1101 2780 verbis
1131 2719 1438 2793 Augustini,
1479 2719 1536 2772 in
1575 2717 1661 2770 illa
1695 2713 1900 2770 cmlesti
1936 2712 2130 2767 Hieru-

2257 2723 2429 2779 uentis
2467 2718 2790 2775 abalienatio
2832 2731 2862 2768 a
2898 2710 3218 2768 mortalibus
3256 2707 3456 2768 rebus,
3490 2713 3550 2760 et
3595 2701 3837 2757 miseria-

551 2820 740 2882 salcm,
768 2817 856 2872 ubi
889 2815 1218 2872 resurrectio
1245 2821 1329 2867 est
1359 2826 1506 2876 vera,
1539 2809 1594 2863 in
1625 2823 1684 2862 re
1717 2805 1862 2861 nulla
1889 2804 2130 2875 precatio

2258 2832 2354 2871 'um
2381 2813 2564 2870 saeculi
2591 2813 2750 2882 hujus
2770 2807 2987 2872 oblivio,
3016 2820 3136 2875 qua:
3161 2801 3390 2858 nomine
3415 2795 3838 2854 obdormitionis

457 2950 460 2952 ‘
549 2929 648 2986 Dm
679 2912 914 2966 miseriis
937 2909 1301 2964 θῖθτθθιήῑυνο
1333 2904 1671 2973 Quapropter
1698 2907 1912 2954 tantum
1953 2895 2134 2966 SEQUi‘
2234 2920 2289 2970 et
2327 2909 2502 2966 somni
2559 2907 2813 2961 decenter
2854 2910 2911 2956 et
2960 2897 3275 2969 prophetice
3342 2891 3717 2962 signiﬁcatur,
3751 2885 3835 2940 ubi

552 3015 641 3061 tur
672 3002 925 3062 collecta,
961 3015 1121 3068 quam
1160 2997 1297 3052 solet
1341 2996 1624 3065 presbyter
1660 2994 1852 3048 stando
1891 2989 2134 3062 proferre
2235 3017 2445 3061 summa
2489 3015 2594 3071 pax
2647 2996 2794 3052 ηυιιο
2840 2993 3073 3048 tumultu
3111 2986 3448 3058 ξηιετροιιιιιῑ
3509 2991 3725 3054 potest,
3751 2978 3835 3034 sed

554 3098 622 3151 ob
655 3092 1087 3178 recordationem
1115 3087 1310 3142 futura:
1356 3084 1790 3148 resurrectionis,
1824 3098 1920 3154 per
1951 3082 2134 3137 Domi-
2234 3098 2338 3152 hoc
2363 3070 2625 3164 jam’non
2670 3097 2881 3144 ιεηριυιι
2908 3087 2963 3140 in
2991 3085 3092 3138 hac
3129 3082 3262 3143 vita,
3293 3079 3398 3134 sed
3431 3089 3571 3147 ροει
3601 3077 3726 3129 hanc
3763 3070 3832 3125 τί.

555 3190 708 3243 nicas
733 3196 937 3242 ηοειθε·
971 3184 1237 3251 Quoniam
1284 3183 1338 3236 ίη
1383 3180 1636 3250 lmeseﬂti
1679 3177 1878 3233 SIBCUIO
1919 3191 2130 3240 Sumus.
2163 3233 2204 3257 η
2239 3198 2347 3243 tam
2374 3184 2701 3257 sperandum
2726 3189 2828 3236 est.
2857 3177 3138 3234 Secundus
3164 3173 3418 3244 psalmus
3449 3171 3653 3224 transit
3677 3179 3833 3236 usque

556 3293 776 3335 necesse
799 3285 882 3332 est
926 3275 1080 3330 nobis
1115 3283 1176 3328 ut
1219 3272 1526 3327 muniamur
1556 3270 1890 3325 orationibus
1919 3276 2137 3323 sancto-
2163 3233 2206 3296 Ο
2240 3282 2306 3336 ad
2336 3233 2484 3336 “him
2512 3291 2728 3332 versum
2761 3274 2814 3328 ίη
2852 3286 2959 3341 quo
2987 3233 3234 3323 Christus
3259 3265 3537 3334 ερίι-ίιιιω
3569 3275 3716 3315 suum

557 3387 673 3425 rum
712 3369 1170 3441 presbyterorum.
1222 3366 1288 3420 Et
1328 3365 1455 3435 quia
1498 3363 1896 3434 quodammodo
1942 3360 2136 3416 recoli-

2253 3373 2346 3429 suit
2391 3374 2444 3426 in
2488 3383 2667 3426 cruce.
2717 3366 2776 3420 In
2821 3379 2928 3434 quo
2971 3361 3215 3430 cupimus
3251 3354 3611 3411 conformari
3641 3349 3833 3404 dormio

555 3477 674 3517 mus
708 3459 1053 3515 festivitatem
1081 3458 1278 3514 civium
1325 3455 1562 3512 cmlestis
1589 3453 1947 3518 Hierusalem,
1977 3467 2139 3523 opor-
2241 3465 2372 3522 ιίοηί
2399 3461 2535 3531 eius,
2567 3461 2672 3515 hoc
2709 3465 2824 3522 ρει,
2854 3463 2915 3509 ut
2953 3437 3191 3508 membra
3223 3448 3531 3517 quiescant
3567 3453 3620 3498 et
3648 3456 3738 3496 cor
3761 3442 3837 3495 vi-

559 3561 634 3608 tet
658 3568 757 3607 nos
795 3551 1071 3606 celebrare
1109 3549 1254 3604 illam
1283 3547 1474 3617 majori
1515 3547 1703 3602 lmtitia
1736 3556 1790 3602 et
1824 3547 2136 3610 securitate,
2242 3559 2387 3631 είιρι,
2421 3555 2638 3610 Tertius
2661 3551 2926 3622 ρεαιηηιε,
2962 3546 3050 3616 qui
3077 3542 3276 3596 habita;
3307 3541 3367 3592 in
3397 3538 3704 3608 adiutorio,
3736 3532 3839 3602 ptes

556 3659 720 3714 quam
766 3659 888 3698 cum
939 3641 1273 3697 celebramus
1326 3647 1571 3694 nostram
1623 3637 2134 3707 peregrinationem.

2258 3622 2344 3703 ius
2379 3653 2464 3700 est
2495 3642 2677 3698 verbis
2706 3637 3011 3694 orationum
3048 3646 3166 3701 quae
3212 3628 3596 3698 deprecantur
3634 3622 3838 3679 Domini

558 3735 821 3803 Quoniam
865 3734 919 3792 in
959 3732 1368 3804 Scptuagesima
1409 3729 1784 3785 inchoavimus
1831 3729 1972 3782 hanc
2005 3742 2140 3782 con-
2241 3735 2655 3809 proiectione").
2703 3729 2806 3796 Qui
2849 3735 2903 3781 et
2961 3722 3258 3780 secundum
3310 3717 3630 3773 Romanum
3686 3727 3842 3766 usum

563 3828 896 3883 stitutionem
930 3823 1301 3897 [cautionem],
1328 3822 1575 3878 volumus
1623 3819 1948 3890 subiungere
1996 3819 2142 3874 dicta
2245 3837 2498 3889 cantatur
2533 3827 2587 3881 in
2626 3824 2924 3878 Parasceve
2961 3825 3083 3888 post
3124 3814 3453 3875 lectionem,
3504 3811 3559 3864 in
3604 3822 3716 3877 qua
3766 3819 3844 3858 se-

562 3919 734 3974 sancti
758 3918 1044 3989 Augustini
1080 3917 1145 3971 de
1175 3915 1600 3987 Septuagesima,
1630 3929 1749 3984 quae
1777 3913 1909 3967 dicit
1947 3913 2002 3966 in
2033 3921 2144 3967 tra-
2245 3923 2482 3980 cundum
2543 3919 2680 3974 Osee
2745 3923 2929 3970 nostra
2994 3895 3364 3965 mortiﬁcatio'
3402 3905 3470 3958 ad
3527 3899 3848 3968 exemplum

563 4018 711 4068 ctatu
739 4010 967 4080 psalmi,
993 4008 1178 4063 Lauda
1199 4049 1213 4074 ,
1256 4006 1620 4072 Hierusalem,
1651 4005 1935 4061 Dominum
1963 4020 1980 4058 .'
2013 4006 2144 4062 Post
2244 4012 2447 4068 Christi
2471 4008 2892 4080 demonstratur,
2921 4012 2976 4058 et
3003 3998 3336 4056 resurrectio
3362 4002 3472 4066 post
3512 3993 3653 4044 duos
3691 3990 3844 4043 dies.

564 4104 899 4175 septuaginta
929 4118 1058 4173 ergo
1093 4116 1261 4157 annos
1289 4116 1411 4156 cum
1448 4102 1735 4172 pr0phetat
1761 4099 2026 4154 Jeremias
2058 4115 2144 4153 re-
2244 4103 2512 4158 Admonet
2546 4077 2646 4154 nos
2685 4113 2784 4168 per
2824 4097 2968 4150 hunc
3009 4091 3275 4162 psalmum
3307 4085 3628 4156 compositor
3671 4080 3850 4137 cilicii

563 4197 746 4299 P-al‘a'ILi
791 4195 1063 4297 οῖνίῐδῐθξη
1111 4191 1472 4258 Hierusalem,
1519 4201 1572 4246 ει
1610 4192 1814 4246 lacum
1846 4197 1930 4246 est
1965 4198 2025 4244 ut
2068 4189 2144 4244 ibi
2246 4205 2306 4252 ut
2338 4197 2393 4250 in
2419 4193 2670 4250 omnibus
2694 4187 2947 4261 periculis
2967 4193 3022 4240 et
3047 4182 3510 4242 tribulationibus,
3534 4180 3845 4232 secundum

1543 4298 1546 4299 ,
1699 4298 1702 4299 ,
1786 4281 1813 4299 Δ
1832 4297 1842 4299 Α
1865 4298 1870 4299 ,
1891 4289 1941 4299 μ-
1967 4297 1995 4299 α
2071 4287 2142 4299 Δί.
2343 4289 2357 4299 .
2477 4285 2488 4296 ο
2753 4298 2756 4299 ν
2825 4287 2982 4299 ,,-._-
3019 4279 3221 4299 1--.-..ιιι
3252 4275 3316 4299 ..τι
3348 4274 3408 4299 ...1
3439 4269 3843 4299 ,ΙΑ-ι-Λιιει-ιληνη

565 4282 961 4358 significaretur
1007 4285 1184 4355 imago
1253 4285 1593 4348 futurorum,
1640 4281 2005 4352 signiﬁcatum
2062 4287 2145 4335 est
2247 4289 2413 4343 verba
2444 4285 2581 4355 ejus,
2615 4298 2768 4339 mens
2806 4287 2989 4336 nostra
3019 4279 3224 4332 intenta
3252 4275 3322 4329 sit
3346 4274 3410 4328 ad
3437 4269 3845 4341 deprecandum

565 4381 722 4435 nobis
746 4388 866 4450 post
891 4393 1105 4433 omnem
1128 4378 1284 4432 istam
1305 4375 1696 4432 volubilitatem
1722 4375 1998 4445 temporis,
2025 4388 2145 4444 qua:

2260 4381 2439 4434 Deum.
2466 4378 2545 4432 Ac
2574 4378 2695 4432 ideo
2719 4376 2844 4443 quia
2872 4385 3094 4427 somnus
3136 4376 3324 4424 noster
3364 4366 3604 4433 aliquam
3653 4362 3840 4417 simili.

564 4473 868 4542 septenario
893 4485 1116 4525 numero
1138 4469 1388 4534 volvitur,
1423 4466 1662 4521 futuram
1692 4465 1838 4521 illam
1867 4465 2143 4520 civitatem
2247 4473 2489 4528 tudinem
2533 4469 2696 4523 habet
2743 4465 3085 4520 dormitionis
3131 4475 3320 4517 eorum
3368 4458 3462 4528 qui
3505 4457 3611 4511 sub
3663 4463 3840 4526 prote-

568 4574 806 4658 {10_5‘_'"3“_‘
851 4564 904 4616 ί¹¹
956 4562 1257 4616 εεῑοηιίιτιιθ
1300 4562 1352 4615 ίη
1398 4575 1524 4658 υῐξο.
1552 4560 1656 4614 άίθ·
1708 4558 1766 4612 In
1803 4558 1892 4612 illa
1947 4557 2144 4628 quippe
2170 4597 2224 4658 Β
2249 4564 2426 4619 ctione
2456 4557 2667 4615 Domini
2708 4556 3043 4610 transierunt
3069 4554 3135 4608 de
3163 4551 3413 4623 praesenti
3445 4548 3669 4608 smlo,
3706 4545 3842 4600 idem

569 4653 900 4708 habitatione
952 4659 1164 4718 tempus
1215 4666 1319 4703 non
1386 4650 1640 4713 volvitur,
1684 4648 1809 4718 quia
1871 4648 2144 4702 habitato-
2171 4642 2221 4658 "
2249 4657 2488 4729 psalmus
2529 4659 2778 4708 οειηωωιι
2809 4651 2862 4703 in
2891 4646 3240 4720 ροωριειοι-ίο
3272 4652 3485 4698 nostra,
3515 4642 3629 4696 Nec
3661 4655 3768 4694 non
3791 4645 3842 4691 εί

570 4745 719 4800 ribus
769 4759 873 4798 "0“
903 4741 1122 4796 13mm"-
1157 4741 1235 4795 Ει
1265 4740 1447 4794 verbis
1480 4741 1625 4794 beati
1664 4740 1948 4807 Αυὲιιειίηί
1985 4739 2146 4794 ἀοεθο
2251 4728 2477 4821 quartus
2503 4745 2744 4816 psalmus
2768 4742 2948 4812 aliquo
2976 4740 3134 4795 modo
3170 4736 3360 4793 recolit
3396 4734 3760 4789 intentionem
3787 4728 3841 4782 il-

569 4856 689 4896 mur
723 4853 818 4911 per
847 4835 1310 4909 Septuagesimum
1343 4835 1613 4908 designari
1646 4851 1884 4906 praesens
1915 4843 2148 4904 tempus,

2265 4857 2427 4897 uorum
2457 4840 2550 4910 qui
2595 4839 2648 4892 in
2679 4837 3026 4892 tribulatione
3046 4841 3187 4896 sunt,
3219 4840 3276 4887 et
3304 4840 3487 4884 tamen
3518 4829 3584 4882 de
3627 4823 3845 4880 tribula-

567 4932 710 5004 quod
739 4930 970 4985 volvitur
1009 4929 1315 5000 septenario
1348 4942 1605 4994 numero;
1640 4935 1696 4982 et
1735 4942 1831 4997 per
1869 4926 2147 4997 paschales

2268 4935 2401 4989 tione
2430 4937 2714 4986 transeunt
2743 4929 2798 4983 in
2832 4943 2980 4999 pace,
3016 4924 3242 4980 dicendo
3268 4941 3282 4976 :
3314 4921 3382 4976 In
3411 4919 3658 4973 noctibus
3692 4915 3848 4970 ωολ-

569 5024 1130 5097 dies,quisequuntur
1146 5019 1883 5094 Septuagesimam,_luturam
1896 5019 2149 5090 patriam.
2253 5023 2344 5078 me
2373 5039 2562 5077 manu;
2591 5030 2782 5075 uestras
2804 5020 2858 5072 in
2887 5025 3087 5071 εαηεια,
3114 5013 3267 5070 Unde
3287 5009 3632 5081 Augustinus
3662 5009 3721 5062 iu
3746 5018 3850 5059 ιη.

1160 5112 1387 5168 CAPUT
1429 5113 1561 5170 Vlll.
2259 5124 2405 5170 ctatu
2431 5114 2670 5183 ejusdem
2703 5110 2917 5182 psalmi,
2945 5107 3060 5162 Nox
3089 5107 3232 5162 enim
3263 5103 3438 5158 tristis
3474 5115 3568 5155 res
3592 5108 3710 5160 est,
3745 5100 3851 5151 dies

1129 5205 1204 5260 De
1235 5205 1588 5276 completorio.
2258 5204 2381 5259 lcela
2410 5218 2498 5257 res
2524 5213 2626 5258 est.
2658 5202 2709 5255 Et

2274 5212 2381 5258 aeta
2410 5218 2498 5257 res
2524 5213 2626 5258 est.
2658 5202 2725 5255 Et
2770 5200 2930 5271 paulo
2957 5207 3080 5269 post
3115 5217 3127 5253 :
3160 5195 3472 5252 Benedicite
3505 5208 3643 5262 ergo
3675 5190 3854 5246 Domi.

645 5299 1066 5372 Completorium
1108 5299 1230 5355 ideo
1254 5298 1452 5354 dicitur
1499 5298 1625 5368 quia
1665 5299 1720 5354 in
1763 5313 1828 5354 eo
1856 5297 2156 5368 completur
2263 5313 2409 5354 num.
2454 5297 2713 5364 Quando?
2754 5294 2820 5348 In
2852 5294 3105 5348 noctibus.
3148 5289 3372 5357 Quando
3402 5287 3700 5342 benedixit
3739 5284 3850 5343 Job,

575 5395 922 5468 quotidianus
949 5407 1079 5447 usus
1107 5392 1210 5447 cibi
1247 5393 1360 5447 sive
1386 5399 1567 5463 potus,
1599 5392 1689 5461 qui
1729 5393 2038 5448 necessario
2069 5405 2158 5445 su-
2265 5391 2480 5461 quando
2529 5389 2701 5444 tristis
2744 5404 2847 5443 nox
2901 5388 3053 5442 erat?
3089 5384 3282 5439 Ablata
3323 5389 3449 5438 sunt
3497 5382 3696 5436 omnia
3743 5391 3856 5448 qu

576 5491 748 5546 mitur
770 5486 836 5542 ad
864 5485 1311 5540 sustentationem
1351 5485 1620 5555 corporis,
1647 5499 1738 5540 seu
1773 5484 1974 5539 locutio
2009 5499 2158 5539 com-
2262 5483 2692 5555 possidebantur,
2725 5481 2888 5536 ablati
2920 5480 3014 5534 lilii
3039 5479 3235 5550 quibus
3262 5477 3648 5533 servabantur.
3685 5475 3856 5542 Quam

579 5580 777 5635 ωυηίδ·
811 5575 963 5633 Unde
1009 5585 1065 5630 θῑ
1113 5575 1254 5645 ap“d
1302 5576 1596 5630 monachos
1640 5583 1853 5630 ῑθηθῑυν
1891 5590 2043 5641 υδιιεν
2090 5589 2158 5630 ex
2264 5579 2436 5636 tristis
2461 5577 2598 5632 nox?
2631 5574 2737 5630 Sed
2765 5576 3046 5630 videamus
3081 5573 3126 5627 si
3163 5589 3271 5628 non
3313 5572 3364 5625 in
3405 5571 3666 5624 noctibus
3698 5568 3860 5622 beneb

583 5670 789 5742 Regula
832 5670 1003 5725 sancti
1046 5669 1349 5733 Benedicti,
1392 5679 1452 5724 ut
1490 5671 1557 5724 ab
1595 5685 1660 5725 eo
1703 5669 1878 5725 ollicio
1923 5669 2158 5726 claustra
2265 5669 2433 5723 dicit:
2467 5666 2719 5721 Dominus
2770 5667 2944 5731 dedit,
2987 5665 3242 5718 Dominus
3285 5660 3525 5724 abstulit,
3555 5663 3702 5714 sicut
3755 5657 3859 5712 Do-

587 5764 700 5820 oris
735 5761 998 5824 muniant,
1027 5769 1084 5816 et
1117 5775 1180 5814 ea
1209 5760 1385 5814 aliena
1429 5761 1633 5817 faciant
1671 5778 1701 5817 a
1740 5762 2013 5817 communi
2048 5762 2160 5817 col-
2265 5762 2405 5814 mino
2432 5758 2648 5830 placuit,
2676 5761 2751 5813 ita
2780 5759 2978 5829 factum
3005 5765 3078 5811 est
3103 5770 3120 5806 :
3145 5756 3211 5810 sit
3242 5771 3426 5808 nomen
3456 5752 3684 5806 Domini
3714 5755 3860 5805 bene

589 5851 796 5921 loquio,
835 5864 1007 5920 usque
1036 5848 1164 5906 dum
1205 5851 1401 5907 iterum
1445 5850 1512 5908 ad
1556 5866 1718 5922 opera
1766 5853 2010 5912 redeant.
2041 5852 2159 5912 Non
2266 5849 2483 5910 dictum.
2519 5851 2716 5911 Versus
2749 5851 2840 5923 qui
2891 5851 3151 5922 sequitur,
3187 5854 3249 5904 ut
3278 5843 3645 5919 praetulimus,
3679 5854 3854 5901 totum
