4000 6490
119 400 224 457 185

844 397 934 454 DE
970 396 1523 456 ECCLESIASTICIS
1562 398 1850 458 OFFICIIS
1886 398 2066 456 LIBRI
2099 397 2188 457 ιν.
2229 429 2300 441 -
2335 400 2464 456 LIB.
2505 400 2596 456 IV.

3209 401 3358 460 “86-

108 535 217 591 pus
245 515 415 573 oliicii
448 524 728 581 monstrat,
761 515 865 572 hoc
892 525 1007 581 est,
1037 516 1454 586 postulationem
1491 525 1672 572 custo-
1697 521 1752 582 Α
1773 517 1921 572 niam
1971 517 2026 571 in
2073 531 2170 571 sua
2222 515 2620 571 resurrectione
2673 514 2843 569 voluit
2893 514 3345 573 resurrectionem
3393 574 3397 575 ν

108 611 179 664 ire
218 609 443 664 Domini
485 609 629 662 circa
675 606 912 678 pericula
945 608 1136 662 noctis.
1183 607 1251 661 Et
1284 622 1445 677 quam
1479 623 1666 678 pacem

108 701 362 756 esidcrat
418 701 597 755 anima
645 700 874 765 orantis,
929 713 1161 769 sequens
1208 701 1440 771 hymnus
1494 701 1667 756 sancti

107 791 358 846 iimeonis
407 798 704 855 monstrat,
736 790 840 845 hoc
876 803 988 854 est,
1020 800 1078 844 ut
1127 790 1196 845 ab
1241 792 1386 845 omni
1437 793 1668 847 tumultu

107 885 241 955 .ujus
299 886 490 942 saeculi
556 885 818 954 quiescat.
871 884 984 939 Hoc
1033 886 1357 954 precabatur
1409 884 1662 952 Simeon,

106 979 299 1048 quando
331 977 587 1048 cupiebat
613 978 844 1032 transire
873 978 937 1030 de
973 978 1074 1032 hac
1103 978 1212 1031 vita
1239 978 1306 1032 ad
1335 977 1561 1032 alteram
1588 979 1668 1033 vi-

105 1086 212 1136 am,
243 1079 303 1125 et
348 1071 606 1125 dicebat:
642 1069 799 1123 Nunc
841 1068 1056 1123 dimittis
1091 1085 1293 1123 servum
1338 1078 1512 1135 tuum,
1556 1069 1666 1123 Do-

106 1163 242 1227 iine,
271 1162 568 1217 secundum
595 1162 801 1216 verbum
830 1170 976 1215 tuum
1019 1162 1074 1214 in
1111 1178 1258 1232 pace.
1303 1161 1381 1216 Ex
1418 1161 1668 1231 praesenti

106 1269 284 1326 tymno
315 1254 607 1310 manifeste
649 1254 938 1309 educemur
969 1253 1111 1322 quod
1143 1254 1196 1308 in
1231 1255 1483 1324 praesenti
1522 1269 1670 1308 com-

106 1345 434 1401 mendatione
459 1345 864 1402 conformemur
902 1346 1006 1400 illis
1049 1347 1140 1416 qui
1186 1348 1240 1400 in
1267 1346 1493 1400 Domino
1520 1362 1668 1401 mor-

105 1438 150 1490 ni
185 1447 338 1492 sunt.
373 1439 543 1510 Igitur
578 1455 682 1493 non
715 1447 797 1494 est
846 1453 1144 1508 congruum
1187 1447 1307 1507 post
1352 1439 1492 1492 hanc
1523 1454 1670 1492 eom-

111 1531 492 1585 iendationem
529 1532 713 1585 bibere
741 1539 834 1583 aut
867 1531 1169 1592 comedere,
1201 1537 1297 1583 aut
1326 1529 1430 1584 tale
1469 1529 1669 1598 aliquid

106 1637 240 1692 gere
289 1623 439 1692 quod
479 1639 584 1679 non
614 1623 883 1694 pertineat
919 1622 984 1676 ad
1022 1623 1257 1692 quietem
1300 1623 1669 1676 membrorum

108 1721 126 1766 t
173 1714 644 1770 abalienationem
695 1724 868 1770 status
917 1715 1082 1784 quieti
1133 1714 1396 1783 corporis.
1443 1713 1510 1766 Et
1543 1713 1668 1782 quia

104 1819 182 1857 non
207 1811 298 1859 est
324 1805 582 1876 deinceps
601 1805 817 1861 collatio
841 1805 1035 1860 habilis
1062 1805 1292 1858 invicem
1317 1802 1668 1859 referentium

1769 609 2011 667 omnium
2055 608 2350 664 electorum
2396 608 2702 680 designare,
2737 615 3028 678 propterea
3074 608 3243 675 dixit,
3281 625 3348 665 ea:

1771 703 2146 757 resurrectione
2187 712 2532 756 mortuorum.
2576 701 2776 754 Horum
2822 701 3062 755 omnium
3106 715 3348 758 resurre-

1771 795 2008 849 ctionem
2054 793 2340 848 recolimus
2390 792 2445 846 in
2499 793 2792 848 Dominicis
2846 793 3113 848 noctibus.
3159 793 3348 851 Status

1770 886 2026 942 Ecclesia:
2060 895 2257 940 nostrae
2292 885 2470 940 tribus
2497 885 2737 941 articulis
2763 887 3130 958 distinguitur,
3157 888 3211 944 id
3237 895 3346 956 est,

1772 980 1873 1034 sub
1916 978 2033 1050 lege
2076 977 2329 1041 naturali,
2359 986 2414 1034 et
2440 978 2542 1033 sub
2575 977 2692 1049 lege
2721 977 2973 1044 Mosaica,
3005 987 3060 1034 et
3098 979 3196 1034 sub
3229 979 3346 1052 lege

1771 1069 2094 1141 evangeliea:
2155 1070 2362 1141 gratiae.
2423 1068 2681 1136 Quamvis
2726 1069 2879 1124 multi
2937 1071 3111 1125 sancti
3163 1080 3348 1128 essent

1771 1163 1872 1218 sub
1901 1163 2130 1218 naturali
2161 1163 2296 1234 lege.
2329 1170 2509 1218 tamen
2537 1163 2772 1218 maxime
2805 1161 3087 1218 duodecim
3120 1164 3348 1232 patriar-

1772 1255 1888 1311 chae
1914 1256 2225 1327 viguerunt,
2261 1255 2466 1310 scilicet
2494 1255 2782 1321 intantum,
2818 1263 2877 1310 ut
2922 1255 2990 1310 ab
3036 1254 3122 1310 his
3149 1255 3351 1311 duode-

1771 1347 1877 1401 cim
1921 1348 2094 1402 tribus
2118 1356 2307 1414 postea
2345 1347 2556 1403 ﬁerent.
2598 1345 2752 1402 Sicut
2794 1363 2862 1401 ex
2905 1345 3189 1402 duodecim
3222 1359 3350 1416 apo-

1772 1439 1925 1495 stolis
1959 1441 2012 1494 in
2046 1439 2197 1496 Novo
2225 1440 2575 1496 Testamento
2601 1447 2928 1510 propagatus
2972 1447 3055 1494 est
3084 1437 3349 1494 Christia-

1771 1547 1874 1586 nus
1915 1531 2166 1600 populus,
2201 1531 2274 1584 ita
2304 1531 2357 1584 in
2387 1529 2571 1586 Veteri
2614 1530 2962 1584 Testamento
2987 1527 3216 1599 p0pulus
3251 1541 3349 1598 pe-

1771 1622 1992 1679 culiaris
2023 1624 2134 1677 Deo
2160 1638 2226 1677 ex
2258 1622 2538 1677 duodecim
2566 1621 2912 1691 patriarchis.
2944 1621 3037 1675 lsti
3066 1619 3350 1675 duodecim

1771 1717 1965 1786 psalmi
2003 1716 2248 1772 recolunt
2285 1732 2484 1770 annum
2529 1716 2763 1785 primum
2796 1714 3122 1770 visitationis
3155 1714 3348 1780 vineae,

1772 1806 1826 1861 in
1859 1824 1968 1878 quo
2013 1806 2147 1862 ﬁcus
2195 1806 2399 1862 inutilis
2445 1808 2614 1862 stetit.
2648 1807 2716 1862 Ut
2745 1823 2842 1862 nos
2885 1807 3098 1861 inutiles
3127 1822 3233 1861 non
3278 1806 3352 1861 si-

107 1906 121 1939 ί
155 1899 463 1968 disputatio
490 1916 606 1970 quae
633 1901 940 1956 necessaria
973 1909 1054 1955 est
1082 1907 1202 1970 post
1232 1899 1517 1954 lectionem
1547 1899 1670 1954 dor-
1696 1893 1745 1954 B
1772 1913 1912 1963 mus,
1947 1898 2237 1953 recolimus
2284 1898 2568 1954 duodecim
2607 1899 2844 1968 psalmos
2887 1902 3059 1954 instar
3088 1900 3352 1953 honorum

103 1991 389 2048 aientibus
414 1994 687 2063 palpebris
714 1994 990 2064 oculisque
1027 2009 1274 2048 somnum
1304 1993 1664 2059 trahentibus,

105 2096 264 2140 cssat
290 2087 474 2143 lectio.
494 2087 726 2157 Tempus
751 2087 876 2141 illud
903 2087 1167 2158 signiﬁcat
1195 2088 1259 2141 de
1278 2103 1384 2155 quo
1407 2087 1667 2156 scriptum

106 2185 157 2229 st
182 2194 195 2229 :
233 2175 306 2229 Et
351 2187 502 2231 erunt
527 2195 702 2231 omnes
738 2176 984 2230 docibiles
1011 2177 1130 2240 Dei,
1159 2186 1213 2231 et
1241 2177 1369 2231 illud
1397 2176 1663 2246 Apostoli,

103 2265 200 2319 live
235 2267 528 2337 prophetia:
563 2269 970 2333 evacuabuntur,
1013 2270 1119 2322 sive
1149 2267 1341 2338 linguae
1368 2268 1662 2334 cessabunt,

103 2356 179 2409 ive
205 2356 431 2410 scientia
457 2357 774 2412 destruetur.
802 2358 868 2411 Et
893 2358 1016 2427 quia
1047 2373 1112 2412 ex
1139 2359 1328 2413 ordine
1361 2358 1544 2412 Esdrze
1574 2374 1669 2413 ne-

103 2449 321 2502 essaria
366 2456 450 2502 est
474 2447 632 2502 lectio
664 2449 716 2503 in
749 2449 854 2503 isto
880 2448 1074 2513 ofﬁcio,
1116 2458 1176 2503 ut
1200 2458 1392 2520 quater
1427 2450 1480 2503 in
1511 2458 1670 2504 nocte

102 2547 318 2610 agatur,
352 2538 529 2594 solent
572 2539 808 2610 religiosi
853 2540 956 2593 viri
995 2549 1120 2594 ante
1160 2555 1398 2610 praesens
1432 2539 1669 2595 ollicium

101 2631 376 2685 actionem
405 2630 600 2700 legere.
633 2630 784 2686 Sicut
811 2631 976 2685 Maria
1015 2647 1136 2702 qua:
1180 2633 1336 2686 unxit
1380 2632 1667 2686 Dominum

101 2731 383 2793 inguento,
414 2723 677 2792 prmvenit
708 2721 888 2776 facere
935 2723 1080 2792 quod
1116 2722 1424 2778 faciendum
1465 2724 1669 2777 eratin

106 2816 335 2884 epulcro
367 2813 484 2882 ejus
526 2815 570 2869 si
615 2809 948 2870 inveniretur
988 2831 1186 2886 corpus
1218 2815 1354 2884 ejus,
1397 2815 1474 2870 ita
1507 2815 1669 2870 lectio

107 2921 171 2960 ua
207 2905 462 2961 doctrina
493 2907 647 2975 ungit
676 2906 884 2962 animas
909 2906 1134 2963 devotas
1167 2914 1293 2963 ante
1321 2905 1669 2963 commenda-

105 2998 290 3055 ioncm
318 2997 685 3054 dormitionis.

707 3086 933 3144 CAPUT
970 3087 1060 3143 IX.

565 3180 644 3236 De
676 3181 971 3235 nocturnali
1001 3183 1183 3252 officio.

1771 2005 1984 2046 morum
2010 1997 2319 2044 sanctorum
2347 1991 2795 2059 patriarcharum.
2827 1989 2972 2057 Quos
3001 1991 3203 2045 divisos
3230 2005 3352 2044 can-

1771 2090 1946 2137 tamus
1979 2097 2076 2151 per
2121 2081 2527 2150 quaternarium
2581 2096 2904 2147 numerum,
2947 2081 3072 2150 quia
3123 2091 3355 2150 quatuor

1768 2172 1996 2226 virtutes
2037 2179 2166 2227 sunt
2201 2171 2398 2241 quibus
2427 2171 2702 2226 credimus
2754 2181 2972 2227 sanctos
3011 2173 3352 2242 patriarchas

1769 2265 2000 2320 coluisse
2051 2273 2293 2319 sanctam
2336 2263 2690 2329 Trinitatem,
2743 2265 2982 2329 scilicet,
3038 2265 3348 2335 prudentia,

1770 2353 2054 2419 fortitudo,
2080 2352 2291 2421 justitia
2316 2361 2370 2408 et
2401 2355 2778 2424 temperantia.
2825 2353 2944 2407 Istae
2988 2353 3216 2408 virtutes
3245 2369 3352 2407 non

1771 2456 2094 2516 separantur
2123 2444 2192 2498 ab
2215 2445 2466 2509 invicem,
2491 2445 2586 2500 sed
2618 2445 2707 2498 ubi
2739 2460 2842 2498 una
2872 2460 2940 2498 ex
2973 2443 3079 2498 illis
3104 2452 3208 2509 est,
3243 2452 3354 2499 tres

1771 2553 1988 2606 semper
2050 2544 2262 2606 oportet
2299 2536 2506 2591 adesse.
2555 2535 2708 2591 Unde
2758 2536 3088 2608 Augustinus
3135 2537 3188 2590 in
3237 2535 3351 2606 epi-

1770 2631 1907 2686 stola
1931 2629 2000 2684 ad
2025 2628 2408 2700 Hieronymum
2436 2647 2448 2681 :
2482 2627 2652 2684 Porro
2679 2628 2723 2682 si
2749 2629 3034 2698 prudentia
3071 2636 3198 2683 tunc
3226 2628 3349 2694 erit,

1771 2723 1818 2778 si
1861 2731 1913 2777 et
1945 2721 2118 2787 fortis,
2155 2731 2209 2776 et
2229 2719 2395 2789 justa,
2429 2729 2484 2776 et
2512 2729 2822 2790 temperans
2849 2722 2940 2785 sit,
2979 2720 3224 2790 profecto
3259 2719 3352 2775 ubi

1769 2817 1964 2882 fuerit,
2002 2832 2187 2872 secum
2228 2817 2392 2870 habet
2441 2823 2695 2881 caeteras;
2744 2815 2823 2870 sic
2865 2823 2920 2869 et
2950 2813 3210 2869 fortitudo
3253 2813 3354 2868 im-

1770 2910 2007 2978 prudens
2048 2924 2165 2964 esse
2207 2923 2314 2962 non
2357 2915 2564 2977 potest,
2613 2907 2697 2962 vel
2747 2907 3111 2977 intemperans
3140 2904 3226 2960 vel
3271 2892 3354 2960 in-

1765 2999 1946 3070 justa;
1979 3002 2057 3056 sic
2082 3009 2138 3056 et
2185 3001 2542 3070 temperantia
2589 3015 2810 3054 necesse
2860 3008 2942 3054 est
2987 3007 3046 3053 ut
3091 2997 3351 3068 prudens,

1769 3091 1927 3147 fortis
1969 3101 2025 3147 et
2047 3091 2193 3161 justa
2242 3092 2341 3157 sit;
2382 3091 2461 3146 sic
2501 3091 2712 3161 justitia
2739 3107 2844 3146 non
2893 3098 3005 3155 est,
3046 3089 3094 3144 si
3132 3105 3238 3144 non
3285 3088 3356 3144 sit

1767 3185 2039 3255 prudens,
2089 3183 2247 3238 [ortis
2289 3191 2345 3238 et
2385 3193 2727 3254 temperans;
2770 3183 2843 3236 ita
2885 3190 2944 3236 ut
2983 3180 3057 3236 ibi
3102 3195 3229 3235 vera
3271 3186 3354 3234 est

149 3274 207 3331 In
237 3275 548 3332 nocturnali
582 3274 760 3329 ofﬁcio
794 3275 1022 3330 dicimus
1065 3275 1281 3344 primo:
1309 3273 1555 3339 Domine,
1583 3271 1663 3327 la-
1691 3280 1737 3344 ο
1769 3277 1947 3345 aliqua
1976 3291 2186 3337 eorum,
2219 3281 2273 3328 et
2301 3275 2420 3327 alite
2448 3275 2699 3329 similiter
2726 3274 2865 3338 sint;
2897 3271 2987 3326 ubi
3023 3279 3202 3325 autem
3232 3271 3351 3324 aliae

99 3366 166 3418 via
205 3383 327 3420 mea
363 3368 582 3434 aperies,
631 3375 678 3418 et
733 3381 788 3419 os
836 3381 1007 3418 meum
1069 3367 1398 3418 annuntiabit
1453 3365 1664 3419 laudem

104 3476 262 3525 uam;
307 3457 500 3512 deinde
541 3456 787 3524 sequitur
833 3452 1034 3507 Gloria.
1083 3455 1309 3520 Quando
1355 3456 1564 3524 pridem
1610 3456 1665 3509 in

99 3560 248 3607 nocte
298 3549 549 3605 conventi
601 3547 820 3610 inimus,
875 3546 1369 3600 commendavimus
1415 3561 1514 3600 nos
1554 3544 1664 3600 Do-

100 3646 258 3710 nino,
299 3655 355 3698 et
384 3643 744 3699 conelusimus
771 3657 884 3705 ora,
927 3650 1090 3709 atque
1117 3649 1238 3709 post
1284 3639 1477 3709 singuli
1509 3639 1664 3709 quasi

100 3736 485 3805 {nodammodo
531 3735 584 3788 in
633 3732 858 3804 singulis
909 3731 1171 3801 sepulcris
1233 3731 1562 3800 quievimus,
1610 3739 1667 3786 et

99 3829 185 3883 soli
234 3827 466 3882 Domino
511 3836 691 3882 mente
733 3825 1024 3890 astili'mus,
1054 3824 1142 3878 cui
1184 3839 1291 3878 non
1325 3831 1452 3878 sunt
1501 3823 1666 3878 verba

100 3917 425 3982 iecessaria,
453 3917 579 3986 quia
605 3931 792 3972 omnes
834 3915 1190 3986 cogitationes
1214 3915 1393 3979 novit;
1423 3923 1479 3968 at
1522 3929 1666 3969 nunc

100 4011 214 4080 [uia
256 4011 449 4064 iterum
499 4009 848 4066 convenimus
894 4009 961 4062 ad
1000 4005 1377 4062 "conﬁtendum
1413 4006 1660 4072 Domino,

100 4118 378 4156 irecamur
405 4116 529 4156 eum
574 4109 634 4155 ut
679 4116 772 4156 sua
809 4099 1108 4155 directione
1153 4100 1293 4155 labia
1323 4108 1510 4154 nostra
1538 4114 1665 4168 ape-

100 4193 212 4257 riat,
245 4202 304 4248 et
331 4193 399 4247 ad
434 4208 586 4247 suam
634 4192 845 4246 laudem
875 4207 938 4246 os
966 4202 1212 4246 nostrum
1255 4190 1491 4246 fatiscat.
1530 4192 1665 4245 Dein

99 4287 335 4358 tequitur
363 4286 768 4350 invitatorium;
819 4285 872 4338 in
907 4299 971 4338 eo
1008 4285 1307 4338 communis
1345 4291 1516 4340 coetus
1555 4283 1664 4338 fra-

99 4394 231 4432 .rum
281 4386 543 4432 convocat
575 4393 762 4432 omnes
809 4377 1066 4446 degentes
1113 4376 1367 4445 undique,
1409 4385 1469 4430 ut
1511 4376 1661 4430 exci-

99 4479 274 4525 entur
321 4478 376 4524 et
417 4470 639 4523 veniant
683 4469 752 4522 ad
799 4466 1164 4522 conﬁtendum
1212 4467 1472 4531 Domino,
1509 4467 1664 4536 juxta

100 4563 231 4630 Iuod
271 4577 462 4616 versus
505 4557 772 4615 secundus
803 4566 961 4614 sonat
1005 4557 1342 4612 invitatorii:
1379 4555 1661 4611 Prwoccu-

1767 3370 1988 3431 desunt,
2028 3382 2155 3421 vera
2195 3365 2284 3419 illa
2328 3381 2434 3419 non
2477 3373 2583 3429 est,
2611 3364 2823 3418 etiamsi
2869 3362 3048 3431 aliquo
3092 3362 3250 3416 modo
3279 3360 3352 3415 si-

1767 3458 1922 3512 miles
1961 3472 2082 3511 esse
2125 3456 2412 3509 videantur
2439 3457 2498 3524 τ.
2531 3453 2830 3522 Sequentes
2858 3457 2968 3507 tres
3005 3451 3196 3522 psalmi
3229 3466 3349 3506 cum

1767 3550 2060 3619 antiphona
2104 3546 2348 3602 recolunt
2381 3545 2677 3616 secundum
2707 3560 2939 3609 annum,
2986 3543 3040 3597 in
3088 3557 3196 3612 quo
3245 3542 3349 3597 Do-

1766 3641 1946 3696 minus
1973 3656 2068 3711 per
2095 3639 2268 3710 legem
2293 3637 2534 3692 visitavit
2562 3637 2774 3691 vineam
2797 3651 2972 3699 suam,
2999 3643 3350 3706 permanente

1767 3735 1945 3789 adhuc
1975 3732 2078 3788 ﬁcu
2105 3731 2279 3786 inutili
2306 3750 2318 3784 :
2351 3730 2421 3787 Ut
2447 3746 2553 3786 non
2580 3731 2750 3784 simus
2780 3727 3021 3794 inutiles,
3068 3735 3349 3783 cantamus

1766 3833 1877 3880 tres
1905 3824 2140 3894 psalmos
2163 3831 2429 3894 quatenus
2464 3829 2744 3877 consortes
2771 3820 2939 3875 simus
2965 3818 3142 3874 ordini
3185 3819 3348 3874 trium

1765 3917 2082 3981 electorum,
2119 3915 2210 3985 qui
2236 3914 2453 3970 fuerunt
2483 3915 2583 3969 sub
2608 3913 2724 3984 lege
2749 3911 3002 3977 Mosaiea,
3037 3910 3243 3967 scilicet
3273 3910 3349 3966 le-

1765 4011 2096 4080 gislatorum,
2128 4007 2530 4078 psalmistarum
2575 4014 2631 4060 et
2660 4005 3064 4084 prophetarum.
3101 4002 3215 4057 Hoc
3259 4008 3343 4058 est

1765 4101 1906 4155 inter
1945 4099 2227 4155 duodecim
2253 4098 2488 4168 psalmos
2530 4097 2622 4166 qui
2649 4097 2766 4150 sine
2791 4096 3085 4166 antiphona
3123 4103 3349 4148 cantan-

1764 4201 1872 4258 tur,
1901 4200 1956 4246 et
1983 4201 2091 4246 tres
2117 4192 2207 4260 qui
2235 4205 2358 4244 cum
2383 4189 2699 4258 antiphona,
2723 4187 2867 4257 quod
2900 4195 3021 4241 erat
3051 4186 3192 4240 inter
3217 4185 3350 4240 duo-

1765 4283 1938 4338 decim
1967 4281 2326 4350 patriarchas,
2353 4280 2445 4350 qui
2484 4279 2757 4349 peregrini
2783 4285 2941 4332 erant
2969 4285 3024 4332 et
3053 4275 3348 4346 Sperabant

1764 4375 2135 4430 haereditatem
2179 4389 2340 4444 quam
2388 4372 2590 4442 posteri
2638 4385 2826 4427 eorum
2869 4370 3251 4440 possederunt,
3295 4378 3349 4424 et

1763 4469 1979 4523 eosdem
2009 4477 2276 4537 posteros,
2301 4467 2393 4536 qui
2419 4465 2872 4521 haereditaverunt
2897 4470 3098 4518 terram
3119 4462 3350 4533 promis-

1765 4576 1881 4616 sam
1906 4561 2151 4630 patribus
2175 4575 2383 4616 eorum.

99 4671 266 4709 remus
297 4656 481 4723 faciem
507 4655 643 4723 ejus,
670 4653 900 4722 inquies,
928 4653 980 4706 in
1008 4652 1347 4723 confessione,
1376 4661 1423 4706 et
1450 4651 1506 4704 in
1530 4649 1667 4720 psal-
1690 4641 1743 4702 D
1839 4653 2067 4709 Gloriati
2115 4661 2241 4708 sunt
2285 4653 2567 4706 duodecim
2595 4649 2921 4721 patriarchae
2942 4648 3008 4703 de
3032 4645 3342 4718 promissis,

99 4746 184 4797 nis
210 4743 497 4813 jubilemus
535 4745 600 4796 ei.
631 4743 830 4796 Deinde
877 4752 1176 4813 sequuntur
1203 4743 1485 4797 duodecim
1522 4742 1664 4811 psal-

99 4835 194 4899 mi,
251 4834 368 4889 sine
418 4833 740 4900 antiphona,
782 4828 904 4885 cum
964 4833 1137 4886 tribus
1184 4833 1666 4902 gloriﬁcationibus

99 4933 292 4978 sanet-.e
348 4921 662 4987 Trinitatis,
718 4937 814 4990 per
869 4929 1051 4975 ternas
1091 4922 1384 4976 divisiones
1432 4931 1666 4991 quatuor

99 5015 442 5083 psalmorum.
472 5013 746 5068 Dominica
793 5027 899 5066 nox
947 5013 1280 5067 Dominicam
1316 5013 1668 5068 resurrectio-

99 5123 215 5160 nem
247 5108 316 5161 ad
361 5106 677 5161 memoriam
713 5114 955 5160 nostram
987 5105 1212 5160 reducit.
1247 5105 1377 5172 Quae
1423 5106 1543 5162 ideo
1575 5122 1667 5162 vo-

99 5213 248 5255 catur
272 5201 575 5264 Dominica,
614 5200 739 5268 quia
770 5200 1026 5254 Dominus
1055 5214 1176 5253 eam
1218 5199 1533 5254 clariﬁcavit
1568 5214 1666 5254 sua

99 5293 506 5348 resurrectione.
535 5290 651 5345 Non
682 5291 825 5344 enim
853 5290 998 5344 solus
1028 5291 1322 5344 resurrexit
1350 5307 1381 5344 a
1413 5292 1662 5358 mortuis,

99 5390 186 5442 sed
233 5407 422 5446 omnes
466 5390 548 5445 sui
603 5390 794 5455 electi,
840 5389 953 5444 sive
994 5389 1084 5458 qui
1128 5389 1345 5443 fuerunt
1398 5388 1467 5442 ab
1513 5387 1665 5442 initio

100 5482 279 5536 mundi
314 5491 437 5536 ante
491 5499 642 5538 suam
699 5482 1152 5544 incarnationem,
1193 5482 1305 5536 sive
1353 5483 1446 5551 qui
1496 5481 1666 5536 futuri

103 5581 221 5626 sunt
254 5589 423 5645 usque
468 5574 535 5628 ad
565 5574 721 5627 ﬁnem
753 5574 958 5627 mundi.
989 5573 1326 5643 Quapropter
1355 5574 1486 5629 dicit
1524 5573 1666 5642 Apo-

103 5664 266 5720 stolus
299 5665 532 5722 Paulus:
569 5663 673 5730 Qui
717 5665 1114 5735 prtedestinatus
1142 5675 1214 5719 est
1258 5664 1431 5719 Filius
1471 5665 1567 5719 Dei
1610 5665 1666 5719 in

107 5755 283 5812 uirtute
326 5757 608 5814 secundum
646 5759 888 5829 spiritum
927 5758 1358 5825 sanctiﬁcationis
1391 5775 1456 5813 ea:
1491 5776 1667 5814 resur-

107 5855 320 5910 rectione
340 5862 665 5912 mortuorum
683 5849 814 5911 Iesu
841 5847 1038 5908 Christi
1061 5849 1276 5908 Domini
1305 5851 1488 5909 nostri.
1519 5850 1661 5920 Quo-

1773 4747 1864 4805 sed
1884 4745 2087 4817 posteri
2115 4760 2302 4800 eorum
2321 4744 2491 4815 magis
2515 4743 2582 4798 de
2597 4743 2888 4814 perceptis.
2907 4740 3043 4796 Tres
3064 4737 3346 4796 novissimi

1771 4843 1964 4914 psalmi
1987 4856 2108 4895 cum
2128 4837 2357 4892 Alleluia
2389 4836 2636 4891 recolunt
2656 4849 2857 4888 annum
2884 4833 3100 4886 tertium
3126 4829 3349 4884 inNovo

1774 4933 2145 4991 Testamento,
2177 4929 2281 4982 ﬁcu
2341 4925 2516 4980 inutili
2562 4931 2832 4986 manente,
2864 4930 3183 4976 coruscante
3227 4919 3344 4988 jam

1773 5020 2085 5090 evangelica
2118 5017 2311 5087 gratia.
2343 5014 2651 5068 Laudamus
2678 5013 2962 5068 Dominum
2989 5013 3040 5066 in
3072 5010 3348 5080 primitiva

1775 5111 2019 5166 Ecclesia
2047 5124 2114 5162 ex
2141 5107 2368 5161 .Indaico
2405 5106 2640 5177 populo;
2679 5107 2958 5160 laudamus
2997 5105 3051 5157 in
3096 5100 3345 5173 sequenti

1773 5219 1839 5259 ex
1883 5201 2222 5273 gentilitate:
2257 5199 2419 5254 simili
2466 5199 2626 5253 modo
2681 5198 2736 5252 in
2773 5193 3116 5250 revocatione
3164 5189 3349 5262 populi

1771 5293 2005 5357 Judaici,
2037 5301 2096 5346 ut
2126 5299 2310 5346 nostra
2351 5290 2487 5345 ﬁcus
2534 5289 2769 5342 fructum
2817 5285 3014 5355 pariat,
3046 5291 3228 5338 noster
3267 5279 3348 5336 vi-

1773 5387 1968 5443 delicet
2021 5385 2250 5456 populus
2280 5425 2294 5451 ,
2330 5383 2512 5438 verbis
2557 5389 2611 5435 et
2655 5378 2898 5435 moribus
2936 5377 3165 5432 colimus
3195 5374 3346 5429 illam

1770 5498 1869 5554 per
1897 5481 2141 5551 exempla
2177 5487 2486 5535 sanctorum
2534 5476 2776 5531 Patrum.
2815 5474 2927 5528 Hoc
2957 5471 3100 5527 enim
3130 5469 3297 5523 distat
3323 5505 3342 5534 ,

1774 5577 1914 5629 inter
1940 5573 2059 5628 illos
2091 5582 2202 5628 tres
2233 5569 2469 5642 psalmos
2496 5567 2588 5638 qui
2619 5583 2743 5622 cum
2784 5564 3093 5634 antiphonis
3116 5568 3346 5616 cantan-

1769 5672 1880 5730 tur,
1931 5674 1986 5719 et
2027 5664 2160 5718 istos
2207 5673 2318 5716 tres
2364 5659 2607 5729 quicum
2637 5655 2864 5711 Alleluia
2888 5696 2902 5721 ,
2933 5653 3074 5724 quod
3099 5659 3182 5707 est
3207 5651 3349 5706 inter

1769 5756 1891 5812 illos
1944 5754 2039 5824 qui
2100 5751 2406 5808 habuerunt
2463 5757 2844 5804 testamentum
2894 5744 3239 5806 mutandum,
3291 5748 3347 5794 et

1771 5866 1866 5908 eos
1895 5847 1988 5920 qui
2009 5845 2208 5904 habent
2241 5852 2622 5904 testamentum
2666 5857 2772 5898 non
2801 5839 3134 5899 mutandum.
3175 5829 3344 5901 Major
