4000 6482
596 366 733 434 “ﬂ

1621 351 1955 418 AMALARII
1991 341 2427 418 PRESBYTER!
2463 337 2804 414 METENSIS

3726 339 3839 403 “8%

592 482 910 548 auinam,
941 488 1029 540 est
1072 480 1132 536 in
1165 477 1316 542 Novo
1350 477 1697 538 Testamento
1743 489 1903 545 quam
1953 472 2008 530 in
2056 469 2162 529 Ve-
2189 470 2245 538 Α
2268 466 2476 536 recolit,
2494 466 2545 520 in
2559 458 3194 540 quoChristusexaltavit
3212 459 3490 515 hominem
3515 473 3836 530 assumptum

592 580 718 638 teri.
745 577 949 636 Horum
986 575 1232 634 omnium
1264 572 1719 632 resurrectionem
1745 568 2081 626 celebramus
2108 563 2163 619 in

593 672 872 732 Dominica
922 679 1150 734 nostra;
1188 668 1383 726 horum
1416 664 1711 738 participes
1763 676 1863 720 nos
1894 659 2164 720 credimus

590 767 822 827 futuros.
873 765 1009 825 Tres
1055 762 1313 820 articulos
1371 767 1797 819 memoratorum
1860 762 2163 828 temporum

591 859 722 916 dicit
749 854 1045 927 Gregorius
1082 853 1136 910 in
1169 851 1392 908 homilia
1432 865 1530 908 sua
1563 847 1895 922 signiﬁcatos
1937 857 2059 900 esse
2108 841 2164 898 in

591 952 767 1012 tribus
789 949 949 1008 annis
971 948 1167 1024 quibus
1193 947 1454 1008 Dominus
1480 942 1732 1019 quaesivit
1754 940 1986 1000 fructum
2011 935 2166 998 ﬁcul-

590 1058 707 1102 nea‘.
732 1050 789 1100 et
808 1056 917 1099 non
943 1039 1170 1098 invenit.

657 1132 885 1202 Quando
927 1146 1117 1188 eorum
1163 1129 1516 1186 recordamur
1561 1125 1654 1200 qui
1699 1124 2071 1196 migraverunt
2095 1120 2164 1178 de

591 1225 791 1283 mundo
817 1265 833 1291 ,
872 1223 1105 1282 fodimus
1135 1221 1335 1280 fossam
1365 1221 1510 1277 circa
1542 1218 1827 1276 ﬁculneam
1857 1257 1873 1282 ,
1912 1215 2036 1286 quia
2065 1214 2164 1268 hu-

591 1315 857 1374 miliamus
881 1330 983 1374 nos
1009 1329 1184 1384 usque
1212 1313 1279 1370 ad
1307 1311 1584 1386 pulverem
1613 1308 1804 1366 mortis
1822 1347 1837 1373 ,
1873 1314 1927 1362 et
1952 1313 2163 1362 stercus

589 1407 854 1474 addimus,
893 1407 1107 1478 quando
1132 1413 1357 1476 peccata
1387 1411 1574 1462 nostra
1608 1400 1920 1466 recolimus.
1950 1398 2050 1452 Hic
2076 1396 2162 1454 di-

589 1499 815 1556 cendum
837 1506 924 1558 est
951 1498 1082 1568 quid
1109 1498 1182 1556 sit
1206 1498 1348 1554 inter
1374 1505 1573 1554 statum
1603 1494 1951 1568 praesentium
1977 1491 2164 1547 lectio-

587 1603 756 1655 num,
788 1596 845 1647 et
885 1604 1072 1644 earum
1101 1603 1223 1659 quae
1247 1603 1344 1660 per
1369 1595 1616 1662 pastores
1644 1586 1956 1642 domesticis
1993 1583 2164 1642 admi-

586 1681 909 1739 nistrantur.
949 1680 1240 1742 Lectiones
1263 1697 1384 1751 qua:
1422 1695 1520 1752 per
1547 1687 1796 1753 pastores
1829 1684 2118 1738 cantantur
2144 1714 2160 1742 ,

586 1771 914 1828 domesticos
939 1779 995 1828 et
1021 1771 1258 1828 scientes
1285 1771 1581 1828 admonent
1622 1777 1682 1824 ut
1729 1783 1836 1824 non
1885 1765 2158 1822 deﬁciant.

2269 561 2336 615 ad
2357 558 2522 614 cwlos
2551 559 2603 614 in
2631 558 2833 613 virtute
2871 570 2990 610 sua.
3035 553 3174 621 Quia
3211 552 3450 607 diximus
3500 553 3654 621 quod
3684 555 3832 608 media

2266 659 2426 705 nocte
2469 650 2796 722 surgendum
2848 655 2992 702 esset
3038 647 3090 700 in
3137 644 3444 700 nocturnali
3515 641 3732 710 oﬁicio,
3780 661 3830 701 ex

2266 741 2448 796 verbis
2501 743 2675 798 sancti
2721 737 3014 808 Augustini
3057 743 3111 791 et
3159 735 3484 807 Hieronymi
3519 745 3732 808 oportet
3755 753 3829 793 nos

2267 833 2590 890 conﬁrmare
2632 841 2839 890 nostra.
2877 831 3047 887 David
3076 831 3206 888 dicit
3228 831 3282 886 in
3307 830 3556 902 psalmo,
3589 830 3732 885 Beati
3751 834 3827 886 im-

2267 927 2549 994 maculati;
2577 943 2683 998 quo
2706 935 2948 999 tempore
2971 925 3085 996 ipse
3113 925 3304 980 solitus
3325 933 3483 982 esset
3522 940 3738 996 surgere
3774 929 3825 981 ad

2265 1020 2632 1076 conﬁtendum
2681 1019 2910 1075 Domino
2932 1061 2948 1087 ,
2985 1017 3164 1076 Media
3192 1028 3338 1072 nocte
3367 1017 3676 1089 surgebam.
3705 1017 3758 1072 Et
3779 1020 3820 1074 in

2266 1113 2372 1173 alio
2405 1113 2544 1182 loco,
2581 1109 2818 1168 Praeveni
2860 1114 2916 1169 in
2955 1113 3284 1182 maturitate,
3324 1120 3371 1166 et
3426 1110 3672 1168 clamat-3'.
3699 1112 3819 1179 Quod

2268 1206 2341 1260 ita
2367 1205 2704 1277 Augustinus
2733 1224 2745 1260 :
2776 1204 3017 1261 Praeveni
3066 1207 3392 1278 intempesta
3441 1215 3608 1262 nocte
3630 1247 3644 1274 ,
3667 1215 3713 1261 et
3733 1207 3818 1262 cla-

2266 1298 2428 1352 mavi.
2457 1297 2649 1353 Plures
2677 1298 2892 1354 codices
2923 1315 3032 1354 non
3069 1297 3296 1364 habent,
3336 1298 3658 1369 intempesta
3681 1309 3813 1362 nocte,

2267 1391 2380 1458 sed,
2409 1391 2462 1445 in
2485 1392 2809 1458 maturitate,
2832 1393 2921 1446 vix
2951 1399 3129 1446 autem
3154 1406 3295 1445 unus
3334 1390 3603 1446 inventus
3632 1401 3703 1444 est
3744 1393 3813 1462 qui

2261 1483 2494 1541 haberet
2539 1484 2810 1555 geminata
2842 1484 2897 1538 in
2925 1485 3329 1556 praepositione,
3353 1483 3409 1538 id
3443 1493 3556 1550 est,
3584 1484 3628 1538 in
3652 1485 3809 1538 imma-

2268 1577 2509 1631 turitate.
2576 1573 2942 1629 lmmaturitas
2980 1575 3165 1645 itaque
3208 1574 3313 1630 hoc
3355 1573 3492 1629 loco
3543 1585 3812 1631 nocturnum

2268 1677 2480 1738 tempus
2507 1675 2608 1734 est,
2634 1665 2906 1736 quodnon
2933 1676 3018 1721 est
3043 1675 3342 1734 maturum,
3375 1666 3436 1720 id
3466 1673 3570 1730 est,
3605 1681 3812 1742 opportu-

2267 1776 2395 1816 num
2417 1801 2431 1826 ,
2461 1767 2519 1814 ut
2547 1766 2739 1830 agatur
2763 1757 2966 1828 aliquid
2988 1757 3278 1828 vigilando,
3328 1759 3484 1828 quod
3516 1759 3662 1814 etiam
3687 1760 3815 1832 vulgo

587 1856 738 1914 Sicut
790 1859 934 1930 ligna
973 1860 1028 1918 in
1072 1858 1210 1917 focis
1239 1859 1512 1918 adduntur
1537 1859 1698 1931 lignis
1722 1866 1780 1914 ut
1804 1872 1913 1915 non
1945 1855 2164 1914 deﬁciat
2191 1859 2240 1921 Β
2267 1854 2374 1908 dici
2397 1852 2535 1907 solet
2560 1852 2697 1906 hora
2727 1851 3037 1921 importuna
3067 1868 3079 1904 :
3115 1865 3225 1904 nox
3255 1866 3482 1922 quoque
3513 1852 3814 1924 intempesta,

585 1951 748 2020 ignis,
785 1952 861 2010 ita
900 1952 1088 2024 ignitis
1135 1953 1386 2012 sensibus
1427 1952 1852 2010 domesticorum
1895 1950 2169 2010 adduntur

584 2044 752 2098 verba
780 2043 948 2114 ignita
993 2052 1272 2112 pastorum
1299 2083 1314 2109 ,
1353 2051 1413 2097 ut
1437 2058 1544 2098 non
1577 2041 1850 2098 deﬁciant.
1882 2041 2169 2096 Lectiones

586 2132 642 2190 in
671 2132 974 2190 nocturnali
1001 2131 1178 2192 oﬁicio
1221 2143 1404 2205 typum
1437 2141 1635 2206 gerunt
1661 2147 1849 2188 earum
1874 2131 2168 2188 lectionum

586 2239 707 2296 quae
747 2224 996 2282 solebant
1025 2224 1144 2280 ﬁeri
1169 2226 1223 2280 in
1248 2225 1448 2280 scholis
1470 2225 1693 2281 Patrum
1719 2267 1734 2292 ,
1771 2225 1824 2283 in
1846 2225 2042 2298 quibus
2067 2240 2166 2282 ne-

585 2315 818 2373 scientes
848 2316 1248 2386 imbuebantur,
1267 2324 1323 2371 et
1349 2315 1563 2376 licitum
1585 2323 1704 2372 erat
1728 2317 1807 2372 eis
1829 2316 2170 2388 interrogare

584 2407 641 2464 in
671 2409 870 2479 quibus
898 2409 1238 2470 uubitabant.
1886 2471 1892 2484 ‘

658 2498 901 2568 Quarum
929 2501 1174 2576 exempla
1215 2500 1553 2572 praetulimus
1587 2501 1642 2558 in
1674 2500 1855 2558 libello
1883 2501 1947 2558 de
1981 2499 2169 2558 Ofﬁcio

583 2591 765 2647 missae
788 2631 804 2661 ,
860 2599 915 2648 et
959 2593 1050 2648 hic
1099 2609 1264 2651 unum
1293 2592 1640 2663 proferimus.
1675 2591 1951 2662 Scriptum
1986 2599 2069 2647 est
2112 2592 2169 2647 in

582 2681 806 2740 Actibus
854 2684 1220 2756 apostolorum
1276 2704 1291 2742 :
1337 2683 1411 2740 Hi
1461 2694 1637 2740 autem
1695 2693 1845 2742 erant
1889 2683 2167 2742 nobiliores

581 2790 762 2834 eorum
789 2774 880 2846 qui
903 2784 1023 2836 sunt
1052 2773 1460 2840 Thessalonicae,
1488 2775 1578 2848 qui
1605 2783 1940 2845 susceperunt
1962 2773 2170 2830 verbum

584 2882 701 2922 cum
728 2870 870 2922 omni
903 2866 1184 2936 ariditate,
1233 2866 1464 2939 quotidie
1493 2875 1787 2924 scrutantes
1819 2863 2117 2936 Scripturas
2149 2905 2165 2933 ,

583 2956 629 3008 ai
654 2957 766 3011 huic
796 2956 869 3010 ita
901 2972 955 3012 se
980 2957 1246 3016 haberent.

655 3069 774 3138 Ipsa
801 3069 947 3124 enim
975 3069 1242 3126 dubitatio
1280 3084 1402 3138 quas
1429 3076 1516 3126 est
1549 3069 1604 3128 in
1641 3069 1916 3128 mentibus
1939 3069 2170 3128 audienv

586 3157 722 3213 tium
764 3167 1057 3227 antequam
1101 3159 1171 3214 ad
1218 3157 1436 3230 plenam
1493 3159 1859 3230 cognitionem
1907 3161 2166 3228 veniant,

587 3249 903 3322 designatur
926 3264 1026 3321 per
1052 3258 1255 3308 statum
1303 3251 1502 3309 noctis.
1561 3251 1659 3308 Est
1707 3251 1945 3310 varietas
1968 3267 2072 3308 una
2103 3251 2170 3308 de

586 3359 747 3402 versu
773 3385 789 3412 ,
825 3345 919 3417 qui
966 3345 1028 3400 ﬁt
1069 3343 1240 3402 altero
1269 3345 1462 3406 ordine
1490 3345 1543 3402 in
1577 3345 1668 3401 illo
1698 3344 1874 3404 olﬁcio
1901 3361 2065 3416 quam
2113 3346 2170 3402 in

586 3438 799 3496 caeteris
840 3437 1051 3494 oﬂciis.
1097 3439 1156 3495 In
1207 3439 1422 3495 czeteris
1462 3437 1655 3497 ofﬁciis
1708 3447 1831 3510 post
1881 3439 2170 3496 lectionem

589 3532 837 3602 sequitur
857 3545 1068 3595 versus,
1097 3530 1152 3586 in
1185 3529 1292 3586 isto
1322 3531 1599 3600 praecedit.
1641 3530 1845 3590 Versus
1871 3545 2035 3588 causa
2061 3538 2166 3598 est,

589 3631 652 3679 ut
678 3622 931 3678 ostendat
953 3631 1121 3678 totam
1149 3623 1510 3680 intentionem
1539 3636 1702 3691 quam
1736 3622 1875 3692 gerit
1895 3622 2094 3679 chorus
2112 3623 2168 3676 in

590 3717 768 3774 oﬁicio
797 3734 919 3773 suo.
953 3718 1144 3789 igitur,
1187 3718 1314 3787 quia
1368 3716 1492 3772 ﬁnis
1537 3716 1780 3772 continet
1817 3714 2058 3774 futurum
2091 3714 2170 3771 ef—

591 3809 816 3876 fectum,
841 3810 958 3865 sive
983 3810 1036 3863 in
1064 3808 1208 3863 malo
1232 3823 1326 3863 seu
1360 3807 1413 3863 in
1437 3806 1598 3873 bono,
1638 3806 1834 3864 merito
1863 3815 1988 3876 post
2023 3821 2172 3862 corn-

593 3902 796 3971 pictura
829 3900 1062 3955 otiicium
1101 3907 1228 3955 ante
1269 3897 1558 3968 specialem
1613 3899 1921 3956 orationem
1977 3912 2170 3956 versus

591 3993 812 4064 ponitur
842 4011 854 4046 :
881 4000 937 4047 at
967 3993 1020 4047 in
1048 3993 1154 4048 isto
1175 3991 1351 4048 oﬁicio
1371 3991 1626 4060 quoniam
1646 3993 1865 4049 sedetur
1891 3992 1959 4050 ad
1981 3991 2171 4048 lectio—

593 4100 718 4142 nem
745 4093 869 4155 post
894 4083 1153 4155 psalmos,
1190 4085 1449 4155 pmcedit
1472 4099 1662 4140 versus
1693 4085 1999 4140 lectionem.
2027 4083 2170 4140 Nulli

592 4177 815 4233 dubium
832 4177 961 4247 quin
981 4177 1160 4246 aliqua
1181 4177 1335 4246 quies
1355 4176 1425 4231 sit
1447 4175 1606 4233 fessis
1623 4177 1818 4241 sessio,
1834 4184 1888 4232 et
1903 4175 2056 4244 quasi
2073 4175 2172 4232 ali-

591 4284 698 4340 qua
717 4270 1066 4339 praesumptio
1085 4269 1150 4324 de
1169 4268 1301 4323 otio.
1318 4267 1396 4322 Ac
1421 4269 1542 4323 ideo
1565 4268 1691 4337 quia
1713 4269 1854 4324 Deus
1878 4283 1983 4322 non
2013 4282 2169 4336 sper-

589 4361 674 4415 nit
710 4376 900 4431 preces
932 4360 1274 4427 ‘aﬁiictorum,
1297 4360 1649 4416 constitutum
1673 4366 1758 4417 est
1795 4367 1854 4415 ut
1880 4358 2025 4414 illico
2049 4365 2172 4428 post

590 4452 935 4510 amictionem
962 4470 1249 4525 corporum
1294 4461 1555 4524 sequatur
1595 4453 1768 4510 oratio
1791 4467 1999 4510 versus.
2029 4452 2172 4508 Con-

585 4541 819 4611 jungunt
869 4559 969 4597 nos
1002 4559 1194 4597 novem
1239 4544 1498 4598 lectiones
1526 4544 1925 4600 conversatioui
1973 4558 2170 4600 novem

589 4634 843 4689 ordinum
868 4633 1202 4704 angelorum.
1232 4635 1575 4704 Coujungunt
1599 4651 1698 4690 nos
1727 4650 1919 4694 novem
1944 4651 2164 4704 respon-

512 4713 515 4716 ”
589 4724 720 4780 sorii
755 4724 967 4794 gaudiis
989 4724 1302 4780 eorumdem
1327 4738 1521 4782 novem
1549 4726 1800 4780 ordinum
1823 4726 2160 4795 angelorum.

588 4817 656 4873 Et
684 4818 938 4887 quoniam
961 4816 1229 4872 orandum
1251 4824 1336 4873 est
1365 4824 1656 4887 antequam
1695 4817 1759 4873 ad
1816 4817 2027 4874 illorum
2071 4835 2162 4875 so-

587 4911 840 4966 cietatem
871 4908 1285 4980 perveniamus,
1319 4908 1626 4967 celebratur
1667 4923 1858 4964 versus
1899 4910 2164 4965 orationis

587 5001 889 5057 commnis
922 5001 1074 5056 chori
1109 5010 1236 5056 ante
1275 5001 1584 5056 lectionem.
1631 5000 1845 5058 Primus
1870 5016 2059 5060 versus
2084 5001 2165 5056 di-

588 5096 663 5151 cit
687 5135 702 5161 ,
750 5094 954 5148 lentor
977 5093 1058 5164 {ui
1087 5103 1237 5148 nocte
1264 5094 1489 5150 nominis
1539 5095 1640 5159 tui,
1690 5104 1745 5150 et
1783 5105 1976 5154 cratera
2011 5115 2022 5150 :
2051 5096 2166 5165 ipsa

585 5187 754 5243 verba
802 5187 1098 5242 ostendunt
1128 5201 1228 5241 cur
1277 5186 1616 5242 surreximus
1659 5187 1726 5242 de
1766 5194 1909 5245 statu
1959 5196 2167 5243 nostro.

585 5278 874 5333 Secundus
898 5292 1112 5343 versus,
1143 5275 1322 5331 Media
1345 5285 1494 5332 nocte
1521 5277 1816 5348 surgebam.
1845 5277 1954 5334 iste
1979 5287 2168 5340 osten-

584 5367 688 5432 dit,
719 5382 827 5436 qua
853 5382 952 5422 ora
993 5366 1170 5422 noctis
1201 5375 1454 5438 oporteat
1489 5382 1744 5436 surgere;
1783 5369 1877 5424 sed
1909 5369 2169 5436 quoniam

587 5461 924 5531 negligentes
949 5473 1138 5516 sumus
1163 5460 1230 5518 de
1263 5469 1510 5531 tempore
1538 5477 1648 5532 quo
1677 5461 1819 5518 soliti
1857 5470 2014 5522 erant
2042 5478 2166 5518 sur-

589 5567 719 5622 gere
750 5562 937 5623 patres
963 5553 1164 5620 nostri,
1190 5568 1299 5608 non
1330 5553 1592 5611 audemus
1621 5552 1861 5618 mentiri,
1896 5562 2170 5608 mutamus

593 5659 812 5702 versum
842 5648 1030 5714 istum,
1069 5657 1126 5704 et
1167 5647 1400 5703 dicimus
1427 5647 1681 5703 alterum.
1715 5645 1982 5712 Quoniam
2007 5654 2064 5699 tu
2099 5643 2168 5706 ii-

593 5735 820 5792 iuminaa
844 5737 1113 5793 lucernam
1137 5755 1326 5793 meant.
1346 5736 1562 5794 Tertius
1591 5752 1778 5797 versus
1802 5737 1936 5798 dicit
1963 5755 1976 5790 :
2005 5735 2171 5792 Exab-

591 5832 705 5878 tare
726 5863 740 5892 ,
790 5824 1029 5880 Domine.
1088 5827 1196 5884 iste
1259 5834 1444 5896 aperte
1503 5825 1710 5885 Novum
1763 5826 2171 5888 Testamentum

2270 1945 2324 2000 id
2363 1952 2468 2008 est,
2508 1942 2709 2008 media,
2742 1939 2958 2014 quando
2988 1941 3381 2014 quiescendum
3412 1953 3521 1998 est.
3557 1943 3682 1999 Hinc
3714 1960 3815 2015 pro-

2270 2038 2356 2094 cul
2384 2039 2546 2094 dubio
2572 2044 2884 2105 nuncupata
2913 2042 3015 2100 est,
3061 2035 3188 2106 quia
3229 2035 3540 2108 importuna
3571 2047 3651 2092 est
3678 2041 3815 2093 actio-

2268 2129 2427 2186 nibus
2491 2129 2848 2200 vigilantium.
2923 2126 3328 2199 Tcmpestivum
3390 2130 3534 2184 enim
3595 2129 3820 2184 dixerunt

2268 2229 2481 2276 veteres
2507 2228 2892 2292 opportunum,
2915 2228 2967 2275 et
2993 2218 3418 2290 intempestivum
3442 2221 3819 2291 importunum,

2268 2327 2302 2366 a
2339 2320 2581 2383 tempore
2618 2311 2779 2365 ducto
2810 2309 3090 2377 vocabulo,
3131 2327 3235 2365 non
3279 2310 3344 2366 ab
3381 2311 3468 2368 illa
3506 2321 3820 2384 tempestate

2269 2424 2388 2482 qua:
2425 2407 2814 2463 consuetudine
2859 2403 3067 2462 Latium
3113 2405 3304 2477 lingua:
3350 2406 3471 2461 coeli
3496 2407 3822 2480 perturbatio

2263 2497 2377 2568 jam
2404 2507 2648 2563 vocatur,
2686 2513 2994 2571 quanquam
3027 2499 3133 2554 isto
3170 2499 3337 2555 verbo
3369 2499 3599 2555 libenter
3624 2508 3820 2553 utantur

2268 2589 2541 2656 historici,
2574 2597 2634 2643 ut
2659 2589 2839 2644 dicant
2867 2629 2882 2658 ,
2935 2606 2996 2642 ea
3035 2599 3361 2660 tempestate,
3399 2593 3545 2663 quod
3573 2592 3746 2659 _volunt
3769 2609 3816 2647 eo

2270 2693 2500 2754 tempore
2530 2681 2774 2754 intelligi.
2811 2681 2963 2738 Unde
2996 2691 3051 2739 et
3083 2683 3451 2758 Hieronymus
3497 2685 3550 2740 in
3599 2684 3718 2740 libro
3759 2687 3814 2741 de

2269 2773 2396 2830 Vita
2423 2773 2626 2841 Paulae,
2655 2773 2785 2830 Post
2813 2774 3038 2830 Alleluia
3067 2785 3379 2843 cantatum,
3415 2794 3531 2849 quo
3563 2778 3697 2852 signo
3738 2795 3814 2833 ro-

2271 2867 2540 2922 cabantur
2570 2865 2638 2924 ad
2664 2866 2949 2923 collectam
2979 2909 2993 2935 ,
3024 2867 3154 2924 nulli
3184 2869 3429 2925 residere
3465 2869 3659 2925 licitum
3684 2880 3810 2936 erat,

2271 2958 2367 3012 sed
2417 2959 2590 3028 prima
2632 2957 2718 3012 vel
2757 2959 2900 3013 inter
2951 2959 3156 3028 primas
3201 2961 3434 3016 veniens
3477 2972 3685 3018 caeteras
3716 2978 3810 3034 ope-

2273 3048 2536 3114 riebatur,
2571 3049 2776 3118 pudore
2807 3056 2863 3103 et
2891 3049 3137 3119 exemplo
3162 3050 3230 3106 ad
3265 3050 3527 3106 laborem
3558 3068 3642 3107 eas
3661 3067 3808 3122 proro-

2273 3157 2424 3205 cans,
2450 3158 2558 3196 non
2589 3150 2818 3196 terrore.
2849 3141 3021 3209 Mane,
3052 3143 3186 3198 hora
3214 3144 3378 3199 tertia
3404 3185 3420 3210 ,
3455 3155 3642 3209 sexta,
3667 3160 3808 3208 nona,

2197 3219 2242 3284 C
2274 3246 2497 3301 vespere
2525 3271 2540 3300 ,
2575 3233 2749 3286 noctis
2777 3231 2955 3286 medio
2985 3247 3083 3304 per
3125 3234 3378 3290 ordinem
3413 3236 3710 3307 psalterium
3743 3252 3809 3292 ca-

2271 3322 2493 3378 nebant.
2550 3320 2685 3378 Item
2729 3319 2970 3391 ejusdem
3016 3323 3084 3378 ad
3119 3321 3542 3382 Demetriadem
3566 3327 3806 3396 virginem;

2269 3415 2423 3472 Nunc
2462 3423 2672 3472 tantum
2715 3417 2784 3472 ad
2813 3416 3077 3488 virginem
3100 3415 3319 3494 loquar,
3357 3417 3416 3472 id
3467 3431 3596 3484 est,
3643 3434 3725 3472 non
3760 3432 3808 3470 ea

2271 3526 2390 3582 qua:
2414 3519 2571 3566 extra
2614 3519 2689 3577 te,
2733 3511 2829 3567 sed
2857 3510 2911 3564 in
2951 3518 3002 3565 te
3033 3517 3197 3578 sunt,
3236 3517 3448 3564 tantum
3493 3509 3806 3567 considerans.

2270 3603 2477 3660 Praeter
2504 3603 2838 3676 psalmorum
2880 3611 2935 3658 et
2973 3603 3236 3660 orationis
3265 3603 3530 3676 ordinem
3554 3646 3568 3670 ,
3597 3601 3717 3676 quod
3742 3599 3810 3653 tibi

2271 3696 2405 3752 hora
2433 3695 2614 3761 tertia,
2644 3704 2816 3762 sexta,
2837 3712 3000 3764 nona,
3019 3698 3084 3752 ad
3112 3671 3421 3769 vesperum,
3455 3697 3631 3752 noctis
3652 3695 3809 3754 medio,

2271 3797 2327 3844 et
2357 3803 2518 3844 mane
2545 3803 2759 3860 semper
2792 3796 2875 3844 est
2920 3787 3301 3852 exercendum,
3343 3796 3534 3843 statue
3564 3795 3677 3858 quot
3698 3784 3816 3840 horis

2273 3893 2518 3941 sanctam
2574 3883 2911 3960 Scripturam
2943 3883 3186 3944 ediscere
3216 3882 3440 3948 debeas,
3491 3890 3684 3952 quanto
3710 3887 3817 3932 tem-

2271 3994 2402 4050 pore
2432 3979 2612 4050 legere
2640 4019 2655 4046 ,
2683 3993 2791 4034 non
2821 3977 2889 4033 ad
2916 3977 3154 4032 laborem
3179 4016 3194 4043 ,
3227 3975 3323 4031 sed
3351 3975 3418 4030 ad
3437 3973 3821 4029 delectationem

2273 4079 2328 4128 et
2353 4070 2766 4126 instructionem
2791 4069 3001 4124 animae.
3027 4067 3271 4136 Cumque
3295 4067 3410 4124 hmo
3428 4064 3627 4120 ﬁnieris
3645 4061 3820 4134 spatia,

2275 4173 2331 4220 ct
2351 4163 2668 4234 frequenter
2699 4170 2750 4218 te
2778 4161 2845 4216 ad
2875 4160 3084 4233 ﬁgenda
3113 4175 3288 4232 genua
3323 4157 3629 4214 sollicitudo
3661 4155 3818 4211 anima:

2276 4257 2556 4314 suscitarit
2580 4299 2595 4322 ,
2648 4256 2845 4316 habeto
2882 4254 3063 4312 lanam
3091 4269 3308 4328 semper
3349 4252 3403 4307 in
3439 4251 3722 4312 manibus,
3754 4245 3818 4300 rel

2276 4349 2520 4406 staminis
2546 4347 2738 4420 pollice
2769 4346 2857 4401 ﬁla
2882 4346 3132 4403 deducito
3154 4387 3168 4410 ,
3199 4343 3283 4399 vel
3311 4343 3378 4400 ad
3412 4343 3705 4416 torquenda
3724 4340 3817 4393 sui»

2278 4443 2512 4512 tegmina
2545 4440 2598 4494 in
2628 4438 2850 4494 alveolis
2878 4435 2998 4500 lusa
3025 4445 3328 4502 vertantur,
3359 4435 3700 4505 aliarumque
3725 4441 3814 4484 aeta

2278 4543 2372 4592 aut
2395 4534 2449 4589 in
2476 4533 2692 4604 globum
2720 4530 2910 4603 collige
2929 4572 2943 4598 ,
2971 4538 3064 4585 aut
3090 4527 3341 4584 textenda
3377 4542 3665 4598 compone,
3691 4531 3732 4576 et
3752 4535 3816 4573 re-

2273 4627 2439 4698 liqua.
2485 4625 2552 4679 Et
2589 4625 2786 4679 iterum
2813 4622 3053 4692 ejusdem
3091 4621 3158 4676 ad
3200 4620 3362 4674 aliam
3409 4619 3479 4673 de
3527 4615 3815 4674 institutione

2274 4717 2416 4774 ﬁliae.
2464 4713 2816 4784 Praeponatur
2857 4713 2906 4767 ci
2932 4711 3114 4784 proba:
3150 4707 3297 4775 ﬁdei,
3351 4724 3577 4763 morum
3612 4724 3668 4762 ac
3703 4701 3818 4774 pudi-

2273 4806 2417 4864 citiae
2449 4805 2602 4876 virgo
2633 4813 2887 4859 veterana
2909 4844 2924 4872 ,
2959 4817 3077 4871 qua:
3104 4801 3248 4856 illam
3282 4799 3478 4854 doceat
3511 4811 3571 4854 et
3595 4800 3824 4853 assuescat

2271 4899 2521 4972 exemplo
2549 4897 2616 4952 ad
2646 4897 2921 4954 orationes
2949 4903 3003 4951 et
3030 4893 3269 4968 psalmos
3297 4902 3458 4947 nocte
3488 4899 3823 4960 consurgere.

2271 5008 2436 5052 mane
2461 4992 2693 5063 hymnos
2718 5004 2937 5055 canere,
2972 4988 3150 5051 tertia,
3183 4995 3355 5050 sexta,
3389 4999 3539 5038 nona
3566 4983 3695 5037 hora
3716 4989 3826 5032 stare

2274 5085 2328 5144 in
2353 5084 2469 5138 acie
2489 5083 2646 5151 quasi
2669 5081 3002 5136 bellatricem
3029 5077 3249 5141 Christi,
3269 5091 3618 5148 accensaque
3645 5075 3825 5127 lucerna

2273 5179 2500 5234 reddere
2528 5173 2854 5232 sacriﬁcium
2880 5168 3265 5238 vespertinum.
3297 5165 3386 5220 Sic
3415 5165 3540 5220 dies
3576 5167 3827 5218 transeat.

2275 5271 2352 5326 sic
2399 5285 2506 5324 nox
2545 5269 2784 5324 inveniat
2826 5266 3193 5328 laborantem,
3219 5260 3395 5318 oratio
3416 5257 3679 5318 lectioni,
3704 5251 3830 5306 lectio

2274 5363 2527 5420 succedat
2555 5360 2808 5416 orationi.
2863 5355 3141 5411 Suﬁiciant
3183 5351 3340 5406 nobis
3367 5350 3483 5404 hmc
3512 5344 3759 5415 exempla
3784 5339 3832 5391 ad

2275 5454 2754 5526 demonstrandum
2791 5467 2896 5522 qua
2931 5437 3068 5503 hora
3099 5443 3425 5516 surgendum
3457 5445 3532 5496 sit
3560 5442 3619 5494 in
3647 5444 3831 5526 noctur-

2274 5521 2386 5607 nali
2428 5548 2642 5611 oﬁicio;
2673 5554 2727 5600 et
2760 5521 2850 5600 hic
2876 5539 3113 5598 habeant
3155 5537 3317 5591 ﬁnem
3345 5541 3459 5588 tres
3485 5533 3751 5586 stationes
3773 5521 3837 5576 τί·

2271 5641 2544 5717 giliarum,
2576 5653 2696 5708 quae
2718 5650 2815 5706 per
2839 5644 3020 5688 ternas
3046 5631 3208 5686 horas
3231 5627 3414 5683 divisa:
3433 5623 3694 5679 exercita:
3714 5622 3836 5672 sunt.

2273 5715 2333 5790 et
2362 5732 2416 5788 in
2448 5737 2646 5801 quarta
2677 5717 2886 5782 oriente
2907 5722 3021 5794 jam
3049 5717 3302 5776 Lucifero
3321 5759 3335 5784 ,
3379 5715 3633 5771 excussis
3680 5719 3840 5777 torpo-

2275 5823 2428 5888 ribus
2479 5820 2620 5878 taedii
2657 5817 2867 5884 nostri,
2913 5812 3090 5882 sobrie
3140 5820 3192 5867 et
3219 5817 3442 5867 strenue
3475 5803 3840 5882 prastolemar
