4000 6492
200 433 334 493 H89

933 418 1022 483 DE
1059 423 1609 483 ECCLESIASTICIS
1645 417 1934 484 DEFICIIS
1970 417 2157 483 LIBRI
2191 417 2282 484 ιν.
2319 456 2390 468 --
2425 423 2557 483 LIB.
2597 425 2668 484 IV

3309 423 3452 490 “90

198 549 477 606 adventum
506 538 723 594 Domini
759 539 932 595 nostri
959 539 1086 595 Jesu
1113 539 1338 604 Christi,
1356 539 1448 609 qui
1467 554 1563 594 sua
1585 555 1766 594 resur-
1793 547 1846 607 Α
1869 544 2043 597 minus
2065 543 2316 612 regnavit,
2339 542 2576 596 decorem
2604 540 2796 606 induit,
2829 539 3006 598 induit
3049 541 3308 599 Dominus
3350 547 3463 616 for-

197 639 431 698 rectione
463 648 563 689 nos
613 632 949 701 lmtiﬁcavit,
1003 641 1058 687 et
1103 632 1416 686 informavit
1475 631 1542 685 ad
1589 645 1773 687 resur-

195 728 484 787 rectionem
519 733 757 779 nostram
783 766 798 790 ,
856 740 1018 796 quam
1068 725 1512 780 desideraverunt
1542 733 1729 795 patres
1753 766 1768 791 ,

195 823 284 878 sed
316 819 367 874 in
397 818 553 874 nobis
580 817 801 887 impleta
831 827 934 885 est,
987 818 1041 872 in
1087 834 1224 888 quos
1264 819 1399 874 ﬁnes
1454 818 1775 873 saeculorum

197 912 544 968 devenerunt.
579 908 726 976 Quos
753 909 887 964 ﬁnes
932 909 1220 963 recolimus
1251 909 1305 963 in
1348 908 1656 965 matutinali
1695 907 1777 964 of-

196 1003 316 1060 ﬁcio
345 1017 518 1071 usque
552 999 621 1056 ad
657 1003 1112 1059 resurrectionem
1144 1017 1455 1073 corporum.

820 1096 1048 1153 CAPUT
1076 1095 1156 1151 'X.

666 1187 744 1244 De
781 1188 1081 1244 matutinali
1111 1189 1296 1260 oﬁicio.

261 1279 576 1335 Matutinale
603 1277 838 1335 oﬂicium
865 1289 1077 1350 tempus
1107 1279 1240 1334 Novi
1267 1278 1600 1336 Testamenti
1633 1296 1779 1335 men-

191 1375 334 1430 tibus
385 1373 589 1429 nostris
640 1373 890 1439 intimat,
941 1374 1043 1428 hoc
1090 1381 1176 1427 est
1230 1373 1298 1427 ab
1332 1373 1489 1428 initio
1522 1373 1778 1445 baptismi

191 1479 362 1534 usque
419 1464 489 1517 ad
525 1461 740 1534 plenam
786 1464 1284 1517 remunerationem
1326 1479 1489 1533 quam
1531 1464 1782 1534 promisit

191 1554 332 1610 Deus
361 1570 485 1608 eum
511 1552 862 1624 jurejurando
889 1553 1120 1609 Abrahae
1169 1563 1223 1609 et
1251 1555 1375 1610 ﬁliis
1400 1557 1514 1611 suis
1542 1557 1597 1610 in
1625 1564 1782 1610 teter-

188 1662 340 1700 num.
371 1645 451 1699 Eo
473 1645 619 1698 enim
642 1652 906 1713 tempore,
938 1644 993 1698 id
1023 1652 1109 1699 est
1139 1645 1442 1699 matutinali
1468 1687 1482 1710 ,
1523 1646 1782 1715 baptizati

187 1745 320 1794 sunt
366 1737 466 1791 ﬁlii
496 1736 660 1791 lsrael
691 1737 743 1790 in
771 1736 905 1792 mari
958 1737 1163 1803 Rubro,
1203 1745 1261 1792 ut
1305 1738 1523 1794 Exodus
1553 1749 1778 1793 narrat:

188 1827 424 1883 Factum
463 1837 561 1893 est,
614 1827 902 1896 inquiens,
939 1828 994 1882 in
1043 1827 1218 1899 uigilia
1257 1831 1551 1893 matutina,
1587 1839 1636 1884 et
1666 1846 1782 1885 ecce

1874 633 2150 690 titudinem
2174 643 2223 688 et
2248 635 2526 705 prwcinxit
2563 650 2635 688 se.
2673 633 2780 688 Iste
2821 641 3138 704 regnantem
3174 635 3455 696 Christum

1873 733 2174 792 monstrat;
2219 733 2274 779 at
2303 723 2590 791 secundus,
2628 724 3044 782 aediﬁcationem
3088 731 3462 788 membrorum

1875 834 2095 874 suorum
2116 860 2130 882 ,
2184 818 2371 873 dicens
2400 834 2415 874 :
2446 817 2654 871 Etenim
2684 818 2910 886 ﬁrmavit
2945 819 3121 874 orbem
3161 829 3338 889 terrm,
3374 825 3466 896 qui

1876 928 1980 966 non
2005 911 2427 966 commovebitur.
2456 910 2596 978 Quid
2620 912 2722 967 iste
2739 912 2980 982 psalmus
3007 912 3062 968 in
3083 929 3142 970 se
3164 918 3464 984 contineat,

1878 1002 2208 1057 addiscimus
2259 1002 2442 1058 verbis
2494 1003 2670 1058 sancti
2713 1003 3000 1076 Augustini
3033 1007 3087 1061 in
3131 1009 3470 1078 expositione

1879 1094 2018 1148 tituli
2048 1095 2237 1164 ipsius.
2264 1093 2344 1148 ita
2370 1096 2513 1150 enim
2543 1095 2665 1150 inﬁt
2705 1114 2718 1150 :
2751 1096 2809 1152 In
2840 1097 3000 1154 titulo
3036 1101 3180 1156 enim
3208 1109 3468 1172 tanquam

1878 1186 2231 1240 admonemur
2256 1186 2311 1239 in
2339 1185 2524 1241 limine
2571 1187 2700 1256 quid
2751 1187 2898 1243 intus
2923 1203 3252 1259 quaeramus.
3275 1191 3471 1250 inscri-

1878 1284 2003 1347 ptus
2027 1291 2159 1347 ergo
2187 1284 2272 1330 est
2299 1276 2373 1330 ita
2405 1293 2417 1329 :
2453 1274 2595 1330 Laus
2623 1277 2816 1331 cantici
2836 1278 2936 1348 ipsi
2960 1279 3133 1334 David
3161 1281 3216 1335 in
3241 1281 3326 1337 die
3349 1293 3472 1339 ante

1880 1369 2179 1434 sabbatum,
2205 1368 2416 1441 quando
2445 1368 2670 1438 fundata
2697 1379 2771 1424 est
2806 1379 2968 1425 terra.
2998 1371 3067 1426 Et
3093 1381 3219 1442 post
3243 1375 3421 1447 aliqua
3452 1391 3469 1430 :

1881 1458 2016 1516 Cum
2037 1475 2228 1517 omnes
2253 1462 2345 1531 qui
2377 1462 2606 1516 credunt
2647 1476 2746 1531 per
2773 1461 3084 1518 universam
3115 1472 3343 1532 terram,
3371 1466 3475 1521 im-

1881 1551 2109 1607 mobiles
2159 1559 2285 1608 sunt
2333 1552 2389 1607 in
2427 1551 2550 1615 ﬁde,
2597 1549 2822 1607 fundata
2865 1561 2951 1608 est
2998 1561 3192 1610 terra:
3232 1563 3363 1612 tunc
3415 1556 3477 1613 ﬁt

1881 1646 2046 1701 homo
2081 1647 2148 1702 ad
2176 1645 2467 1717 imaginem
2505 1644 2623 1712 Dei,
2651 1644 2796 1715 quod
2848 1645 3121 1717 signiﬁcat
3149 1655 3334 1702 sextus
3387 1647 3478 1705 ille

1885 1741 2000 1797 dies
2045 1742 2111 1796 de
2161 1739 2380 1796 Genesi.
2429 1738 2533 1795 Sed
2570 1740 2842 1810 quomodo
2895 1739 3046 1796 illum
3108 1741 3238 1798 fecit
3285 1741 3480 1798 Deus?

1885 1835 2166 1903 Quomodo
2209 1834 2432 1890 fundata
2464 1843 2550 1890 est
2575 1834 2766 1889 terra?
2795 1832 3046 1890 Christus
3092 1836 3239 1890 venit
3269 1845 3327 1889 ut
3357 1833 3479 1890 fun-

188 1921 477 1992 respiciens
521 1920 782 1976 Dominus
836 1937 992 1994 super
1029 1931 1206 1976 castra
1259 1922 1631 1994 Egyptiorum
1688 1940 1782 1996 per
1807 1916 1856 1977 Β
1885 1927 2040 1984 daret
2066 1935 2286 1981 terram.
2317 1924 2747 1980 Fundamentum
2786 1927 2925 1980 enim
2962 1925 3111 1980 aliud
3135 1944 3284 1982 nemo
3309 1934 3478 1999 potest

185 2011 494 2067 columnam
547 2013 684 2083 ignis
735 2021 784 2068 et
832 2012 1022 2079 nubis,
1069 2022 1117 2067 et
1169 2012 1431 2084 interfecit
1491 2015 1781 2068 exercitum

184 2122 396 2170 eorum,
421 2116 469 2160 et
496 2103 743 2159 subvertit
783 2107 923 2159 rotas
960 2121 1231 2171 curruum,
1257 2113 1310 2159 et
1338 2105 1569 2174 reliqua.
1601 2104 1783 2172 Quan-

186 2195 256 2251 do
283 2196 376 2251 isti
404 2204 530 2251 sunt
559 2195 858 2263 interfecti,
880 2205 1007 2251 tunc
1034 2195 1294 2266 baptizati
1318 2204 1446 2252 sunt
1472 2196 1569 2252 ﬁlii
1593 2197 1778 2254 Israel.

183 2284 319 2354 Quae
368 2286 444 2341 sit
488 2285 670 2358 vigilia
716 2286 1003 2355 matutina,
1045 2287 1191 2342 Beda
1230 2288 1284 2342 in
1328 2295 1565 2343 tractatu
1622 2302 1786 2360 super

185 2378 434 2436 Marcum
473 2388 790 2448 monstrat,
846 2380 938 2435 ubi
983 2381 1223 2451 disputat
1269 2381 1336 2437 de
1368 2390 1564 2453 quarta
1598 2381 1786 2453 vigilia

183 2471 371 2527 noctis
403 2489 416 2525 :
445 2470 516 2526 Et
547 2471 688 2525 circa
719 2511 739 2538 ,
789 2471 1000 2541 inquit,
1042 2471 1277 2542 vigiliam
1322 2482 1568 2543 quartam
1619 2473 1786 2528 noctis

184 2566 324 2620 venit
361 2565 434 2619 ad
465 2581 553 2618 eos
575 2563 858 2621 ambulans
885 2581 1042 2637 super
1067 2581 1230 2620 mare.
1264 2564 1539 2622 Stationes
1563 2573 1619 2621 et
1651 2564 1788 2637 vigi-

180 2663 270 2720 lize
317 2661 589 2718 militares
642 2662 700 2717 in
745 2670 898 2717 terna
938 2661 1197 2716 horarum
1226 2661 1401 2732 spatia
1448 2661 1785 2716 dividuntur.

183 2754 419 2824 Quando
447 2770 578 2828 ergo
607 2755 758 2820 dicit,
787 2763 980 2825 quarta
1009 2754 1193 2824 vigilia
1237 2753 1416 2809 noctis
1460 2753 1673 2808 venisse
1717 2754 1788 2809 ad

181 2861 280 2904 eos
335 2846 629 2908 Dominum
657 2887 673 2915 ,
711 2847 950 2903 ostendit
978 2855 1092 2902 tota
1121 2855 1282 2902 nocte
1309 2846 1646 2917 periclitatos
1666 2886 1682 2914 ,
1730 2854 1787 2902 et

180 2946 440 2995 extremo
485 2939 664 2995 noctis
703 2947 945 3009 tempore
993 2940 1074 2995 eis
1102 2939 1362 2994 auxilium
1386 2939 1690 3011 praebitura.
1719 2939 1788 2993 Et

178 3032 347 3104 paulo
393 3041 521 3104 post
550 3048 565 3086 :
596 3032 731 3088 Cum
762 3048 890 3087 vero
923 3039 1161 3088 mentem
1203 3034 1326 3104 quis
1352 3033 1458 3088 nisi
1494 3031 1675 3102 justus
1717 3033 1787 3087 ad

181 3125 413 3197 superni
456 3125 640 3181 lumen
688 3125 932 3196 praesidii
989 3134 1044 3179 et
1075 3135 1351 3196 perpetua:
1389 3125 1528 3180 dona
1559 3125 1788 3179 retribu-

179 3215 353 3271 tionis
399 3215 683 3282 erexerit,
730 3216 887 3287 quasi
930 3216 1073 3271 inter
1105 3216 1284 3270 noctis
1313 3216 1536 3270 umbras
1565 3222 1786 3285 repente

1883 2035 2076 2091 ponere
2099 2029 2292 2090 prwter
2312 2018 2368 2072 id
2389 2019 2528 2089 quod
2563 2019 2792 2090 positum
2828 2025 2905 2072 est
2926 2059 2941 2084 ,
2969 2018 3109 2088 quod
3137 2028 3213 2073 est
3239 2015 3480 2074 Christus

1884 2110 2039 2164 Jesus
2068 2111 2128 2181 1-.
2159 2109 2336 2180 Super
2364 2111 2468 2164 hoc
2496 2108 2913 2164 fundamentum
2954 2110 3251 2180 apostolica
3293 2109 3478 2166 Eccle-

1886 2202 1963 2257 sia
1994 2201 2172 2272 primo
2207 2199 2430 2256 fundata
2460 2209 2562 2257 est.
2593 2200 2715 2272 ipsa
2745 2201 2896 2257 venit
2923 2201 2990 2257 ad
3030 2210 3256 2258 caeteras
3299 2203 3478 2259 natio-

1885 2309 2002 2360 nes,
2036 2293 2365 2347 annuntians
2401 2293 2482 2347 eis
2507 2292 2712 2347 Christi
2742 2291 3053 2359 adventum,
3076 2303 3133 2348 et
3159 2294 3482 2364 praecipiens

1885 2392 1947 2439 ut
1984 2384 2035 2438 ei
2072 2383 2371 2453 jubilarent
2401 2392 2456 2437 et
2490 2383 2782 2438 servirent.
2813 2382 2968 2438 Unde
3017 2384 3162 2438 idem
3191 2383 3282 2453 qui
3313 2389 3479 2455 supra

1888 2476 2020 2531 dicit
2053 2475 2109 2528 in
2149 2482 2385 2530 tractatu
2427 2474 2622 2545 psalmi
2666 2474 3004 2544 nonagesimi
3030 2476 3159 2530 noni
3195 2493 3208 2529 :
3242 2472 3480 2533 Jubilato

1886 2581 2017 2638 ergo
2061 2566 2292 2623 Domino
2328 2567 2584 2624 universa
2614 2576 2781 2623 terra.
2814 2567 3068 2638 Nunquid
3098 2567 3261 2624 modo
3288 2581 3480 2626 vocem

1887 2673 2066 2712 meam
2095 2659 2246 2713 audit
2273 2659 2525 2714 universa
2570 2657 2762 2742 terra?
2807 2657 2878 2713 Et
2909 2666 3090 2713 tamen
3117 2659 3261 2714 hanc
3287 2673 3480 2716 vocem

1889 2750 2096 2805 audivit
2119 2751 2375 2808 universa
2403 2759 2550 2807 terra
2575 2770 2588 2806 :
2611 2750 2730 2807 Jam
2757 2751 2955 2822 jubilat
2977 2754 3205 2810 Domino
3224 2757 3480 2813 universa

1887 2849 2059 2909 terra,
2077 2850 2134 2898 et
2159 2843 2305 2914 quod
2333 2843 2512 2899 adhuc
2535 2859 2644 2898 non
2670 2841 2868 2912 jubilat
2893 2886 2908 2911 ,
2934 2843 3209 2913 jubilabit.
3237 2845 3482 2903 Praeten-

1890 2935 2024 2991 dens
2066 2938 2212 2991 enim
2246 2937 2556 2993 benedictio
2587 2937 2882 3008 incipiente
2911 2937 3153 2995 Ecclesia
3181 2942 3249 2996 ab
3279 2940 3478 2997 Hiem-

1890 3027 2059 3081 salem
2089 3043 2187 3098 per
2213 3043 2402 3084 omnes
2437 3036 2629 3101 gentes
2655 3070 2670 3095 ,
2721 3039 2777 3085 et
2813 3029 3041 3101 reliqua.
3074 3031 3153 3085 Ex
3189 3032 3274 3087 his
3299 3033 3481 3088 verbis

1889 3126 2131 3172 nostram
2187 3119 2535 3175 vocationem
2587 3119 2854 3176 sentimus
2905 3121 2961 3175 in
3008 3122 3245 3176 secundo
3271 3122 3482 3192 psalmo

1888 3225 1985 3280 per
1999 3211 2442 3281 praedicationem
2458 3211 2829 3282 apostolorum
2847 3229 2863 3278 ;
2886 3227 2951 3266 ac
2972 3211 3026 3265 in
3058 3213 3220 3267 tertio
3240 3222 3483 3270 nostram

179 3316 445 3365 exortum
480 3307 719 3363 Luciferi
773 3309 1060 3378 conspicit,
1107 3309 1254 3378 quod
1293 3309 1437 3364 diem
1473 3310 1783 3379 proximum
1812 3287 1858 3350 (ἶ
1888 3301 2320 3358 benevolentiam
2368 3302 2652 3359 oderimus
2680 3303 3047 3372 apostolorum
3073 3304 3343 3359 vocationi
3373 3347 3387 3370 ,
3430 3317 3486 3361 et

179 3400 429 3456 nuntiat.
470 3398 690 3454 Lucifer
723 3414 958 3468 namque
1008 3399 1430 3468 cumplurimum
1472 3412 1586 3455 tres
1625 3400 1788 3455 horas

179 3493 390 3558 noctis,
425 3491 481 3546 id
513 3499 620 3556 est,
645 3498 818 3546 totam
845 3490 1086 3561 vigiliam
1114 3491 1791 3556 matutinam,illuminare

177 3584 530 3655 perhibetur.
577 3582 881 3652 Aderitque
921 3582 1183 3636 Dominus
1211 3582 1327 3650 qui,
1370 3582 1566 3652 sopitis
1611 3591 1790 3638 tenta-

179 3679 406 3734 tionum
451 3675 751 3745 periculis,
789 3675 1008 3744 plenam
1059 3674 1326 3728 libertatis
1373 3674 1627 3729 ﬁduciam
1679 3691 1790 3730 suae

178 3768 558 3838 protectionis
577 3767 856 3822 attribuat.
879 3766 1031 3832 Quod
1057 3775 1286 3836 tempus,
1318 3767 1370 3820 id
1394 3774 1481 3820 est
1507 3767 1786 3837 baptismi,

177 3860 601 3932 prmﬁguratum
623 3871 709 3916 est
729 3861 783 3915 in
810 3876 938 3916 arca
969 3860 1098 3925 Noe,
1145 3860 1201 3914 in
1235 3875 1340 3930 qua
1372 3860 1568 3930 pauci,
1602 3861 1654 3915 id
1683 3870 1786 3925 est,

178 3960 314 4008 octo
344 3950 546 4006 anima:
569 3952 734 4007 salva:
769 3951 928 4006 factae
956 3959 1102 4006 sunt.
1135 3951 1304 4005 Docet
1344 3951 1540 4006 Petrus
1579 3961 1793 4021 aposto-

178 4045 270 4101 lus
303 4045 418 4099 hoc
451 4045 798 4114 praecessisse
839 4045 895 4099 in
948 4043 1124 4100 forma
1181 4046 1360 4099 nostri
1397 4047 1742 4116 baptismatis
1772 4089 1786 4114 ,

179 4134 384 4190 dicens
419 4151 432 4186 :
484 4133 553 4188 In
603 4152 706 4205 qua
743 4136 900 4204 pauci
933 4175 949 4201 ,
996 4135 1052 4188 id
1092 4145 1208 4200 est,
1255 4145 1372 4189 octo
1399 4138 1594 4191 animm
1629 4138 1791 4192 salva:

176 4226 350 4299 factm
394 4237 519 4280 sunt
571 4243 663 4297 per
703 4244 932 4298 aquam,
982 4228 1123 4298 quod
1167 4238 1216 4282 et
1264 4245 1356 4285 nos
1413 4246 1552 4283 nunc
1603 4231 1790 4284 similis

177 4321 383 4391 forma:
409 4319 580 4374 salvos
611 4319 871 4390 baptisma
896 4321 1044 4389 facit,
1077 4331 1129 4376 et
1160 4322 1368 4391 reliqua
1393 4324 1452 4392 ‘j‘.
1485 4322 1638 4378 Sicut
1663 4334 1790 4378 tunc

174 4419 312 4466 octo
339 4409 542 4464 anime
571 4408 792 4465 fuerunt
835 4411 890 4465 in
929 4427 1054 4465 area
1081 4453 1096 4477 ,
1128 4414 1201 4466 ita
1227 4429 1517 4482 possumus
1545 4415 1788 4470 invenire

176 4509 312 4556 octo
360 4501 584 4555 ordines
607 4501 904 4556 electorum
949 4504 1050 4558 sub
1081 4513 1323 4576 tempore
1365 4506 1637 4575 baptismi.
1671 4506 1789 4561 Pri-

174 4607 309 4646 mus
336 4590 479 4646 ordo
501 4604 587 4645 est
603 4593 899 4661 primitivte
925 4594 1182 4650 Ecclesiae
1216 4598 1486 4652 vcrsantis
1512 4598 1564 4650 in
1589 4598 1786 4667 populo

175 4681 465 4745 Iudaico;
508 4684 798 4749 secundus,
829 4683 1070 4752 ejusdem
1097 4687 1385 4755 primitivm
1417 4687 1674 4743 Ecclesia:
1703 4689 1785 4742 in-

176 4772 394 4829 trantis
441 4771 514 4824 ad
551 4781 773 4842 gentes;
831 4777 1059 4840 tertius,
1110 4779 1384 4834 credentis
1421 4780 1780 4848 gentilitatis;

174 4872 426 4936 quartus
446 4903 462 4928 ,
505 4863 876 4936 resipiscentis
904 4868 1086 4935 populi
1113 4867 1355 4935 Iudaici;
1386 4873 1609 4939 quintus
1636 4915 1648 4938 ,
1693 4889 1786 4928 eo—

177 4974 309 5015 rum
359 4957 461 5027 qui
509 4955 676 5011 futuri
729 4957 832 5012 sub
883 4948 1130 5029 tempore
1160 4961 1481 5017 Antichristi
1517 4979 1531 5016 :
1565 4974 1784 5032 sextus,

177 5059 240 5107 et
301 5049 600 5118 septimus,
635 5059 692 5103 et
717 5062 971 5118 octavus,
1001 5067 1215 5117 eorum,
1261 5054 1354 5124 qui
1405 5055 1788 5109 universaliter

178 5140 491 5212 colligendi
541 5151 669 5196 sunt
713 5159 781 5197 ex
822 5143 972 5211 Asia,
1007 5153 1062 5199 et
1109 5146 1347 5216 Europa,
1373 5154 1430 5200 et
1475 5145 1678 5212 Africa,
1731 5155 1786 5202 et

179 5233 451 5289 frientur
491 5233 683 5302 majori
717 5251 850 5305 pace
877 5251 1044 5307 quam
1089 5253 1234 5294 nunc
1265 5239 1478 5294 fruatur
1518 5241 1780 5296 Ecclesia.

182 5324 350 5382 Unde
379 5324 681 5394 Gregorius
711 5345 724 5380 :
753 5327 888 5394 Qua:
915 5345 1116 5400 sagena
1156 5331 1367 5386 scilicet
1408 5334 1788 5389 universaliter

179 5427 322 5472 tunc
349 5415 618 5483 repletur,
645 5433 777 5472 eum
799 5420 855 5474 in
885 5419 992 5476 ﬁne
1014 5438 1113 5477 suo
1141 5423 1367 5478 tanniam
1397 5425 1612 5494 generis
1643 5440 1789 5479 sum-

181 5525 278 5566 lna
307 5507 682 5566 concluditur.
720 5509 936 5567 Primus
977 5514 1216 5581 psalmus
1261 5525 1531 5570 monstrat
1556 5517 1788 5586 primiti-

181 5616 315 5656 γεω
359 5598 669 5654 .Eoclmiam
693 5641 710 5665 ,
757 5618 876 5671 qua:
929 5603 1226 5659 reformata
1284 5616 1340 5661 et
1392 5608 1656 5663 aedificata
1706 5618 1790 5664 est

184 5693 406 5750 Christi
447 5694 871 5763 praedicatione,
917 5713 985 5752 eo
1019 5696 1131 5766 jam
1183 5710 1476 5771 regnante,
1507 5703 1649 5757 sicut
1676 5703 1791 5772 ipse

187 5786 514 5852 dicit,l)ata
537 5798 612 5843 est
635 5789 765 5843 mihi
793 5790 963 5845 omnis
987 5799 1214 5862 potestas
1242 5794 1297 5848 in
1320 5794 1446 5849 calo
1474 5804 1522 5849 et
1545 5797 1600 5849 in
1626 5805 1787 5850 terra.

186 5879 368 5946 Qad
411 5880 619 5951 primus
655 5891 711 5938 et
757 5884 1027 5942 secundus
1065 5900 1256 5943 versus
1310 5888 1648 5945 dilucidam:
1683 5887 1793 5945 Do-

1890 3393 2144 3458 dicimus,
2181 3393 2348 3458 Deus,
2386 3393 2530 3447 Deus
2576 3410 2725 3448 meus
2759 3434 2773 3457 ,
2823 3392 2892 3446 ad
2926 3401 2974 3447 te
3027 3393 3093 3448 de.
3142 3393 3259 3448 luce
3298 3395 3480 3467 vigilo.

1891 3482 2067 3539 Sitivit
2093 3485 2149 3537 in
2180 3494 2229 3538 te
2257 3487 2440 3540 anima
2470 3501 2588 3539 mea
2613 3526 2628 3551 ,
2660 3501 2821 3556 quam
2846 3484 3207 3556 multipliciter
3241 3488 3334 3542 tibi
3360 3506 3484 3543 caro

1889 3589 2026 3627 mea.
2059 3572 2276 3630 Titulus
2314 3575 2506 3644 psalmi
2549 3582 2820 3630 monstrat
2847 3585 3175 3644 praesentem
3212 3578 3486 3647 psalmum

1890 3671 2169 3720 cantatum
2195 3680 2319 3720 esse
2345 3680 2412 3720 ex
2431 3679 2668 3736 persona
2693 3666 3030 3738 gentilitatis.
3060 3666 3296 3722 Titulum
3325 3669 3486 3724 habet

1890 3757 2007 3827 ipse
2033 3757 2296 3827 psalmus,
2323 3757 2501 3828 Ipsius
2526 3757 2698 3812 Dauid
2730 3774 2849 3812 cum
2876 3769 3005 3813 esset
3036 3759 3092 3812 in
3118 3758 3322 3813 deserto
3353 3757 3486 3813 Idu-

1889 3864 2058 3903 ma’az.
2089 3848 2242 3915 Quod
2265 3849 2341 3903 ita
2368 3850 2508 3904 idem
2553 3847 2886 3921 Augustinus
2935 3849 2988 3903 in
3035 3855 3266 3904 tractatu
3289 3849 3485 3920 psalmi

1889 3940 2133 4011 ejusdem
2168 3959 2181 3995 :
2211 3941 2316 3996 Per
2349 3943 2595 3999 ldumzeaa
2625 3957 2824 3997 nomen
2877 3941 3199 4011 intelligitur
3223 3942 3484 3997 saeculum

1889 4033 2054 4089 istud.
2097 4033 2332 4090 ldumaea
2363 4037 2508 4091 enim
2555 4051 2688 4107 gens
2737 4043 2859 4090 erat
2899 4034 3148 4105 quaedam
3180 4035 3483 4091 errantium

1889 4124 2194 4193 hominum,
2235 4127 2328 4182 ubi
2369 4127 2511 4183 idola
2543 4127 2880 4182 colebantur.

1961 4217 2104 4273 Area
2133 4220 2278 4274 enim
2303 4218 2436 4285 Noe,
2466 4235 2586 4289 quae
2609 4226 2734 4274 octo
2763 4219 2974 4274 animas
3009 4219 3325 4275 continebat
3351 4260 3364 4284 ,
3401 4217 3486 4274 bi-

1890 4321 2166 4365 camerata
2193 4322 2333 4368 erat.
2361 4311 2439 4367 De
2465 4325 2572 4381 qua
2597 4327 2658 4367 re
2685 4312 2879 4367 scribit
2907 4313 3049 4367 idem
3075 4314 3169 4381 qui
3199 4325 3385 4381 supra,
3425 4312 3481 4366 in

1891 4403 2032 4458 libro
2056 4404 2248 4472 quinto
2279 4404 2489 4458 decimo
2507 4404 2578 4458 de
2605 4403 2836 4459 Civitate
2864 4404 2960 4458 Dei
2985 4422 2998 4456 :
3032 4403 3100 4458 Et
3124 4403 3480 4475 ﬁeriquidem

1890 4504 2072 4567 potest
2098 4504 2158 4549 ut
2177 4504 2234 4550 et
2267 4497 2424 4551 nobis
2447 4497 2744 4567 quispiam,
2771 4505 2825 4553 et
2853 4497 2992 4552 alius
3027 4497 3133 4552 alio
3179 4498 3344 4551 modo
3394 4512 3484 4551 ex-

1890 4599 2058 4660 ponat
2085 4591 2201 4646 hazc
2241 4591 2452 4660 aptius,
2483 4591 2610 4646 dum
2649 4599 2831 4647 tamen
2864 4607 2926 4647 ea
2957 4605 3076 4661 quae
3103 4591 3379 4652 dicuntur,
3414 4589 3483 4644 ad

1891 4683 2055 4748 hanc,
2087 4683 2158 4738 de
2182 4697 2289 4754 qua
2317 4684 2608 4754 loquimur,
2635 4685 2733 4740 Dei
2764 4685 3041 4740 civitatem
3069 4686 3124 4739 in
3158 4686 3259 4740 hoc
3282 4683 3481 4740 saeculo

1887 4773 2123 4844 maligno
2157 4781 2416 4844 tanquam
2455 4775 2509 4830 in
2551 4775 2754 4831 diluvio
2801 4777 3266 4846 peregrinantem,
3298 4775 3478 4829 omnia

1888 4870 2197 4925 referantur
2221 4913 2235 4938 ,
2277 4872 2322 4926 si
2355 4875 2421 4927 ab
2458 4871 2576 4940 ejus
2616 4887 2781 4927 sensu
2811 4913 2826 4936 ,
2854 4874 2945 4941 qui
2979 4873 3080 4926 ista
3112 4874 3436 4942 conscripsit
3461 4913 3477 4940 ,

1887 4975 1996 5014 non
2022 4961 2134 5014 vult
2160 4960 2319 5029 longe
2345 4961 2624 5023 aberrare,
2678 4961 2770 5029 qui
2801 4963 3042 5032 exponit.
3076 4963 3321 5033 Exempli
3356 4979 3478 5034 gra-

1890 5051 1989 5117 tia,
2019 5052 2168 5106 velut
2206 5051 2251 5105 si
2277 5051 2546 5121 quispiam
2579 5053 2722 5122 quod
2749 5053 2841 5110 hic
2892 5054 3154 5125 scriptum
3192 5062 3294 5120 est,
3345 5055 3480 5125 infe-

1890 5142 2033 5194 riora
2072 5142 2392 5196 bicamerata
2425 5152 2472 5196 et
2510 5144 2847 5200 tricamerata
2898 5144 3061 5216 {acies
3088 5164 3172 5213 ea,
3199 5159 3306 5202 non
3335 5145 3479 5217 quod

1890 5247 1990 5303 ego
2017 5232 2071 5287 in
2099 5231 2192 5288 illo
2224 5249 2386 5305 opere
2415 5236 2528 5290 dixi
2550 5237 2680 5292 velit
2700 5238 2948 5309 intelligi,
2979 5239 3105 5310 quia
3131 5255 3195 5293 ex
3227 5239 3478 5294 omnibus

1891 5325 2144 5396 gentibus
2169 5326 2412 5384 Ecclesia
2434 5337 2795 5400 congregatur
2815 5345 2828 5383 :
2845 5331 3232 5386 bicameratam
3253 5332 3472 5398 dictam,

1891 5428 2112 5490 propter
2134 5421 2239 5476 duo
2267 5438 2466 5494 genera
2510 5423 2791 5478 hominum
2818 5465 2832 5490 ,
2873 5424 3343 5481 circumcisionem
3374 5426 3479 5481 sci-

1893 5514 2040 5581 licet,
2082 5523 2138 5569 et
2169 5518 2513 5587 prceputium,
2553 5531 2691 5586 quos
2743 5514 3032 5587 Apostolus
3072 5526 3128 5573 et
3170 5517 3275 5573 alio
3315 5517 3477 5573 modo

1890 5605 2026 5662 dicit
2067 5606 2281 5663 Sudzeos
2305 5615 2362 5663 et
2387 5605 2608 5662 Graecos
2631 5649 2646 5674 ,
2697 5617 2751 5664 et
2795 5608 3024 5679 reliqua.
3058 5607 3194 5676 Quia
3233 5607 3477 5665 futurum

1891 5709 1976 5756 est
2015 5707 2143 5755 ante
2181 5699 2614 5770 persecutionem
2654 5700 3001 5768 Antichristi,
3043 5707 3106 5756 ut
3141 5701 3366 5772 populus
3409 5716 3477 5756 ex

1892 5794 2156 5865 praeputio
2187 5800 2245 5848 et
2268 5792 2682 5849 circumcisione
2725 5809 2893 5849 unum
2948 5793 3057 5849 sint
3106 5793 3160 5848 in
3197 5794 3324 5860 ﬁde,
3347 5791 3479 5850 ideo

1894 5889 2002 5944 duo
2030 5884 2223 5958 psalmi
2249 5885 2311 5942 in
2336 5885 2500 5943 tertio
2524 5887 2718 5944 ordine
2745 5888 3093 5946 continentur
3117 5889 3217 5946 sub
3239 5897 3346 5945 una
3375 5899 3475 5942 an-
