4000 6494
519 387 655 446 1191

1550 381 1888 441 AMALARII
1922 376 2361 438 PRESBYTER!
2397 374 2738 434 METENSIS

3686 372 3832 430 “9'2

517 502 759 573 tiphona.
787 498 920 568 Quae
946 500 1297 558 continentur
1326 500 1381 556 in
1412 499 1644 572 psalmo,
1678 499 1819 552 Deus
1843 498 2097 552 miserea-
2126 497 2180 558 Α
2203 493 2445 548 fraterna
2471 490 2734 546 recitatur
2765 486 2819 540 in
2845 483 3014 540 choro
3031 523 3046 550 ,
3074 497 3199 554 quae
3227 495 3444 553 semper
3463 483 3700 554 placita
3726 490 3828 544 erit

517 601 606 647 tur
644 592 850 656 nostri,
890 599 1182 664 utrumque
1223 591 1479 664 populum
1527 589 1851 660 designant,
1901 588 2106 644 scilicet

517 684 760 741 Judaeum
789 693 846 740 et
865 685 1143 755 gentilem.
1172 685 1463 754 Postquam
1484 682 1541 738 hi
1572 680 1773 736 fuerint
1793 680 2064 750 conjuncti
2085 720 2099 744 ,

518 777 702 832 veniet
739 777 1020 831 tribulatio
1047 776 1395 840 Antichristi,
1430 775 1483 829 in
1514 771 1668 842 cujus
1699 773 1929 842 ﬁguram
1962 786 2104 841 prte-

518 871 686 926 cessit
713 867 1216 926 Nabuchodonosor
1248 877 1304 924 et
1334 869 1513 924 mittet
1551 866 1604 920 in
1637 865 1907 920 caminum
1932 863 2107 917 tribu—

518 959 742 1016 lationis
770 967 882 1014 tres
910 959 1051 1014 ﬁlios
1079 959 1191 1014 Noe
1218 1000 1232 1026 ,
1261 958 1415 1029 quasi
1453 966 1565 1012 tres
1589 970 1808 1026 pueros,
1839 968 1976 1023 quos
1999 967 2106 1006 non

517 1049 693 1106 solum
717 1050 969 1104 liberavit
996 1049 1138 1104 Deus
1163 1051 1228 1105 de
1257 1048 1373 1118 ejus
1399 1048 1762 1119 malignitate,
1793 1045 1919 1116 quia
1950 1042 2106 1100 electi

519 1150 668 1208 sunt,
715 1142 809 1197 sed
857 1151 914 1197 et
961 1142 1282 1198 benedicent
1330 1142 1558 1197 Domino
1605 1141 1660 1196 in
1701 1139 2108 1195 similitudinem

519 1215 687 1289 trium
718 1248 1030 1303 puerorum.
1055 1235 1397 1305 Quapropter
1413 1248 1535 1288 cum
1565 1232 1619 1286 in
1650 1231 1862 1286 caeteris
1887 1228 2108 1300 psalmis

519 1325 756 1383 solemus
777 1324 961 1380 dicere
986 1324 1239 1388 Alleluia,
1269 1325 1324 1379 in
1357 1325 1460 1380 ista
1486 1324 1868 1380 benedictione
1899 1321 2110 1378 Latinis

517 1418 700 1475 verbis
754 1419 960 1473 utimur
1018 1417 1087 1472 ad
1153 1417 1640 1473 commendandam
1704 1415 2109 1470 tribulationem

519 1527 682 1582 quam
706 1511 921 1580 passuri
947 1517 1073 1565 sunt
1105 1509 1279 1564 sancti
1317 1509 1370 1563 in
1403 1509 1595 1563 diebus
1625 1508 1910 1562 memorati
1955 1505 2112 1560 Anti-

518 1603 715 1659 christi
761 1603 877 1658 sive
915 1602 1078 1657 modo
1103 1601 1382 1672 patiuntur
1411 1616 1442 1655 a
1471 1601 1733 1656 membris
1754 1597 1889 1668 ejus.
1909 1599 1976 1652 Et
2002 1613 2111 1652 non

519 1706 603 1752 est
659 1709 881 1750 necesse
925 1695 998 1750 ibi
1045 1703 1310 1760 cantare,
1367 1692 1552 1747 Gloria
1602 1689 1755 1745 Patri
1807 1701 1855 1745 et
1923 1687 2108 1753 Filio,

521 1789 648 1859 quia
689 1789 744 1842 in
768 1788 885 1857 ipsa
921 1787 1298 1842 benedictione
1345 1799 1837 1841 commemoramus
1863 1783 2110 1836 eamdem

521 1887 770 1935 sanctam
813 1879 1137 1934 Trinitatem
1171 1921 1186 1944 ,
1233 1879 1508 1934 dicendo:
1559 1877 1942 1931 Benedicamus
2000 1875 2110 1929 Deo
2139 1870 2187 1928 B

520 1967 700 2034 Patri,
727 1979 774 2022 et
799 1967 963 2033 Filio,
996 1979 1042 2023 et
1071 1968 1294 2039 Spiritui
1327 1979 1531 2024 sancto.
1561 1969 1806 2022 Diximus
1832 1969 1898 2022 de
1928 1966 2112 2021 Gloria

529 2059 690 2115 Patri
719 2061 863 2121 quod
890 2058 1006 2126 ejus
1028 2076 1185 2114 usum
1224 2062 1506 2129 scripserit
1525 2062 1720 2115 beatus
1752 2059 2115 2130 Hieronymus

524 2154 592 2208 ad
631 2169 827 2224 papam
866 2153 1179 2207 Damasum.
1211 2152 1344 2208 Post
1370 2154 1475 2208 hoc
1501 2154 1794 2208 secundum
1838 2152 2116 2206 Danielem

521 2230 627 2300 erit
652 2246 806 2316 quies
831 2245 1012 2315 aliqua
1043 2246 1132 2315 qui
1161 2247 1235 2300 ita
1275 2247 1406 2301 dicit
1437 2265 1448 2299 :
1491 2245 1687 2300 Beatus
1712 2246 1800 2317 qui
1831 2255 2112 2316 exspectat,

521 2347 572 2393 et
619 2339 847 2410 pervenit
904 2353 1069 2408 usque
1120 2337 1188 2391 ad
1234 2336 1344 2392 dies
1397 2337 1541 2392 mille
1594 2347 1845 2392 trecentos
1900 2337 2118 2408 triginta

519 2431 767 2502 quinque.
829 2427 982 2496 Quod
1047 2429 1242 2486 beatus
1294 2430 1657 2502 Hieronymus
1707 2431 1789 2486 sic
1850 2429 2112 2499 exponit:

518 2520 721 2578 Beatus
742 2563 756 2585 ,
790 2522 987 2591 inquit,
1020 2523 1144 2592 qui,
1201 2523 1488 2579 interfecto
1533 2524 1870 2579 Antichristo
1891 2565 1905 2589 ,
1953 2538 2117 2593 supra

521 2612 672 2668 mille
701 2613 964 2669 ducentos
1003 2615 1303 2686 nonaginta
1352 2616 1500 2683 dies,
1543 2616 1598 2670 id
1636 2626 1720 2671 est
1745 2657 1759 2681 ,
1801 2624 1912 2670 tres
1951 2616 2119 2670 semis

523 2722 718 2774 annos,
745 2708 861 2764 dies
888 2709 1246 2780 quadraginta
1269 2709 1509 2780 quinque
1530 2710 1895 2780 praestolatur,
1923 2708 2119 2778 quibus

523 2807 610 2855 est
663 2799 922 2855 Dominus
959 2810 1122 2870 atque
1155 2800 1406 2857 Salvator
1445 2802 1500 2855 in
1536 2818 1633 2857 sua
1665 2803 1951 2872 majestate
1988 2815 2120 2855 ven-

527 2896 701 2946 turus.
728 2889 786 2944 ln
819 2907 923 2960 qua
950 2892 1132 2962 quiete
1172 2893 1538 2948 celebrabitur
1566 2894 1683 2948 laus
1714 2894 1808 2949 Dei
1835 2908 1957 2964 quae
1984 2907 2116 2947 eon-

523 2981 731 3036 tinetur
760 2981 813 3035 in
847 2982 1021 3037 tribus
1048 2984 1296 3053 psalmis,
1321 2985 1548 3051 scilicet,
1572 2985 1808 3040 Laudate
1837 2985 2118 3039 Dominum

525 3073 592 3126 de
626 3071 788 3138 cadis,
836 3082 892 3128 et
944 3073 1164 3130 Cantate
1213 3077 1442 3132 Domino
1487 3082 1750 3133 canticum
1789 3097 2010 3148 novum,
2065 3092 2122 3139 et

528 3162 772 3219 Laudate
801 3165 1084 3221 Dominum
1114 3170 1170 3224 in
1198 3171 1396 3225 sanctis
1431 3172 1580 3240 eius;
1632 3174 1700 3228 ab
1730 3174 1981 3231 universo
2023 3192 2117 3247 ge-

526 3271 659 3312 nere
711 3257 948 3314 humano
994 3261 1139 3330 quod
1186 3264 1380 3319 evadet
1439 3235 1506 3319 de
1545 3235 1892 3322 tribulatione
1919 3309 1934 3334 ,
1973 3235 2114 3339 quod
2144 3235 2190 3298 Ο

527 3362 698 3418 genus
726 3348 1022 3405 humanum
1052 3369 1080 3406 a
1117 3353 1292 3408 tribus
1324 3355 1450 3411 ﬁliis
1486 3356 1599 3413 Noe
1626 3371 1982 3431 propagatum
2012 3371 2114 3419 est.

528 3436 685 3494 Unde
714 3438 1047 3511 Augustinus
1076 3445 1129 3499 in
1163 3458 1461 3503 memorato
1499 3449 1636 3506 libro
1686 3453 1875 3522 quinto
1909 3454 2120 3512 decimo

529 3530 597 3584 de
625 3529 857 3586 Civitate
895 3535 990 3591 Dei
1026 3555 1038 3590 :
1072 3536 1446 3594 Tricamerata
1505 3557 1666 3605 vero,
1724 3559 1846 3614 qua:
1888 3546 1939 3600 in
1993 3563 2120 3604 area

529 3627 651 3675 erat
677 3661 693 3688 ,
726 3639 793 3679 eo
822 3627 965 3694 quod
994 3643 1182 3684 omnes
1214 3639 1403 3700 gentes
1429 3632 1495 3686 de
1517 3633 1688 3688 tribus
1712 3634 1837 3690 ﬁliis
1862 3635 1973 3692 Noe
1999 3651 2120 3707 post

531 3714 791 3771 diluvium
844 3729 1110 3789 reparatm
1158 3732 1304 3777 sunt.
1340 3723 1466 3779 Sive
1492 3725 1598 3780 alio
1624 3727 1783 3782 modo
1812 3769 1825 3792 ,
1879 3738 1938 3784 ut
1978 3731 2120 3786 idem

529 3805 868 3877 Augustinus
935 3811 990 3865 in
1058 3812 1197 3867 libro
1245 3813 1613 3880 Quaestionum
1658 3817 2118 3888 Evangeliorum,

531 3898 688 3952 titulo
718 3902 1136 3974 quadragesimo
1193 3908 1446 3976 septimo.
1486 3909 1569 3964 Ad
1623 3911 1739 3979 ipsa
1780 3913 1884 3966 tria
1920 3930 2123 3984 genera

531 4002 652 4056 quae
685 4003 1036 4048 assumuntur
1086 3998 1325 4053 arbitror
1370 4003 1644 4070 pertinere
1685 4005 1847 4060 etiam
1880 4006 1970 4061 illa
2014 4010 2121 4064 tria

529 4080 751 4135 nomina
797 4093 1112 4142 sanctorum
1169 4090 1444 4158 virorum,
1487 4109 1623 4164 quos
1673 4095 1816 4152 solos
1862 4098 2121 4156 liberatos

527 4167 783 4228 Ezechiel
809 4178 1076 4248 propheta
1105 4183 1465 4252 praenuntiat,
1510 4185 1645 4253 Noe,
1673 4186 1885 4254 Daniel,
1913 4199 1971 4244 et
1997 4189 2118 4247 Job.

530 4261 755 4319 Videtur
781 4268 926 4323 enim
956 4269 1070 4326 Noe
1097 4273 1374 4342 pertinere
1396 4277 1463 4333 ad
1485 4292 1579 4335 eos
1600 4295 1698 4350 per
1717 4297 1854 4352 quos
1878 4283 2122 4340 Ecclesia

531 4357 758 4428 regitur,
791 4360 931 4416 sicut
957 4378 1056 4433 per
1089 4364 1242 4422 illum
1273 4368 1326 4422 in
1353 4371 1510 4440 aquis
1539 4386 1663 4428 arca
1693 4375 1990 4444 gubernata
2013 4385 2118 4444 est,

537 4461 660 4515 qua:
703 4448 931 4520 ﬁguram
956 4458 1207 4524 gestabat
1233 4459 1486 4517 Ecclesia:
1511 4482 1524 4516 :
1554 4464 1743 4521 Daniel
1769 4475 1969 4532 autem,
1994 4470 2122 4538 quia

529 4538 772 4592 caalibem
801 4542 966 4613 elegit
989 4547 1156 4601 vitam
1185 4589 1200 4613 ,
1229 4551 1282 4604 id
1314 4562 1416 4618 est,
1465 4556 1683 4624 nuptias
1714 4565 1960 4613 terrenas
1991 4575 2120 4614 con-

429 4665 436 4676 .
535 4629 778 4697 tempsit,
810 4641 888 4696 ut,
928 4635 1069 4689 sicut
1103 4639 1236 4692 dicit
1265 4640 1582 4711 Apostolus,
1613 4646 1730 4700 sine
1756 4648 2117 4706 sollicitudine

525 4718 736 4775 viveret
760 4725 1004 4795 cogitans
1028 4743 1148 4798 quae
1190 4740 1316 4784 sunt
1356 4734 1474 4800 Dei,
1500 4751 1669 4806 genus
1691 4752 1880 4792 eorum
1912 4741 2118 4811 signiﬁ-

528 4820 634 4878 cat,
664 4814 756 4884 qui
783 4826 910 4871 sunt
944 4819 996 4873 in
1024 4821 1138 4876 otio
1161 4862 1176 4887 ,
1215 4823 1309 4877 sed
1341 4833 1521 4880 tamen
1547 4826 1830 4884 fortissimi
1858 4831 1911 4885 in
1942 4840 2119 4889 tenta-

525 4904 768 4964 tionibus
791 4919 850 4966 ut
879 4916 1091 4983 possint
1125 4918 1329 4973 assumi
1362 4937 1374 4973 :
1407 4918 1508 4977 Job
1549 4932 1729 4978 autem
1757 4927 1881 4995 quia
1912 4935 1966 4982 et
1990 4944 2120 4984 uxo-

525 5010 643 5051 rem
679 4997 888 5067 habuit,
924 5015 979 5058 et
1003 5004 1144 5061 ﬁlios
1169 5049 1182 5072 ,
1214 5016 1269 5063 et
1297 5011 1503 5080 amplas
1544 5022 1886 5070 terrenarum
1932 5033 2114 5075 rerum

525 5091 732 5160 copias,
783 5093 851 5148 ad
900 5097 1033 5153 illud
1077 5114 1246 5170 genus
1287 5105 1553 5172 pertinet,
1603 5109 1689 5162 cui
1744 5110 2114 5167 molendinum

527 5185 843 5256 deputatum
865 5201 949 5246 est
977 5209 992 5247 :
1017 5195 1110 5249 sed
1137 5204 1318 5252 tamen
1355 5208 1415 5254 ut
1447 5202 1554 5255 sint
1584 5202 1862 5260 fortissimi
1903 5207 1957 5262 in
1999 5218 2116 5266 ten-

528 5279 820 5337 tationibus
845 5325 860 5349 ,
901 5285 1043 5342 sicut
1078 5288 1165 5344 ille
1200 5289 1303 5345 fuit
1336 5311 1347 5346 :
1378 5308 1484 5347 non
1526 5297 1669 5350 enim
1715 5298 1872 5354 aliter
1911 5301 2114 5355 assumi

526 5379 811 5441 poterunt,
852 5391 954 5433 nec
981 5389 1113 5449 puto
1163 5382 1265 5436 alia
1298 5399 1419 5440 esse
1451 5402 1647 5457 genera
1684 5391 1964 5447 hominum
1996 5395 2117 5463 qui-

529 5460 631 5517 bus
655 5475 867 5522 constat
895 5469 1158 5536 Ecclesia,
1177 5489 1337 5543 quam
1367 5477 1469 5532 ista
1499 5480 1622 5532 tria.
1647 5480 1912 5546 Quoniam
1934 5460 2112 5540 futura

527 5561 655 5605 sunt
682 5555 795 5611 haec
825 5561 984 5614 unius
1010 5563 1246 5630 virtutis,
1288 5568 1497 5624 scilicet
1538 5572 1814 5641 patientiae
1839 5576 2112 5631 consortia

528 5647 587 5694 et
613 5651 917 5704 communia
950 5692 965 5719 ,
995 5655 1096 5709 sub
1125 5671 1229 5710 una
1259 5658 1551 5726 antiphona
1591 5663 1704 5717 sive
1751 5663 1978 5719 Alleluia
2022 5682 2112 5720 ea-

531 5742 736 5790 nuntur
766 5745 878 5795 tres
901 5744 1114 5812 psalmi,
1167 5748 1261 5818 qui
1311 5765 1410 5805 nos
1441 5751 1672 5808 invitant
1713 5755 1781 5811 ad
1808 5772 1992 5812 eorum
2020 5772 2110 5813 so-

529 5822 807 5884 cietatem.
831 5829 965 5889 Dein
987 5837 1232 5906 sequitur
1259 5837 1438 5908 lectio,
1463 5856 1582 5912 quae
1616 5859 1717 5915 pro
1742 5846 2110 5908 admonitione

2209 586 2446 658 quandiu
2473 585 2528 639 in
2555 581 2810 652 prtesenti
2856 577 3055 633 saeculo
3095 578 3250 649 deget
3296 575 3581 632 Ecclesia.
3631 575 3824 635 Postea

2207 678 2456 748 sequitur
2479 691 2671 732 versus
2717 684 2876 743 aptus
2913 671 3143 742 tempori
3175 670 3304 735 tali,
3336 670 3470 725 dicit
3501 671 3695 735 enim,
3727 671 3824 727 Do-

2207 773 2382 823 minus
2410 768 2667 839 regnavit,
2696 773 2752 821 et
2775 773 2994 819 caetera.
3023 762 3174 818 Tunc
3203 761 3295 817 ﬁet
3319 761 3449 816 illud
3478 764 3650 832 quod
3687 763 3824 833 Apo-

2207 859 2380 915 stolus
2425 859 2595 924 dicit,
2654 855 2788 912 Cum
2840 855 3118 910 tradiderit
3148 871 3363 926 regnum
3400 853 3526 910 Deo
3571 865 3627 909 et
3665 857 3818 926 patri.

2208 953 2436 1021 Quando
2465 967 2693 1023 regnum
2735 949 2850 1004 Deo
2881 947 3069 1013 tradit,
3105 947 3206 1002 sibi
3236 947 3338 1017 ipsi
3370 948 3465 1016 qui
3516 947 3678 1003 Deus
3702 960 3816 1016 est,

2208 1043 2488 1116 conjungit
2539 1043 2672 1098 illud
2728 1043 2794 1096 ad
2850 1049 3173 1112 perpetuum
3231 1055 3462 1110 regnum
3513 1055 3709 1094 suum.
3754 1044 3816 1099 At

2208 1138 2444 1210 hymnus
2472 1137 2752 1193 Zachariae
2781 1137 3059 1207 prepbetae
3087 1132 3277 1189 recolit
3303 1134 3817 1190 remunerationem

2207 1229 2530 1300 promissam
2561 1227 2794 1283 Abrahae
2817 1267 2830 1285 .
2884 1226 2938 1280 id
2967 1234 3054 1281 est
3075 1267 3088 1288 ,
3136 1234 3198 1280 ut
3244 1224 3572 1279 serviamus
3602 1224 3814 1278 Domino

2211 1322 2331 1377 sine
2364 1322 2559 1376 timore
2590 1320 2646 1374 in
2679 1318 2969 1375 sanctitate
2998 1327 3049 1373 et
3071 1315 3286 1385 justitia
3310 1315 3590 1371 omnibus
3618 1317 3808 1370 diebus.

2212 1413 2341 1468 Tale
2372 1413 2655 1468 servitium
2683 1412 2953 1482 reperitur
2976 1411 3135 1466 modo
3158 1410 3213 1465 in
3243 1411 3412 1476 raris,
3437 1411 3539 1480 qui
3566 1410 3808 1481 suntjam

2209 1501 2435 1575 perfecti
2468 1495 2618 1558 {Sed
2643 1512 2771 1559 tunc
2797 1504 2866 1558 ab
2896 1503 3085 1559 electis
3111 1502 3368 1559 omnibus
3399 1501 3770 1560 celebrabitur
3787 1542 3806 1572 ,

2212 1595 2340 1666 quia
2374 1611 2565 1651 omnes
2609 1605 2771 1652 erunt
2804 1593 3050 1667 perfecti.

2823 1712 3054 1769 CAPUT
3090 1713 3182 1768 Xl.

2317 1804 2397 1860 De
2439 1804 2734 1860 nocturnali
2767 1806 2930 1877 ofﬁcio
2969 1822 3060 1876 per
3106 1805 3456 1877 quotidianus
3507 1819 3699 1865 noctes.

2293 1915 2364 1972 Ut
2393 1917 2537 1972 enim
2584 1918 2854 1973 dominica
2906 1934 3017 1973 nox
3047 1918 3240 1973 recolit
3280 1921 3433 1976 cives
3475 1920 3813 1978 Hierusalem

2219 2008 2287 2063 ab
2317 2009 2698 2065 initioomundi
2737 2025 2910 2079 usque
2946 2010 2999 2064 in
3029 2010 3217 2083 ﬁnem,
3251 2003 3592 2082 quotidiana:
3635 2024 3816 2070 noctes

2216 2101 2710 2170 peregrinationem
2771 2102 3113 2168 mortalium,
3162 2113 3219 2158 et
3278 2105 3747 2162 abalienationem
3788 2122 3814 2159 ι

2215 2192 2393 2261 patria
2430 2193 2572 2248 inter
2612 2193 2867 2250 inimicos
2893 2195 3205 2266 degentem.
3237 2195 3300 2250 Et
3340 2198 3464 2266 quia
3517 2199 3818 2254 duodecim

2218 2282 2366 2339 horae
2392 2294 2518 2340 sunt
2547 2288 2744 2352 noctis,
2779 2289 2834 2342 in
2861 2287 3058 2358 quibus
3089 2304 3297 2344 necesse
3317 2289 3586 2345 habemus
3610 2299 3819 2348 custo-

2219 2376 2306 2431 dia
2335 2376 2549 2432 Domini
2602 2379 2829 2443 tndniri,
2874 2379 3160 2434 duodecim
3211 2379 3436 2450 psalmos
3489 2393 3818 2437 cantamus.

2219 2467 2287 2523 Et
2315 2468 2441 2538 quia
2473 2469 2588 2524 haec
2616 2471 2863 2526 custodia
2891 2472 3032 2526 seria
3053 2481 3138 2527 est
3164 2488 3260 2542 per
3273 2489 3368 2528 sex
3387 2482 3589 2529 mtales
3604 2476 3819 2540 mundi,

2221 2575 2317 2617 sex
2367 2563 2680 2633 antiphonis
2705 2565 3084 2636 conjungimus
3127 2566 3389 2636 psalmos.
3427 2566 3503 2621 Et
3554 2569 3684 2637 quia
3729 2582 3819 2623 se:

2175 2717 2178 2720 ,
2220 2662 2409 2708 anates
2456 2655 2641 2710 mundi
2683 2655 2858 2711 tribus
2888 2656 3225 2728 temporibus
3254 2657 3684 2723 concluduntur,
3716 2659 3820 2714 sci-

2221 2746 2350 2802 licet
2379 2748 2643 2802 naturalis
2676 2747 2828 2820 legis,
2865 2748 3056 2804 littera:
3078 2757 3134 2804 et
3176 2748 3318 2819 legis
3351 2750 3581 2820 gratiae,
3613 2759 3721 2806 tres
3743 2749 3820 2806 le-

2221 2839 2426 2895 ctiones
2456 2838 2728 2910 leguntur,
2756 2848 2812 2896 et
2836 2850 2946 2896 tres
2973 2842 3307 2912 responsorii
3341 2853 3648 2899 canuntur.

2825 2955 3050 3012 CAPUT
3089 2956 3204 3012 ΧΠ.

2366 3068 2776 3123 De'matutinali
2803 3071 2966 3140 ofﬁcio
2992 3087 3087 3140 per
3105 3071 3462 3142 quotidianus
3489 3084 3683 3129 noctes.

2292 3185 2350 3239 In
2383 3186 2677 3241 Dominicis
2704 3187 2953 3241 noctibus
2980 3203 3078 3258 per
3101 3189 3344 3260 quinque
3376 3193 3716 3263 antiphonas
3739 3208 3813 3247 re-

2227 3275 2453 3331 colimus
2481 3287 2681 3332 statum
2713 3277 2969 3332 Ecclesia:
3003 3279 3070 3332 ab
3101 3279 3254 3332 initio
3278 3283 3610 3351 apostolica
3654 3283 3813 3338 stabi-

2224 3369 2390 3424 litatis
2421 3386 2590 3441 usque
2619 3372 2685 3425 ad
2714 3370 3100 3442 perfectionem
3128 3372 3466 3440 electorum,
3519 3379 3612 3447 qui
3641 3378 3691 3432 in
3720 3377 3814 3432 ﬁne

2223 3463 2409 3517 mundi
2462 3464 2676 3517 venturi
2726 3463 2995 3517 suntzAt
3045 3465 3383 3533 quotidianis
3447 3470 3697 3524 noctibus
3732 3469 3811 3523 al-

2224 3563 2340 3609 tero
2367 3555 2526 3609 modo
2555 3556 2805 3610 eumdem
2852 3564 3054 3610 statum
3081 3557 3376 3612 recolimus
3419 3575 3531 3630 per
3572 3563 3815 3616 mutatio-

2223 3662 2346 3700 nem
2378 3645 2710 3716 psalmorum
2763 3657 2819 3702 et
2845 3649 3180 3704 canticorum
3211 3666 3242 3704 a
3269 3653 3524 3706 secunda
3566 3653 3700 3708 feria
3733 3669 3816 3708 us-

2223 3750 2329 3804 que
2361 3735 2414 3790 in
2445 3736 2690 3791 sabbato.
2716 3737 2929 3792 Primus
2949 3736 3215 3803 Psalmus,
3246 3739 3510 3796 Miserere
3533 3745 3633 3796 mei
3659 3742 3816 3808 Deus,

2225 3829 2468 3883 continet
2494 3830 2853 3898 paenitentum
2877 3831 3308 3886 conversionem.
3339 3832 3512 3889 Judaei
3545 3836 3818 3899 conversi,

2225 3922 2316 3990 qui
2361 3922 2690 3993 deputantur
2716 3925 2769 3978 in
2819 3925 3095 3996 primitiva
3133 3926 3397 3990 Ecclesia,
3427 3928 3582 3982 istius
3611 3928 3823 3996 psalmi

2224 4013 2465 4082 vigorem
2505 4013 2942 4082 frequentabant,
2992 4017 3209 4086 quando
3253 4019 3324 4074 ad
3366 4019 3821 4089 praedicationem

2223 4103 2369 4159 Petri
2396 4105 2772 4175 paenitentiam
2797 4117 3043 4178 egerunt,
3071 4117 3126 4162 et
3150 4111 3449 4178 compuncti
3464 4117 3594 4164 sunt
3617 4112 3819 4167 corde.

2224 4194 2301 4248 De
2331 4195 2529 4265 quibus
2577 4197 2837 4268 scriptum
2879 4207 2963 4254 est
2991 4199 3045 4253 in
3099 4199 3328 4256 Actibus
3369 4202 3815 4271 Apostolorum:

2223 4285 2326 4341 His
2352 4288 2548 4342 auditis
2581 4291 2874 4358 compuncti
2907 4298 3029 4344 sunt
3060 4291 3235 4356 corde,
3265 4301 3315 4345 et
3335 4292 3585 4346 dixerunt
3618 4296 3692 4347 ad
3723 4292 3821 4349 Pe-

2224 4389 2364 4432 trum
2391 4390 2438 4434 et
2487 4381 2557 4434 ad
2605 4381 2834 4452 reliquos
2879 4383 3172 4454 Apostolos.
3217 4383 3357 4450 Quid
3402 4386 3694 4455 faciemus,
3725 4389 3816 4442 tiri

2225 4469 2462 4539 fratres?
2487 4466 2682 4527 Petrus
2715 4489 2833 4527 vero
2879 4475 2952 4526 ait
2977 4473 3128 4528 illis:
3179 4474 3578 4542 Pamitentiam,
3619 4481 3812 4546 inquit.

2223 4562 2380 4630 agite,
2433 4571 2482 4615 et
2510 4562 2805 4632 baptizetur
2844 4565 3198 4637 unusquisque
3223 4577 3450 4620 uestrum
3497 4570 3554 4623 in
3610 4573 3815 4624 nomine

2220 4651 2350 4706 Jesu
2373 4653 2588 4708 Christi.
2626 4654 2802 4710 Simili
2831 4656 2990 4710 modo
3011 4673 3108 4727 per
3132 4666 3420 4727 sequentes
3448 4671 3648 4716 noctes
3681 4664 3816 4716 idem

2220 4741 2468 4798 Psalmus
2497 4760 2618 4811 nos,
2648 4746 2742 4815 qui
2788 4747 2854 4801 de
2891 4748 3078 4817 gentili
3117 4751 3538 4805 conversatione
3567 4753 3816 4807 conversi

2219 4851 2426 4902 sumus,
2459 4837 2526 4890 ad
2558 4837 2934 4906 paenitentiam
2975 4849 3255 4908 provocat.
3302 4840 3518 4897 Sufﬁcit
3561 4845 3636 4898 de
3689 4861 3820 4916 prr-

2219 4927 2360 4983 senti
2399 4927 2627 4998 psalmo.
2670 4929 2746 4983 De
2773 4930 3006 4996 eaateris,
3037 4931 3093 4985 id
3132 4942 3234 4998 est,
3268 4933 3409 4990 Deus
3443 4935 3593 4991 Deus
3651 4954 3816 5000 snas,

2219 5018 2288 5071 ad
2319 5028 2366 5072 te
2388 5018 2451 5072 de
2496 5018 2610 5073 luce
2635 5019 2812 5090 vigilo,
2859 5029 2935 5085 et,
2978 5020 3120 5076 Deus
3152 5023 3467 5078 misereatur
3489 5030 3669 5081 nostri
3697 5044 3715 5078 :
3746 5037 3817 5092 et.

2217 5107 2458 5162 Laudate
2482 5110 2768 5165 Dominum
2799 5112 2862 5166 de
2891 5111 3052 5179 cretis,
3085 5130 3168 5178 ac,
3204 5115 3425 5171 Cantate
3451 5117 3720 5186 Domino,
3745 5131 3821 5175 at-

2218 5218 2345 5273 que,
2373 5203 2612 5261 Laudate
2655 5206 2936 5262 Dominum
2966 5208 3023 5262 in
3055 5210 3251 5264 sanctis
3281 5211 3417 5279 ejus.
3448 5211 3577 5268 Jam
3609 5215 3820 5271 dictum

2219 5305 2301 5351 est
2336 5315 2348 5350 :
2384 5306 2551 5353 restat
2577 5299 2710 5355 ordo
2744 5308 2802 5354 ut
2826 5301 2893 5355 ad
2921 5303 3214 5358 secundam
3242 5303 3436 5360 feriam
3465 5319 3822 5364 revertamur

2217 5399 2274 5444 et
2301 5400 2642 5448 transeamus
2671 5409 2770 5462 per
2797 5395 3153 5450 mutationem
3175 5398 3517 5468 psalmorum
3544 5412 3600 5457 et
3635 5405 3820 5460 cauti-

2220 5497 2429 5538 corum.
2482 5483 2615 5538 lllud
2644 5485 2822 5555 primo
2854 5499 3069 5557 oportet
3112 5491 3332 5557 intueri,
3384 5505 3445 5549 ut
3479 5496 3738 5567 psalmus
3763 5506 3821 5552 et

2222 5576 2491 5629 canticum
2520 5576 2660 5630 sicut
2690 5586 2814 5630 sunt
2838 5578 2891 5631 in
2923 5577 3099 5635 oﬁicio
3131 5581 3385 5652 deputata
3414 5588 3579 5641 unius
3607 5590 3821 5655 noctis,

2218 5667 2292 5722 ita
2316 5667 2522 5720 suntin
2553 5670 2714 5723 rebus
2761 5669 2960 5725 similia
3013 5683 3067 5727 et
3109 5675 3626 5745 signiﬁcationibus.
3666 5680 3822 5736 Psalo

2217 5774 2338 5814 mus
2387 5755 2552 5812 Verba
2602 5776 2742 5826 mea,
2783 5761 2947 5818 habet
2976 5764 3118 5820 hunc
3145 5767 3382 5833 titulum,
3421 5766 3534 5825 Pro
3578 5788 3647 5826 ea
3697 5787 3818 5843 quc

2215 5849 2574 5910 hereditatem
2605 5852 2816 5924 accipit.
2844 5853 3017 5922 Quem
3058 5857 3135 5916 ita
3173 5861 3395 5932 exponit
3415 5861 3763 5936 Augustinus
3789 5877 3814 5948 :_
