4000 6540
203 443 328 505 Ηθδ

915 439 1004 494 DE
1043 433 1589 493 ECCLESIAS'I‘ICIS
1627 431 1915 489 OFFICIIS
1954 434 2132 490 LIBRI
2169 435 2259 493 IV.
2299 467 2372 477 —
2407 436 2536 492 LIB.
2576 437 2660 492 IV.
2734 422 2741 429 ’

3267 443 3406 502 1194

196 550 490 624 Intelligitur
509 564 637 621 ergo
667 548 928 614 Ecclesia,
965 537 1085 618 qua:
1113 548 1319 617 accepit
1340 545 1734 612 haereditatem,
1766 549 1815 609 Α
1840 547 2256 618 peregrinantur
2283 565 2314 603 a
2352 547 2600 605 Domino.
2646 549 2800 605 Unde
2825 563 2878 607 ct
2920 553 3047 609 illud
3069 555 3286 623 dicitur,
3315 555 3416 612 Re-

197 647 345 702 vitam
383 650 633 697 aeternam
663 656 759 712 per
789 641 1075 695 Dominum
1104 649 1347 695 nostrum
1369 639 1550 695 Jesum
1589 639 1746 695 Chri-

195 748 343 801 stum,
369 743 426 792 ut
446 735 717 806 possideat
748 736 922 804 ipsum
943 735 1134 800 Deum,
1150 735 1234 790 cui
1256 735 1558 802 adhaerens,
1584 737 1743 790 beata

193 833 260 888 sit
282 827 560 885 secundum
596 826 745 891 illud,
780 826 930 882 Beati
958 830 1126 892 mites,
1153 829 1401 897 quoniam
1431 829 1530 899 ipsi
1579 829 1745 884 luere-

190 921 342 975 ditate
360 919 688 990 possidebunt
718 917 930 973 terram.
969 919 1117 975 Hanc
1143 920 1512 975 hzereditatem
1556 921 1745 989 primi-

191 1011 293 1066 tiva
333 1009 565 1065 Ecclesia
594 1010 836 1079 accepit,
889 1023 1007 1079 quae
1038 1009 1199 1064 simul
1227 1024 1351 1063 cum
1396 1010 1656 1080 apostolis
1689 1010 1742 1064 in

187 1099 421 1174 praesenti
438 1099 634 1172 saeculo
651 1100 807 1154 vixit.
825 1100 904 1154 Ex
923 1098 1038 1168 ejus
1060 1114 1288 1170 persona
1312 1100 1746 1153 cantaturcanti-

187 1207 301 1249 cum
315 1190 458 1246 Isaiae
477 1192 774 1262 prOphettc,
795 1190 1218 1260 Conﬁtebortibi,
1240 1189 1480 1255 Domine,
1495 1191 1743 1262 quoniam

181 1287 341 1340 iratus
365 1301 414 1338 es
468 1285 598 1338 mihi
633 1298 651 1336 :
681 1299 958 1338 conversus
985 1293 1059 1337 est
1087 1283 1238 1353 furor
1257 1293 1401 1349 tuus,
1440 1292 1488 1337 et
1509 1282 1747 1337 consola-

181 1387 258 1430 tus
281 1393 332 1431 es
352 1392 454 1441 me,
476 1382 582 1431 etc.
607 1373 892 1450 Canticum
923 1373 1086 1437 istud,
1116 1374 1246 1428 illud
1279 1383 1490 1443 tempus
1516 1373 1739 1438 recolit,

178 1467 382 1536 quando
421 1467 657 1536 primum
709 1466 968 1520 vexillum
1016 1453 1230 1520 sanctae“
1260 1464 1452 1519 Crucis
1503 1471 1743 1518 erectum

179 1566 276 1614 est.
308 1558 459 1614 Unde
487 1558 542 1612 in
571 1558 944 1629 superioribus
996 1558 1240 1628 partibus
1292 1557 1347 1611 in
1401 1557 1591 1612 eodem
1619 1573 1746 1628 pro-

175 1649 332 1719 pheta
359 1648 622 1717 scriptum
647 1656 750 1714 est,
785 1649 849 1702 Et
878 1649 1079 1703 levabit
1124 1649 1334 1718 signum
1390 1648 1444 1702 in
1473 1648 1742 1714 nationes,

176 1753 228 1798 et
250 1741 599 1812 congregabit
625 1740 884 1813 profugos
910 1739 1096 1805 Israel,
1131 1749 1184 1795 et
1220 1741 1446 1810 reliqua.
1477 1740 1628 1807 Quod
1667 1741 1744 1796 sic

173 1831 528 1904 Hieronymus
549 1833 602 1886 in
649 1833 838 1888 eodem
885 1833 1124 1902 exponit.
1155 1832 1212 1885 In
1244 1832 1330 1887 die
1359 1831 1472 1898 illo,
1523 1832 1627 1887 hoc
1661 1840 1747 1886 est

1844 641 2004 713 plebis
2050 659 2131 697 me
2157 641 2342 698 lwtitia
2377 660 2493 697 cum
2523 643 2666 698 vultu
2692 653 2780 698 tuo
2813 659 2828 697 .'
2863 661 3020 701 mane
3055 649 3308 705 astabunt
3360 658 3415 705 et

1847 733 2366 804 contemplabuntur.
2392 735 2478 799 Et,
2512 735 2649 790 sicut
2679 735 2769 788 alii
2793 735 3046 791 dixerunt
3068 739 3411 810 interpretes,

1847 820 2040 878 Satiali
2068 841 2246 878 sumus
2272 842 2422 878 mane
2446 825 2804 879 misericordia
2825 837 2935 880 tua.
2964 828 3113 884 Tunc
3136 832 3412 886 satiabun-

1845 922 1962 981 tur;
1996 917 2136 971 sicut
2164 918 2306 972 enim
2352 916 2479 970 alibi
2525 918 2638 970 ait:
2675 915 2920 971 Satiabor
2948 936 3065 971 cum
3113 926 3415 991 apparuerit

1844 1004 2013 1075 gloria
2036 1013 2146 1059 tua.
2182 1005 2338 1062 Unde
2385 1005 2602 1072 dicitur,
2643 1005 2878 1061 Ostende
2909 1009 3064 1062 nobis
3095 1009 3332 1075 Patrem,
3363 1020 3415 1065 el

1847 1094 2041 1151 sullicit
2065 1097 2238 1152 nobis.
2295 1098 2472 1167 Atque
2506 1098 2618 1168 ipse
2648 1087 2907 1153 Dominus
2940 1117 2952 1151 :
2985 1099 3274 1155 Ostendam
3305 1117 3418 1156 me-

1847 1186 2020 1256 ipsum
2049 1187 2146 1242 illi.
2172 1188 2323 1254 Quod
2353 1189 2522 1244 donec
2553 1189 2666 1254 ﬁat,
2692 1189 2825 1244 nihil
2861 1191 2985 1245 boni
3018 1192 3171 1246 nobis
3201 1191 3414 1256 sullicit,

1846 1295 1947 1336 nec
1973 1279 2224 1336 suflicere
2273 1281 2448 1348 debet,
2503 1298 2572 1341 ne
2616 1282 2942 1338 desiderium
2976 1292 3217 1339 nostrum
3246 1286 3299 1340 in
3329 1286 3419 1339 via

1845 1380 2144 1427 remaneat.
2174 1370 2239 1426 Et
2271 1379 2394 1442 post
2421 1387 2592 1444 pauca
2623 1391 2634 1425 :
2676 1371 2875 1442 Repleti
2907 1390 3090 1428 sumus
3120 1391 3271 1428 mane
3315 1376 3387 1428 mi
3398 1408 3418 1415 --

1846 1462 2132 1517 serieordia
2169 1472 2281 1528 tua,
2331 1473 2380 1517 et
2409 1463 2800 1528 exsultavimus,
2829 1475 2875 1518 et
2917 1465 3158 1520 delectati
3209 1463 3417 1538 [lwtatij

1845 1571 2023 1609 sumus
2046 1556 2102 1609 in
2133 1554 2372 1608 omnibus
2403 1555 2583 1610 diebus
2630 1552 2842 1611 nostris.
2870 1557 2996 1613 Dies
3026 1557 3136 1623 ille,
3182 1557 3296 1611 dies
3339 1568 3425 1613 est

1847 1644 1962 1698 sine
1994 1644 2119 1710 line,
2168 1644 2330 1699 simul
2369 1645 2718 1702 suutlomnes
2744 1647 2820 1702 illi
2871 1648 3006 1703 dies.
3055 1650 3095 1718 ἰ-
3140 1648 3292 1716 Quod
3329 1665 3424 1719 per

1847 1736 2192 1805 quotidianas
2214 1745 2402 1793 noctes
2421 1734 2667 1809 sequitur
2687 1749 2809 1810 post
2834 1741 3092 1812 hymnum
3123 1741 3420 1808 Zachariae,

1851 1827 1940 1898 qui
1964 1843 2061 1882 nos
2092 1827 2384 1884 introducit
2428 1840 2550 1901 post
2581 1833 3034 1887 resurrectionem
3056 1849 3340 1903 corporum
3369 1835 3422 1889 in

172 1927 227 1982 in
256 1926 348 1981 illo
373 1893 658 1997 tempore,
710 1927 777 1982 de
815 1942 921 1996 quo
966 1935 1020 1980 et
1055 1926 1424 1997 supradictum
1459 1933 1562 1990 est,
1620 1941 1744 1980 cum
1775 1893 1824 1953 Β
1851 1904 2107 1971 aeternam
2151 1917 2336 1984 vitam,
2375 1921 2552 1976 oratio
2595 1929 2848 1977 consueta
2884 1924 2989 1978 hoc
3044 1923 3240 1990 innuit,
3280 1927 3423 1996 quod

172 2018 528 2073 resurrexerit
556 2017 707 2072 radix
738 2015 889 2072 Jesse
925 2017 978 2071 in
1009 2016 1220 2086 signum
1259 2015 1598 2084 populorum,
1630 2015 1744 2069 sive

168 2119 230 2163 ut
255 2111 569 2164 dominetur
608 2108 866 2180 gentium,
913 2115 1144 2178 apponet
1195 2108 1453 2161 Dominus
1507 2105 1745 2161 secundo

166 2213 389 2253 manum
413 2214 589 2264 suam,
621 2208 682 2252 ut
713 2213 1053 2268 nequaquam
1093 2198 1248 2268 juxta
1272 2211 1365 2252 eos
1390 2205 1607 2251 nostros
1653 2194 1745 2250 Ju-

163 2290 446 2346 daizantes
480 2290 534 2343 in
573 2289 732 2343 linem
763 2289 970 2354 mundi,
1003 2304 1125 2343 cum
1159 2290 1441 2343 intraverit
1468 2288 1746 2358 plenitudo

164 2381 406 2452 gentium
435 2398 449 2433 :
491 2387 617 2435 tunc
641 2381 817 2435 omnis
842 2379 1009 2436 Israel
1041 2381 1220 2435 salvus
1252 2381 1345 2434 ﬁat
1376 2398 1389 2433 :
1437 2381 1533 2434 sed
1563 2381 1747 2434 omnia

162 2471 278 2526 haec
302 2470 359 2526 in
405 2471 584 2541 primo
607 2471 969 2541 intelligamus
1013 2471 1266 2526 adventu.
1297 2472 1362 2524 Et
1388 2470 1548 2540 paulo
1577 2479 1700 2540 post
1729 2488 1741 2524 :

160 2559 393 2617 Levabit
425 2561 591 2632 igitur
619 2562 833 2632 signum
858 2562 1038 2616 crucis
1064 2562 1118 2615 in
1150 2561 1398 2616 nationes
1433 2561 1745 2628 universas,

159 2659 215 2706 et
244 2652 316 2707 de
362 2650 654 2722 synagogis
685 2649 992 2705 Judaaorum
1020 2651 1254 2720 primum
1313 2651 1477 2705 Israel
1521 2653 1748 2724 populos

157 2741 540 2813 congregabit,
577 2749 638 2796 ut
666 2741 909 2812 Apostoli
957 2746 1286 2812 prmceptum
1313 2739 1613 2798 Salvatoris
1643 2743 1748 2798 im-

156 2832 403 2903 plerent,
445 2832 551 2901 qui
596 2831 854 2886 dixerat:
889 2831 970 2886 Ite
1023 2832 1090 2885 ad
1136 2849 1253 2887 oves
1294 2833 1523 2903 perditas
1561 2834 1748 2889 domus

155 2923 356 2979 Israel.
390 2925 540 2979 Idem
561 2925 617 2980 in
646 2924 996 2994 sequentibus
1026 2925 1082 2980 in
1106 2934 1406 2981 memorato
1429 2928 1570 2983 libro
1595 2944 1747 2983 mon-

154 3021 320 3079 strat,
359 3014 431 3069 de
457 3015 654 3084 quibus
676 3015 949 3070 canticum
975 3026 1180 3084 narret,
1206 3017 1393 3074 dicens
1426 3032 1440 3072 :
1473 3019 1574 3087 Qui
1600 3021 1750 3091 prius

157 3105 216 3160 in
247 3105 552 3168 solitudine
579 3104 864 3172 dixeratis,
897 3109 1110 3179 quando
1147 3111 1467 3167 ascendistis
1501 3110 1568 3166 de
1603 3119 1749 3168 terra

153 3195 409 3268 Egypti,
437 3204 494 3252 et
526 3212 676 3252 mare
700 3198 962 3272 siccatum
1013 3208 1097 3254 est
1125 3198 1369 3257 Rubrum
1402 3219 1416 3256 :
1457 3202 1750 3259 Cantemus

147 3288 413 3355 Domino,
444 3288 676 3359 gloriose
726 3291 872 3346 enim
924 3293 1305 3363 magniﬁcatus
1329 3303 1414 3350 est
1448 3309 1463 3348 :
1497 3304 1553 3350 et
1605 3312 1749 3351 nunc

148 3393 424 3448 percussa
449 3381 629 3451 lingua
654 3384 823 3438 maris
852 3383 1094 3456 Egypti,
1125 3395 1179 3441 et
1205 3386 1425 3442 ﬂumine
1454 3389 1597 3443 illius
1629 3406 1750 3444 are-

145 3470 325 3537 facto,
357 3478 526 3540 atque
556 3475 835 3529 conscisso
874 3486 929 3529 et
973 3477 1276 3543 humiliato,
1307 3480 1605 3549 glorificate
1645 3483 1752 3537 Do-

145 3565 391 3628 minam,
425 3572 481 3618 et
502 3563 664 3619 dicite
696 3583 708 3618 :
744 3563 1052 3621 Conﬁtebor
1080 3567 1198 3635 tibi,
1224 3570 1747 3642 Domine,quoniam

140 3654 297 3710 iram
321 3655 508 3710 merui
533 3663 588 3710 et
610 3654 868 3711 furorem.
903 3657 1075 3713 Tuam
1108 3661 1537 3717 misericordiam
1561 3680 1750 3720 conse-

139 3756 315 3803 cutus
337 3762 487 3802 sum.
513 3742 594 3802 Tu
618 3760 678 3804 es
704 3749 848 3804 enim
879 3749 1131 3805 Salvator
1153 3749 1324 3819 meus,
1360 3755 1528 3820 idest,
1557 3757 1746 3813 Jesus:

135 3851 199 3898 et
229 3848 594 3911 nequaquam
620 3842 868 3899 ﬁduciam
902 3845 1110 3900 habebo
1132 3846 1186 3900 in
1214 3846 1392 3913 idolis,
1422 3864 1522 3903 nec
1548 3850 1750 3906 timebo

135 3945 272 4002 quae
297 3945 419 3986 non
448 3940 575 3987 sunt
605 3933 860 4000 timenda,
912 3933 1006 3989 sed
1051 3940 1107 3988 tu
1136 3951 1195 3991 es
1229 3935 1486 3993 fortitudo
1518 3954 1660 4004 mea,
1692 3947 1748 3994 et

136 4025 270 4081 laus
334 4037 486 4078 mea.
541 4023 655 4080 Hoc
687 4033 772 4080 est
832 4025 973 4081 inter
1028 4027 1294 4096 psalmum
1345 4038 1401 4084 et
1453 4031 1748 4098 canticum,

135 4115 298 4186 quod
323 4122 421 4169 est
450 4114 590 4170 inter
618 4131 782 4186 opera
803 4114 961 4184 justi,
1007 4125 1063 4172 et
1105 4119 1403 4189 gratiarum
1432 4122 1700 4178 actionem
1729 4141 1744 4179 :

135 4214 204 4260 ut
229 4203 499 4276 psalmus
539 4205 898 4272 demonstret,
949 4221 1113 4278 opera
1164 4209 1298 4279 justi
1350 4221 1474 4280 post
1527 4227 1753 4268 conver-

131 4297 414 4361 sionem,
464 4302 523 4349 ut
564 4294 621 4348 in
662 4303 746 4350 est
789 4298 1043 4365 praesenti
1081 4297 1290 4368 psalmo
1320 4311 1340 4350 :
1371 4298 1634 4365 Quoniam
1681 4301 1749 4356 ad

131 4403 186 4448 te
213 4388 854 4456 orabo,Domine,mane
882 4391 1133 4445 eaaudies
1156 4408 1330 4447 vocem
1347 4408 1514 4446 meam
1544 4412 1556 4446 :
1592 4393 1750 4448 Mane

127 4486 340 4542 astabo
381 4480 482 4536 tibi
529 4489 579 4536 et
616 4482 815 4547 videbo,
845 4489 900 4538 et
930 4491 1124 4539 caetera
1155 4503 1168 4538 :
1204 4492 1259 4540 et
1285 4484 1581 4551 canticum,
1608 4485 1750 4540 Lau-

130 4578 270 4633 dem
297 4573 412 4630 Dei
448 4587 550 4644 pro
600 4575 790 4629 eodem
817 4589 1002 4645 opere.
1054 4573 1258 4632 versus
1286 4584 1410 4646 post
1462 4579 1746 4633 lectionem

125 4685 236 4740 per
271 4667 638 4738 quotidianas
663 4676 849 4724 noctes
877 4684 892 4723 :
922 4669 1053 4726 illud
1079 4679 1291 4742 tempus
1329 4673 1398 4727 ad
1427 4674 1747 4729 memoriam

127 4760 395 4824 reducit,
423 4759 639 4826 quando
671 4773 882 4816 merces
916 4764 1417 4831 recompensabitur
1445 4774 1568 4838 post
1595 4762 1746 4820 labo-

124 4842 254 4908 rem
289 4849 598 4922 praesentis
625 4849 808 4905 saeculi
828 4849 990 4917 justis
1028 4867 1058 4906 a
1087 4853 1337 4910 Domino.
1361 4853 1566 4912 Versus
1592 4857 1741 4923 dicit,

126 4943 364 5014 Περιειὶ
417 4953 600 4996 sumus
645 4955 800 4994 mane
846 4939 1204 4995 misericordia
1234 4952 1324 4995 tua
1361 4959 1378 4995 :
1411 4952 1465 4998 et
1513 4944 1740 5013 reliqua.

123 5033 321 5102 Quem
353 5033 441 5089 ita
468 5029 689 5102 exponit
713 5029 1046 5103 Augustinus
1067 5033 1119 5086 in
1141 5033 1332 5087 eodem
1346 5033 1572 5104 psalmo,
1603 5035 1744 5089 unde

123 5133 416 5196 sumpt-us
446 5125 533 5179 e‘s't
561 5125 582 5177 ἐ
611 5118 838 5186 Deinde,
886 5119 1210 5193 inquit,'illa
1241 5123 1537 5195 bona'quae
1565 5122 1746 5179 futura

121 5209 271 5273 sunt
313 5229 431 5285 spe
454 5199 778 5283 anticipans,
807 5213 1028 5269 etvelut
1047 5203 1190 5269 facta
1213 5211 1322 5282 jam
1345 5213 1629 5284 deputans,
1663 5229 1746 5270 re-

122 5309 276 5381 pleti
301 5319 533 5372 smnus,
559 5305 757 5375 inquit,
782 5315 941 5360 mane
973 5305 1351 5362 misericordia
1380 5312 1492 5360 tua.
1524 5306 1666 5379 Ergo
1690 5307 1746 5364 in

120 5397 427 5456 his'velut
458 5397 736 5451 nocturnis
760 5396 1059 5462 laboribus,
1090 5403 1145 5452 et
1164 5395 1440 5453 doloribus
1466 5399 1746 5469 prophetia

121 5492 306 5548 nobis
338 5501 582 5544 accensa
605 5495 689 5544 est
717 5505 730 5542 :
756 5489 896 5544 sicut
919 5488 1140 5544 lucerna
1165 5489 1221 5544 in
1244 5488 1477 5545 obscuro
1503 5489 1623 5545 loco
1653 5491 1749 5546 do-

121 5599 238 5641 nec
273 5584 415 5639 dies
466 5576 765 5645 illucesCat,
816 5590 869 5635 et
898 5579 1115 5636 Lucifer
1151 5582 1359 5639 oriatur
1410 5582 1466 5638 in
1494 5582 1746 5639 cordibus

119 5678 362 5733 nostris
393 5690 412 5728 :
437 5673 592 5729 Beati
609 5675 752 5728 enim
768 5675 960 5728 mundo
990 5675 1166 5741 corde,
1193 5677 1442 5748 quoniam
1455 5678 1556 5749 ipsi
1577 5676 1744 5732 Deum

120 5769 434 5846 videbunt.
477 5765 629 5821 Tunc
681 5764 1028 5836 replebuntur
1080 5783 1145 5823 eo
1194 5769 1337 5824 bono
1381 5768 1551 5838 justi,
1604 5770 1746 5842 quod

119 5873 290 5915 nunc
322 5858 591 5916 esuriant
621 5866 676 5912 et
708 5857 916 5924 sitiunt,
947 5875 1072 5918 cum
1090 5875 1190 5935 per
1219 5861 1379 5922 ﬁdem
1413 5864 1746 5923 ambulantes

533 5953 810 6016 PATROL.
849 5952 954 6015 CV
990 5947 997 5954 ’

1771 4618 1825 4678 D

1847 2007 1936 2062 illa
1986 2009 2166 2064 omnia
2203 2009 2342 2066 bona
2393 2020 2707 2081 peccatores
2748 2029 2846 2084 per
2890 2016 3264 2085 paenitentiam
3298 2032 3419 2087 Spe-

1847 2109 1987 2156 rant.

2431 2195 2660 2254 CAPUT
2697 2198 2832 2254 XIII.

2415 2288 2488 2343 De
2517 2291 2670 2344 tertia
2698 2292 2851 2361 feria.

1918 2397 2102 2452 Tertia
2130 2397 2266 2453 feria
2292 2399 2425 2454 illud
2482 2410 2692 2473 tempus
2717 2405 2928 2468 recolit,
2960 2407 3175 2476 quando
3205 2410 3272 2464 ab
3321 2410 3424 2463 ini—

1845 2487 1950 2558 piis
1973 2487 2395 2558 Imperatoribus
2430 2494 2859 2562 persequebatur
2898 2495 3164 2564 Ecclesia,
3196 2499 3288 2570 qui
3342 2516 3426 2554 (‘0-

1847 2579 2117 2634 nahantur
2143 2580 2357 2637 auferre
2396 2583 2608 2639 lucrum
2635 2587 3021 2657 apostolorum,
3052 2606 3119 2645 ne
3149 2589 3288 2646 ﬁlios
3313 2594 3427 2662 spi-

1847 2671 2071 2728 rituales
2100 2684 2442 2745 generarent.
2496 2676 2732 2749 Tempus
2786 2679 2915 2735 illud
2960 2683 3227 2754 praecipue
3267 2683 3367 2739 fuit
3397 2702 3427 2738 a

1847 2762 2023 2830 prima
2046 2767 2425 2832 persecutione
2462 2766 2689 2824 Neronis
2727 2786 2897 2841 usque
2929 2773 2996 2828 ad
3037 2781 3280 2846 tempora
3303 2775 3429 2831 Dio—

1849 2859 2062 2915 cletiani
2091 2870 2145 2916 et
2185 2860 2516 2918 Maximiani.
2550 2863 2651 2930 Qui
2697 2867 2872 2920 sancti
2899 2882 2964 2922 eo
3007 2876 3246 2938 tempore
3283 2869 3429 2940 passi

1850 2955 2242 3025 sunt-psalmus
2269 2966 2552 3022 monstrat,
2581 2959 2764 3014 dicens
2791 2979 2804 3014 :
2837 2959 3033 3014 Judica
3062 2979 3164 3028 me,
3195 2962 3355 3027 Deus,
3381 2974 3429 3017 et

1850 3046 2085 3101 discerne
2110 3064 2324 3102 causam
2353 3063 2520 3104 meam
2565 3051 2629 3104 de
2649 3061 2798 3121 gente
2825 3069 2927 3107 non
2957 3064 3161 3119 sancta,
3195 3062 3299 3110 etc.
3329 3054 3429 3110 Se-

1851 3139 2071 3208 quentia
2121 3153 2227 3194 non
2263 3141 2444 3196 minus
2487 3144 2863 3198 demonstrant
2910 3144 3182 3199 tristitiam
3231 3155 3431 3203 sancta:

1777 3247 1822 3311 ρ
1852 3229 2127 3297 Ecclesiae,
2163 3246 2326 3301 quam
2353 3232 2588 3288 habebat
2613 3234 2736 3302 quia
2764 3235 2812 3288 ei
2845 3245 3032 3304 aperte
3058 3236 3255 3290 licebat
3275 3236 3434 3292 Chri-

1853 3330 1996 3377 stum
2026 3337 2289 3392 generare
2312 3323 2368 3376 in
2407 3323 2660 3379 cordibus
2690 3324 3004 3379 electorum.
3031 3325 3216 3379 Evasit
3245 3336 3431 3381 sancta

1853 3413 2097 3468 Ecclesia
2137 3413 2206 3467 de
2251 3414 2361 3468 hac
2401 3412 2766 3479 tribulatione,
2792 3423 2846 3468 et
2902 3425 3087 3469 cantat
3133 3417 3428 3482 canticum,

1853 3502 1998 3571 quod
2047 3502 2288 3556 cantavit
2327 3503 2588 3560 Ezechias
2627 3513 2912 3575 postquam
2939 3506 3201 3562 liberatus
3235 3518 3318 3563 est
3369 3509 3434 3564 de

1855 3591 2314 3659 Sennacheribus,
2347 3602 2402 3649 et
2424 3603 2707 3666 postquam
2730 3612 2851 3651 eum
2875 3598 3018 3652 Deus
3060 3599 3303 3654 visitavit
3338 3615 3434 3670 per

1851 3681 2119 3752 ﬂagellum
2146 3682 2499 3751 inﬁrmitatis,
2529 3699 2599 3741 ne
2624 3685 2929 3742 elevaretur
2949 3703 3044 3742 cor
3092 3687 3208 3758 ejus
3236 3690 3300 3746 de
3354 3691 3434 3746 vi-

1853 3771 2022 3825 ctoria
2049 3784 2327 3828 concessa.
2373 3772 2527 3828 Unde
2561 3781 2614 3829 et
2664 3774 2820 3840 dicit,
2864 3775 3051 3830 Vivens
3102 3779 3274 3832 vivens
3325 3779 3434 3850 ipse

1853 3860 2186 3929 conﬁtebitur
2207 3862 2320 3929 tibi,
2347 3864 2482 3918 sicut
2506 3874 2555 3918 et
2584 3881 2676 3935 ego
2700 3866 2855 3921 hodie
2886 3879 2904 3918 :
2930 3877 3080 3939 pater
3103 3868 3231 3937 ﬁliis
3254 3879 3434 3926 notam

1853 3950 2014 4020 faciet
2038 3952 2302 4006 veritatem
2329 3963 2494 4008 tuam.
2532 3953 2666 4010 Nam
2695 3965 2750 4013 et
2773 3958 2890 4030 ipse
2913 3959 3036 4018 ideo
3084 3959 3268 4032 ﬁebat,
3304 3963 3432 4034 quia

1855 4042 2071 4108 dolebat
2103 4043 2394 4101 orbitatem
2432 4045 2687 4102 ﬁliorum.

2437 4157 2666 4216 CAPUT
2707 4161 2844 4217 XIV.

2405 4269 2479 4324 De
2503 4280 2695 4340 quarta
2727 4271 2880 4339 feria.

1920 4382 2083 4438 Feria
2107 4390 2302 4454 quarta
2345 4392 2556 4454 tempus
2581 4385 2711 4441 illud
2755 4388 2964 4456 recolit,
3004 4391 3059 4446 in
3107 4407 3214 4463 quo
3243 4405 3431 4453 sancta

1849 4475 2094 4532 Ecclesia
2118 4475 2354 4530 exaltata
2417 4483 2500 4532 est
2543 4491 2708 4548 super
2753 4495 2942 4536 omnes
2990 4482 3238 4541 inimicos
3282 4503 3429 4546 suos.

1851 4566 2005 4633 Quod
2055 4582 2121 4622 ex
2151 4566 2307 4621 titulo
2338 4567 2530 4637 psalmi
2571 4569 2662 4638 qui
2713 4569 2768 4624 in
2805 4584 2869 4624 ea
2917 4582 3187 4640 cantatur,
3233 4593 3433 4650 cogno—

1854 4675 2007 4716 scere
2035 4674 2342 4729 possumus.
2375 4660 2586 4716 Titulus
2617 4661 2738 4716 talis
2766 4671 2850 4717 est
2884 4681 2896 4717 :
2924 4663 2989 4720 In
3017 4667 3177 4735 linem
3197 4671 3431 4740 psalmus

1853 4752 2044 4818 David,
2084 4750 2360 4806 Canticum
2411 4750 2712 4818 Hieremiae,
2765 4764 2813 4807 et
2861 4754 3102 4816 Ezechiel
3130 4775 3195 4813 ea:
3239 4763 3432 4832 popqu

1852 4844 2330 4914 transmigrationis
2360 4859 2477 4898 cum
2508 4845 2793 4913 inciperent
2842 4848 3003 4900 exire.
3051 4847 3155 4902 Iste
3190 4851 3431 4918 psalmus

1852 4949 1916 4988 ex
1940 4949 2170 5003 persona
2197 4949 2386 4988 eorum
2413 4941 2685 4997 cantatur,
2730 4935 2822 5003 qui
2872 4935 3151 4992 intuentur
3193 4942 3425 4999 reditum

1853 5025 1921 5078 ad
1942 5023 2294 5087 Hierusalem,
2320 5032 2376 5077 et
2402 5023 2707 5079 libertatem
2729 5026 2910 5096 populi
2935 5027 3050 5084 Dei.
3081 5028 3232 5094 Sicut
3253 5031 3426 5090 Judaei

1851 5117 2120 5186 quondam
2166 5115 2381 5170 liberati
2417 5123 2544 5170 sunt
2585 5116 2650 5171 de
2691 5116 3011 5191 Babylonia,
3045 5129 3100 5178 et
3129 5125 3425 5182 transducti

1851 5211 2210 5275 Hierusalem,
2258 5210 2334 5264 ita
2361 5219 2416 5265 et
2444 5209 2685 5267 Ecclesia
2732 5219 2918 5270 nostra
2968 5215 3197 5272 liberata
3245 5227 3328 5275 est
3359 5221 3426 5277 de

1851 5318 2014 5359 manu
2053 5302 2342 5373 impiorum
2387 5303 2792 5373 imperatorum,
2847 5313 2902 5360 et
2945 5305 3140 5362 donata
3186 5309 3423 5367 libertati
3463 5326 3468 5331 '

1849 5405 2093 5466 tempore
2121 5393 2460 5451 Constantini
2498 5395 2858 5466 imperatoris.
2900 5395 3054 5454 Unde
3096 5401 3330 5456 exsultat
3369 5403 3425 5458 in

1852 5488 2087 5553 cantico,
2116 5487 2261 5559 quod
2290 5488 2528 5543 cantavit
2569 5488 2726 5542 Anna
2757 5485 3024 5546 Samuelis
3053 5500 3228 5549 mater
3275 5504 3424 5565 post-

1853 5596 2018 5652 quam
2044 5579 2271 5636 liberata
2300 5577 2480 5634 estde
2526 5576 2816 5652 afﬂictione
2863 5578 3167 5637 Phenennre
3218 5585 3424 5642 aemulae

1853 5691 1985 5742 suae,
2009 5673 2324 5738 Easultavit,
2343 5671 2534 5741 inquit,
2563 5687 2653 5725 cor
2677 5673 2910 5726 meumin
2937 5672 3182 5741 Domino,
3207 5684 3258 5731 et
3277 5679 3424 5733 catal-

1852 5767 2018 5824 tatum
2044 5778 2119 5822 est
2154 5781 2244 5819 cor
2269 5780 2439 5824 meum
2473 5765 2530 5816 in
2560 5763 2670 5818 Deo
2692 5781 2822 5818 meo.
2875 5763 2958 5818 Ab
2983 5765 3072 5822 illo
3098 5771 3241 5823 enim
3290 5779 3420 5826 tem-

1852 5878 1984 5936 pore
2019 5868 2304 5935 postquam
2336 5857 2636 5929 respublica
2686 5866 2740 5913 et
2789 5865 3027 5928 potestas
3057 5860 3418 5923 Romanorum

2949 5948 3028 6013 38
