4000 6484
552 368 693 427 “95
1568 343 1903 405 AMALARII
1938 332 2378 401 PRESBYTER!
2412 328 2757 391 METENSIS
3692 318 3820 377 {I96

549 475 765 537 sulidita
795 477 880 529 est
917 461 1228 540 apostolicis
1244 461 1379 518 viris
1402 467 1459 517 et
1486 454 1808 515 Christianis
1836 453 2125 522 imperato-
2149 448 2203 510 A
2226 448 2446 503 veniens
2492 454 2574 540 est
2624 443 2868 515 psalmus
2914 441 3163 499 sabbato.
3217 436 3518 508 Quomodo
3569 448 3822 508 congruat

556 572 721 632 ribus,
750 528 1028 621 dilatatam
1053 564 1138 612 est
1163 570 1226 610 os
1247 552 1503 609 Ecclesia:
1529 563 1691 619 super
1715 544 1961 600 inimicos
1975 556 2126 605 suos,
2229 537 2425 609 populo
2446 530 2688 602 Iudaico,
2711 549 2905 589 versus
2926 532 3145 604 quidam
3177 532 3561 594 demonstrat,
3592 528 3775 585 dicens
3804 550 3819 586 :

867 650 1107 726 paganos
1135 657 1190 705 et
1230 646 1466 718 perﬁdos
1492 618 1724 699 Judazos.
1754 639 1859 694 Ista
1888 635 2131 692 dilatatio
2232 627 2301 683 In
2321 625 2642 682 decachordo
2666 623 2914 695 psalterio
2935 639 3053 678 cum
3073 623 3275 677 cantico
3304 629 3350 675 et
3381 620 3636 693 cithara.
3687 618 3819 688 Quod

556 712 815 814 bdo-teme
853 712 1283 822 dievpermane-t,
1340 747 1429 802 det
1479 744 1656 809 Deus,
1686 748 1747 794 ut
1784 738 1875 791 diu
1920 747 2135 805 perma—
2234 718 2309 822 ita
2338 718 2691 822 Augustinus,
2709 716 3115 822 decachordum
3141 714 3471 822 psalterium
3496 712 3670 822 modo
3688 715 3819 769 audi-

556 804 1118 914 neatve-tmimple‘atur
1168 804 1296 896 illud
1348 835 1609 908 Apostoli.
1641 804 1830 899 ’Donec
1865 823 2134 900 plenitudo
2236 811 2337 868 εῑίε
2368 829 2382 865 ε
2411 808 2817 914 Ῥείξίιοῖιονξιυῐη
2841 806 3157 914 Ρείὶιιξπίξξξη
3180 805 3464 877 δίεηίιῑαιι
3491 804 3686 860 decem
3704 820 3823 877 Ρηο

560 938 790 1012 gentium
814 899 1103 1001 introierit,
1128 941 1176 988 et
1197 932 1271 986 sic
1300 899 1468 984 omnis
1503 923 1673 981 Israel
1703 899 1879 977 salvus
1908 918 2016 988 ﬁet.
2239 911 2394 1012 cepta
2419 902 2583 1006 legis;
2612 902 2707 958 sed
2728 899 3437 1012 cantarejiuillokopus‘est
3467 914 3588 954 non
3624 910 3819 968 portare

1159 1041 1385 1098 CAPUT
1426 1038 1543 1094 xv.
2102 1087 2109 1093 ι
2239 995 2577 1098 psalterium,
2610 1010 2735 1048 nam
2789 1001 2843 1049 et
2878 990 3048 1047 Judaei
3077 991 3280 1047 habent
3322 990 3517 1061 legem
3555 1008 3571 1044 :
3606 998 3816 1061 portant,

1115 1085 1402 1205 υξῖιλξξιξα
1427 1085 1583 1201 ῥέξ’
1801 1170 1813 1180 .
2102 1087 2109 1093 ’
2241 1108 2349 1148 non
2376 1089 2630 1163 psallunt.
2663 1089 2766 1156 Qui
2793 1094 2920 1143 sunt
2952 1087 3042 1158 qui
3076 1086 3345 1157 psallunt?
3372 1085 3496 1151 Qui
3530 1096 3815 1155 operantur.

2245 1183 2343 1205 n__:
2383 1190 2676 1205 -..-...._...._
2705 1195 2818 1205 mu...
2867 1178 3085 1205 s_:..s:s:n
3144 1177 3385 1205 ..ΛηᾹ-ηη
3428 1174 3670 1205 παραυ-..ιο
3734 1176 3813 1205 nn:

636 1231 744 1289 Iste
764 1227 1022 1286 articulus
1056 1226 1157 1282 sub
1183 1174 1290 1279 ulla
1330 1174 1498 1294 virga,
1529 1219 1583 1275 id
1606 1225 1708 1283 est,
1733 1215 1831 1272 sub
1865 1222 1972 1268 uno
2002 1208 2143 1281 regi-
2245 1183 2676 1294 Qni‘opef'amgr
2700 1195 2851 1294 εξξξηη
2867 1177 3385 1294 ῑξίδιίῑίθὶξξοιξξῖυιω
3424 1174 3693 1294 tissimi“:
3734 1176 3817 1243 Qui

568 1325 713 1382 mine
735 1321 958 1390 suscipit
984 1317 1237 1390 populum
1268 1313 1575 1377 Iudaicum,
1606 1318 1662 1365 et
1686 1306 1944 1380 populum
1972 1302 2147 1376 genti-

568 1415 695 1474 lem.
725 1413 864 1484 Quia
893 1415 947 1469 in
979 1413 1083 1467 isto
1125 1407 1354 1465 articulo
1403 1401 1745 1474 recipiendus
1791 1406 1877 1453 est
1917 1394 2147 1468 populus

569 1504 845 1571 Iudaicus,
875 1512 1129 1560 cantatur
1152 1499 1391 1571 psalmus
1412 1496 1466 1549 in
1495 1488 1683 1564 quinta
1720 1488 1878 1553 feria,
1901 1486 1993 1556 qui
2012 1496 2151 1554 prae-

570 1600 820 1656 titulatur
838 1613 907 1653 ex
934 1596 1179 1652 oratione
1210 1591 1424 1663 Moysis.
1453 1586 1598 1643 Talis
1617 1592 1700 1639 est
1722 1582 1931 1645 titulus,
1967 1576 2152 1634 Oratio

575 1689 776 1762 Moysis
805 1690 1029 1744 hominis
1057 1687 1175 1742 Dei.
1225 1682 1482 1755 Sequitur
1526 1681 1817 1739 canticum,
1872 1670 2154 1762 Cantemus

574 1758 825 1840 Domino.
850 1781 1003 1850 Quod
1030 1780 1160 1835 olim
1202 1783 1492 1832 cantavere
1540 1772 1596 1826 in
1636 1768 1810 1841 ﬁgura
1842 1763 2040 1817 futura:
2067 1758 2153 1813 vi-

577 1876 767 1933 ctoria:
792 1873 1089 1946 percipient
1112 1869 1327 1941 quando
1359 1862 1668 1935 implebitnr
1709 1856 1854 1930 quod
1898 1853 2157 1946 Summus

580 1965 637 2022 in
670 1942 959 2036 Evangelia
998 1962 1154 2027 dixit,
1194 1959 1397 2015 Amodo
1427 1972 1532 2011 non
1583 1969 1664 2009 me
1712 1946 1954 2005 videbitis
1993 1942 2159 1998 donec

581 2056 795 2122 dicatis,
818 2053 1130 2109 Benedictus
1164 2051 1254 2122 qui
1276 2051 1411 2104 venit
1440 2050 1497 2101 in
1524 2046 1730 2100 nomine
1770 2038 2005 2095 Domini.

1175 2159 1400 2221 CAPUT
1434 2157 1575 2214 XVI.

1168 2253 1251 2313 De
1273 2260 1419 2307 sexta
1442 2250 1596 2321 feria.

657 2370 821 2428 Sexta
878 2368 1015 2424 feria
1058 2365 1363 2422 celebratur
1413 2361 1469 2416 in
1530 2369 1848 2414 memoriam
1898 2349 2169 2430 passionis

589 2462 890 2520 Salvatoris
917 2457 1111 2514 nostri.
1145 2455 1392 2511 Psalmus
1421 2452 1513 2522 qui
1539 2452 1594 2505 in
1620 2464 1684 2504 ea
1712 2454 1987 2512 cantatur,
2020 2444 2169 2501 hunc

591 2555 809 2611 titulum
838 2551 1025 2614 habet,
1076 2546 1181 2618 ipsi
1205 2542 1418 2616 hDavid,
1464 2539 1675 2613 quando
1716 2548 1836 2592 eum
1883 2534 2026 2606 ﬁlius
2052 2533 2171 2605 ejus

588 2647 1011 2718 persequebatur.
1040 2639 1118 2695 De
1138 2652 1246 2708 quo
1279 2634 1435 2690 titulo
1457 2634 1532 2687 ita
1569 2630 1700 2688 dicit
1729 2627 2061 2699 Augustinus
2111 2624 2170 2679 in

590 2737 814 2810 prologo
848 2733 1090 2805 ejusdem
1128 2728 1324 2801 psalmi
1365 2743 1378 2781 :
1422 2725 1793 2797 Agnoscamus
1830 2734 1959 2791 ergo
1982 2732 2173 2789 quemd

592 2828 881 2885 admodum
952 2823 1228 2879 Christum
1285 2819 1712 2891 persequebatur
1770 2814 1913 2870 (ilius
1970 2825 2101 2868 suus
2153 2825 2170 2865 :

592 2918 830 2977 habebat
849 2917 994 2973 enim
1038 2914 1179 2970 ﬁlios
1223 2912 1292 2968 de
1345 2910 1543 2981 quibus
1588 2907 1845 2963 dicebat:
1876 2902 2001 2958 Non
2028 2901 2177 2974 jeju-

596 3020 726 3067 nant
763 3008 863 3079 ﬁlii
898 3006 1076 3078 sponsi
1110 3002 1350 3076 quandiu
1376 2994 1623 3054 cum'illis
1645 3007 1719 3053 est
1760 3012 2003 3069 sponsus,
2054 3006 2177 3048 cum

597 3115 774 3161 autem
816 3101 1022 3157 ablatus
1064 3097 1222 3169 fuerit
1266 3110 1509 3166 sponsus,
1557 3102 1680 3147 tunc
1713 3089 2032 3162 jejunabunt
2075 3085 2178 3156 ﬁlii

598 3195 797 3269 sponsi.
820 3193 965 3263 Ergo
990 3190 1087 3245 lilii
1108 3186 1295 3260 sponsi
1334 3182 1585 3255 apostoli,
1610 3190 1669 3238 et
1692 3180 1956 3255 interbos
1990 3189 2177 3248 perse-

598 3296 758 3346 cutor
795 3283 1039 3340 diabolus
1076 3279 1262 3336 Judas.
1316 3276 1631 3341 Passiouem
1673 3273 1861 3343 itaque
1913 3284 2068 3327 suam
2120 3269 2180 3326 iu

600 3381 706 3437 hoc
758 3376 968 3451 psalmo
1011 3373 1404 3447 praedicaturus
1451 3374 1538 3423 est
1584 3363 1857 3429 Christus.
1893 3360 2180 3418 Canticum

599 3470 909 3544 passionem
933 3465 1050 3537 ejus
1078 3460 1433 3520 nihilominus
1481 3465 1661 3525 sonat.
1692 3455 1882 3515 dicens
1909 3470 1925 3509 :
1964 3450 2182 3510 Cornua

600 3564 660 3618 in
684 3561 923 3619 manibus
970 3557 1105 3629 ejus,
1150 3555 1224 3610 ibi
1269 3551 1579 3610 abscondita
1621 3557 1697 3605 est
1734 3545 1997 3619 fortitudo
2040 3544 2179 3615 ejus.

604 3651 759 3722 Quod
783 3651 864 3707 sic
904 3648 1265 3718 Hieronymus
1296 3643 1520 3714 exponit
1554 3659 1568 3696 :
1596 3638 1805 3696 Vexilla
1836 3646 1893 3694 et
1936 3634 2185 3707 trophsea

606 3743 806 3808 crucis,
836 3740 969 3797 etin
995 3740 1127 3810 ipsis
1152 3736 1407 3810 cornibus
1449 3732 1767 3790 abscondita
1803 3737 1888 3787 est
1923 3726 2187 3787 fortitudo

606 3834 744 3904 ejus,
775 3842 829 3889 et
872 3832 1035 3904 paulo
1054 3839 1176 3902 post
1199 3830 1255 3885 in
1281 3843 1442 3886 cruce
1468 3842 1598 3899 ergo
1627 3825 1901 3897 paulisper
1924 3820 2189 3879 fortitudo

607 3925 725 3996 ejus
747 3924 1060 3979 abscondita
1078 3930 1182 3988 est,
1211 3920 1428 3993 quando
1447 3917 1661 3974 dicebat
1687 3918 1756 3972 ad
1775 3916 1993 3972 Patrem
2022 3933 2036 3969 :
2070 3911 2191 3968 Tri-

607 4018 704 4072 stis
733 4025 806 4070 est
851 4016 1029 4068 anima
1056 4030 1171 4066 mea
1222 4027 1383 4081 usque
1408 4010 1477 4064 ad
1506 4019 1724 4064 mortem
1746 4020 1765 4061 :
1790 4014 1865 4073 et,
1900 4004 2083 4071 Pater,
2141 4005 2190 4061 si

607 4104 851 4180 possibile
872 4112 968 4169 est,
995 4111 1224 4157 transeat
1248 4118 1280 4155 a
1299 4116 1381 4154 me
1403 4098 1546 4155 calix
1574 4099 1688 4163 iste,
1708 4105 1763 4154 et
1780 4098 1836 4152 in
1866 4097 1981 4167 ipsa
1994 4110 2185 4151 cruce:

610 4196 793 4262 Pater,
821 4198 877 4251 in
905 4212 1093 4250 manus
1122 4182 1241 4248 tuas
1266 4192 1570 4248 commendo
1591 4192 1835 4263 spiritum
1872 4205 2063 4244 meum.
2084 4187 2192 4243 Ista

608 4296 693 4345 est
720 4287 906 4357 quinta
918 4301 1026 4342 nox
1041 4301 1073 4340 a
1099 4284 1335 4341 sedunda
1356 4282 1511 4337 feria.
1541 4281 1692 4338 Sicut
1704 4282 1758 4336 in
1774 4281 1965 4352 quinto
1984 4277 2194 4351 psalmo

607 4394 708 4454 per
734 4372 1047 4435 Dominicas
1070 4383 1258 4432 noctes
1285 4370 1592 4431 celebratur
1637 4380 1981 4444 contemptus
2015 4370 2195 4427 Nabu-

609 4472 1016 4536 chodonosoris,
1038 4478 1095 4526 et
1112 4470 1336 4525 victoria
1360 4470 1524 4524 trium
1546 4482 1862 4539 puerorum,
1891 4467 2032 4523 inter
2056 4478 2192 4538 quos

612 4570 732 4619 erat
759 4571 984 4632 quartus
1020 4569 1271 4629 aSpectus
1300 4560 1395 4614 lilii
1418 4559 1652 4614 hominis
1682 4577 1696 4613 :
1732 4560 1807 4613 ita
1859 4568 1914 4614 et
1941 4572 2084 4613 nunc
2136 4558 2191 4613 in

613 4654 806 4726 quinto
842 4653 962 4708 loco
987 4659 1329 4718 contemptus
1382 4652 1549 4706 totius
1602 4652 1810 4717 mundi,
1863 4657 1920 4705 et
1965 4651 2191 4707 victoria

614 4742 812 4801 summi
834 4751 891 4799 et
920 4740 1089 4797 solius
1118 4740 1525 4811 triumphatoris
1568 4740 1733 4807 illius,
1763 4742 1916 4811 cujus
1943 4751 2191 4811 aspectus

613 4836 744 4893 olim
763 4835 1045 4891 videbatur
1070 4832 1217 4889 inter
1247 4840 1358 4889 tres
1393 4846 1612 4903 pueros.
1642 4826 1918 4905 Digneque
1944 4832 1999 4886 in
2039 4844 2192 4889 sexta

612 4928 751 4986 feria
794 4935 1126 4984 memoratur
1165 4923 1282 4996 ejus
1307 4927 1489 4998 passio
1517 4941 1628 4999 prae
1668 4928 1881 4986 caeteris
1916 4928 2190 4995 noctibus,

615 5023 746 5096 quia
771 5021 830 5079 in
851 5034 919 5078 ea
953 5026 1179 5094 perusta
1205 5026 1308 5077 est.

1030 5134 1037 5135 ί
1187 5130 1417 5191 CAPUT
1452 5132 1614 5192 XVII.

1221 5208 1316 5281 lDe
1336 5224 1571 5280 sabbato.

689 5314 987 5377 sabbatum
1034 5302 1227 5374 recolit
1278 5317 1596 5373 memoriam
1644 5315 1938 5374 electorum
1986 5314 2199 5376 1υάωο-

618 5426 765 5478 rum,
792 5404 886 5483 qui
909 5406 1084 5482 juncti
1106 5417 1266 5465 erunt
1305 5407 1561 5465 Ecclesiae
1600 5409 1654 5483 in
1686 5407 1791 5462 line
1822 5408 2024 5463 mundi.
2060 5407 2197 5463 Sab-

617 5482 977 5573 batumquod
1000 5499 1275 5571 ﬁngebant
1297 5508 1352 5555 et
1381 5498 1587 5571 lingunt
1623 5482 1795 5553 Judaei
1841 5497 2087 5552 carnales
2136 5514 2197 5553 se

621 5596 930 5651 observare.
956 5586 1126 5650 Judaei
1152 5591 1333 5648 ﬁdeles
1356 5592 1409 5647 in
1423 5593 1651 5648 veritate
1679 5587 2051 5647 custodientin
2067 5588 2193 5646 ﬁne.

624 5684 872 5741 Psalmus
894 5687 985 5756 qui
1015 5686 1069 5742 in
1105 5701 1169 5741 eo
1197 5686 1469 5749 cantatur,
1520 5682 1680 5771 talem
1726 5680 1939 5739 titulum
1987 5682 2151 5739 habet
2179 5702 2193 5738 :

628 5773 873 5833 Psaamus
897 5780 1086 5834 cantici
1118 5778 1174 5834 in
1194 5777 1280 5833 die
1298 5775 1523 5832 sabbati.
1549 5768 1632 5832 Ex
1659 5768 1817 5835 titulo
1848 5774 2045 5844 psalmi
2068 5790 2201 5833 con-

2236 1651 2448 1701 'sancta

2247 1283 2373 1333 sunt
2402 1274 2491 1345 qui
2514 1272 2784 1344 psallunt?
2808 1270 2909 1338 Qui
2934 1285 3059 1326 cum
3096 1268 3377 1324 hilaritate
3421 1266 3642 1322 faciunt
3666 1269 3779 1323 bene
3800 1308 3815 1335 ,

2248 1374 2305 1422 et
2343 1366 2572 1436 reliqua.
2599 1362 2712 1419 Hoc
2750 1363 3022 1418 credimus
3070 1360 3315 1416 futurum
3363 1373 3507 1415 esse
3554 1358 3608 1413 in
3651 1361 3815 1430 popan

2251 1458 2503 1524 Iudaico,
2529 1456 2745 1528 quando
2782 1453 3008 1525 populus
3036 1469 3176 1508 unus
3203 1452 3309 1507 erit
3347 1466 3491 1507 cum
3523 1461 3695 1506 sancta
3730 1451 3813 1506 Ec-

2262 1553 2428 1609 clesia
2455 1593 2470 1619 ,
2518 1550 2658 1620 quod
2697 1549 2858 1604 modo
2902 1547 3092 1603 beatus
3146 1544 3502 1614 Augustinus
3560 1552 3719 1598 narrat
3756 1544 3813 1598 de

2500 1640 2763 1698 Ecclesia.
2816 1638 3101 1696 Canticum
3139 1635 3285 1707 quod
3343 1635 3626 1705 sequitur,
3664 1633 3812 1689 audite

2259 1736 2404 1802 coeli,
2427 1733 2697 1805 quomodo
2726 1729 2953 1786 sabbato
2980 1729 3269 1787 conveniat
3294 1735 3351 1781 et
3376 1724 3587 1796 populo
3604 1723 3814 1788 iudaice.

2258 1828 2508 1886 dominus
2534 1825 2677 1880 Beda
2704 1823 2957 1895 explanat
2999 1822 3055 1876 in
3108 1820 3350 1877 secundo
3383 1820 3534 1875 libro
3581 1824 3815 1873 tractatus

2263 1935 2425 1991 super
2471 1917 2719 1973 Lucam:
2757 1914 3116 1970 Conﬂuebant
3168 1918 3357 1966 autem
3388 1911 3486 1965 die
3535 1908 3731 1965 sabbati
3771 1908 3816 1961 in

2259 2008 2573 2082 synagogis,
2603 2014 2666 2062 ut
2686 2004 2844 2075 juxta
2869 2005 3015 2074 quod
3061 2002 3325 2057 Dominus
3348 2002 3619 2073 praecipit,
3654 1997 3819 2053 Vacat:

2262 2114 2311 2159 et
2333 2101 2517 2166 videte,
2542 2098 2792 2171 quoniam
2816 2112 2910 2167 ego
2950 2111 3065 2151 sum
3087 2094 3254 2160 Deus,
3277 2094 3484 2148 feriatis
3529 2092 3713 2149 mundi
3739 2105 3820 2145 ne-

2265 2192 2427 2266 gotiis
2450 2191 2519 2247 ad
2547 2187 2855 2246 meditanda
2881 2187 3019 2259 legis
3046 2187 3253 2241 monita
3292 2186 3472 2255 quieto
3492 2184 3657 2240 corde
3697 2181 3823 2237 resi-

2266 2280 2474 2348 derent,
2499 2279 2666 2353 Cujus
2692 2277 2934 2350 quotidie
2961 2277 3053 2334 det
3078 2278 3301 2332 notionis
3322 2277 3537 2347 agendae
3560 2276 3828 2330 hactenus

2266 2374 2323 2430 in
2346 2373 2590 2430 Ecclesia
2628 2372 2889 2443 perdurat
2938 2370 3200 2427 indicium
3250 2369 3367 2439 quia
3397 2369 3466 2422 ad
3512 2366 3829 2422 memoriam

2266 2466 2464 2536 priscae
2513 2462 2791 2537 religionis
2841 2462 3120 2519 canticum
3150 2460 3571 2525 Deuteronomii,
3627 2459 3687 2512 in
3732 2473 3826 2529 quo

2269 2553 2557 2611 universus
2590 2553 2791 2609 veteris
2827 2551 3009 2624 populi
3036 2560 3243 2617 status,
3291 2551 3423 2621 quid
3477 2548 3721 2604 videlicet
3759 2547 3826 2602 oi-

2270 2644 2451 2712 ienso,
2476 2645 2605 2719 quid
2629 2644 2865 2716 propitio
2901 2643 3012 2699 Deo
3044 2642 3331 2709 meruerit,
3357 2642 3679 2705 continetur,
3704 2656 3823 2695 uou-

2272 2736 2438 2795 nullis
2485 2738 2541 2811 in
2594 2735 2731 2791 locis
2770 2735 2994 2791 sabbato
3022 2734 3204 2801 dicere
3255 2733 3547 2789 consuevit
3580 2732 3824 2801 :alinquin

2274 2837 2418 2886 esset
2437 2834 2852 2900 praeposterum.
2902 2833 2963 2880 ut
2988 2826 3045 2881 in
3087 2825 3365 2894 prioribus
3395 2824 3699 2895 septimana:
3735 2824 3827 2879 die-

2274 2923 2378 2978 bus
2413 2906 2803 2992 prophetarum
2826 2917 2985 2975 dictis
3007 2917 3367 2984 carminibus,
3396 2916 3601 2989 Moysis
3619 2916 3820 2971 ultimm

2279 3013 2570 3069 diceretur.
2606 3010 2762 3068 Valet
2789 3011 2949 3067 enim.
2967 3010 3036 3065 ad
3061 3000 3391 3081 opusculum
3427 3009 3653 3078 hujusce
3686 3007 3818 3062 falari-

2281 3107 2515 3165 cationis
2562 3096 2608 3162 Si
2647 3104 3052 3187 consideremus
3078 3117 3145 3158 ex
3191 3102 3456 3158 sensibus
3503 3111 3560 3157 et
3600 3100 3819 3157 intellecti

2282 3202 2615 3274 psalmorum
2642 3198 2937 3255 Dominicze
2981 3197 3159 3254 noctis
3202 3196 3257 3251 in
3306 3196 3625 3254 matutinali
3665 3192 3819 3257 oﬁcio.

2236 3364 2249 3371 ρ
2280 3293 2550 3366 quomodo
2576 3292 2656 3348 eis
2686 3291 3007 3363 colligantur
3031 3289 3230 3362 psalmi
3250 3297 3306 3343 et
3326 3290 3575 3355 cantica,
3600 3301 3696 3357 qu
3717 3293 3821 3340 sunt

2281 3402 2380 3459 per
2414 3401 2511 3442 sex
2537 3383 2654 3441 dies
2675 3383 3048 3441 hebdomadis.
3072 3382 3288 3438 Primus
3311 3382 3591 3453 psalmus,
3621 3379 3822 3436 Dat-iss:

2283 3477 2538 3549 regnavit,
2566 3474 2781 3533 Domini
2804 3490 3032 3548 regnum
3067 3474 3413 3530 demonstrat
3467 3482 3592 3545 post
3632 3471 3725 3539 ejss
3753 3483 3825 3523 re-

2285 3556 2705 3635 surrectionem,
2735 3565 2803 3622 de
2836 3581 2944 3636 quo
2970 3566 3087 3637 ipse
3133 3565 3307 3620 dicit:
3335 3563 3490 3619 Data
3517 3574 3591 3620 est
3616 3561 3721 3616 uilli
3740 3575 3826 3614 sst-

2285 3661 2369 3717 nis
2402 3668 2633 3732 potestas
2652 3659 2711 3713 in
2760 3656 2887 3714 caelo
2929 3657 3056 3711 etin
3082 3666 3261 3723 terra;
3311 3671 3347 3712 e
3378 3664 3592 3721 contra,
3623 3652 3828 3709 limen

2286 3752 2411 3817 mei,
2430 3750 2587 3818 Deus,
2611 3740 2984 3822 paenitentiam
3013 3748 3211 3805 mortui
3236 3748 3483 3804 hominis
3510 3754 3729 3821 peccato,
3756 3740 3832 3799 sed

2290 3845 2457 3901 etiam
2487 3840 2807 3914 respirantis
2828 3856 2925 3912 per
2948 3841 3150 3896 bonum
3182 3841 3431 3906 odorem,
3465 3856 3624 3912 quem
3659 3835 3835 3905 accepit

2293 3949 2326 3990 a
2357 3934 2562 3989 nuntiis
2588 3932 2881 3987 verborum
2913 3930 3028 3986 Dei.
3078 3930 3184 3986 Pro
3209 3929 3301 3986 illo
3353 3930 3501 3984 enim
3547 3927 3681 3983 venit
3705 3922 3833 3979 Chli-

2291 4034 2408 4081 stus
2433 4022 2569 4079 mori
2594 4032 2651 4078 et
2692 4036 2976 4094 resurgam
3004 4036 3035 4076 a
3070 4021 3323 4085 mortuis,
3360 4029 3414 4076 ut
3435 4021 3551 4090 ipse
3574 4020 3626 4072 in
3677 4016 3839 4070 Evan-

2292 4118 2431 4192 gelio
2467 4117 2781 4184 manifestat
2831 4115 3064 4171 dicens:
3098 4114 3224 4169 Non
3273 4115 3391 4168 veni
3437 4127 3619 4167 mare
3659 4110 3834 4180 justas,

2292 4212 2382 4269 sed
2404 4219 2724 4283 peccatores,
2751 4217 2806 4263 et
2828 4206 3024 4265 iterum
3047 4220 3063 4260 :
3093 4205 3224 4261 Veni
3250 4206 3394 4262 enim
3418 4204 3624 4259 salvere
3637 4204 3757 4274 quod
3772 4215 3839 4268 pc-

2294 4305 2477 4370 rierat,
2506 4309 2562 4358 et
2581 4310 2641 4355 ut
2660 4286 2998 4355 manifestius
3027 4297 3225 4364 dicam.
3255 4304 3557 4367 propterea
3575 4290 3836 4350 sumunt

2295 4412 2396 4453 nos
2410 4408 2817 4467 resurgeremus
2834 4409 2848 4446 :
2865 4407 2963 4447 sua
2984 4390 3312 4447 resurrectio
3329 4389 3553 4445 exstitit
3573 4403 3666 4459 per
3685 4394 3836 4452 corpus

2216 4513 2270 4574 Ι)
2294 4488 2619 4554 immortale,
2650 4493 2833 4544 nostra
2860 4492 3037 4540 exstat
3056 4497 3152 4553 per
3180 4481 3596 4553 paenitentiam.
3613 4478 3835 4535 Undenas

2297 4581 2572 4637 immerito
2621 4579 2762 4635 sicut
2797 4577 2914 4632 vice
2945 4574 3358 4632 resurrectionis
3422 4589 3584 4639 suae,
3634 4568 3837 4625 ilosius

2296 4672 2570 4743 regnavit,
2619 4678 2902 4726 cantamus
2928 4668 2981 4723 in
3022 4665 3339 4729 Dominicis,
3372 4672 3429 4720 et
3455 4666 3522 4721 in
3556 4661 3836 4720 festivisso-

2295 4766 2473 4821 ctibus
2502 4782 2515 4820 :
2554 4764 2631 4818 ita
2681 4761 2935 4833 congruit
2962 4760 3080 4816 vice
3133 4768 3333 4835 nostra:
3362 4755 3767 4817 resurrectionis
3797 4752 3838 4805 is

2294 4859 2644 4931 sequentibus
2676 4856 2944 4921 noctibus,
2975 4852 3223 4909 Miserere
3249 4853 3373 4921 mei,
3402 4851 3559 4907 Deus
3581 4892 3599 4920 ,
3646 4856 3841 4906 castam

2297 4948 2560 5019 Quouiam
2591 4934 2695 5003 duo
2741 4932 2984 5027 continet
3019 4952 3354 5000 memoratus
3395 4942 3673 5015 psalmus,
3698 4934 3843 4995 Deni-

2299 5058 2399 5097 nus
2424 5041 2680 5121 regnavit,
2709 5039 2911 5097 Christi
2961 5052 3189 5109 regnum
3238 5044 3531 5108 acceptum
3562 5051 3670 5107 per
3698 5032 3845 5089 trian-

2299 5133 2466 5204 phum
2503 5133 2681 5189 erucis
2714 5172 2731 5198 ,
2775 5140 2831 5188 et
2860 5130 3225 5207 ﬁrmationem
3271 5136 3474 5198 sancta
3494 5126 3848 5195 Ecclesium

2299 5221 2744 5279 commovendam
2771 5237 2804 5277 a
2846 5230 2992 5277 statu
3020 5235 3119 5277 suo
3137 5259 3155 5288 ,
3186 5218 3429 5290 psalmus
3453 5218 3526 5276 de
3548 5215 3771 5275 secunda
3794 5209 3849 5265 εε-

2299 5304 2381 5368 ria
2403 5319 2458 5367 et
2478 5298 2749 5391 canticum,
2774 5312 2921 5379 huic,
2944 5311 3001 5366 id
3038 5317 3140 5376 est,
3169 5308 3399 5381 psalmo,
3418 5302 3685 5363 Dominus
3706 5315 3850 5373 ηρ·

2301 5404 2393 5473 vit,
2422 5404 2643 5475 propter
2669 5390 3129 5465 constructionem
3168 5400 3450 5469 ecclesias,
3497 5400 3850 5456 adnectunt"-

2300 5488 2564 5559 Psalmus,
2608 5489 2773 5547 Verba
2798 5508 2936 5558 mea,
2974 5505 3161 5546 vocem
3193 5488 3451 5547 Ecclesiae
3479 5488 3743 5549 ωιιιίηει.
3762 5490 3852 5549 ll“:

2304 5588 2357 5643 in
2407 5588 2582 5658 primo
2611 5596 2853 5663 tempore
2882 5584 3169 5655 conjuncta
3217 5593 3304 5641 est
3348 5585 3632 5656 apostolis.
3680 5583 3853 5647 new

2304 5679 2434 5735 dicit
2456 5666 2788 5751 Augustinus
2818 5680 2873 5735 in
2900 5679 3106 5751 psalmo
3135 5679 3324 5749 quinto
3350 5698 3362 5732 :
3397 5676 3511 5732 Vox
3538 5674 3774 5733 euzlesiz
3794 5676 3853 5725 es

2304 5770 2363 5828 in
2398 5772 2504 5831 hoc
2534 5772 2772 5850 psalmo,
2818 5774 2858 5853 ἦ·
2894 5782 3087 5833 vocate
3116 5773 3189 5831 ad
3232 5772 3606 5832 hereditatem
3633 5759 3857 5825 Domini.
