4000 6502
159 386 282 447 H97

880 379 971 438 nn
1007 362 1559 441 ECCLESIASTICIS
1595 374 1882 435 OFFICIIS
1918 356 2099 434 metu
2130 366 2221 433 tv.
2260 376 2334 420 -ι
2365 375 2493 433 ue.
2533 361 2614 432 1v.

3246 358 3383 430 tias

155 498 311 555 Verba
338 512 469 561 mea,
495 490 686 550 exaudi
722 509 823 557 me,
852 490 1072 548 Domine
1094 508 1113 547 :
1141 496 1332 545 vocata
1361 488 1575 544 invocat
1596 487 1704 542 Do-
1732 489 1782 550 Α
1808 503 1935 542 num
1964 488 2102 559 ignis
2130 506 2142 543 :
2173 487 2410 543 futurum
2456 487 2601 543 enim
2623 494 2763 553 erat,
2793 494 2853 543 ut
2878 468 3118 545 furorem
3146 468 3385 547 incendii

150 593 357 652 minam,
390 596 449 642 ut
474 587 657 641 eodem
688 584 999 656 Opituiante,
1045 590 1384 653 pertrauSeat
1414 580 1706 649 nequidam

1811 577 2118 635 Judzeorum
2154 581 2444 636 sustineret
2462 579 2728 636 Christus.
2760 580 2894 636 Tres
2936 580 3153 637 fuerunt
3196 583 3382 653 pueri,

147 681 316 739 seculi
352 679 529 748 hujus,
561 686 615 733 et
646 679 713 733 ad
739 692 861 731 eum
908 664 1187 747 perveniat
1215 674 1504 729 canticum.
1531 670 1714 739 Conﬁ-
1811 671 1903 740 (ιιιί
1940 686 2045 726 una
2066 686 2197 726 voce
2219 672 2611 727 conﬁtebantur
2626 672 2871 726 Domino.
2890 670 3014 727 Tria
3041 688 3175 744 pura
3204 689 3387 731 sacra-

149 774 281 830 tebor
307 772 412 833 tibi,
441 766 689 837 Domine,
738 780 802 824 ut
844 770 1089 841 superius
1129 764 1555 822 demonstratum
1595 772 1709 830 est,

145 865 376 922 eamdem
407 860 705 919 Ecclesiam
732 869 1037 933 praesentat.
1062 858 1327 923 Psalmus,
1352 855 1716 920 JubilateDo-

146 959 276 1014 mino
306 957 473 1011 omnis
501 964 662 1021 terra,
701 950 925 1010 chorum
972 950 1383 1025 prrerﬁcatorum
1437 950 1711 1015 continet,

142 1049 226 1117 qui
255 1042 355 1102 non
390 1048 642 1102 timentes
685 1046 857 1100 minas
884 1045 1185 1114 principum
1211 1083 1224 1104 ,
1270 1041 1587 1097 exciverunt
1613 1038 1715 1095 Ec-

142 1140 352 1195 clesiam
399 1139 465 1193 de
513 1137 780 1209 Babylone
802 1136 869 1191 ad
921 1134 1264 1190 serviendum
1314 1132 1543 1187 Domino
1569 1129 1710 1187 soli:

142 1230 271 1297 Quid
301 1230 442 1284 idem
496 1230 693 1285 chorus
739 1245 929 1300 passus
976 1229 1047 1283 sit
1093 1244 1122 1281 a
1175 1226 1382 1282 civibus
1410 1223 1718 1295 Babyloniae

143 1320 371 1376 civitatis
400 1362 415 1385 ,
475 1319 748 1393 psalmus,
799 1318 993 1373 Indica
1031 1333 1143 1381 me,
1203 1317 1367 1381 Deus,
1396 1324 1443 1369 et
1483 1316 1719 1368 discerne

142 1424 346 1464 causam
378 1427 545 1463 meam
574 1408 637 1463 de
682 1418 829 1480 gente
861 1424 963 1461 non
992 1416 1196 1469 sancta,
1226 1405 1502 1459 dilucidat.
1536 1404 1719 1459 Cautio

139 1516 258 1557 eum
308 1498 530 1554 minime
573 1498 705 1552 latet
754 1497 1059 1567 angustiam
1116 1495 1361 1549 Ezechiae
1414 1495 1577 1565 regis,
1627 1495 1719 1565 qui

140 1591 303 1654 dixit,
339 1588 450 1661 Ego
473 1591 585 1644 dixi
616 1591 669 1642 in
694 1589 913 1642 dimidio
935 1589 1141 1640 dierum
1167 1602 1400 1640 meorum
1428 1586 1616 1639 vadum
1652 1586 1721 1639 ad

134 1695 315 1757 portas
363 1681 519 1751 inferi
546 1722 559 1743 ,
607 1687 662 1736 et
709 1688 904 1734 cmtera
934 1694 1056 1749 qua:
1106 1685 1421 1747 sequuntur.
1462 1676 1722 1731 Ezechias

133 1772 310 1834 bonus
340 1784 394 1830 et
418 1772 597 1842 justus
621 1787 713 1826 rex
745 1778 1131 1826 annumeratur
1178 1770 1233 1823 in
1275 1783 1500 1839 corpore
1528 1767 1721 1837 praedi.

135 1866 393 1921 cautium.
421 1863 567 1919 Satis
608 1864 810 1918 indicat
836 1877 1073 1932 praesens
1111 1862 1381 1916 canticum
1412 1862 1715 1930 angustiam
1744 1840 1792 1907 Β

132 1956 419 2029 praesentis
467 1956 741 2022 Ecclesiae,
786 1959 851 2011 de
892 1972 997 2025 qua
1045 1956 1291 2026 angustia
1322 1954 1454 2009 dicit
1498 1968 1716 2019 versus,

130 2049 445 2120 Recogilabo
486 2066 663 2104 omnes
706 2065 871 2102 annos
896 2064 1037 2102 meos
1069 2050 1121 2101 in
1145 2047 1498 2101 amaritudine
1526 2048 1717 2101 animm

130 2157 279 2196 mete.
334 2140 614 2205 Psalmus,
654 2140 813 2203 Deus,
848 2139 988 2194 Deus
1030 2156 1175 2193 meus
1198 2179 1214 2203 ,
1246 2139 1485 2193 continet
1527 2152 1717 2193 vocem

128 2233 347 2304 gentilis
392 2235 612 2303 populi,
657 2233 746 2302 qui
786 2248 815 2286 a
868 2247 1059 2287 somno
1108 2232 1305 2286 anima:
1337 2231 1555 2300 evigilat
1594 2237 1721 2301 post

127 2326 495 2380 introductam
543 2324 986 2379 illuminatiouem
1018 2321 1455 2394 praedicatorum.
1484 2322 1617 2390 Quis
1647 2323 1719 2377 sit

126 2430 374 2480 somnus,
413 2418 477 2471 de
507 2431 615 2486 quo
657 2414 908 2487 evigilat,
935 2415 1156 2485 quando
1194 2414 1344 2479 dicit,
1382 2412 1549 2480 Deus,
1584 2414 1719 2469 Deus

124 2528 298 2576 meus,
337 2512 406 2565 ad
441 2522 488 2565 te
514 2511 577 2566 de
608 2510 722 2564 luce
779 2510 954 2581 vigilo.
1003 2511 1337 2581 Augustinus
1389 2518 1721 2565 memoratus

126 2603 392 2659 dilucidat
422 2604 474 2657 in
512 2612 744 2658 tractatu
795 2601 1038 2670 ejusdem
1082 2603 1272 2672 psalmi
1300 2582 1315 2656 ἔ
1345 2601 1477 2656 Illud
1513 2608 1718 2667 autem,

125 2693 403 2763 inquiens,
426 2708 618 2748 cavere
647 2693 924 2758 debemus,
948 2708 1017 2748 ne
1043 2692 1157 2764 ipsa
1181 2694 1357 2748 anima
1386 2704 1571 2748 nostra
1601 2692 1724 2747 dor-

125 2786 283 2840 miat.
321 2784 492 2839 Malus
521 2785 664 2839 enim
698 2792 782 2840 est
809 2800 1029 2840 somnus
1055 2786 1269 2852 animae,
1302 2786 1473 2840 bonus
1496 2798 1721 2841 somnus

122 2877 402 2946 corporis,
429 2890 536 2944 quo
577 2886 861 2946 reparatur
890 2877 1139 2931 valetudo
1166 2877 1431 2947 corporis.
1485 2874 1723 2931 Somnus

122 2978 312 3023 autem
344 2968 538 3022 animai
566 2977 649 3022 est
678 2969 922 3024 oblivisci
954 2968 1125 3023 Deum
1154 2983 1332 3023 suum.
1365 2968 1719 3037 Quzecunque

120 3062 312 3114 anima
347 3060 516 3115 oblita
546 3058 711 3116 fuerit
749 3061 916 3116 Deum
964 3078 1141 3128 suum,
1172 3062 1391 3117 dormit.
1443 3064 1512 3118 Et
1539 3062 1718 3117 infra:

120 3149 295 3216 Deus,
324 3149 467 3204 Deus
489 3167 649 3216 meus,
677 3151 746 3204 ad
774 3162 822 3205 te
844 3152 908 3206 de
928 3152 1043 3206 luce
1071 3152 1243 3224 vigilo,
1266 3154 1427 3208 sitivit
1455 3155 1508 3208 in
1535 3166 1584 3208 te
1609 3156 1722 3208 ani-

1814 770 1995 818 menta
2031 763 2281 818 exierunt
2318 765 2382 819 de
2417 763 2634 819 homine
2655 763 2871 819 Christo
2896 762 2951 819 in
2970 767 3225 836 passione
3244 766 3384 839 ejus,

1814 852 2055 923 Spiritus,
2087 864 2226 923 aqua
2257 860 2311 908 et
2340 854 2579 925 sanguis,
2605 864 2722 922 quae
2750 855 2851 908 tria
2880 870 3046 910 unum
3078 865 3390 916 monstrant

1814 946 2124 1002 Christum:
2158 956 2276 1003 erat
2330 947 2384 1019 in
2430 944 2649 1003 fornace
2689 942 2927 1019 aspectus
2972 953 3188 1023 quarti,
3234 958 3392 1027 quasi

1814 1038 2102 1096 similitudo
2130 1038 2257 1095 Filii
2290 1039 2406 1095 Dei.
2458 1040 2671 1097 Etenim
2706 1040 2975 1111 pendebat
3005 1043 3119 1100 sive
3154 1047 3386 1116 sepelie-

1815 1131 1976 1186 batur
1995 1147 2191 1201 corpus
2215 1131 2417 1186 Christi
2447 1143 2781 1202 assumptum
2806 1128 2879 1188 ex
2914 1124 3080 1191 Maria
3119 1134 3343 1209 Virgine
3376 1155 3392 1195 :

1817 1222 2115 1279 Puerorum
2146 1239 2375 1296 corpora
2406 1240 2513 1280 non
2552 1233 2681 1280 sunt
2728 1234 2982 1298 corrupta
3026 1224 3081 1283 in
3121 1229 3339 1288 fornace
3373 1249 3388 1288 :

1816 1311 2055 1368 futurum
2086 1320 2203 1368 erat
2238 1324 2294 1367 ut
2321 1313 2523 1369 Christi
2556 1330 2753 1386 corpus
2797 1331 2906 1371 non
2949 1330 3392 1389 corrumperetur

1819 1406 2104 1476 putredine
2153 1405 2362 1460 mortis.
2413 1404 2654 1461 Liberati
2708 1417 2833 1464 sunt
2876 1418 2993 1466 tres
3036 1414 3189 1482 pueri
3219 1415 3286 1470 de
3309 1431 3403 1471 ca-

1822 1498 1971 1553 mino
1995 1516 2008 1551 :
2043 1498 2303 1554 liberatus
2329 1497 2575 1555 Christus
2608 1501 2674 1555 de
2699 1516 2796 1556 ore
2831 1496 3020 1558 leonis.
3049 1502 3276 1576 Propter
3298 1508 3401 1564 hoc

1821 1587 2244 1655 sacramentum,
2277 1599 2336 1645 ut
2375 1591 2587 1661 opinor,
2621 1591 2801 1647 audivi
2860 1594 3067 1649 cantari
3118 1594 3172 1650 in
3206 1596 3405 1667 vigiliis

1820 1682 2046 1738 Paschae
2074 1684 2126 1737 in
2150 1683 2389 1738 Ecclesia
2417 1684 2747 1740 Turonensis
2776 1693 2898 1756 post
2926 1686 3209 1755 lectiones,
3235 1688 3405 1744 Bene-

1821 1774 1997 1829 dicite.
2039 1773 2232 1830 Omnes
2288 1777 2377 1847 qui
2420 1778 2502 1847 pie
2551 1776 2726 1831 volunt
2753 1779 2946 1844 vivere,
2997 1781 3404 1850 persecutionem

1818 1866 2110 1936 patiuntur,
2132 1873 2188 1920 et
2228 1868 2499 1937 pertinent
2529 1867 2595 1921 ad
2628 1882 2824 1937 corpus
2870 1871 3032 1943 trium
3075 1888 3364 1942 puerorum
3385 1914 3399 1938 ,

1817 1960 1908 2029 qui
1936 1960 2085 2014 missi
2114 1969 2239 2015 sunt
2267 1963 2318 2014 in
2346 1962 2618 2015 caminum
2646 1980 2659 2014 :
2683 1956 2837 2031 cujus
2863 1964 3107 2033 corporis
3137 1974 3301 2036 caput
3320 1973 3409 2022 est

1817 2049 2103 2105 Christus:
2136 2056 2192 2103 at
2242 2051 2296 2104 hi
2359 2051 2451 2121 qui
2524 2044 2931 2119 persecutiones
2995 2055 3279 2124 ingerunt,
3333 2055 3402 2110 ad

1817 2155 2014 2210 corpus
2040 2141 2235 2196 diaboli
2260 2183 2275 2205 ,
2300 2142 2455 2212 cujus
2487 2142 2792 2195 membrum
2819 2143 3031 2198 exstitit
3056 2142 3407 2202 Nabuchodoc

1816 2247 2001 2296 nosor,
2041 2242 2094 2288 et
2142 2247 2330 2287 omnes
2378 2242 2757 2302 persecutores
2788 2249 2957 2304 usque
3005 2236 3071 2290 ad
3111 2238 3406 2293 maximum

1818 2326 2120 2383 membrum
2158 2325 2571 2381 Antichristum.
2607 2326 2673 2381 Et
2703 2327 2898 2381 merito
2927 2328 2979 2382 in
3004 2329 3195 2399 quinto
3214 2331 3408 2387 ordine

1821 2416 2080 2471 recolitur
2108 2415 2289 2470 evasio
2313 2416 2609 2470 electorum
2658 2416 2727 2472 de
2753 2418 3192 2487 persecutoribus
3212 2461 3226 2486 ,
3280 2420 3407 2491 quia

1820 2525 2017 2581 corpus
2056 2510 2198 2580 quod
2224 2511 2463 2581 quinque
2486 2511 2736 2567 sensibus
2772 2512 2977 2583 regitur
3001 2520 3233 2585 possunt
3261 2514 3406 2570 occi-

1821 2600 2255 2674 dere:amplius
2309 2614 2491 2658 autem
2547 2602 2676 2673 quid
2732 2602 2975 2671 faciant,
3025 2621 3130 2660 non
3182 2605 3407 2661 habent.

1820 2694 2068 2754 Psalmus
2088 2696 2153 2753 de
2182 2705 2336 2752 sexta
2363 2696 2519 2763 feria,
2554 2706 2611 2750 ut
2638 2697 2991 2767 przetulimus,
3025 2706 3080 2754 et
3130 2698 3406 2754 canticum

1821 2789 2021 2847 Christi
2060 2789 2366 2861 passionem
2412 2789 2675 2844 detinent.
2724 2789 2960 2844 Laudate
3010 2789 3301 2845 Dominum
3344 2789 3410 2845 de

1823 2880 1988 2947 ctelis,
2016 2891 2072 2935 et
2100 2880 2322 2935 Caritate
2374 2879 2622 2945 Domino,
2650 2887 2706 2935 et
2745 2877 2980 2934 Laudate
3023 2879 3306 2935 Dominum
3354 2880 3411 2936 in

1822 2975 2019 3030 sanctis
2065 2974 2199 3044 ejus,
2232 2981 2411 3027 actum
2441 2982 2646 3028 saneta:
2677 2972 2931 3029 Ecclesiae
2960 2980 3265 3028 monstrant
3289 2974 3416 3044 post

1823 3074 2154 3122 transactam
2202 3065 2655 3135 persecutionem,
2688 3079 2847 3135 quem
2903 3064 3147 3119 continet
3195 3079 3411 3132 versus,

1822 3157 2029 3213 Bonum
2052 3164 2128 3212 est
2155 3155 2393 3227 conﬁteri
2419 3154 2646 3209 Domino
2667 3196 2681 3221 ,
2735 3164 2782 3210 et
2809 3155 3035 3227 psallere
3082 3156 3281 3210 nomini
3321 3164 3412 3211 tuo

119 3258 209 3298 ma
238 3258 383 3297 mea.
432 3242 571 3298 Ecce
594 3244 597 3253 ’
619 3243 747 3298 illud
777 3245 1047 3300 desertum
1085 3246 1330 3302 [dammae
1374 3248 1559 3304 videre
1585 3264 1720 3318 quo-
1747 3213 1797 3278 C
1823 3252 2095 3307 altissime.
2127 3250 2197 3305 At
2226 3213 2498 3305 canticum
2523 3289 2538 3313 ,
2584 3213 2966 3317 Audite,.cmli,
3014 3266 3132 3321 qua:
3184 3248 3370 3319 loquor
3391 3286 3411 3315 ,

121 3336 292 3391 modo
322 3336 412 3390 hic
440 3335 571 3390 sitit.
602 3334 670 3391 Et
718 3336 876 3406 paulo
914 3347 1056 3408 post,
1087 3339 1314 3406 Quando
1342 3340 1520 3394 anima
1569 3341 1715 3407 sitit,

118 3430 339 3488 fontem
366 3431 642 3499 sapientia:
687 3431 820 3486 sitit.
854 3433 929 3487 De
958 3434 1074 3503 ipso
1117 3436 1263 3490 fonte
1289 3435 1566 3504 sapientia:
1603 3436 1720 3492 ine-

119 3526 461 3583 briabuntur
492 3526 686 3580 animae
709 3535 931 3591 nostrae,
964 3526 1104 3581 sicut
1126 3525 1264 3581 alius
1295 3528 1534 3596 psalmus
1566 3527 1716 3593 dicit,

119 3612 548 3671 Inebriabuntur
604 3617 667 3670 ab
718 3616 950 3671 ubertate
990 3616 1176 3671 domus
1228 3627 1363 3683 title,
1416 3627 1461 3671 et
1491 3626 1720 3671 torrente

119 3710 448 3766 deliciarum
475 3720 685 3764 tuarum
712 3710 914 3781 potabis
952 3727 1057 3765 eos.
1086 3710 1328 3766 Sitieuda
1370 3720 1453 3766 est
1480 3727 1610 3783 ergo
1636 3727 1721 3765 sa-

117 3803 365 3874 pientia,
384 3802 612 3859 sitienda
627 3801 859 3872 justitia.
884 3800 1143 3859 Eamdem
1170 3804 1534 3859 reversionem
1565 3810 1722 3859 sonat

117 3896 379 3966 psalmus
402 3896 457 3951 in
498 3906 691 3968 quarta
732 3895 889 3960 feria,
914 3896 966 3952 id
989 3900 1091 3961 es't,
1124 3896 1189 3952 de
1236 3895 1505 3951 oblivione
1534 3895 1630 3950 Dei
1654 3895 1723 3951 ad

117 3989 249 4059 ejus
282 3990 738 4057 recordationem,
767 3989 920 4060 quasi
957 3990 1023 4045 de
1058 3988 1332 4062 Babylone
1361 3991 1429 4045 ad
1474 3989 1727 4044 Hierusa~

115 4085 258 4139 lem.
295 4084 354 4138 in
389 4085 575 4141 eodem
601 4086 808 4156 psalmo
831 4084 1008 4155 aliqua
1037 4084 1154 4139 sitis
1178 4091 1512 4138 memoratur
1532 4082 1724 4137 similis

118 4177 192 4232 de
210 4175 449 4247 psalmo,
467 4175 626 4242 Deus,
645 4176 787 4231 Deus
804 4193 967 4231 meus.
984 4175 1108 4231 Inﬁt
1128 4174 1230 4231 iste
1255 4175 1512 4244 psalmus,
1533 4172 1725 4229 Sulcos

114 4270 247 4342 ejus
301 4268 551 4335 inebria,
604 4267 897 4338 multiplica
951 4268 1329 4341 generationes
1382 4265 1516 4335 ejus.
1574 4265 1726 4321 Unde

117 4363 277 4419 idem
313 4360 405 4431 qui
428 4376 591 4431 supra
619 4362 671 4415 in
698 4370 930 4416 tractatu
961 4358 1188 4433 psalmi,
1229 4359 1299 4414 Te
1333 4359 1476 4414 decet
1502 4361 1726 4428 hymnus

115 4456 301 4524 Deus,
329 4451 593 4519 videmus,
622 4454 867 4519 credunt,
912 4463 966 4508 et
1009 4470 1075 4508 ex
1114 4449 1461 4508 credentibus
1488 4450 1579 4506 alii
1609 4464 1728 4504 ere-

1818 3343 2070 3413 quamvis
2090 3342 2198 3395 duo
2226 3341 2280 3395 in
2307 3354 2367 3395 se
2396 3343 2693 3404 contineat,
2714 3341 2765 3394 id
2787 3348 2892 3406 est,
2918 3340 3410 3395 remunerationem

1818 3434 2034 3490 Domini
2086 3448 2186 3503 pro
2229 3432 2419 3496 bonis,
2461 3441 2517 3487 et
2555 3432 2968 3511 retributionem
3016 3448 3115 3503 pro
3145 3431 3416 3488 offensis:

1820 3533 2000 3581 tamen
2031 3532 2252 3596 propter
2274 3524 2484 3579 sabbati
2516 3522 2776 3595 quietem,
2807 3523 2862 3579 in
2904 3538 3008 3593 qua
3037 3512 3306 3588 cantatur,
3341 3522 3413 3579 ad

1820 3632 1915 3674 eos
1951 3616 2080 3671 illud
2108 3615 2412 3689 dirigimus,
2436 3616 2529 3687 qui
2560 3616 2698 3671 bona
2720 3628 2854 3688 pace
2875 3606 3102 3671 utuntur
3126 3623 3250 3686 post
3291 3630 3417 3687 per-

1820 3706 2154 3766 secutionem
2179 3709 2233 3764 in
2259 3706 2499 3765 Ecclesia
2529 3716 2734 3764 nostra.
2769 3707 2846 3764 De
2895 3707 3090 3779 quibus
3116 3709 3248 3764 dicit
3290 3723 3416 3764 ver-

1823 3818 1937 3869 sus,
1958 3802 2093 3857 Pars
2121 3810 2301 3857 autem
2331 3801 2545 3857 Domini
2570 3799 2801 3874 populus
2830 3800 2968 3870 ejus,
2999 3799 3169 3859 Jacob
3195 3799 3412 3858 funicu-

1822 3893 1908 3952 lus
1935 3893 2274 3950 bzereditatis
2308 3891 2446 3963 ejus.

2393 4004 2624 4062 CAPUT
2661 4004 2847 4062 XVIII.

1823 4097 1903 4155 De
1927 4098 2217 4154 Dominicis
2258 4098 2494 4153 noctibus
2524 4096 2576 4152 in
2606 4096 2914 4170 matutinali,
2936 4097 3102 4170 oﬂicio
3133 4115 3167 4152 a
3197 4095 3417 4170 Septua-

2254 4170 2450 4240 gesima
2485 4184 2649 4239 usque
2669 4167 2722 4221 in
2754 4167 2984 4222 Paschal

1894 4262 2002 4319 Per
2026 4263 2337 4319 Dominicas
2381 4270 2568 4317 noctes
2603 4277 2633 4315 a
2685 4261 3085 4334 septuagesima
3133 4275 3305 4332 usque
3355 4260 3410 4315 in

1825 4355 2039 4411 Pascha
2078 4354 2315 4419 Domini,
2366 4353 2423 4407 in
2470 4350 2777 4408 matutinali
2825 4351 3002 4407 ollicio
3054 4353 3159 4408 duo
3218 4351 3412 4423 psalmi

1828 4454 2131 4511 mutantur,
2161 4443 2411 4500 Miserere
2437 4446 2558 4509 mei,
2588 4443 2749 4499 Deus.
2781 4443 2877 4508 Et,
2926 4441 3259 4514 Conﬁtemini
3295 4443 3410 4497 Do-

116 4547 289 4608 dunt,
307 4548 365 4597 ct
388 4558 456 4598 ex
486 4543 592 4617 illis
613 4543 702 4598 alii
723 4544 970 4608 credunt,
988 4552 1042 4597 et
1062 4559 1165 4611 non
1181 4540 1378 4597 sullicit
1401 4540 1489 4595 uni
1522 4538 1726 4594 nomini
1750 4568 1805 4631 Β
1830 4538 1990 4594 mino.
2045 4536 2149 4592 Per
2180 4538 2281 4592 bos
2315 4536 2449 4591 duos
2493 4535 2730 4606 psalmos
2779 4534 3142 4591 informantur
3176 4534 3234 4589 hi
3256 4576 3270 4600 ,
3321 4530 3418 4603 qui

114 4651 181 4697 ut
236 4639 426 4694 factus
479 4639 591 4708 ipse
644 4639 817 4694 ﬁdelis
864 4655 1032 4693 unum
1093 4639 1353 4695 lucretur.
1404 4636 1723 4700 Canticum,

114 4729 442 4787 Exsultnvit
473 4745 561 4780 cur
587 4746 760 4783 meum
791 4731 845 4783 in
868 4722 1092 4784 Domino
1116 4771 1132 4796 ,
1181 4729 1384 4801 liquido
1432 4734 1727 4792 monstrat,

114 4830 387 4879 sanctam
413 4818 711 4873 Ecclesiam
737 4818 1071 4888 superiorem
1101 4836 1222 4874 esse
1250 4815 1729 4891 Babylonia.Psal-

117 4930 279 4979 mus,
318 4910 459 4965 Deus
486 4909 795 4963 misereatur
822 4909 1006 4972 nostri,
1036 4909 1089 4961 in
1114 4925 1219 4977 quo
1264 4925 1362 4979 per
1404 4924 1567 4963 voces
1594 4923 1734 4979 pra:-

114 5002 444 5063 dieantium
487 5001 759 5072 colligitur
798 5000 1026 5071 populus
1065 4998 1340 5065 Iudaicus,
1395 4999 1728 5054 dicentium:

115 5096 511 5167 Conﬁleantur
537 5094 631 5148 tibi
656 5092 859 5163 populi,
883 5092 1046 5158 Deus,
1076 5092 1329 5148 convenit
1360 5106 1482 5145 cum
1523 5091 1734 5163 psalmo

114 5189 193 5244 de
224 5186 431 5258 quinta
459 5185 625 5253 feria,
676 5185 920 5251 Domine,
962 5184 1221 5255 refugium
1251 5183 1423 5254 [actus
1451 5201 1504 5239 es
1544 5183 1692 5239 nobis
1713 5222 1732 5252 ,

117 5280 221 5350 qui
260 5278 437 5333 habet
462 5278 700 5341 titulum,
727 5274 911 5331 Oratio
956 5273 1153 5345 Moysis
1196 5273 1421 5327 hominis
1453 5274 1549 5327 Dei
1580 5291 1598 5327 :
1633 5271 1732 5328 Cui

119 5382 264 5444 apte
290 5371 587 5440 reSpondet
605 5369 894 5433 canticum,
920 5365 1198 5421 Cantemus
1221 5363 1465 5420 Domino.
1491 5364 1734 5441 Hymnus

120 5465 313 5519 trium
352 5452 667 5531 puerorum,
699 5458 1020 5525 Benedicite,
1058 5457 1374 5514 Passioncm
1407 5458 1617 5513 Domini
1666 5472 1731 5513 ac

122 5554 486 5626 triumphum
531 5544 648 5621 ejus
676 5555 745 5607 ad
771 5550 1085 5607 memoriam
1118 5549 1273 5606 nobis
1303 5540 1532 5605 reducit.
1563 5547 1739 5604 Nabu-

122 5647 496 5704 chodonosor
512 5645 786 5701 diabolum
808 5630 1078 5715 signiﬁcat
1101 5663 1114 5700 :
1141 5645 1376 5700 ministri
1390 5643 1526 5715 ejus,
1543 5643 1631 5714 qui
1649 5636 1734 5723 ac}

125 5740 453 5805 cenderuut
467 5737 738 5803 flammam
760 5739 898 5809 ignis
919 5739 970 5793 in
1003 5736 1475 5805 fornace,Jud:eos
1495 5737 1733 5794 clamauo
1755 5723 1770 5739 ’

126 5842 247 5899 tes,
266 5828 555 5911 Cruciﬁge,
576 5831 844 5913 cruciﬁge,
860 5830 1013 5890 missi
1042 5840 1170 5889 sunt
1199 5839 1311 5889 tres
1323 5830 1480 5906 pueri
1496 5830 1553 5888 in
1569 5828 1766 5912 cuni-ﬁ

1830 4630 2066 4685 nondum
2096 4635 2223 4684 sunt
2260 4627 2507 4699 perfecti,
2529 4624 2694 4682 etiam
2722 4626 2812 4682 illo
2844 4627 3002 4682 modo
3030 4642 3138 4698 quo
3174 4625 3425 4682 homines

1832 4722 1921 4782 hic
1944 4724 2170 4796 perfecti
2200 4737 2321 4780 esse
2351 4732 2598 4796 possunt.
2626 4724 2704 4779 De
2730 4723 2928 4796 quibus
2946 4723 3159 4779 dicebat
3186 4720 3421 4779 Paulus:

1835 4815 2143 4884 Quicunque
2178 4815 2416 4886 perfecti,
2450 4817 2547 4869 hoc
2570 4816 2775 4886 sapite;
2806 4816 3003 4885 quibus
3039 4830 3145 4870 non
3175 4814 3426 4886 congruit

1833 4907 2258 4977 praeceptoribus
2311 4914 2369 4961 et
2420 4907 2735 4961 doctoribus
2799 4904 3011 4959 auferre
3062 4905 3313 4960 timorem
3369 4911 3426 4961 et

1837 5012 2007 5069 spem.
2033 4998 2327 5060 Timorem,
2365 4982 2526 5066 quem
2578 4996 2793 5066 oportet
2835 4995 2991 5053 nobis
3012 4997 3421 5069 peccatoribus,

1834 5090 2037 5149 habere
2077 5093 2131 5147 in
2161 5091 2412 5163 praesenti
2444 5086 2881 5163 peregrinatione
2921 5091 2988 5147 de
3037 5090 3275 5146 vindicta
3300 5088 3424 5157 Dei,

1834 5183 2070 5240 inculcat
2103 5184 2362 5254 psalmus,
2393 5183 2644 5240 Miserere
2681 5182 2806 5252 mei,
2826 5184 2990 5251 Deus,
3044 5184 3136 5255 qui
3194 5182 3428 5240 resultat

1831 5292 2021 5357 vocem
2058 5276 2432 5357 peccatoribus
2475 5276 2810 5346 ptenitcntis.
2849 5274 3174 5347 Plangatnus
3202 5266 3423 5345 peccata

1834 5356 1887 5426 in
1922 5368 2148 5440 psalmo,
2183 5367 2432 5422 Miserere
2467 5366 2589 5441 mei,
2623 5367 2808 5441 Dens:
2840 5375 2959 5438 post
2986 5364 3259 5437 planctum
3298 5362 3425 5418 ade-

1839 5462 1907 5517 rit
1930 5460 2167 5517 charitas
2186 5500 2201 5525 ,
2233 5475 2353 5530 quae
2380 5457 2527 5513 foras
2556 5440 2722 5511 mittit
2750 5440 2995 5511 timorem
3019 5472 3116 5527 per
3146 5456 3416 5527 spiritum,

1839 5552 1927 5625 qui
1953 5550 2264 5606 consolatur
2300 5544 2462 5603 corda
2499 5544 2820 5617 lugentium.
2864 5546 2943 5603 Ac
2978 5548 3098 5603 ideo
3128 5546 3253 5619 quia
3302 5552 3424 5616 post

1838 5628 2074 5700 dolorem
2104 5638 2307 5708 cordis,
2343 5648 2399 5696 et
2446 5640 2868 5711 indignationem
2914 5649 3097 5697 reatus
3128 5639 3263 5697 solet
3288 5641 3424 5695 cha-

1838 5739 1973 5796 ritas
2022 5736 2263 5808 praebere
2321 5733 2571 5791 ﬁduciam
2636 5735 2929 5790 accedendi
2982 5735 3048 5790 ad
3098 5735 3422 5802 Dominum,

1839 5810 2197 5889 ascendamus
2244 5842 2338 5900 spe
2400 5824 2567 5883 sortis
2607 5823 2903 5885 electorum
2960 5827 3028 5884 ad
3070 5826 3210 5883 bona
3257 5836 3421 5903 opera
