4000 6494
536 320 680 379 “99

1578 316 1913 397 AMALABll
1949 318 2384 378 PRESBYTERI
2419 317 2759 383 METENSIS

3665 318 3801 375 ηω

526 431 781 491 laudandi
813 431 1003 507 Deum,
1027 436 1085 486 et
1113 427 1357 485 dicamus
1379 428 1449 485 ad
1470 428 1794 487 alterutrum
1824 447 1837 484 :
1874 427 2105 501 Conﬁte-
2132 430 2186 495 Α
2210 431 2526 486 descensum
2552 431 2750 487 montis
2789 429 3006 487 Oliveti.
3047 424 3292 501 Hymnus
3340 427 3580 495 scilicet,
3613 426 3797 487 Gloria

526 526 659 581 mini
678 522 902 579 Domino
928 522 1175 593 quoniam
1202 520 1388 584 bonus,
1415 522 1483 577 de
1507 522 1593 576 his
1617 522 1827 578 duobus
1851 523 2108 593 gradibus

525 600 786 673 scribitur
804 615 861 669 in
886 612 1320 669 Deuteronomio.
1356 611 1481 667 Non
1511 614 1734 685 accipies
1755 612 1870 669 loco
1919 617 2106 686 pigno-

526 686 933 778 ris.inferiorem
983 713 1035 763 et
1078 704 1398 779 superiorem
1448 704 1664 771 molam,
1699 706 1824 776 quia
1869 706 2109 762 animam

523 784 682 879 suam
728 799 978 873 apposuit
1022 797 1169 854 tibi:
1213 794 1367 864 Quod
1419 796 1500 851 sic
1548 805 1768 854 sanctus
1817 797 2110 870 Gregorius

523 884 748 964 ciponit
775 910 789 947 :
821 890 1081 965 Accipere
1135 906 1368 962 namque
1421 892 1712 964 aliquando
1754 894 1986 952 dicimus
2012 911 2110 951 au-

522 972 691 1038 ferre.
721 980 876 1047 Unde
901 989 955 1039 et
984 994 1110 1036 aves
1138 979 1267 1051 illae,
1294 997 1414 1052 quae
1459 984 1701 1056 rapiendi
1749 995 1876 1040 sunt
1901 986 2106 1053 avidae,

525 1075 819 1147 accipitres
866 1082 1144 1132 vocantur.
1196 1073 1267 1130 Et
1305 1075 1464 1147 paulo
1518 1084 1685 1147 post:
1731 1058 1930 1149 Pignus
1978 1092 2109 1134 vero

523 1160 788 1223 debitoris
822 1175 905 1223 cst
950 1165 1218 1239 confessio
1245 1168 1566 1238 peccatoris.
1614 1168 1661 1222 A
1689 1168 1932 1224 debitore
1961 1169 2107 1225 enim

524 1260 723 1330 pignus
766 1257 1034 1327 accipitur
1062 1298 1080 1326 ,
1136 1273 1261 1314 cum
1318 1275 1346 1314 a
1392 1266 1680 1331 peccatore
1723 1261 1838 1333 jam
1900 1262 2108 1333 peccati

521 1346 796 1405 confessio
826 1356 1058 1405 tenetur.
1092 1348 1351 1422 Superior
1379 1358 1558 1409 autem
1599 1359 1654 1417 et
1689 1350 1914 1408 inferior
1940 1352 2104 1421 mola,

520 1450 625 1529 est.
663 1456 785 1511 spes
831 1432 887 1496 et
937 1442 1117 1515 timor.
1150 1442 1227 1505 Et,
1252 1443 1446 1503 itcrum
1487 1452 1611 1514 post
1651 1459 1867 1515 pauca:
1898 1446 1956 1501 In
1984 1460 2106 1517 pec-

517 1530 729 1595 catoris
770 1530 949 1603 itaque
1004 1529 1342 1589 confessione
1380 1531 1716 1589 incessanter
1779 1534 1938 1591 debet
1980 1550 2106 1606 spes

517 1634 579 1680 et
610 1622 841 1679 formido
872 1622 1149 1703 conjungi,
1179 1623 1308 1696 quia
1356 1623 1629 1681 incassum
1672 1626 2105 1685 misericordiam

519 1725 727 1791 sperat,
754 1717 796 1772 si
825 1733 931 1772 non
968 1717 1135 1773 etiam
1162 1716 1349 1774 timeat
1378 1735 1391 1771 :
1430 1726 1484 1773 et
1520 1718 1796 1775 incassum
1834 1718 2105 1788 justitiam

2211 519 2363 577 Patri
2415 530 2465 575 et
2522 519 2570 574 F
2573 521 2664 577 ilio
2708 529 2758 577 et
2808 518 3033 592 Spiritui
3059 528 3241 576 sancto
3270 533 3290 575 :
3318 519 3559 592 gloriam
3606 532 3798 579 sancta

2210 615 2492 673 Trinitatis
2513 617 2719 675 recolit.
2743 615 3011 685 Quoniam
3030 631 3137 672 una
3164 624 3250 672 est
3266 630 3511 687 persona
3550 614 3685 671 Filii
3712 615 3795 673 Dei

2208 716 2264 764 et
2287 707 2384 764 ﬁlii
2409 710 2665 778 hominis,
2696 709 2792 780 qui
2817 709 2930 780 pati
2975 716 3221 775 venerat.
3251 707 3578 765 conformat
3599 723 3665 764 se
3684 725 3798 765 san-

2208 808 2298 861 cta
2333 802 2573 860 Ecclesia
2617 803 2782 875 capiti
2820 818 2921 859 suo
2946 842 2963 869 ,
3016 811 3088 860 iet
3124 803 3195 858 de
3239 800 3654 875 gloriﬁcatione
3691 802 3799 873 ejus

2208 892 2401 949 reticet
2425 909 2596 964 usque
2618 894 2746 949 dum
2761 893 3034 950 exaltetur
3052 909 3153 965 per
3176 894 3523 965 triumphum
3538 894 3791 952 victoria.

2209 983 2337 1042 Haec
2363 984 2666 1040 humiliatio
2698 984 2870 1056 prius,
2907 995 2964 1041 et
2989 985 3187 1041 iterum
3213 983 3480 1040 exaltatio
3504 998 3615 1055 per
3640 1001 3791 1043 uno:

2208 1090 2424 1134 versum
2452 1076 2645 1148 psalmi
2683 1077 2963 1134 centesimi
2993 1077 3124 1133 noni
3147 1085 3497 1139 monstratur
3524 1116 3546 1143 ,
3596 1077 3690 1149 qui
3714 1078 3785 1134 di-

2208 1169 2324 1226 cit:
2356 1168 2433 1224 De
2485 1177 2712 1223 torrente
2756 1170 2812 1223 in
2862 1168 2948 1223 via
3000 1167 3168 1233 bibet,
3210 1176 3501 1239 propterea
3557 1167 3790 1224 cuitali

2206 1271 2382 1334 caput.
2415 1261 2494 1317 De
2530 1261 2636 1317 hoc
2662 1269 2902 1318 torrente
2929 1261 3191 1318 Dominus
3235 1260 3294 1316 in
3320 1260 3414 1316 via
3438 1260 3595 1317 bibit
3614 1300 3633 1328 ,
3674 1278 3790 1334 quo-

2207 1352 2356 1407 niam
2381 1358 2606 1409 mortem
2631 1351 2684 1408 in
2709 1352 2936 1409 transitu
2961 1351 3223 1425 gustavit,
3240 1359 3409 1423 atque
3438 1350 3579 1407 ideo
3606 1353 3789 1409 exalta-

2207 1443 2285 1500 vit
2299 1452 2481 1513 caput,
2491 1443 2617 1514 quia
2641 1444 2745 1501 hoc
2760 1444 2904 1515 quod
2925 1442 3206 1500 moriendo
3234 1442 3293 1499 in
3315 1442 3594 1514 sepulcro
3606 1445 3782 1515 posuit,

2207 1536 2478 1607 surgendo
2510 1551 2674 1605 super
2705 1534 2927 1608 angelos
2949 1535 3202 1591 elevavit.
3234 1534 3512 1604 Quamvis
3544 1536 3646 1594 rite
3663 1552 3781 1593 con-

2207 1635 2368 1699 gruat
2398 1665 2414 1692 ,
2472 1635 2535 1683 ut
2578 1638 2800 1698 propter
2851 1626 3288 1687 humiliationem
3335 1627 3548 1698 capitis
3597 1628 3778 1696 nostri,

2205 1718 2530 1790 proximam,
2564 1717 2880 1773 omittamus
2897 1715 3354 1787 gloriﬁcationem
3385 1729 3600 1774 sancta
3627 1717 3790 1775 irini-

522 1798 735 1875 metuit,
759 1809 809 1864 si
856 1824 962 1865 non
1007 1809 1173 1865 etiam
1218 1808 1287 1864 de
1330 1808 1702 1867 misericordia
1750 1811 1992 1868 conﬁdit.
2038 1812 2108 1868 Et
2133 1797 2181 1858 Β
2208 1811 2355 1877 tatis,
2369 1811 2427 1866 in
2447 1825 2554 1881 qua
2566 1811 2868 1867 honoratur
2881 1809 3024 1866 ﬁlius
3036 1809 3276 1866 hominis
3289 1817 3523 1881 propter
3542 1811 3786 1867 unitatem

519 1902 739 1968 iterum,
769 1901 933 1957 Tollit
973 1902 1120 1959 enim
1159 1903 1517 1974 superiorem,
1548 1905 1594 1960 si
1616 1902 1763 1960 ﬁenti
1797 1912 2102 1976 peccatum,

519 1993 706 2050 dicat:
734 1980 851 2049 Non
877 1992 1102 2050 habebis
1130 1993 1347 2051 veniam
1384 1996 1451 2050 de
1478 1994 1815 2062 commissis;
1846 1993 1987 2050 tollit
2022 1994 2106 2049 in-

521 2086 799 2154 feriorem,
829 2088 876 2165 si
908 2098 1231 2163 peccantem
1270 2088 1450 2159 palpet
1476 2129 1491 2157 ,
1520 2098 1577 2146 et
1602 2089 1779 2146 dicat:
1819 2089 1933 2161 Age
1963 2090 2105 2145 mala

521 2179 841 2259 inquantum
868 2179 969 2235 vis.
995 2178 1128 2235 Nam
1157 2179 1300 2236 Deus
1326 2180 1476 2251 prius
1504 2188 1607 2245 est,
1649 2190 1704 2234 et
1732 2179 1800 2236 ad
1825 2180 2106 2255 indulgen-

520 2270 652 2325 tiam
675 2277 921 2351 paratus,‘
942 2278 999 2333 et.
1027 2269 1252 2349 reliqua,
1276 2269 1535 2347 psalmus,
1567 2269 1823 2327 Dominus
1847 2272 2102 2344 regnavit,

518 2363 790 2441 perfectos
810 2350 1090 2434 informat,
1104 2364 1289 2437 quales
1311 2365 1531 2431 fuerunt
1552 2367 1782 2439 apostoli
1806 2385 1821 2422 :
1855 2367 2104 2425 Miserere

518 2456 644 2522 mei,
669 2455 835 2523 Deus,
867 2456 1086 2537 fragiles
1105 2446 1351 2519 inﬁmos
1385 2474 1522 2530 quos
1557 2467 1771 2531 oportet
1797 2460 2010 2530 plorare
2048 2467 2106 2515 et

517 2544 793 2619 plangere,
817 2549 960 2628 quod
990 2547 1261 2625 signiﬁcat
1296 2556 1508 2627 tempus
1544 2548 1983 2621 Septuagesimze.
2016 2550 2105 2605 Vi-

517 2639 676 2719 detur
699 2639 955 2711 parvitati
987 2630 1517 2719 nostraecong'ruere
1553 2648 1779 2710 propter
1813 2654 2104 2695 numerum

518 2718 964 2809 Septuagesimge,
1005 2728 1097 2799 qui
1127 2718 1791 2809 tenet'peregrinationem
1837 2736 2103 2793 nostram,

513 2826 577 2899 ut
609 2806 732 2881 cum
767 2803 998 2876 Alleluia
1044 2827 1101 2874 et
1140 2803 1267 2877 cuni
1290 2818 1573 2899 altitudine
1598 2803 1811 2888 psalmi,
1842 2818 2102 2879 Dominus

516 2894 769 2981 regnavit,
792 2900 1052 2989 Gloriain
1083 2909 1297 2967 excelsis
1333 2896 1440 2965 Deo
1499 2894 1876 2966 introducatur
1903 2910 1957 2965 in
1984 2911 2104 2967 the-

517 2992 712 3071 sauros
755 3014 880 3057 suos
926 3015 1099 3072 usque
1144 2996 1212 3056 ad
1241 3000 1381 3057 diem
1431 2999 1809 3057 exsultationis
1848 2990 2103 3058 Ecclesia:

515 3107 615 3171 per
641 3091 1097 3148 resurrectionem
1108 3092 1311 3173 ‘capitis,
1340 3092 1531 3163 nostri.

1063 3258 1067 3268 .
1109 3202 1335 3273 CAPUT
1372 3205 1514 3265 XIX.

514 3300 594 3359 De
615 3298 861 3367 versibus,
892 3298 984 3371 qui
1004 3299 1067 3373 in
1092 3298 1512 3382 Quadrupesirna
1532 3309 1676 3366 sunt,
1708 3314 1869 3370 usque
1898 3300 1955 3355 in
1976 3316 2101 3372 pas-

1064 3387 1265 3427 sionem
1290 3387 1524 3425 uommt.

518 3448 527 3459 ’
586 3464 743 3537 εωρθ
780 3464 983 3522 dictum
1020 3472 1105 3520 est
1137 3448 1309 3533 quod.
1330 3463 1607 3534 psalmus,
1659 3464 1763 3532 Qui
1806 3466 2005 3521 habitat
2044 3467 2102 3521 in

513 3556 782 3627 adjutorio
817 3555 1090 3622 altissimi,
1132 3542 1462 3612 mentionem
1488 3570 1674 3611 eorum
1704 3554 1978 3623 informet,
2006 3557 2100 3628 qui

512 3650 569 3709 in
599 3634 898 3706 certamine
925 3649 1091 3721 positi
1134 3650 1190 3705 in
1224 3649 1453 3706 Domino
1503 3658 1712 3719 ponunt
1747 3664 1897 3719 spem
1945 3665 2101 3705 suam

513 3752 568 3809 ct
616 3724 1135 3816 omne-adiutorium
1188 3743 1258 3800 ab
1296 3756 1361 3799 eo
1396 3742 1775 3813 deprecantur.
1827 3741 1924 3797 Est
1953 3742 2102 3798 enim

514 3850 707 3898 sancta
732 3842 973 3897 Ecclesia
1018 3842 1073 3899 in
1104 3842 1297 3913 majori
1332 3841 1634 3898 certamine
1660 3842 1951 3898 constituta
1980 3842 2100 3897 die-

514 3932 618 3986 bus
649 3931 1102 4002 Quadragesimm,
1126 3949 1289 4003 quam
1309 3935 1365 3989 in
1388 3933 1497 3987 alio
1519 3942 1781 4003 tempore.
1805 3934 1929 3989 ideo
1953 3934 2100 3990 hunc

514 4022 781 4099 psalmum
819 4041 884 4094 eo
908 4033 1147 4099 tempore
1170 4026 1478 4097 frequentat
1500 4026 1553 4081 in
1577 4027 1845 4095 versibus,
1870 4029 1962 4100 qui
1992 4028 2100 4086 Do-

514 4116 646 4173 mini
669 4116 1058 4189 protectioncm
1086 4116 1325 4175 insinuat
1351 4126 1405 4172 et
1432 4116 1785 4191 adjutorium.

1120 4228 1348 4286 CAPUT
1387 4230 1506 4285 XX.

1007 4299 1083 4356 De
1112 4300 1353 4372 passione
1376 4300 1611 4357 Domini.

587 4396 713 4467 Dies
732 4395 1001 4466 passionis
1024 4394 1239 4469 Domini
1260 4404 1644 4465 computantur
1664 4394 1873 4453 duabus
1892 4395 2096 4453 hebdo-

511 4486 771 4576 madibus
810 4497 938 4576 ante
985 4485 1186 4557 pascha
1235 4485 1470 4576 Domini.
1523 4485 1716 4576 Neque
1741 4487 1886 4576 enim
1923 4486 1991 4541 ab
2025 4500 2087 4543 re
2120 4514 2176 4576 Ι)

511 4575 779 4645 est,un
805 4575 861 4631 in
882 4575 1091 4631 duabus
1110 4575 1535 4630 hebdomadibus
1558 4574 1815 4629 recolitur
1842 4572 1960 4643 ejus
1978 4591 2097 4645 pas-

510 4665 633 4741 sio:
663 4663 919 4741 quoniam
966 4664 1022 4718 in
1060 4663 1278 4727 ,duobus
1321 4664 1653 4733 temporibus
1704 4663 1865 4731 hujus
1908 4665 2094 4720 mundi

512 4738 773 4814 scribitur
808 4762 874 4813 .et
923 4752 1244 4808 informatur
1292 4751 1480 4808 eadem
1537 4752 1756 4823 passio;
1810 4754 1970 4823 quale
2013 4761 2098 4809 est

510 4847 644 4925 illud
693 4845 857 4925 primi
910 4834 1169 4915 temporis
1200 4841 1288 4925 Fde
1321 4828 1434 4898 Noe
1458 4883 1473 4908 ,
1517 4843 1609 4912 qui
1662 4842 1979 4925 inebriatus
2011 4852 2096 4901 est

509 4920 657 5007 vino,
671 4918 727 4999 et
749 4924 1051 4997 denudatus
1072 4918 1263 5007 jacuit,
1277 4943 1333 4993 et
1354 4936 1544 4995 abnuo
1566 4918 2090 5004 ﬁliodehonestatus,

509 5016 620 5088 tota
649 5030 856 5091 duobus
876 5036 1186 5093 veneratus,
1211 5034 1268 5082 et
1291 5025 1419 5082 illud
1436 5024 1554 5097 jam
1579 5028 1679 5083 sub
1711 5029 1851 5099 lege,
1880 5016 1953 5081 Et]
1993 5027 2093 5083 erit

508 5126 617 5185 vita
642 5133 734 5179 tua
752 5122 904 5193 quasi
936 5108 1163 5191 pendens
1207 5126 1328 5172 ante
1362 5127 1430 5185 te,
1469 5108 1673 5181 timebis
1711 5127 1942 5185 noctelet
1970 5117 2091 5184 die,

506 5224 556 5271 et
582 5229 686 5268 non
712 5212 888 5267 credes
926 5212 1042 5265 vita:
1066 5218 1192 5267 tute.
1220 5206 1278 5262 In
1303 5206 1410 5283 illis
1439 5206 1637 5263 diebus
1663 5208 1965 5264 amittimus
1992 5224 2093 5279 per

510 5290 755 5365 undecim
786 5302 904 5359 dies
946 5294 1001 5357 in
1026 5285 1031 5301 ’
1052 5294 1181 5356 solis
1214 5292 1575 5371 responsoriis
1616 5290 1845 5371 gloriam
1888 5308 2092 5357 sancte

509 5384 810 5459 Trinitatis,
837 5392 1093 5465 quoniam
1137 5407 1235 5462 per
1263 5391 1624 5447 humilitatem
1654 5391 1979 5447 veniendum
2006 5399 2091 5449 est

508 5486 580 5547 ad
595 5486 904 5575 passionem
925 5482 1147 5540 Christi.
1178 5481 1365 5539 Passio
1411 5490 1466 5571 et
1494 5482 1799 5557 persecutio
1826 5490 2086 5551 quantum

510 5577 578 5632 ad
610 5572 848 5646 praesens
877 5575 1138 5640 cernitur,
1163 5590 1398 5632 massam
1424 5590 1544 5646 quae
1570 5590 1634 5631 ex
1666 5572 1836 5630 Adam
1875 5582 2086 5645 sumpta

512 5675 613 5722 cst.
635 5652 786 5721 lianc
800 5667 1226 5723 immutationem
1244 5666 1566 5723 humilitatis
1591 5666 1875 5736 designant
1896 5652 2085 5731 turbae,

516 5771 636 5822 dum
683 5756 894 5815 obviam
940 5768 1199 5818 venerunt
1249 5758 1478 5824 Domino
1521 5757 1607 5814 die
1658 5758 1967 5816 Palmarum
2021 5755 2088 5814 ad

2126 3159 2173 3224 C

2205 1917 2451 1975 persona:
2474 1883 2598 1957 Filii
2636 1900 2752 1958 Dei.
2783 1900 2937 1961 Unde
2962 1909 3021 1957 et
3061 1900 3178 1973 ipse
3198 1902 3462 1973 praecepit
3511 1892 3787 1974 apostolis,

2206 2010 2275 2051 ne
2311 1994 2473 2052 alicui
2501 1993 2708 2055 diceret
2730 1990 3265 2065 transﬁgurationem
3304 2008 3459 2049 suam
3502 1993 3564 2049 in
3594 2003 3789 2063 monte,

2205 2093 2498 2159 antequam
2534 2090 2863 2155 resurgeret,
2895 2097 2928 2136 a
2976 2082 3247 2138 mortuis:
3276 2090 3455 2153 potest
3501 2091 3689 2138 tamen
3742 2090 3794 2139 et

2207 2173 2532 2246 simpliciter
2575 2172 2819 2245 intelligi,
2846 2178 3119 2243 quatenus
3172 2171 3241 2227 ad
3291 2171 3612 2227 memoriam
3641 2171 3795 2228 nobis

2206 2266 2457 2332 reducat,
2480 2265 2947 2341 .quod‘aliquando
2970 2272 3121 2322 esset
3167 2272 3382 2336 tempus,
3410 2265 3644 2335 quando
3670 2280 3795 2320 me-

2160 2372 2164 2375 '
2205 2368 2450 2417 moratus
2477 2359 2714 2432 hymnus
2736 2373 2845 2421 non
2882 2356 3171 2414 dicebatur
3198 2356 3252 2415 in
3274 2355 3511 2412 Ecclesia
3560 2365 3782 2411 nostra.

2203 2449 2250 2507 A
2275 2459 2464 2507 sancto
2494 2448 2820 2527 Hieronymo
2844 2448 3108 2519 scriptum
3137 2458 3223 2504 est
3260 2447 3327 2503 de
3368 2447 3564 2503 eodem
3584 2448 3793 2519 hymno

2205 2541 2274 2596 ad
2322 2522 2615 2597 Damasum
2663 2554 2880 2612 papam.
2919 2536 3109 2595 Simile
3153 2548 3239 2594 est
3261 2544 3317 2593 et
3349 2536 3500 2600 illud,
3529 2536 3682 2608 quod
3712 2535 3794 2591 ln-

2204 2633 2488 2691 nocentius
2536 2649 2675 2706 papa
2725 2632 2986 2707 scripsit,
3033 2648 3142 2688 non
3184 2631 3405 2687 Missam
3441 2631 3708 2688 celebrari
3738 2632 3790 2688 in

2205 2723 2531 2793 Parasceve,
2561 2733 2617 2781 et
2648 2725 2702 2805 in
2740 2724 2967 2805 sabbato
2988 2731 3177 2780 sancto
3208 2741 3221 2777 :
3253 2733 3442 2779 tamen
3488 2723 3785 2805 celebratur

2203 2816 2391 2889 missa,
2421 2831 2542 2888 qua:
2583 2799 2958 2895 celebrabatur
2997 2812 3065 2895 ab
3099 2812 3384 2884 apostolis,
3414 2814 3660 2881 scilicet,

2205 2910 2376 2975 solam
2426 2892 2729 2966 orationem
2777 2892 3133 2964 Dominicam.
3174 2906 3233 2962 Si
3268 2906 3377 2963 hoc
3426 2907 3609 2964 voluit
3648 2924 3789 2963 mon-

2204 3009 2383 3083 strare
2418 2996 2601 3083 verbis
2657 3000 2790 3067 suis,
2827 3000 2919 3056 ubi
2956 2999 3133 3071 ,dicit,
3185 3008 3545 3057 sacramenta
3596 3000 3789 3072 penitus

2204 3077 2313 3175 non
2341 3077 2701 3177 celebrari,ut
2726 3094 2873 3153 nullo
2898 3096 3059 3152 modo
3086 3093 3537 3167 celebrarentur,
3566 3111 3714 3153 nemo
3738 3095 3788 3151 id

2203 3193 2383 3240 servat
2409 3186 2550 3256 apud
2580 3200 2699 3252 nos.
2735 3183 2842 3242 Sed
2870 3194 2929 3242 ut
2947 3188 3172 3258 populus
3203 3188 3303 3260 qui
3328 3189 3668 3247 reﬁciendas
3689 3196 3791 3244 erat

2201 3278 2320 3348 ipso
2348 3277 2436 3333 die
2485 3277 2709 3333 haberet
2759 3278 2812 3333 in
2844 3277 3251 3336 fundamentum
3304 3295 3520 3354 corpus
3570 3279 3788 3337 Domini-

2202 3358 2347 3436 cum,
2381 3379 2438 3427 et
2465 3371 2818 3429 nihilominus
2847 3373 3133 3429 reducatur
3163 3374 3327 3430 nobis
3357 3374 3435 3430 ad
3477 3375 3784 3437 memoriam

2204 3463 2371 3519 missa
2401 3462 2791 3543 apostolorum,
2813 3463 3117 3520 celebratur
3135 3464 3328 3522 eadem
3354 3482 3370 3521 :
3402 3466 3558 3538 quod
3585 3482 3684 3522 non
3708 3476 3781 3521 est

2202 3570 2424 3611 necesse
2477 3552 2606 3621 ﬁeri
2644 3554 2699 3609 in
2748 3555 2975 3611 sabbato
3018 3564 3209 3612 sancto
3235 3596 3251 3619 ,
3312 3557 3452 3628 quia
3481 3565 3789 3628 exspectant

2203 3660 2393 3701 omnes
2417 3642 2589 3716 jejuni
2617 3660 2789 3717 usque
2815 3646 2885 3703 ad
2934 3655 3149 3703 noctem
3201 3648 3429 3719 quando
3472 3649 3638 3705 missa
3661 3649 3791 3704 cele-

2202 3734 2393 3803 bratur
2418 3737 2831 3794 resurrectionis
2877 3732 3118 3799 Domini.
3169 3726 3261 3795 Ah'
3312 3740 3413 3796 illo
3446 3740 3539 3797 die
3585 3743 3791 3813 quando

2202 3814 2484 3884 omisimus
2515 3825 2700 3883 Gloria
2726 3825 2901 3896 Patri,
2931 3829 3053 3885 dua:
3098 3829 3459 3899 hebdomadas
3491 3841 3651 3897 sunt,
3697 3834 3792 3889 hoc

2202 3926 2305 3986 est,
2321 3920 2730 3988 quatuordecim
2752 3919 2867 3977 dies
2886 3935 3058 3991 usque
3080 3921 3135 3976 in
3160 3919 3372 3979 Pascha
3405 3921 3639 3980 Domini.
3671 3924 3791 3979 Dies

2201 4013 2425 4069 Pascha:
2448 4014 2560 4084 jam
2586 4012 2651 4068 de
2672 4013 2838 4089 tertia
2865 3998 3203 4069 hebdomada
3224 4004 3340 4080 est,
3368 4014 3422 4069 in
3448 4030 3549 4084 qua
3575 4025 3789 4070 restau-

2202 4112 2354 4160 ratur
2381 4106 2559 4161 oninis
2608 4106 2807 4161 amissa
2851 4104 3193 4176 gloriﬁcatio.
3220 4100 3283 4171 in
3337 4106 3492 4161 tertio
3534 4115 3788 4179 tempore

2201 4192 2335 4266 legis
2370 4196 2558 4268 gratia:
2592 4194 2771 4250 omnia
2824 4194 3089 4251 beneﬁcia
3127 4190 3435 4265 redduntur
3487 4194 3750 4253 Ecclesiae
3773 4237 3790 4262 ,

2201 4295 2796 4363 quaeexspcctaverunt
2833 4296 3019 4359 patres
3041 4288 3238 4354 nostri,
3266 4284 3364 4358 qui
3391 4290 3725 4346 tenebantur
3744 4290 3791 4345 in

2201 4378 2452 4434 claustris
2482 4378 2697 4445 inferni,
2726 4364 2970 4450 tempore
2997 4379 3260 4457 naturalis
3282 4380 3452 4452 legis,
3480 4393 3537 4437 et
3564 4392 3790 4455 tempore

2203 4473 2335 4543 legis
2362 4473 2577 4529 litterae.
2608 4470 2793 4543 Neque
2819 4472 3075 4528 abhorret
3094 4466 3142 4527 'a
3187 4487 3339 4539 vero,
3363 4473 3415 4528 si
3440 4474 3567 4531 dies
3590 4474 3786 4532 Passio-

2199 4566 2284 4621 nis
2310 4562 2544 4631 Domini,
2566 4562 2660 4636 qui
2688 4578 2787 4635 per
2811 4563 2944 4623 duas
2995 4563 3366 4620 hebdomadas
3413 4565 3785 4629 celebrantur,

2196 4659 2350 4729 quasi
2385 4652 2493 4729 per
2510 4660 2616 4713 duo
2658 4664 2902 4731 tempora
2931 4670 3120 4712 eorum
3148 4657 3682 4714 murmurationem
3728 4654 3786 4709 ad

2197 4748 2514 4837 memoriam
2544 4748 2701 4804 nobis
2738 4740 3024 4815 reducant,
3050 4746 3143 4818 qui
3182 4736 3399 4802 meritis
3431 4747 3555 4805 suis
3586 4748 3790 4806 cmicste

2194 4834 2419 4913 regnum
2445 4841 2912 4912 promerebantur,
2935 4849 2990 4895 ct
3014 4842 3191 4896 tamen
3239 4834 3525 4898 humiliati
3556 4842 3786 4897 erantin

2195 4930 2447 4987 claustris
2473 4916 2672 4987 inferni
2702 4946 2876 5002 usque
2904 4930 2971 4985 ad
2998 4930 3215 4986 tertiam
3238 4929 3790 5002 hebdomadamlegis

2197 5031 2412 5095 gratiae.
2593 5031 2598 5035 '
3004 5082 3009 5089 ,

2774 5090 2998 5171 CAPUT
3036 5089 3179 5147 xxx.

2193 5184 2276 5242 De
2299 5183 2458 5239 Coena
2486 5183 2734 5251 Domini,
2780 5192 2829 5238 et
2860 5181 3182 5246 Parasceve,
3227 5170 3289 5237 ac
3316 5181 3566 5239 Sabbato
3589 5195 3790 5241 unde.

2202 5272 2539 5366 ‘hQuantum
2582 5296 2756 5369 potuit
2810 5295 3088 5351 institutor
3127 5291 3288 5350 ollicii
3321 5294 3673 5351 conformari
3700 5312 3794 5351 nos

2195 5388 2368 5446 voluit
2415 5378 2513 5446 sua
2557 5384 2921 5463 admonitione
2972 5380 3177 5444 Christi
3214 5386 3494 5463 ‘passioni,
3523 5396 3584 5443 et
3612 5389 3792 5444 causis

2196 5479 2563 5553 apostolorum
2582 5460 2681 5552 qui
2709 5466 2956 5533 obstricti
2998 5483 3159 5532 erant
3181 5460 3426 5546 témpore
3475 5478 3791 5549 pasSionis,

2194 5588 2297 5629 nec
2323 5570 2433 5627 non
2466 5580 2524 5628 et
2577 5568 2807 5641 disjungi
2844 5566 3087 5625 moribus
3130 5558 3571 5638 persecuturum.
3607 5564 3793 5624 Primo

2194 5662 2485 5721 dicendum
2512 5669 2615 5726 est,
2648 5659 2792 5730 quod
2817 5659 3001 5715 omnis
3035 5657 3285 5714 doctrina
3331 5659 3581 5728 pastoris
3606 5665 3795 5714 tacea-

2196 5763 2287 5811 tur
2307 5752 2370 5811 in
2398 5752 2641 5816 Ecclesia
2672 5753 2758 5810 his
2783 5749 2995 5819 diebus,
3024 5749 3079 5808 id
3104 5758 3205 5818 est,
3226 5759 3385 5805 cena
3424 5746 3693 5815 Domini,
3735 5758 3799 5805 et
