4000 6504
235 416 363 481 1201

966 411 1054 470 ωε
1087 407 1643 473 ECCLESIASTICIS
1681 411 1970 472 ornans
2009 395 2190 471 1.th
2227 410 2317 472 tv.
2356 443 2426 458 —
2462 413 2589 472 LIB.
2627 414 2711 473 Iv.

3339 385 3484 476 hac;

229 534 536 598 Paraseeve,
563 541 624 583 ac
650 526 873 584 sabbato
915 541 1122 584 sancto.
1143 530 1262 585 Non
1289 509 1518 596 dicitur,
1545 529 1789 596 Domine,
1819 534 1868 595 Α
1891 538 1995 584 est.
2047 529 2292 585 Alterum
2321 544 2508 586 eorum
2538 529 2630 600 qui
2671 529 2726 582 in
2777 530 3024 599 plebibus
3064 534 3365 602 constituti,
3395 551 3485 591 re-

227 624 363 680 labia
392 639 506 677 mea
536 622 766 692 aperiet,
802 637 908 676 non
936 621 1097 676 datur
1122 620 1422 677 benedictio
1464 621 1788 690 legentibus,

227 714 520 772 admonitio
548 713 793 768 lectionis
842 729 951 769 non
995 713 1336 769 ministratur
1379 713 1432 766 in
1485 711 1791 767 matutinali

225 809 440 866 ollicio:
481 816 602 878 post
656 807 915 879 hymnum
963 806 1240 886 Zacharias
1300 822 1408 861 non
1462 805 1795 875 gubernatur

222 900 391 958 oratio
440 899 599 954 solito
643 915 791 954 more
817 915 848 954 a
877 909 1112 971 pastore.
1162 899 1287 955 ldco
1315 899 1430 954 hmo
1464 912 1573 952 non
1617 897 1790 966 ﬁunt,

221 997 342 1063 quia
391 1001 578 1063 pastor
604 1001 802 1050 noster
846 994 1091 1051 Christus
1146 995 1413 1059 recessit,
1479 1001 1533 1049 et
1597 993 1794 1049 arietes

218 1083 412 1156 gregis,
451 1085 544 1156 qui
583 1084 694 1156 jam
736 1085 1103 1156 pmdestinati
1136 1095 1309 1152 erant,
1347 1095 1406 1140 ut
1431 1096 1677 1157 pastores
1706 1084 1792 1140 fo.

218 1183 335 1230 rent
360 1176 638 1242 Ecclesiae,
664 1177 890 1248 dispersi
931 1187 1073 1232 sunt.
1106 1177 1338 1233 Minores
1361 1179 1558 1248 quique
1588 1175 1794 1233 faciunt

214 1281 367 1322 suum
402 1267 637 1323 cilicium
666 1277 792 1340 typo
819 1269 1224 1339 discipulorum,
1269 1269 1358 1340 qui
1396 1269 1578 1324 forsan
1613 1270 1796 1326 minus

213 1360 411 1431 cogniti
450 1369 605 1416 erant
642 1361 887 1433 discipuli
914 1378 1034 1417 esse
1067 1361 1306 1428 Christi,
1351 1373 1404 1417 et
1434 1371 1558 1434 typo
1605 1363 1797 1418 mulie-

212 1468 330 1507 rum
382 1469 504 1524 quac
557 1462 853 1524 prmsentes
894 1455 1081 1509 adesse
1129 1461 1382 1525 poterant
1430 1454 1794 1510 humiliationi

209 1543 431 1601 Christi.
467 1545 659 1602 Solent
703 1549 847 1603 enim
902 1548 1066 1618 aliqui
1112 1559 1364 1605 cantores
1390 1550 1641 1604 omittere
1667 1564 1793 1604 ver-

207 1650 326 1690 sum
351 1645 480 1692 ante
507 1636 821 1693 Benedictus
847 1638 1105 1695 Dominus
1131 1639 1273 1695 Deus
1307 1639 1501 1705 Israel,
1533 1641 1658 1711 quia
1687 1656 1794 1696 non

203 1729 466 1797 prmcedit
487 1729 668 1795 lectio,
697 1731 839 1801 quod
862 1748 968 1788 non
1000 1741 1216 1803 oportet
1245 1734 1350 1788 illis
1380 1732 1579 1788 facere.
1624 1732 1794 1786 Suum

204 1819 443 1884 cilicium
483 1823 585 1878 illis
615 1824 911 1892 celebrant,
947 1827 1040 1881 sed
1065 1818 1301 1897 pastoris
1327 1826 1563 1881 cilicium
1592 1826 1791 1880 retice—
1820 1871 1852 1897 _.

1893 628 2092 690 guntur
2118 634 2147 673 a
2180 619 2510 686 doctoribus,
2545 625 2770 690 agentes
2789 635 2854 675 ea
2884 635 3004 690 quae
3029 634 3153 678 sunt
3195 623 3358 693 hujus
3379 641 3482 681 saa-

1893 710 2037 775 culi,
2093 726 2230 782 quos
2257 719 2310 766 et
2337 711 2660 765 feminarum
2690 711 2913 766 nomine
2965 715 3321 784 signiﬁcavit,
3355 718 3485 787 quia

1893 806 2134 860 consiliis
2165 806 2244 877 (ut
2273 801 2428 877 dixit)
2454 805 2754 874 peritorum
2776 806 2856 860 eis
2890 807 3132 876 expedit,
3154 818 3208 863 et
3230 809 3485 866 molcntes

1892 895 2048 962 dixit,
2075 905 2298 968 propter
2328 897 2705 968 temporalium
2737 899 3076 967 negotiorum
3103 901 3292 955 orbem
3323 909 3492 970 atque

1894 986 2223 1042 circuitum:
2257 1004 2392 1058 quas
2441 998 2623 1044 tamen
2676 991 2730 1044 in
2767 1006 2876 1044 uno
2925 987 3189 1048 molentes
3247 995 3386 1048 dixit
3429 993 3489 1048 in

1895 1087 2157 1150 quantum
2186 1079 2252 1133 de.
2303 1065 2434 1150 ipsis
2478 1073 2642 1135 rebus
2693 1089 2750 1136 et
2788 1081 3020 1154 negotiis
3076 1084 3190 1139 suis
3244 1084 3493 1154 praebent

1894 1173 2084 1226 usibus
2115 1171 2389 1227 Ecclesiae.
2435 1171 2680 1226 Tertium
2731 1188 2919 1228 eorum
2959 1172 3052 1242 qui
3102 1181 3401 1244 operantur
3431 1175 3491 1229 in

1895 1263 2154 1319 Ecclesiae
2182 1264 2507 1328 ministerio,
2535 1273 2811 1334 tanquam‘
2830 1265 2886 1318 in
2923 1279 3055 1336 agro
3082 1265 3178 1319 Dei
3205 1308 3219 1332 ,
3279 1268 3347 1322 de
3379 1281 3490 1336 qua

1897 1356 2228 1428 agricultura
2267 1356 2556 1426 Apostolus
2608 1357 2866 1426 loquitur.
2919 1357 3185 1424 Quoniam
3238 1359 3342 1414 ista
3381 1361 3494 1413 tria

1899 1462 2096 1518 genera
2123 1462 2229 1501 non
2272 1446 2509 1502 abfuisse
2540 1448 2813 1503 credimus
2845 1449 2900 1502 in
2940 1449 3192 1504 omnibus
3245 1449 3498 1505 articulis

1899 1546 2226 1608 temporum,
2260 1553 2378 1607 quae
2409 1547 2589 1593 tamen
2631 1540 2879 1608 quamvis
2930 1539 3104 1596 electa
3141 1547 3354 1604 essent,
3398 1540 3496 1594 de-

1900 1630 2230 1686 scendebant
2251 1630 2321 1684 ad
2344 1629 2543 1684 inferni
2570 1631 2829 1698 claustra,
2855 1641 2908 1687 et
2943 1648 3006 1687 ea
3045 1633 3100 1687 in
3134 1632 3258 1688 istis
3298 1632 3498 1688 diebus

1901 1719 2179 1775 descen‘dit
2207 1720 2464 1775 Dominus
2493 1720 2619 1776 inde
2669 1722 2899 1788 auferre,
2933 1732 2990 1778 et
3025 1726 3234 1780 sociare
3286 1725 3495 1780 actioni

1900 1814 1955 1860 et
2001 1806 2296 1875 cognitioni
2332 1814 2386 1860 et
2426 1807 2622 1877 gaudio
2650 1808 2859 1864 scilicet
2888 1809 3222 1880 angelorum,
3253 1825 3360 1865 non
3390 1810 3498 1864 im-

203 1917 315 1966 tur.
347 1912 722 1968 lnvitatorium
775 1930 881 1969 non
918 1894 1140 1970 cantant
1165 1957 1180 1982 ,
1228 1923 1287 1970 ut
1316 1916 1543 1971 doceant
1587 1915 1790 1970 malum

1900 1899 2092 1953 merito
2127 1914 2226 1968 per
2249 1914 2440 1954 novem
2477 1901 2734 1970 psalmos,
2762 1904 2853 1973 qui
2901 1904 3180 1971 pertinent
3225 1903 3292 1958 ad
3321 1905 3499 1960 action

202 1996 533 2058 con'ventum
558 2005 733 2059 vitare
760 2020 887 2060 suos
921 2005 1095 2075 qualis
1139 2005 1238 2060 fuit
1286 2008 1426 2076 apud
1471 2007 1686 2062 Iudaeos
1727 2007 1795 2062 dc

200 2105 339 2148 nece
366 2091 587 2149 Christi.
611 2092 822 2161 Quanto
850 2096 1073 2166 propius
1097 2097 1300 2150 instant
1326 2096 1565 2165 passioni
1586 2137 1601 2162 ,
1642 2104 1793 2150 tanto

199 2197 260 2238 se
285 2181 412 2253 plus
445 2184 731 2239 humiliant
756 2184 811 2238 in
838 2182 1013 2239 ollicio
1042 2200 1158 2240 suo.
1184 2183 1352 2256 Igitur
1379 2185 1433 2239 in
1470 2185 1589 2240 istis
1617 2185 1795 2240 nocti-

195 2272 301 2328 bus
334 2274 453 2328 sive
482 2273 668 2329 diebus
717 2273 932 2344 penitus
977 2275 1266 2342 omittunt,
1321 2271 1504 2330 Gloria
1548 2272 1703 2329 Patri
1746 2283 1794 2330 et

196 2360 346 2418 Filio
397 2374 448 2418 et
476 2363 702 2435 Spiritui
752 2373 957 2419 sancto.
1010 2363 1199 2420 Omnis
1247 2363 1519 2420 salutatio
1549 2363 1702 2420 deest
1737 2364 1794 2420 in

193 2451 319 2509 istis
349 2454 530 2509 tribus
550 2453 759 2519 diebus,
795 2454 909 2509 sive
958 2455 1210 2510 noctibus
1254 2454 1323 2510 ad
1349 2455 1628 2510 vitandam
1652 2455 1795 2510 salu-

194 2544 468 2597 tationem
497 2543 811 2612 pestiferam
837 2583 854 2610 ,
911 2542 1126 2613 qualem
1156 2541 1403 2599 diabolus
1448 2540 1615 2599 ludas
1640 2558 1797 2599 exer-

193 2631 331 2687 cuit.
367 2631 591 2689 Necnon
625 2633 792 2689 etiam
841 2631 1072 2690 altitudo
1115 2626 1391 2706 signorum
1421 2676 1436 2702 ,
1484 2651 1604 2706 quae
1634 2635 1799 2692 ﬁebat

190 2737 294 2792 per
325 2737 455 2779 vasa
477 2739 639 2789 terea,
673 2725 984 2796 deponitur,
1015 2732 1070 2780 et
1090 2725 1358 2797 lignorum
1400 2740 1567 2782 sonus
1606 2741 1801 2796 usque-

190 2828 418 2885 quaque
446 2814 706 2870 humilior
731 2815 856 2871 aaris
901 2831 1055 2882 sono,
1089 2815 1399 2872 necessario
1439 2815 1712 2887 pulsatur,
1736 2822 1799 2873 ut

190 2903 495 2960 conveniat
540 2904 770 2975 populus
795 2906 863 2961 ad
888 2905 1210 2961 Ecclesiam.
1263 2906 1452 2962 Potest
1502 2916 1558 2963 et
1605 2909 1658 2962 in
1692 2910 1797 2965 hoc

191 2993 465 3050 humilior
491 3010 623 3050 usus
653 2995 910 3052 Ecclesiae
943 2995 1202 3053 Romana:
1252 2997 1527 3068 designari
1562 3000 1799 3071 antiquis

187 3084 560 3153 temporibus,
577 3099 741 3155 quam
761 3099 904 3141 nunc
929 3086 1019 3154 sit,
1048 3094 1104 3142 et
1121 3087 1391 3158 praecipue
1418 3099 1565 3155 tunc,
1581 3091 1797 3161 quando

185 3171 457 3229 latitabat
475 3188 574 3244 per
593 3184 811 3245 cryptas
829 3183 1052 3246 propter
1074 3185 1452 3246 persecutores
1485 3195 1498 3232 :
1531 3177 1666 3234 Nam
1694 3179 1795 3234 ad-

1895 1995 2041 2055 nem,
2070 1999 2126 2046 et
2145 2005 2338 2046 novem
2362 1991 2623 2048 lectiones
2641 2035 2654 2059 ,
2686 2011 2806 2064 quae
2825 1996 3099 2065 pertinent
3119 1995 3187 2049 ad
3221 1996 3490 2066 cognitio-

1894 2072 2017 2137 nem
2047 2097 2270 2153 operum
2293 2085 2411 2151 Dei,
2435 2093 2489 2140 et
2537 2101 2727 2140 novem
2777 2086 3186 2154 responsorios,
3225 2085 3316 2155 qui
3365 2101 3500 2155 per.

1895 2172 2068 2229 tinent
2083 2174 2148 2230 ad
2179 2177 2389 2232 cantica
2427 2183 2738 2234 sanctorum
2782 2175 3118 2248 angelorum,
3147 2178 3497 2236 nocturnalia

1895 2263 2068 2323 cilicia
2091 2267 2438 2326 celebrantur

2484 2377 2711 2436 CAPUT
2749 2378 2912 2434 χχιι.
3350 2395 3409 2476 ,ιιι
3467 2373 3532 2474 εί

2316 2491 2394 2548 De
2414 2490 2777 2549 Exstinctione
2802 2493 3062 2548 luminum

1968 2626 2124 2695 Quod
2150 2625 2331 2683 lumen
2357 2625 2601 2683 ecclesia:
2631 2627 3000 2700 exstinguitur
3024 2628 3086 2686 in
3110 2629 3200 2690 his
3220 2633 3500 2701 noctibus,

1897 2722 2114 2778 videtur
2139 2721 2296 2778 nobis
2325 2721 2499 2792 aptari
2531 2721 2633 2792 ipsi
2662 2721 2763 2776 soli
2789 2721 3044 2792 iustitiae,
3074 2729 3169 2798 qui
3198 2729 3504 2785 exstinctus

1897 2825 1981 2873 est
2009 2823 2063 2873 et
2089 2816 2332 2888 sepultus
2371 2815 2546 2871 tribus
2576 2814 2769 2870 diebus
2807 2824 2863 2870 et
2892 2817 3070 2874 tribus
3102 2821 3372 2877 noctibus.
3406 2819 3506 2875 Sol

1898 2907 2043 2962 enim
2069 2905 2321 2961 Christus
2358 2903 2680 2960 illuminavit
2711 2897 3018 2962 Ecclesium
3047 2924 3198 2965 suam
3229 2925 3328 2982 per
3357 2909 3502 2965 diem

1899 3007 1955 3054 et
1979 3005 2212 3063 noctem,
2241 3005 2303 3053 ut
2324 2996 2380 3052 in
2403 2995 2769 3068 prosperitate
2802 2997 2910 3055 diei
2939 3000 3109 3058 sciret
3137 3017 3195 3058 se
3220 3002 3507 3057 moderate

1899 3093 2174 3158 exaltare,
2215 3100 2271 3147 et
2299 3090 2356 3146 in
2384 3092 2719 3148 adversitate
2755 3097 2939 3153 noctis
2965 3098 3347 3169 aequanimiter
3373 3097 3505 3154 sub-

1899 3187 2109 3244 sistere.
2157 3183 2253 3241 Sol
2294 3185 2386 3256 qui
2426 3193 2754 3256 praesentem
2797 3191 3063 3247 mundum
3107 3191 3375 3248 illuminat
3402 3207 3508 3263 per

188 3265 302 3321 huc
347 3264 540 3336 junior
567 3265 756 3332 Roma,
781 3283 901 3339 quae
923 3267 1162 3339 antiquis
1188 3271 1523 3341 temporibus
1548 3271 1648 3328 sub
1685 3286 1794 3329 uno
1822 3255 1868 3319 Ο
1899 3278 2043 3334 diem
2079 3285 2134 3333 et
2165 3255 2380 3332 noctem
2417 3255 2610 3346 viginti
2639 3287 2878 3348 quatuor
2911 3282 3063 3336 boris
3091 3281 3386 3352 perlustrat
3403 3255 3504 3337 or-

187 3366 434 3424 Domino
464 3383 590 3424 cum
636 3371 856 3442 antiqua
893 3363 1067 3427 Roma
1111 3374 1420 3445 regebatur,
1444 3389 1601 3430 usum
1621 3375 1798 3447 ligno-

183 3473 316 3515 rum
351 3467 528 3527 tenet,
558 3475 666 3515 non
702 3470 926 3532 propter
953 3463 1079 3519 teris
1103 3465 1408 3534 penuriam,
1441 3465 1535 3521 sed
1577 3476 1799 3537 propter

182 3557 550 3608 vestutatem.
583 3549 651 3606 Et
673 3552 802 3622 quia
835 3552 1135 3610 Salvatoris
1161 3557 1330 3611 nostri
1365 3557 1670 3614 humiliatio
1696 3574 1798 3630 per

183 3644 540 3714 sepulturam
583 3643 761 3700 triduo
805 3645 1128 3713 celebratur,
1159 3648 1416 3704 convenit
1458 3658 1521 3706 ut
1557 3665 1657 3722 per
1685 3661 1799 3711 tres

187 3735 340 3800 dies,
377 3734 434 3788 id
459 3742 562 3800 est,
585 3735 834 3806 quintam
867 3735 1060 3793 feriam
1088 3745 1143 3794 et
1160 3746 1372 3795 sextam
1400 3749 1457 3796 et
1485 3745 1796 3814 septimam,

189 3823 516 3879 humiliatio
526 3825 699 3880 nostri
712 3823 871 3882 ofﬁcii
886 3827 1264 3898 subsequatur.
1281 3828 1484 3887 Novem
1514 3834 1730 3904 psalmi,
1743 3845 1800 3893 et

185 3929 402 3970 novem
416 3913 695 3983 lectiones,
712 3925 767 3974 et
779 3907 971 3974 novem
986 3922 1336 3992 responsorii,
1354 3923 1446 3995 qui
1459 3925 1803 3986 celebrantur

185 4024 294 4081 per
334 4015 453 4065 tres
505 4020 716 4077 noctes,
747 4012 1023 4070 insinuant
1067 4016 1212 4086 quod
1268 4016 1528 4075 Dominus
1573 4022 1800 4078 descen-

185 4103 332 4159 dens
365 4103 440 4159 ad
468 4103 726 4161 inferiora
750 4105 865 4163 loca
893 4115 1076 4176 terrae,
1102 4109 1228 4167 inde
1259 4112 1360 4167 tria
1389 4112 1673 4170 hominum
1709 4131 1801 4186 ge-

183 4211 328 4254 nera
356 4196 575 4266 rapuit,
603 4207 658 4253 et
691 4201 989 4255 transvexit
1017 4201 1087 4256 ad
1124 4203 1442 4260 societatem
1475 4220 1670 4261 novem
1711 4222 1803 4261 or-

180 4289 389 4345 dinum
415 4288 749 4360 angelorum.
777 4288 902 4346 Haec
939 4291 1045 4346 tria
1083 4306 1280 4363 genera
1310 4293 1718 4367 distinguuntur
1745 4299 1801 4353 in

183 4378 500 4450 Evangelio
527 4393 626 4448 per
649 4394 744 4435 eos
770 4380 861 4450 qui
889 4380 944 4436 in
977 4396 1108 4453 agro
1132 4391 1281 4449 sunt,
1312 4391 1367 4440 et
1390 4401 1490 4455 per
1517 4401 1611 4442 eos
1631 4389 1722 4459 qui
1744 4389 1802 4444 in

180 4467 520 4527 molendino
547 4479 692 4537 sunt,
722 4478 883 4541 atque
919 4487 1016 4541 per
1049 4488 1143 4528 eos
1166 4474 1257 4543 qui
1279 4474 1332 4529 in
1378 4475 1518 4531 lecto
1548 4486 1693 4533 sunt.
1734 4478 1803 4534 Et

183 4563 326 4635 quia
380 4560 498 4616 haec
528 4561 632 4616 tria
671 4578 872 4634 genera
919 4566 1216 4621 creduntur
1260 4566 1427 4624 fuisse
1460 4569 1513 4625 in
1565 4571 1797 4626 naturali

183 4653 338 4725 lege,
355 4660 418 4707 et
447 4652 502 4706 in
527 4660 770 4723 tempore
798 4651 933 4724 legis
948 4654 1164 4720 litterae,
1179 4671 1274 4712 seu
1302 4666 1542 4728 tempore
1561 4661 1798 4731 prophe-

181 4755 415 4808 tarum,
433 4745 628 4826 merito
651 4759 747 4814 per
774 4754 886 4800 tres
908 4755 1092 4803 noctes
1115 4750 1464 4807 recoluntur:
1493 4762 1548 4809 et
1575 4766 1797 4826 propter

179 4851 404 4896 novem
433 4825 654 4889 ordines
681 4835 1018 4905 angelorum,
1043 4853 1275 4906 quorum
1321 4844 1540 4898 nomina
1565 4825 1798 4916 legimus

182 4945 293 5003 per
325 4928 693 4986 novenarium
724 4943 1008 4983 numerum
1030 4971 1044 4994 ,
1091 4945 1278 4986 eorum
1311 4935 1556 4989 reductio
1601 4937 1800 4992 colitur

183 5027 260 5083 ad
297 5023 627 5080 societatem
651 5020 964 5078 earumdem
1010 5022 1342 5093 angelorum.
1376 5021 1672 5079 Memorata
1695 5027 1801 5082 tria

183 5128 411 5187 genera
445 5112 740 5168 electorum
764 5111 1098 5184 Augustinus
1147 5112 1222 5165 ita
1250 5111 1510 5167 dilucidat
1557 5113 1614 5168 in
1662 5113 1800 5169 libro

183 5215 570 5288 quaestionum
608 5213 1047 5284 Evangeliorum,
1081 5210 1235 5267 titulo
1267 5213 1680 5284 quadragesimo
1709 5227 1792 5269 se-

183 5308 376 5378 ptimo
408 5322 422 5359 :
465 5304 728 5374 Quisnnt
759 5304 814 5359 in
841 5303 930 5359 illa
979 5311 1136 5358 nocte
1186 5303 1290 5359 duo
1328 5303 1382 5358 in
1410 5303 1570 5370 lecto,
1599 5313 1654 5360 et
1679 5305 1799 5361 dum

184 5400 478 5456 molentes
503 5398 559 5452 in
597 5413 782 5462 unum,
813 5405 867 5452 et
895 5396 1000 5452 duo
1034 5397 1088 5450 in
1115 5410 1266 5466 agro,
1291 5395 1357 5451 de
1402 5395 1597 5466 quibus
1625 5396 1802 5451 omni-

185 5491 300 5547 bus
325 5488 478 5545 binis
520 5486 716 5559 singuli
739 5494 1104 5552 assumentur,
1131 5495 1186 5542 et
1234 5484 1434 5557 singuli
1484 5485 1798 5556 relinquen-

191 5595 288 5642 tur
306 5585 334 5639 ?
387 5581 515 5636 'l‘ria
549 5597 742 5653 genera
765 5580 1040 5636 hominum
1085 5581 1174 5635 hic
1198 5579 1448 5635 videntur
1475 5579 1793 5651 signiﬁcari.

191 5676 393 5735 Unum
414 5689 598 5728 eorum
630 5674 719 5743 qui
746 5674 915 5727 otium
942 5679 996 5726 et
1017 5670 1252 5740 quietem
1288 5670 1510 5740 eligunt,
1540 5659 1713 5738 neque
1745 5670 1797 5724 in

187 5769 446 5841 negotiis
505 5767 847 5823 saecularibus
905 5779 1081 5834 neque
1142 5764 1369 5834 negotiis
1418 5761 1799 5817 ecclesiasticis

187 5868 489 5934 occuomi,
517 5881 633 5936 qua:
661 5862 875 5920 illorum
900 5858 1054 5930 quies
1087 5856 1212 5913 lecti
1249 5855 1467 5913 nomine
1495 5853 1799 5926 signiﬁcata

1823 4610 1878 4670 D

1896 3371 2020 3427 hem
2046 3385 2226 3436 suum,
2269 3377 2326 3425 et
2365 3381 2493 3426 sunt
2536 3371 2700 3428 simul
2742 3374 2885 3429 inter
2913 3383 3025 3430 tres
3068 3375 3184 3430 dies
3211 3383 3267 3430 et
3310 3385 3508 3432 noctes

1897 3462 2241 3534 septuaginta
2284 3461 2405 3517 duae
2441 3460 2594 3521 horae
2635 3480 2651 3519 :
2693 3474 2776 3521 tot
2823 3467 2969 3522 enim
3015 3466 3310 3539 discipulos
3349 3467 3508 3524 misit

1899 3554 2149 3611 Christus
2167 3553 2328 3610 binos
2354 3562 2412 3610 et
2432 3557 2594 3613 binos
2619 3557 2920 3628 praedicare
2943 3566 3070 3613 ante
3095 3557 3292 3615 faciem
3319 3574 3502 3616 suam.

1897 3643 2066 3718 Igitur
2103 3659 2204 3715 per
2247 3646 2488 3720 singulas
2529 3657 2718 3704 noctes
2771 3657 3196 3706 memoratarum
3239 3649 3503 3708 feriarum

1898 3737 2092 3810 viginti
2116 3748 2351 3810 quatuor
2377 3740 2581 3797 lumina
2609 3743 2998 3799 accenduntur.
3029 3744 3100 3799 Et
3127 3744 3253 3816 quia
3281 3745 3395 3816 ipse
3417 3745 3504 3801 sol

1900 3830 2171 3903 significat
2202 3831 2372 3888 solem
2401 3841 2647 3890 nostrum
2667 3875 2682 3902 ,
2718 3834 2810 3904 qui
2837 3835 3092 3891 occubuit
3118 3851 3344 3908 vespere
3372 3852 3507 3909 pas-

1901 3924 2092 3991 sionis,
2119 3939 2219 3995 per
2246 3923 2430 3981 lumen
2447 3967 2462 3993 ,
2493 3927 2636 3997 quod
2663 3943 2764 3982 nos
2792 3943 3083 3998 possumus
3114 3931 3415 3988 accendere
3441 3939 3505 3988 et

1901 4014 2269 4085 exstinguere,
2299 4015 2474 4071 instar
2498 4025 2650 4072 ortus
2675 4016 2880 4082 soliset
2899 4033 3130 4074 occasus
3159 4021 3503 4078 demonstra-

1898 4119 2023 4160 mus
2050 4111 2228 4161 ortum
2257 4113 2313 4160 et
2339 4107 2652 4162 occubitum
2681 4108 2796 4162 veri
2835 4109 2964 4164 solis
2999 4110 3181 4180 aliquo
3216 4112 3397 4167 modo.
3429 4111 3505 4166 ll-

1901 4196 2199 4252 luminatur
2222 4207 2406 4252 nostra
2431 4196 2672 4252 Ecclesia
2693 4198 2888 4268 viginti
2914 4208 3148 4268 quatuor
3174 4201 3500 4270 luminibus,

1901 4296 1956 4343 et
1990 4303 2090 4358 per
2118 4287 2329 4359 singula
2358 4287 2590 4353 cantica,
2623 4287 2677 4342 in
2707 4289 2905 4357 quibus
2946 4306 3044 4345 nos
3069 4302 3288 4362 oportet:
3317 4291 3508 4350 exsul-

1902 4389 2042 4447 tare,
2083 4379 2384 4436 decidimus
2419 4380 2702 4446 mtestitia,
2734 4373 2861 4451 quia
2887 4397 3053 4438 verus
3081 4384 3165 4439 sol
3191 4395 3379 4442 noster
3406 4402 3510 4442 oc-

1901 4472 2107 4539 cubuit,
2135 4480 2191 4527 et
2216 4472 2296 4527 sic
2324 4471 2479 4542 quasi
2509 4487 2608 4542 per
2634 4471 2878 4543 singulas
2905 4475 3071 4531 horas
3096 4477 3342 4534 defectus
3368 4478 3510 4535 solis

1905 4574 2151 4639 augetur,
2183 4581 2358 4636 usque
2387 4565 2456 4622 ad
2482 4565 2698 4637 plenam
2737 4567 3176 4623 exstinctionem.
3209 4568 3323 4624 Hoc
3351 4573 3504 4626 enim

1903 4661 1963 4714 fit
1991 4667 2094 4726 ter,
2142 4659 2270 4730 quia
2311 4658 2490 4713 triduo
2536 4657 2797 4714 recolitur
2836 4659 3114 4730 sepultura
3154 4661 3388 4716 Domini.
3439 4660 3506 4716 lh

1903 4752 1990 4807 die
2011 4751 2158 4807 enim
2188 4758 2483 4806 renovatur
2504 4749 2609 4806 iste
2636 4749 2796 4822 ignis.
2823 4749 2944 4805 Non
2963 4751 3107 4806 enim
3135 4751 3294 4806 aliter
3319 4762 3509 4821 potest.

1901 4842 2215 4914 recuperari
2261 4843 2329 4897 ad
2369 4841 2663 4897 utilitatem
2708 4848 2915 4894 nostrae
2954 4840 3214 4894 Ecclesiae
3258 4843 3364 4896 nisi
3407 4858 3500 4897 ex.-

1903 4935 2171 4989 trinsecus
2198 4932 2430 5002 accipiat
2454 4931 2771 4985 fomentum.
2807 4928 2884 4981 De
2911 4942 3018 4996 qua
3047 4917 3105 4982 re
3134 4928 3265 4984 dicit
3291 4927 3503 5002 Grego-

1904 5023 2021 5077 rius
2056 5022 2110 5076 in
2139 5019 2432 5075 Moralibus
2461 5036 2473 5071 :
2505 5017 2648 5088 ignis
2676 5031 2911 5085 namque
2939 5029 3252 5086 corporeus,
3286 5028 3344 5073 ut
3373 5035 3505 5076 esse

1905 5112 2048 5182 ignis
2094 5110 2289 5175 valeat,
2338 5107 2614 5179 corporeis
2660 5107 2867 5178 indiget
2905 5107 3180 5163 fomentis.
3223 5107 3322 5176 Qui
3367 5126 3500 5165 cum:

1905 5216 2130 5259 necesse
2159 5207 2243 5256 est
2280 5209 2340 5254 ut
2377 5205 2646 5265 servetur,
2687 5214 2785 5269 per
2815 5207 3069 5270 congesta
3115 5198 3258 5271 ligna
3301 5201 3500 5272 procul!

1905 5296 2067 5353 dubio
2096 5294 2352 5358 nutritur,
2391 5308 2491 5348 nec
2517 5291 2662 5347 valet
2689 5290 2794 5346 nisi
2824 5306 3116 5346 succensus
3143 5307 3282 5356 esse,
3309 5301 3363 5346 et
3384 5293 3497 5347 nisi:

1902 5389 2131 5456 refotus,
2163 5387 2477 5442 subsistere.
2510 5385 2550 5456 1‘
2571 5384 2801 5453 Propter
2831 5391 3073 5438 nostram
3115 5380 3496 5437 infirmitatem

1901 5480 2294 5547 reaccenditur,
2323 5480 2450 5550 quia
2478 5479 2596 5532 sine
2621 5475 2825 5531 lumine
2847 5489 2955 5529 non
2983 5473 3270 5546 possumus
3299 5481 3493 5529 nostra

1899 5575 2072 5631 cilicia
2116 5586 2378 5645 peragere
2430 5570 2483 5622 in
2533 5566 2793 5621 Ecclesia.
2851 5564 3125 5634 Alioquin,
3170 5564 3492 5620 conveniret

1897 5668 2078 5740 potius
2100 5675 2159 5722 ut
2179 5673 2301 5736 post
2322 5664 2553 5734 primam
2575 5659 2987 5715 exstinctioncm
3011 5657 3308 5715 exstinctus
3335 5666 3491 5714 esset

1898 5775 2069 5829 usque
2092 5757 2158 5810 ad
2182 5755 2406 5826 gloriam
2432 5750 2845 5810 resurrectionis
2868 5759 2922 5808 et
2951 5743 3316 5807 renovatianis
3343 5747 3490 5806 Novi

1897 5850 2277 5923 Testamenti.f
2441 5853 2444 5858 ’
2519 5861 2526 5868 ‘
2730 5837 2748 5845 ”
3103 5837 3106 5842 ’

3507 5907 3574 5999 ν
