4000 6480
534 360 676 439 ms

1091 471 1320 531 CAPUT
1356 471 1545 531 XXIII.

530 566 611 625 De
644 568 811 624 tribus
840 563 1055 638 psalmis
1090 567 1180 637 qui
1210 576 1491 638 cantantur
1529 565 1585 622 in
1618 563 1916 638 nocturnali
1942 561 2107 636 ojjicio

902 654 996 709 per
1024 635 1215 709 septem
1244 637 1353 691 dies
1385 635 1737 708 baptismales.

603 748 738 806 Tres
763 749 959 822 psalmi
990 748 1082 829 qui
1112 757 1396 805 cantantur
1428 749 1483 805 in
1519 749 1798 805 Dominica
1835 755 1992 803 nocte
2020 760 2109 801 re-

532 841 887 897 surrectionis
914 841 1158 909 Domini,
1185 856 1348 912 opera
1381 841 1542 895 trium
1570 840 1783 895 dierum
1809 845 2113 894 monstrant

533 942 653 1006 quae
681 935 940 991 Dominus
960 934 1251 990 secundum
1275 933 1472 990 Lucam
1494 934 1744 1005 promisit
1768 949 1826 988 se
1850 933 2112 1004 perﬁcere

533 1028 590 1083 in
622 1027 877 1099 praesenti
907 1027 1108 1083 seculo.
1144 1025 1283 1081 Dicit
1312 1026 1490 1083 Lucas
1518 1042 1533 1082 :
1567 1026 1633 1080 In
1674 1028 1784 1097 ipso
1823 1034 1995 1079 autem
2027 1024 2113 1079 die

535 1129 863 1174 accesserunt
885 1118 1097 1191 quidam
1124 1115 1538 1182 Pharisa’orum,
1577 1118 1802 1173 dicentes
1833 1117 1952 1172 illi:
1983 1116 2111 1182 Exi,

535 1217 583 1263 et
626 1208 752 1263 vade
789 1210 933 1273 hinc,
970 1209 1091 1280 quia
1132 1207 1367 1263 Herodes
1409 1209 1518 1263 vult
1554 1218 1601 1263 te
1636 1209 1888 1262 occidere.
1931 1208 1997 1262 Et
2039 1208 2113 1279 ait

534 1298 683 1356 illis:
712 1298 812 1364 Ite,
840 1300 995 1354 dicite
1024 1300 1165 1370 vulpi
1192 1300 1291 1365 illi,
1316 1319 1431 1356 ecce
1454 1302 1714 1356 daemonia
1745 1301 1920 1371 ejicio,
1950 1309 1999 1354 et
2028 1318 2115 1355 sa-

537 1391 725 1445 nitates
747 1390 961 1461 perﬁcio
984 1391 1139 1445 hodie
1168 1402 1215 1445 et
1238 1409 1377 1458 cras,
1400 1402 1449 1447 et
1478 1394 1632 1447 tertia
1652 1392 1737 1446 die
1761 1407 2110 1446 consummor.

544 1479 914 1538 Verumtamen
943 1492 1139 1553 oportet
1166 1499 1247 1537 me
1285 1484 1440 1538 hodie
1479 1494 1526 1537 et
1551 1500 1667 1537 cras
1691 1491 1739 1536 et
1766 1482 1997 1552 sequenti
2032 1480 2116 1535 die

538 1574 839 1639 ambulare,
888 1576 1012 1644 quia
1064 1592 1167 1630 non
1220 1576 1359 1646 capit
1402 1576 1706 1647 prophetam
1753 1575 1921 1646 perire
1968 1581 2116 1627 extra

538 1667 890 1724 Hierusalem.
916 1668 1042 1723 Haec
1066 1669 1168 1722 tria
1188 1684 1372 1737 opera,
1401 1670 1452 1724 id
1481 1676 1585 1732 est,
1612 1668 1875 1725 daemonia
1897 1668 2115 1737 ejicere,

537 1769 593 1816 et
617 1761 880 1816 sanitates
903 1759 1182 1829 perlicere,
1211 1768 1265 1814 et
1288 1760 1444 1815 tertia
1469 1760 1555 1815 die
1580 1760 1965 1822 consummari,
1993 1774 2119 1829 pro-

1553 355 1890 439 auum
1923 353 2361 431 passuum
2394 323 2769 415 κει-ωε,ιέ

2129 475 2181 543 Α
2207 469 2337 524 mihi
2366 478 2539 541 gentes
2565 470 2622 524 in
2648 465 3027 523 hereditatem.
3054 464 3188 535 Quae
3210 462 3378 522 traxit
3404 472 3547 535 post
3576 479 3673 529 se,
3702 476 3822 533 sunt

3686 348 3826 409 ιςωι

2210 571 2420 645 gentes,
2442 578 2576 631 quas
2598 560 2761 616 Pater
2781 560 2931 616 dedit
2950 559 3089 616 Filio
3118 561 3172 616 in
3195 560 3615 617 hzereditatem.
3642 559 3821 615 Tertia

2209 654 2504 724 antipbona
2531 654 2699 723 tangit
2720 654 3240 709 consummationem
3261 669 3429 724 quam
3453 652 3745 708 Dominus
3766 670 3819 711 se

2208 746 2456 814 promisit
2494 744 2861 815 perfecturum
2898 745 2954 800 in
2990 746 3150 800 tertia
3187 746 3292 799 die.
3328 744 3529 800 Tertia
3570 745 3697 800 dies
3723 756 3814 811 est.

2211 840 2426 910 quando
2453 854 2546 895 eos
2574 840 2642 894 de
2667 837 2862 909 quibus
2884 838 3157 893 diabolum
3185 838 3349 906 ejecit
3380 847 3443 893 et
3474 838 3714 893 sanitati
3740 854 3817 894 re-

2210 928 2417 993 stituit,
2454 944 2551 999 per
2579 927 3017 998 conjunctionem
3050 928 3295 998 corporis
3334 930 3420 984 sui
3464 928 3730 998 perducit
3755 930 3817 989 ad

2212 1020 2528 1075 societatem
2563 1029 2875 1074 sanctorum
2905 1018 3237 1089 angelorum.
3272 1018 3607 1091 Antiphona
3647 1022 3813 1077 dicit;

2214 1111 2328 1184 Ego
2370 1112 2628 1177 dormivi,
2658 1122 2705 1166 et
2748 1129 2987 1167 somnum
3016 1112 3157 1183 cepi,
3190 1122 3237 1168 et
3268 1114 3577 1167 resurrexi.
3624 1114 3814 1169 Resur-

2213 1208 2355 1263 rexit
2385 1206 2653 1270 Christus,
2680 1206 2774 1260 sed
2808 1222 2911 1261 non
2942 1205 3108 1261 solus.
3135 1204 3248 1261 Hoc
3278 1205 3576 1261 testiﬁcati
3603 1216 3723 1261 sunt
3746 1207 3813 1265 illi

2214 1300 2307 1369 qui
2331 1299 2383 1353 in
2408 1299 2496 1353 die
2520 1298 2939 1353 resurrectionis
2961 1297 3078 1367 ejus
3104 1314 3201 1369 per
3227 1301 3705 1355 resurrectionem
3732 1317 3814 1371 ap-

2212 1396 2511 1459 paruerunt
2539 1387 2724 1442 multis
2756 1388 2808 1441 in
2837 1395 3022 1442 sancta
3053 1387 3292 1442 civitate.
3334 1387 3527 1457 Caput
3567 1392 3808 1455 surrexit,

2217 1495 2441 1533 necesse
2476 1488 2560 1534 est
2606 1488 2665 1533 ut
2714 1479 2955 1534 membra
3006 1487 3323 1547 sequantur.
3369 1478 3679 1549 Propterea
3714 1498 3808 1537 non

2216 1568 2354 1623 dixit
2399 1568 2640 1624 Paulus:
2685 1569 2790 1635 Qui
2831 1570 3234 1638 pra’destinalus
3277 1580 3354 1625 est
3405 1570 3595 1626 Filius
3632 1572 3720 1626 Dei
3754 1575 3807 1629 iis

2219 1664 2404 1718 rirlute
2438 1663 2723 1717 secundum
2760 1662 3003 1733 spiritum
3044 1663 3497 1731 sanctiﬁcationis
3537 1680 3606 1719 ex
3648 1680 3809 1720 resuro

2222 1754 2465 1810 rectione
2489 1755 2684 1808 mortui
2709 1753 2837 1808 Jesu
2860 1752 3056 1807 Christi
3079 1752 3296 1807 Domini
3319 1757 3516 1816 nostri.
3538 1758 3630 1810 sed
3649 1758 3808 1810 dixit:

537 1854 688 1910 misit
710 1870 768 1910 se
794 1862 1062 1918 acturum,
1088 1861 1142 1910 et
1168 1855 1353 1909 statim
1382 1854 1596 1924 subjicit
1618 1854 1687 1909 de
1716 1869 1809 1909 sua
1844 1854 2115 1921 passione,
2222 1844 2308 1899 Ea:
2350 1844 2725 1898 resurrectione
2774 1855 3120 1897 mortuorum.
3170 1842 3463 1898 lnstitutor
3504 1845 3655 1901 ofﬁcii
3687 1863 3812 1902 cou-

538 1965 657 2021 qua:
689 1950 866 2004 futura
908 1957 1025 2006 erat
1062 1950 1117 2004 in
1154 1948 1511 2004 Hierusalem.
1553 1949 1631 2002 De
1659 1948 1992 2003 daemonibus
2019 1945 2119 2015 eji-

536 2041 746 2097 ciendis
784 2040 913 2094 dicit
950 2040 1247 2095 secundum
1290 2038 1552 2094 Joannem
1599 2057 1611 2091 :
1664 2038 1821 2092 Nunc
1854 2036 2119 2108 judicium

537 2128 721 2187 mundi
748 2138 844 2185 est.
885 2129 1039 2197 Quod
1078 2130 1157 2184 sic
1188 2129 1409 2198 exponit
1446 2139 1666 2185 sanctus
1701 2129 2034 2200 Augustinus
2062 2129 2119 2185 in

539 2234 787 2275 sermone
825 2220 1237 2289 quadragesimo
1271 2235 1413 2273 nono
1458 2235 1620 2289 super
1660 2219 1908 2279 eumdem
1956 2217 2115 2273 Joan-

538 2326 665 2366 nem
692 2328 704 2364 :
734 2308 963 2366 Servato
995 2311 1086 2365 illo
1120 2311 1174 2366 in
1199 2310 1304 2365 ﬁne
1322 2308 1547 2379 judicio,
1578 2310 1666 2364 ubi
1697 2311 1984 2365 novissime
2013 2310 2120 2364 vivi

537 2412 593 2458 et
631 2403 832 2459 mortui
865 2401 1139 2472 judicandi
1176 2410 1320 2457 sunt.
1364 2401 1679 2457 Possidchat
1711 2418 1839 2472 ergo
1878 2400 2121 2457 diabolus

540 2507 709 2563 genus
742 2493 1036 2548 humanum
1056 2533 1071 2559 ,
1102 2501 1155 2548 et
1185 2508 1308 2548 reos
1345 2492 1729 2563 suppliciorum
1769 2493 1983 2547 tenebat
2011 2492 2125 2547 chi-

539 2586 810 2657 rographo
845 2592 1211 2655 peccatorum.
1246 2585 1637 2639 nominabatur
1666 2582 1720 2636 in
1756 2582 2010 2638 cordibus
2042 2582 2126 2637 in-

540 2675 800 2739 ﬁdelium,
847 2674 914 2730 ad
956 2686 1264 2733 creaturam
1302 2674 1586 2730 colendam
1628 2675 1841 2731 deserto
1866 2673 2125 2731 Creatore

542 2770 795 2841 deceptos
819 2768 1169 2838 captivosque
1194 2768 1562 2840 pertrahebat.
1590 2768 1694 2822 Per
1714 2766 1917 2823 Christi
1944 2776 2124 2825 autem

543 2857 701 2913 ﬁdem
721 2899 736 2923 ,
765 2873 885 2927 qua:
920 2868 1093 2915 morte
1118 2857 1235 2928 ejus
1264 2868 1321 2915 et
1348 2858 1743 2929 resurrectione
1773 2857 1986 2913 ﬁrmata
2018 2865 2123 2924 est,

542 2966 641 3023 per
665 2949 981 3021 sanguinem
1006 2948 1145 3019 ejus,
1174 2951 1266 3020 qui
1294 2950 1349 3005 in
1377 2950 1753 3021 remissionem
1775 2958 2125 3018 peccatorum

543 3043 696 3099 fusus
715 3050 819 3106 est,
849 3041 1013 3119 millia
1044 3043 1376 3099 credentium
1404 3058 1434 3098 a
1464 3042 1743 3099 dominatu
1769 3041 1965 3098 diaboli
1994 3041 2124 3103 libe-

545 3142 755 3199 rantur,
783 3133 987 3191 Christi
1013 3135 1223 3205 corpori
1249 3135 1587 3206 copulantur,
1611 3143 1666 3190 et
1694 3137 1792 3203 sub
1820 3152 1926 3191 uno
1948 3135 2125 3205 capite

544 3241 652 3281 uno
681 3225 797 3297 ejus
824 3223 1017 3295 spiritu
1043 3224 1216 3280 ﬁdelia
1240 3228 1480 3303 membra
1514 3236 1834 3303 vegetamur
1863 3245 1875 3281 :
1906 3227 2010 3284 hoc
2035 3243 2126 3285 vo-

544 3322 703 3378 cabat
730 3319 1014 3399 judicium,
1041 3320 1419 3393 discretionem
1444 3322 1606 3387 hanc,
1636 3338 1666 3381 ει
1694 3321 1806 3381 suis
1834 3321 2128 3393 redemptis

545 3413 746 3471 diaboli
767 3413 1155 3491 expulsionem.
1183 3414 1262 3469 De
1285 3415 1471 3495 eadem
1495 3415 1812 3487 expulsione
1829 3416 1963 3471 dicit
1984 3416 2128 3471 idem

526 3494 779 3593 :Joannes
808 3509 1150 3593 livangelista
1180 3508 1233 3564 in
1266 3494 1615 3579 sequentibus
1650 3528 1663 3562 :
1704 3508 1861 3565 Nunc
1889 3511 2128 3580 princeps

532 3584 932 3683 nunciatum
957 3602 1197 3672 ejicietur
1225 3602 1389 3673 foras.
1422 3601 1539 3673 Ipsa
1570 3610 1654 3658 est
1689 3603 1862 3674 prima
1906 3604 2021 3665 dies
2063 3604 2130 3667 de

548 3709 653 3765 qua
687 3693 946 3767 Dominus
972 3692 1105 3761 dicit
1131 3693 1425 3748 secundum
1453 3692 1678 3770 Lucam.
1706 3693 1842 3748 Ecce
1866 3695 2130 3753 (immania

548 3778 701 3856 ejicio
729 3784 901 3840 hodie.
927 3784 1101 3855 ipsam
1139 3785 1283 3839 diem
1309 3792 1577 3841 monstrat
1598 3784 1774 3859 prima
1810 3786 2126 3858 antiphona,

536 3893 670 3955 ,quee
691 3878 855 3932 dicit:
882 3876 994 3947 Ego
1022 3893 1138 3933 sum
1166 3877 1255 3948 qui
1276 3894 1414 3943 sum,
1447 3887 1494 3932 et
1526 3878 1800 3953 consilium
1825 3895 1998 3934 meum
2028 3896 2132 3936 non

530 3977 626 4041 ,εει
654 3982 772 4037 cum
797 3966 992 4036 impiis.
1021 3966 1135 4022 Hoc
1158 3975 1245 4023 est
1266 3967 1549 4041 judicium,
1574 3968 1627 4039 id
1661 3978 1746 4024 est
1778 3970 2034 4027 discretio
2065 3971 2132 4029 de

530 4072 659 4129 qua
687 4056 816 4117 dicit
842 4054 1099 4137 Joannes,
1120 4067 1195 4135 ut
1225 4060 1457 4129 separati
1483 4060 1592 4121 sint
1618 4059 1823 4125 ﬁdeles,
1861 4079 1984 4120 cum
2013 4063 2134 4134 qui.

552 4150 655 4207 bus
681 4156 765 4206 est
795 4149 1078 4227 consilium
1104 4150 1337 4229 Domini,
1374 4149 1442 4208 ab
1468 4152 1667 4224 impiis.
1697 4153 1951 4213 Eamdem
1980 4171 2134 4212 mone

553 4248 697 4298 strat
716 4240 922 4310 primus
948 4241 1205 4313 psalmus,
1234 4240 1427 4297 Beatus
1454 4242 1547 4309 vir,
1569 4245 1663 4315 qui
1682 4246 1938 4301 describit
1958 4247 2135 4317 primo

553 4333 683 4407 quid
718 4332 993 4389 beatitudo
1031 4333 1224 4389 debeat
1262 4332 1445 4407 fugere
1482 4344 1539 4391 et
1581 4337 1710 4407 quid
1752 4346 2029 4408 appetere,
2070 4353 2136 4397 ac

552 4436 738 4498 postea
767 4424 1135 4495 cxpulsionem
1165 4426 1450 4496 impiorum
1480 4426 1828 4487 nihilominus
1853 4429 2132 4495 describit,

556 4515 784 4571 dicendo
812 4535 824 4569 :
862 4516 983 4570 Non
1006 4517 1081 4569 sic
1111 4518 1278 4588 impii,
1308 4534 1410 4572 non
1438 4519 1537 4583 sic,
1565 4519 1655 4573 sed
1688 4530 1939 4593 tanquam
1967 4521 2134 4592 pulvis

554 4620 708 4677 quem
732 4605 939 4674 projicit
968 4616 1146 4660 ventus
1172 4624 1203 4660 a
1230 4608 1363 4675 facie
1393 4619 1564 4673 terrm,
1604 4617 1660 4665 et
1687 4620 1881 4665 cetera
1906 4626 2026 4681 qua:
2051 4627 2137 4666 se-

558 4700 818 4765 quuntur.
856 4692 1104 4750 Secunda
1135 4696 1428 4766 antiphona
1462 4708 1731 4771 monstrat
1752 4702 1893 4771 quod
1928 4682 1982 4755 in
2018 4717 2139 4756 cra-

532 4772 701 4845 'stino
731 4786 865 4857 dixit
894 4786 1152 4845 Dominus
1186 4802 1244 4859 se
1272 4789 1553 4863 perﬁcere,
1581 4794 1874 4861 secundum
1911 4793 2133 4863 Lucam,

555 4880 660 4937 hoc
687 4886 790 4946 est,
821 4880 1102 4936 sanitates.
1131 4879 1261 4948 Quae
1289 4881 1397 4937 sint
1435 4883 1555 4939 ista:
1590 4886 1869 4952 sanitates,
1903 4886 2137 4945 Joannes

558 4970 915 5027 continuatim
954 4979 1236 5041 postquam
1276 4972 1413 5029 dixit
1446 4992 1460 5028 :
1506 4974 1641 5031 Ecce
1678 4978 1916 5050 princeps
1954 4981 2138 5036 mundi

557 5059 796 5131 ejici‘etur
820 5059 987 5128 foras,
1014 5059 1308 5130 subiunxit,
1332 5064 1520 5121 dicens
1543 5082 1558 5121 :
1590 5066 1661 5122 Et
1686 5084 1780 5139 ego
1805 5072 1850 5125 si
1875 5072 2138 5130 exaltatus

561 5148 721 5231 fuerat
748 5167 783 5203 a
817 5159 980 5218 terra,
1008 5153 1185 5208 omnia
1219 5154 1427 5211 traham
1454 5168 1568 5227 post
1606 5176 1707 5215 me.
1741 5160 1895 5228 Quod
1927 5165 2000 5221 ita
2029 5165 2139 5221 Au-

556 5242 806 5315 gustinus
842 5241 897 5297 in
933 5258 1182 5301 sermone
1210 5257 1511 5305 memorato
1540 5268 1553 5303 :
1586 5250 1699 5306 Non
1730 5252 1910 5324 itaque
1936 5256 2039 5312 hoc
2069 5257 2137 5316 ad

556 5335 926 5393 diversitatem
956 5334 1232 5392 hominum
1259 5340 1461 5408 retulit,
1491 5342 1584 5397 sed
1614 5343 1680 5398 ad
1711 5358 1975 5402 creaturze
2005 5348 2141 5406 inte-

555 5428 837 5497 gritatem,
866 5436 960 5483 aut
987 5437 1137 5486 certe
1169 5432 1351 5487 omnia
1386 5433 1663 5489 hominum
1687 5452 1908 5507 genera,
1940 5440 2054 5494 sive
2082 5439 2137 5494 in

558 5513 752 5588 linguis
790 5517 1058 5584 omnibus,
1094 5520 1208 5575 sive
1252 5521 1305 5577 in
1334 5522 1585 5580 :etatibus
1620 5524 1890 5590 omnibus,
1927 5527 2040 5581 sive
2081 5514 2143 5585 in

559 5609 814 5678 gradibus
848 5612 1115 5669 bonorum
1149 5614 1418 5669 omnibus.
1456 5615 1525 5670 Et
1561 5626 1682 5684 post
1711 5616 1986 5684 paululum
2016 5635 2028 5670 :
2068 5617 2140 5673 Ut

561 5698 632 5755 sit
657 5708 819 5769 caput
839 5716 1047 5767 eorum,
1079 5711 1136 5759 et
1158 5703 1232 5758 illi
1260 5706 1501 5761 membra
1526 5705 1661 5775 ejus.
1696 5706 1771 5761 De
1797 5722 1900 5776 qua
1924 5723 1984 5762 re
2010 5708 2142 5763 dicit

564 5787 857 5860 antipbona
890 5794 1148 5866 secunda,
1181 5793 1456 5854 Postulavi
1494 5794 1713 5857 Patrem
1749 5814 1953 5871 meum,
1995 5798 2138 5857 dedit

2222 1936 2503 2010 gruentius
2549 1950 2657 1991 non
2701 1934 2877 2006 potuit
2920 1934 3130 2004 singula
3183 1951 3349 2004 opera
3397 1937 3565 1991 trium
3615 1939 3815 1993 diemm

2220 2038 2543 2093 monstrare,
2563 2044 2724 2099 quam
2748 2043 2845 2098 per
2868 2037 2977 2082 tres
2999 2026 3236 2096 psalmos
3259 2036 3312 2081 et
3336 2038 3447 2083 tres
3474 2030 3812 2099 antipbonas.

2219 2122 2279 2179 In
2318 2121 2712 2177 resurrectione
2758 2119 2966 2174 Domini
2999 2118 3181 2173 omnia
3224 2120 3337 2174 inec
3380 2120 3603 2189 impleta
3649 2128 3815 2174 sunt:

2222 2214 2469 2271 diabolus
2497 2211 2704 2282 ejectus
2744 2218 2830 2266 est
2872 2226 2902 2264 a
2948 2209 3221 2275 ﬁdelibus,
3251 2212 3343 2281 ipsi
3382 2213 3664 2282 conjuncti
3689 2224 3820 2270 sunt

2223 2307 2409 2377 capiti,
2443 2314 2608 2376 caput
2637 2304 2898 2367 surrexit,
2930 2304 3167 2358 humana
3198 2312 3371 2356 natura
3402 2304 3452 2355 in
3481 2319 3581 2358 sua
3619 2319 3817 2357 resur-

2222 2400 2465 2457 rectione
2503 2396 2791 2466 conjuncta
2821 2403 2904 2450 est
2942 2403 3154 2449 natura:
3183 2393 3483 2465 angelorum
3504 2434 3522 2457 ,
3555 2394 3819 2462 quamvis

2224 2490 2387 2546 nimis
2421 2487 2657 2543 exaltata
2687 2467 2761 2541 sit
2799 2501 2962 2555 super
2988 2498 3179 2538 omnes
3215 2483 3450 2555 angelos.
3485 2484 3681 2552 Ληθὼ
3708 2484 3821 2537 ubi-

2223 2598 2332 2655 que
2364 2598 2487 2638 esse
2519 2589 2746 2652 possunt
2789 2580 2956 2634 citato
2999 2578 3256 2644 transitu,
3299 2587 3357 2631 et
3400 2580 3451 2631 "n
3494 2578 3641 2633 (ιαειο
3680 2588 3734 2633 et
3768 2577 3817 2634 is

2226 2683 2372 2731 tetra
2408 2693 2422 2729 :
2457 2682 2514 2729 et
2552 2672 2641 2727 illa
2687 2674 2921 2727 humana
2960 2679 3157 2725 natura
3198 2687 3230 2723 a
3275 2685 3375 2724 sua
3420 2670 3543 2740 ipsa
3578 2686 3814 2739 persona,

2219 2768 2373 2841 juxta
2404 2768 2549 2837 quod
2577 2766 2693 2836 ipsa
2720 2766 3018 2834 eademque
3043 2778 3274 2834 persona
3301 2763 3598 2832 disposuit,
3634 2763 3814 2831 potuit,

2226 2863 2443 2933 quando
2473 2857 2670 2923 ioluit,
2713 2874 2832 2913 esse
2860 2858 2913 2912 in
2958 2866 3102 2912 terra
3130 2864 3187 2910 et
3228 2856 3525 2911 sul-limati
3558 2857 3613 2910 in
3640 2854 3814 2911 celum

2225 2971 2323 3028 per
2369 2952 2794 3009 immortalitatis
2828 2950 3198 3020 triumphum.
3250 2949 3599 3019 Augetur-um
3647 2959 3811 3003 natura

2226 3060 2333 3105 non
2363 3052 2488 3113 eget
2509 3042 2648 3107 cibo,
2684 3057 2785 3099 nec
2812 3050 2937 3112 eget
2959 3049 3109 3110 potu,
3142 3056 3243 3095 nec
3270 3041 3637 3101 vestimento.
3664 3053 3811 3109 om

2225 3136 2477 3193 vehiculo
2524 3135 2706 3204 aliquo
2757 3149 2867 3203 quo
2913 3134 3209 3198 discurrat,
3265 3149 3446 3207 neque
3500 3136 3654 3207 eguit
3694 3135 3810 3200 ista,

2151 3194 2198 3271 Ct
2230 3236 2415 3300 postea
2446 3225 2538 3281 illa
2563 3194 2800 3303 humana
2826 3234 3044 3283 natura.
3075 3194 3424 3299 Quapropter
3448 3194 3597 3282 dixit
3616 3194 3814 3298 Arnus;

2231 3321 2359 3378 lus:
2396 3320 2463 3375 Et
2505 3320 2551 3375 si
2595 3336 2907 3391 noveramus
2950 3317 3219 3391 Christum
3263 3320 3567 3377 secundum
3605 3335 3812 3385 cum,

2228 3415 2320 3491 sed
2353 3430 2491 3469 nunc
2508 3414 2625 3484 jam
2656 3430 2761 3467 non
2794 3414 3053 3467 nov’mus.
3081 3410 3187 3475 Per
3216 3412 3354 3466 istos
3388 3420 3508 3466 tres
3534 3412 3650 3467 dies
3672 3408 3815 3464 inlot-

2230 3517 2450 3565 mantur
2497 3506 2869 3569 catechumeni
2926 3508 3098 3565 nostri
3152 3507 3205 3561 in
3256 3507 3531 3567 memhris
3575 3506 3756 3563 Christi
3794 3521 3810 3559 :

2229 3600 2409 3673 primo
2438 3599 2654 3669 quando
2690 3612 2786 3666 per
2822 3597 3280 3653 exorcizationem
3313 3606 3373 3653 et
3412 3596 3817 3653 abrenuntiatis-

2232 3705 2357 3745 nem
2386 3688 2673 3763 expellitur
2699 3687 2963 3752 diabolus,
2994 3687 3190 3743 deinde
3222 3702 3322 3758 per
3354 3686 3522 3742 ﬁdem
3562 3688 3819 3757 perﬁcitur

2233 3768 2441 3843 sanitas
2484 3784 2541 3845 in
2582 3784 2685 3851 eis,
2730 3791 3007 3853 postremo
3050 3797 3149 3853 per
3188 3797 3390 3838 manus
3435 3782 3817 3853 impositionel

2230 3878 2613 3948 episcoporum
2630 3875 3023 3947 jugtiﬁcantur.
3046 3874 3405 3935 Resurrectio
3425 3874 3623 3932 ειη-κύ
3646 3882 3819 3930 nostra

2228 3967 2547 4039 justiﬁeatio
2596 3976 2701 4037 est.
2749 3968 2829 4024 Ibi
2885 3969 3221 4040 resurgimus
3270 3984 3398 4039 cum
3443 3968 3676 4032 Christo,
3729 3966 3817 4022 ubi

2224 4060 2612 4132 justili'camur.
2664 4061 2866 4134 Nempe
2910 4078 3009 4133 per
3055 4063 3191 4119 istos
3233 4072 3353 4120 tres
3390 4063 3497 4123 dies
3532 4062 3695 4131 quasi
3721 4077 3822 4132 per

2237 4161 2347 4209 tres
2372 4154 2720 4224 autiphonas,
2744 4154 2976 4219 scilicet,
3007 4155 3262 4225 primam,
3297 4172 3423 4227 qua:
3445 4169 3550 4211 nos
3575 4154 3821 4226 disiungit

2235 4243 2304 4299 ab
2345 4244 2544 4315 impiis,
2587 4254 2642 4301 et
2680 4254 2869 4315 postea
2905 4244 3154 4314 alteram,
3195 4261 3316 4316 quas
3350 4247 3637 4325 conjunxit
3672 4246 3821 4318 capiti

2236 4337 2473 4399 Christo,
2514 4344 2677 4406 atque
2715 4338 2954 4401 tertiam,
2995 4353 3117 4407 qum
3159 4353 3259 4393 nos
3306 4339 3437 4394 facit
3471 4355 3704 4409 surgere
3737 4351 3820 4409 per

2231 4426 2693 4500 justilicationcm,
2722 4428 2952 4499 ingressi
2975 4444 3164 4483 sumus
3188 4429 3240 4482 in
3264 4428 3597 4485 Ecclesium.
3620 4430 3695 4484 Es
3715 4443 3820 4499 per-

2156 4555 2213 4619 Β
2237 4535 2367 4574 sona
2416 4520 2815 4590 neophytorum
2854 4520 2978 4574 dico
3008 4537 3023 4573 ι
3056 4518 3359 4589 Sequentes
3400 4521 3522 4577 dies
3562 4531 3619 4575 et
3648 4528 3819 4574 noctes

2237 4610 2588 4681 baptismales
2615 4610 2910 4665 ostendunt
2944 4610 3178 4679 qualiter
3212 4610 3268 4665 in
3305 4611 3425 4680 ipsa
3469 4610 3716 4666 Ecclesia
3748 4624 3824 4665 κ-

2238 4702 2474 4761 cundum
2513 4700 2717 4757 Christi
2762 4701 3073 4758 doctrinam
3115 4703 3300 4759 vivere
3342 4700 3670 4758 debeamus.
3718 4702 3824 4758 Dies

2237 4791 2534 4848 ostendunt
2580 4793 3039 4848 resurrectionem
3077 4791 3299 4853 Christi.
3342 4792 3521 4865 igitur
3568 4794 3699 4865 quia
3736 4806 3823 4847 sua

2239 4885 2328 4940 die
2375 4886 2676 4941 resurrexit
2714 4884 2983 4951 Christus,
3029 4885 3111 4941 sic
3154 4895 3381 4942 currunt
3431 4897 3629 4943 nostra
3666 4886 3825 4945 oﬁc’n

2238 4990 2337 5048 per
2359 4974 2479 5031 illos
2506 4984 2714 5046 septem
2741 4975 2878 5041 dies,
2902 4975 3057 5046 quasi
3080 4976 3258 5031 adhuc
3279 4976 3355 5032 sit
3380 4976 3505 5032 dies
3533 4977 3825 5032 Dominus.

2238 5067 2300 5125 In
2329 5067 2770 5127 Sacramentario
2794 5077 3080 5127 cantamus
3103 5110 3118 5123 .
3156 5067 3287 5124 Vere
3309 5069 3534 5140 dignum
3568 5081 3619 5124 et
3637 5071 3830 5138 justas

2240 5170 2338 5224 est,
2370 5177 2580 5231 a'quum
2603 5171 2652 5215 et
2680 5159 2943 5237 salutare,
2967 5173 3015 5215 te
3040 5162 3249 5232 quidem
3286 5164 3435 5217 omni
3464 5172 3729 5233 tempore,
3753 5157 3831 5215 sed

2238 5254 2296 5313 in
2324 5252 2424 5307 hac
2450 5253 2777 5322 potissimum
2804 5254 2891 5308 die
2923 5254 3201 5324 gloriosius
3227 5255 3524 5326 prtt’dicare
3540 5274 3564 5321 ;
3592 5266 3833 5312 ωωια

2242 5344 2485 5416 quotidie
2527 5354 2749 5400 cantant
2791 5363 2806 5400 :
2855 5344 2985 5402 Hm:
3029 5347 3141 5402 dies
3177 5364 3338 5419 quam
3381 5347 3507 5417 fecit
3558 5348 3829 5405 Damius.

2246 5435 2420 5493 Unam
2444 5437 2800 5507 eamdemque
2823 5437 2964 5493 diem
2993 5454 3090 5509 per
3118 5448 3460 5496 sacramenta
3491 5441 3833 5512 baptismth

2245 5538 2450 5599 septem
2476 5529 2685 5584 dierum
2719 5529 3077 5596 celebramus,
3103 5531 3320 5602 quando
3354 5531 3513 5588 electi
3548 5548 3653 5605 per
3684 5547 3837 5589 omne

2244 5623 2576 5679 curriculum
2595 5622 2756 5691 hujus
2779 5625 2903 5680 vita:
2931 5639 3038 5679 non
3067 5624 3465 5697 declinant-per
3489 5643 3659 5697 opera
3694 5636 3837 5681 tene-

2243 5715 2465 5769 brarum
2496 5730 2527 5769 a
2557 5715 2734 5785 capite
2759 5732 2881 5782 suo,
2910 5717 3053 5785 quod
3084 5716 3159 5770 ita
3186 5718 3423 5771 surrexit
3467 5727 3528 5773 ut
3558 5719 3703 5771 ultra
3738 5733 3836 5771 non

2243 5804 2531 5866 moriatur.
2565 5803 2722 5869 Sicut
2746 5806 2865 5870 dies
2891 5805 3086 5869 recolit
3107 5809 3573 5871 resurrectionem
