4000 6540
279 424 403 488 reos

1011 431 1100 488 DE
1136 430 1690 491 ECCLESIASTICIS
1726 429 2015 488 OFFICIIS
2052 428 2232 485 LIBRI
2267 429 2358 485 IV.
2397 461 2468 472 —
2503 429 2629 484 LIB.
2673 430 2760 486 IV.

3334 407 3336 410 ’
3379 422 3515 479 «ξοδ

276 545 339 598 ita
359 554 456 596 nos
478 541 809 613 sepulturam
831 544 966 614 eius.
994 546 1054 604 Si
1083 547 1310 604 fecimus
1337 548 1404 603 de
1425 557 1629 616 septem
1653 547 1841 602 diebus
1865 547 1916 606 A
1941 545 2104 600 habet
2135 543 2548 614 umunquodque
2579 544 2778 597 donum
2810 542 3042 612 Spiritus
3076 543 3280 606 sancti;
3323 550 3375 597 et
3401 557 3516 597 oms

275 647 427 688 unum
463 633 604 688 diem
631 645 852 706 propter
869 637 1055 710 jugem
1086 640 1538 695 resurrectionem
1572 640 1836 693 bonorum

273 741 504 794 operum,
537 727 792 784 debemus
821 739 1008 786 noctes
1034 732 1402 802 praecedentes
1427 731 1582 799 quasi
1608 731 1700 784 uni
1730 729 1836 784 diei

272 826 466 876 aptare.
492 817 764 874 Triduana
787 823 1062 891 sepultura
1086 827 1364 892 praecessit
1388 823 1837 877 resurrectionem

270 907 504 972 Domini,
549 918 602 966 et
646 911 895 967 triduana
925 914 1198 981 sepultura
1224 914 1478 982 praecedit
1499 912 1840 982 justiﬁcatitr

269 1014 382 1052 nem
409 1007 670 1058 nostram.
710 991 1006 1074 Cousepulti
1031 1007 1167 1060 enim
1201 1024 1381 1060 sumus
1411 1023 1530 1062 cum
1565 1007 1677 1070 illo,
1709 1007 1838 1061 dicit

266 1091 564 1160 Apostolus,
606 1112 697 1164 per
737 1097 1048 1168 baptismum
1090 1100 1144 1153 in
1193 1109 1432 1166 mortem,
1481 1110 1536 1153 ut
1579 1101 1838 1170 quomodo

266 1186 485 1239 surrexit
509 1184 747 1242 Christus
785 1207 817 1242 a
846 1193 1064 1245 mortuis
1092 1209 1184 1261 per
1207 1191 1430 1262 gloriam
1459 1189 1656 1256 Patris,
1688 1193 1761 1246 ita
1790 1201 1839 1246 et

265 1291 352 1328 nos
378 1276 434 1328 in
462 1279 686 1334 novitate
712 1280 828 1334 vita:
854 1281 1198 1350 ambulemus.

332 1365 432 1433 Qui
463 1369 608 1422 enim
648 1372 878 1428 moritur
916 1387 980 1428 ac
1018 1374 1278 1442 sepelitur
1318 1373 1521 1429 nullum
1559 1383 1839 1444 peccatum

262 1468 437 1529 potest
465 1464 697 1531 operari.
732 1463 835 1519 Per
864 1475 1078 1520 noctem
1115 1468 1259 1521 enim
1289 1468 1602 1537 designatur
1629 1476 1842 1537 tempus

263 1553 479 1621 quietis,
526 1563 585 1608 ut
633 1555 892 1610 Domitius
939 1557 995 1611 in
1035 1558 1327 1629 Evangelio
1370 1579 1383 1613 :
1443 1559 1620 1614 Veniet
1668 1571 1842 1614 autent

263 1659 387 1709 nox,
419 1645 630 1714 quando
662 1663 809 1700 nemo
835 1657 1001 1717 potest
1035 1652 1258 1718 operari.
1292 1651 1549 1717 Quamvis
1577 1652 1664 1705 hic
1695 1652 1842 1706 dica-

260 1740 350 1786 tur
389 1734 601 1788 mixtim
645 1738 709 1790 dc
744 1737 902 1792 bonis
941 1747 994 1793 et
1041 1739 1195 1794 malis
1236 1741 1510 1811 operibus,
1555 1756 1842 1811 possumus

261 1831 442 1879 tamen
488 1837 700 1882 noctem
745 1829 1064 1901 intelligere,
1105 1834 1318 1901 quando
1349 1834 1579 1903 quiescit
1615 1835 1774 1887 homo
1808 1849 1839 1887 a

1940 635 2088 689 nium
2129 645 2334 704 septem
2373 643 2496 689 sunt
2539 643 2650 688 tres
2688 635 2770 688 bte
2809 650 3022 690 sorores
3067 643 3122 690 et
3158 633 3513 704 singulorum.

1939 727 2091 794 Quod
2137 729 2188 782 in
2230 737 2415 782 nostro
2454 743 2554 782 usu
2597 742 2879 798 possumus
2924 731 3177 798 experiri,
3219 730 3262 784 si
3310 736 3517 798 septem

1939 820 2135 874 fratres
2177 821 2481 874 habuerunt
2513 828 2624 873 tres
2653 834 2886 883 sorores,
2933 829 2984 873 et
3016 823 3258 875 omnium
3299 829 3426 876 sunt
3464 827 3521 875 et

1939 908 2293 980 singulorum.
2329 910 2400 966 Ut
2438 910 2738 966 recolamus
2764 927 2926 964 unum
2957 909 3214 979 Spiritum
3233 952 3247 976 ,
3278 913 3369 981 qui
3401 911 3520 968 haec

1938 999 2119 1054 omnia
2164 1008 2440 1068 operatur,
2487 1015 2651 1054 unum
2698 1000 2838 1054 diem
2879 999 3123 1053 ducimus
3166 1003 3218 1053 in
3261 1001 3520 1071 religione

1938 1105 2036 1160 per
2062 1099 2268 1160 septem
2295 1091 2439 1156 dies;
2482 1097 2534 1144 et
2560 1099 2619 1144 ut
2646 1090 2946 1145 recolamus
2973 1099 3176 1158 septem
3215 1092 3352 1146 dona
3381 1092 3518 1159 ejus,

1939 1185 2055 1240 dies
2088 1186 2514 1256 multiplicantur
2538 1203 2636 1257 per
2665 1189 3028 1257 septenarium
3069 1203 3349 1242 numerum
3385 1208 3397 1243 :
3433 1196 3517 1256 et,

1941 1288 2002 1332 ut
2043 1278 2345 1333 recolamus
2387 1286 2630 1333 nostram
2667 1278 2847 1343 ﬁdem,
2891 1293 3039 1348 Spem
3083 1287 3135 1331 et
3177 1281 3519 1345 charitatem,

1942 1384 2063 1438 quae
2094 1385 2263 1438 usque
2291 1371 2344 1423 in
2373 1371 2530 1424 linem
2563 1371 2746 1424 mundi
2776 1371 3053 1425 nobiscum
3079 1387 3296 1425 manere
3329 1373 3525 1427 debent

1943 1461 2238 1514 secundum
2262 1461 2573 1529 Apostolum
2592 1502 2606 1526 ,
2637 1462 2728 1531 qui
2758 1463 2892 1516 dicit
2920 1480 2932 1516 :
2965 1461 3122 1516 Nunc
3149 1472 3323 1516 autem
3350 1473 3523 1518 manet

1941 1552 2092 1620 ﬁdes,
2125 1570 2258 1622 spes,
2291 1554 2548 1619 charitas,
2579 1569 2748 1623 usque
2795 1555 2846 1608 in
2893 1556 3179 1624 septimum
3224 1555 3367 1610 diem
3415 1564 3525 1610 tres

1941 1645 2178 1713 psalmos
2207 1647 2261 1700 in
2295 1656 2454 1701 nocte
2487 1655 2788 1702 cantamus.

2013 1736 2360 1804 Baptismalia
2402 1748 2740 1792 sacramenta
2784 1753 2956 1808 usque
3004 1740 3069 1794 ad
3113 1739 3524 1808 completionem

1944 1826 2153 1881 dierum
2186 1837 2388 1896 septem
2427 1815 2680 1892 tendunt,
2716 1829 2841 1897 quia
2874 1829 3172 1900 septiformi
3211 1830 3414 1899 Spiritu
3446 1830 3528 1884 di-

256 1915 442 1984 pravis
481 1919 754 1986 opai-ibus,
799 1899 948 1975 nam}
993 1899 1229 1991 quidem
1274 1929 1328 1977 ιη
1365 1899 1470 1992 ἐμω
1509 1939 1783 1979 cessamus
1808 1940 1838 1978 ελ
1868 1899 1915 1958 Β
1946 1922 2133 1970 tantur
2173 1929 2347 1983 nuper
2387 1915 2643 1984 baptizali
2679 1933 2690 1967 :
2725 1916 2838 1968 sive
2864 1899 2990 1984 quia
3030 1917 3357 1971 universitas
3391 1924 3528 1970 tem-

255 2007 434 2073 malis,
483 2019 537 2063 et
585 2012 869 2079 vigilamus
919 2015 974 2068 in
1024 2016 1198 2080 bouis,
1250 2017 1538 2072 recolimus
1580 2033 1677 2086 per
1731 2026 1841 2073 tres

253 2101 496 2169 psalmos
525 2106 618 2173 qui
657 2105 791 2161 ﬁunt
820 2110 1120 2163 nocturnali
1152 2109 1325 2165 cilicio
1361 2126 1461 2180 per
1487 2111 1603 2167 dies
1641 2111 1842 2180 baptis-

253 2193 447 2246 males.
481 2194 704 2260 Quando
734 2199 1028 2268 mergimur
1054 2209 1135 2258 ter
1163 2201 1216 2254 in
1253 2216 1414 2270 aqua,
1445 2201 1841 2270 consepelimur

253 2279 474 2336 Christo
501 2285 748 2340 triduano
775 2288 1040 2356 sepulcro.
1063 2288 1155 2343 Ille
1180 2289 1324 2344 enim
1347 2297 1534 2345 cantat
1559 2297 1670 2344 tres
1698 2289 1841 2358 psal-

249 2384 372 2423 mos
401 2370 454 2424 in
481 2381 660 2437 nocte,
683 2375 775 2443 qui
801 2385 983 2431 mente
1013 2379 1214 2434 retinet
1237 2378 1611 2447 consepultum
1638 2394 1696 2432 se
1721 2392 1841 2432 esse

250 2456 495 2525 Christo,
525 2471 581 2515 ct
615 2464 814 2520 idcirco
849 2475 1122 2522 mortuum
1155 2481 1273 2522 esse
1302 2477 1540 2536 peccato.
1572 2467 1665 2520 Ille
1694 2482 1842 2520 mor-

252 2561 383 2619 tuus
424 2561 510 2608 est
546 2565 793 2623 peccato,
839 2559 932 2627 qui
970 2574 1080 2614 non
1110 2569 1366 2631 Operatur
1404 2567 1706 2629 peccatum.
1750 2558 1842 2614 Ille

247 2644 406 2699 enim
431 2654 614 2701 cantat
655 2647 709 2702 in
751 2649 856 2714 die,
904 2649 1036 2704 Hcce
1071 2660 1146 2705 est
1189 2652 1300 2705 dies
1327 2668 1486 2722 quam
1512 2651 1631 2720 fecit
1661 2652 1844 2705 Domi-

249 2750 374 2799 nus,
417 2737 736 2792 exsultemus
765 2749 813 2794 et
854 2739 1091 2800 lwtemur
1124 2741 1179 2794 in
1209 2758 1293 2808 ea,
1323 2742 1415 2812 qui
1445 2750 1757 2812 perseverat
1785 2742 1841 2797 in

246 2823 566 2882 innocentia
593 2837 648 2882 et
674 2829 728 2884 in
757 2829 913 2885 bonis
941 2833 1213 2900 operibus.

319 2915 394 2970 Et
432 2917 560 2986 quia
589 2918 703 2974 haec
729 2921 977 2976 certatim
1007 2923 1266 2978 debemus
1297 2925 1585 2991 meditari,
1615 2933 1670 2980 et
1699 2935 1843 2981 sata-

242 3019 402 3077 gere,
449 3010 688 3076 quandiu
741 3011 795 3064 in
839 3014 1095 3080 prazsenti
1136 3015 1332 3071 szcculo
1378 3032 1585 3081 sumus,
1635 3017 1688 3071 id
1736 3026 1841 3084 est,

239 3112 428 3168 usque
455 3099 585 3154 dum
622 3102 804 3156 veniat
847 3104 1076 3173 septima
1121 3106 1259 3171 dies,
1304 3107 1357 3162 in
1406 3123 1510 3176 qua
1557 3116 1843 3177 separatur

242 3188 440 3244 anima
483 3203 514 3242 a
553 3206 796 3262 corpore,
841 3203 1123 3250 cantemus
1165 3196 1220 3250 in
1256 3197 1391 3251 die:
1436 3196 1567 3252 Hrec
1611 3208 1685 3252 est
1728 3199 1840 3253 dies

1937 2005 2112 2074 poris,
2151 2020 2270 2072 quae
2308 2005 2412 2058 ﬁne
2441 2014 2646 2074 septem
2674 2006 2877 2059 dierum
2904 2007 3155 2071 volvitur,
3187 2009 3526 2078 signiﬁcatur

1939 2111 2039 2164 per
2066 2105 2270 2165 septem
2301 2098 2431 2160 dies,
2468 2099 2520 2153 in
2549 2116 2654 2169 qua
2689 2116 2910 2156 necesse
2941 2111 3022 2156 est
3054 2114 3298 2173 satagere
3325 2113 3383 2158 ut
3411 2104 3528 2159 nul-

1942 2187 2026 2242 lus
2052 2187 2389 2244 Christianus
2419 2207 2449 2244 a
2479 2190 2601 2255 ﬁde,
2649 2200 2703 2247 et
2743 2207 2859 2262 spe,
2905 2209 2966 2248 ac
3010 2194 3278 2248 charitate
3319 2195 3529 2251 alienus

1941 2281 2035 2343 sit,
2079 2281 2324 2347 quamvis
2364 2289 2557 2336 caetera
2598 2284 2777 2336 omnia
2817 2285 2954 2337 bona
3002 2299 3164 2353 epera
3213 2299 3316 2337 non
3357 2285 3531 2354 possit

1942 2388 2173 2442 capere;
2227 2389 2322 2427 seu
2347 2374 2473 2441 quia
2499 2390 2835 2444 unaqumque
2861 2376 3038 2428 anima
3065 2376 3235 2429 electa
3271 2377 3530 2432 recedens

1938 2481 1972 2518 a
2004 2480 2254 2533 corpore,
2301 2465 2444 2520 illico
2491 2466 2696 2520 invenit
2727 2468 3030 2530 sabbatum,
3077 2475 3130 2521 et
3174 2469 3335 2522 habet
3370 2483 3531 2523 suum

1943 2572 2078 2626 opus
2113 2557 2458 2626 completum,
2499 2559 2627 2628 quia
2669 2561 2808 2614 Deus
2846 2561 2934 2614 die
2976 2561 3204 2630 septimo
3244 2559 3533 2630 complevit

1943 2662 2080 2716 opus
2130 2663 2307 2702 suum.
2361 2649 2622 2720 Deinceps
2676 2650 2730 2703 in
2786 2651 3032 2720 sequenti
3082 2659 3321 2720 tempore
3365 2650 3526 2720 quasi

1945 2741 2307 2796 crescentium
2347 2741 2602 2795 arborum
2641 2738 2858 2796 frondes
2898 2741 3324 2810 multiplicantur
3352 2748 3407 2794 et
3448 2752 3534 2795 re-

1945 2830 2194 2886 coluntur
2225 2844 2403 2886 mores
2431 2831 2558 2885 boni
2586 2831 2922 2886 diversorum
2960 2847 3182 2902 operum
3220 2847 3316 2902 per
3351 2831 3534 2901 plures

1944 2921 2199 2991 psalmos.
2247 2921 2472 2992 Agimus
2516 2922 2626 2978 Deo
2670 2923 2895 2994 gratias,
2944 2925 3034 2992 qui
3082 2923 3229 2978 dedit
3270 2923 3325 2977 in
3371 2922 3534 2978 corde

1945 3029 2226 3070 servorum
2272 3029 2528 3078 suorum,
2576 3023 2637 3068 ut
2683 3031 2748 3070 eo
2783 3015 2972 3080 ordine
3017 3021 3318 3069 statuerent
3357 3012 3528 3068 cilicia

1939 3112 2133 3158 .nostra
2162 3119 2270 3174 quo
2299 3105 2471 3173 possit
2497 3105 2726 3173 pepulus
2754 3105 2848 3158 Dei
2889 3120 2955 3160 ex
2995 3120 3060 3160 eo
3087 3105 3372 3175 praedicari
3402 3119 3528 3173 pro—

1946 3197 2266 3264 pemodum,
2299 3202 2442 3254 sicut
2471 3214 2539 3253 ex
2577 3198 2826 3253 lectione.
2861 3197 3134 3254 Habemus
3167 3200 3438 3268 scriptum
3478 3199 3530 3252 in

782 3245 795 3257 .
849 3245 1120 3250 ηψπ-η-
1261 3245 1343 3251 ---
1377 3245 1390 3251 -
1436 3245 1562 3252 --π-
1612 3245 1683 3252 --ν
1728 3245 1838 3253 --η
1946 3245 2266 3264 τη---η--η,
2299 3245 2442 3254 ---κ-
2474 3245 2539 3253 νη
2577 3245 2826 3253 ---ην-η-
2861 3245 3133 3254 "mw—mw
3178 3245 3438 3268 -ν-

237 3297 412 3350 quam
445 3281 567 3358 fecit
597 3283 879 3351 Dominus,
919 3294 975 3341 et
1003 3286 1058 3340 in
1089 3296 1248 3342 nocte
1285 3287 1621 3344 celebremus
1658 3289 1840 3360 sepul-
1870 3245 1914 3310 Ο
1947 3288 2193 3343 Romano
2227 3288 2452 3355 Ordine,
2497 3298 2556 3343 ut
2599 3305 2705 3345 non
2733 3291 2949 3345 dicatur
2985 3289 3146 3358 Kyrie
3175 3290 3388 3354 eleison,
3421 3289 3536 3344 sive

239 3377 437 3426 turam
473 3371 707 3428 Domini.
741 3375 809 3442 Et
847 3377 893 3432 si
935 3377 989 3432 in
1027 3379 1184 3434 nobis
1223 3379 1467 3448 pluribus
1504 3397 1610 3435 non
1650 3382 1845 3437 recoli-

237 3478 375 3520 mus
427 3463 572 3526 hanc
617 3466 1086 3526 mortiﬁcationem
1138 3469 1318 3524 carnis
1363 3485 1484 3538 qua:
1531 3470 1846 3540 designatur

236 3572 347 3627 per
380 3565 496 3610 tres
519 3556 780 3626 psalmos,
810 3568 864 3612 et
886 3557 1354 3627 justiﬁcationem,
1381 3577 1502 3631 quae
1528 3561 1846 3632 designatur

234 3664 349 3721 per
390 3650 555 3705 unius
591 3650 787 3705 coloris
822 3651 1087 3717 cilicium,
1121 3653 1311 3710 saltem
1347 3655 1400 3708 in
1437 3655 1522 3709 his
1550 3655 1642 3724 qui
1675 3670 1848 3725 nuper

233 3740 518 3811 haptizati
557 3750 681 3798 sunt
723 3742 1043 3802 recolamus.
1084 3743 1256 3800 Aliter
1295 3759 1310 3798 :
1353 3744 1458 3811 Qui
1496 3747 1848 3814 baptizantur

235 3829 494 3899 simplici
547 3832 732 3897 corde,
781 3831 1148 3900 septiformem
1199 3834 1460 3904 Spiritum
1511 3837 1844 3906 percipiunt,

233 3935 417 3992 quem
453 3919 619 3990 Isaias
647 3922 910 3992 propheta
941 3924 1193 3980 decantat
1223 3939 1386 3994 super
1419 3926 1706 3984 Dominum
1745 3943 1847 3982 no-

232 4019 432 4068 strum
462 4008 648 4070 Iesum
669 4011 946 4076 Christum
969 4014 1319 4084 singulariter
1344 4018 1705 4086 requiescere.
1729 4017 1848 4078 Nisi

227 4104 576 4162 crederetur
603 4107 807 4178 percipi
841 4123 1001 4177 posse
1039 4110 1108 4164 ab
1145 4110 1225 4165 eis
1266 4110 1406 4165 idem
1451 4109 1708 4180 Spiritus,
1752 4111 1847 4182 qui

227 4195 623 4270 baptizantur,
656 4216 765 4258 non
795 4201 1180 4270 deprecaretur
1215 4202 1284 4256 ab
1312 4201 1578 4272 episcopis
1605 4201 1698 4271 qui
1733 4217 1848 4256 ma—

224 4307 346 4346 nus
386 4289 796 4358 impositionem
827 4300 1117 4357 exercent,
1146 4293 1288 4350 mitti
1325 4292 1378 4346 in
1419 4293 1736 4362 neopbytos.
1781 4292 1849 4350 Ut

225 4383 435 4440 eidem
485 4381 784 4449 septiformi
818 4381 1044 4452 Spiritui
1085 4385 1455 4448 concinamus,
1506 4398 1604 4453 per
1635 4392 1846 4452 septem

222 4476 362 4531 dies
388 4472 725 4542 religiosius,
749 4484 950 4532 etcum
974 4475 1165 4545 majori
1187 4476 1396 4532 cautela
1422 4475 1604 4544 solito,
1628 4484 1848 4532 nostros

1947 3375 2152 3431 Christe
2181 3378 2374 3432 eleisou
2415 3379 2483 3432 ad
2520 3378 2688 3432 ullum
2723 3393 2941 3433 cursum
2982 3379 3035 3431 in
3069 3379 3383 3432 memoratis
3423 3378 3536 3433 die-

1946 3468 2080 3532 bus,
2129 3468 2224 3522 sed
2275 3468 2393 3522 sine
2448 3467 2832 3522 retractatione
2880 3478 3191 3534 cantemus,
3247 3467 3378 3522 Hau:
3425 3468 3535 3524 dies

1946 3575 2103 3629 quam
2145 3558 2264 3626 fecit
2305 3559 2562 3616 Dominus
2596 3573 2615 3610 :
2652 3559 2970 3614 exsultemus
3007 3569 3056 3613 et
3093 3559 3329 3614 la’temur
3356 3561 3532 3615 inea.

1949 3649 2243 3706 Collectam
2284 3650 2456 3706 solam
2483 3650 2621 3705 solet
2645 3649 2901 3707 sacerdos
2927 3651 3108 3706 dicere
3132 3651 3187 3704 in
3217 3652 3322 3705 ﬁne
3351 3651 3534 3708 ollicii.

1951 3743 2009 3806 Si
2036 3752 2181 3800 esset
2209 3740 2326 3811 jam
2354 3745 2412 3800 in
2453 3759 2513 3800 re
2554 3746 2696 3815 quod
2726 3745 2953 3816 agimus,
2986 3760 3092 3800 non
3125 3760 3188 3800 ea
3234 3745 3534 3812 diceretur;

1949 3836 2204 3906 quoniam
2229 3843 2315 3892 est
2355 3837 2411 3891 in
2445 3852 2540 3908 spe
2571 3838 2748 3893 oratio
2791 3838 3115 3904 sacerdotis,
3165 3837 3534 3907 subsequitur,

1949 3933 2010 3981 ut
2039 3925 2285 3984 ﬁrmetur
2323 3927 2466 3998 quod
2505 3936 2741 3995 tenetur,
2780 3938 2838 3985 et
2868 3929 3012 4002 quod
3042 3929 3282 3985 nondum
3320 3936 3539 3984 tenetur

1951 4018 2267 4088 accipiatur.

2019 4111 2095 4165 De
2139 4127 2244 4180 qua
2292 4127 2352 4166 re
2398 4111 2530 4167 dicit
2575 4113 2914 4184 Augustinus
2957 4113 3012 4168 in
3061 4120 3293 4167 tractatu
3339 4111 3539 4182 psalmi

1950 4203 2232 4260 centesimi
2271 4204 2670 4274 quadragesimi
2710 4205 2885 4259 octavi
2919 4222 2931 4257 :
2985 4203 3128 4258 Laus
3172 4212 3359 4258 nostra
3402 4203 3539 4257 laeti-

1951 4293 2083 4346 tiam
2124 4292 2318 4355 habet,
2361 4294 2537 4348 oratio
2571 4293 2848 4364 gemitum.
2887 4293 3222 4348 Promissum
3259 4302 3345 4349 est
3379 4292 3538 4350 nobis

1952 4387 2158 4454 aliquid
2193 4386 2339 4455 quod
2382 4386 2618 4442 nondum
2657 4387 2920 4442 habemus
2948 4403 2960 4441 :
2993 4394 3046 4441 et
3084 4386 3210 4455 quia
3250 4401 3415 4440 verax
3453 4391 3541 4442 est

1950 4478 2041 4548 qui
2072 4477 2357 4548 promittit,
2403 4477 2457 4532 in
2507 4492 2601 4548 spe
2631 4478 2959 4549 gaudemus;
3003 4478 3129 4548 quia
3176 4486 3357 4532 tamen
3402 4491 3542 4532 non-

221 4572 562 4622 conventus
610 4563 964 4626 celebramus.
1015 4565 1124 4622 Per
1169 4566 1410 4636 singulos
1456 4566 1573 4621 dies
1618 4566 2077 4658 singulistum
2127 4569 2410 4634 habemus,
2457 4568 2511 4623 in
2551 4568 2822 4624 desiderio
2870 4569 3152 4639 gemimus.
3206 4569 3410 4624 Bonum
3456 4577 3542 4626 est

218 4655 406 4713 donis
454 4653 752 4725 satagimus
793 4657 1102 4714 concinere.
1145 4655 1395 4712 Vitamus
1439 4656 1736 4726 pigritiam,
1773 4672 1845 4712 ne

206 4747 398 4820 juxta
433 4744 656 4798 Domini
682 4760 870 4802 vocem
895 4746 1276 4816 corripiantur,
1313 4747 1405 4815 qui
1434 4745 1570 4804 dixit
1599 4765 1613 4800 :
1646 4746 1845 4804 Canta-

210 4840 430 4894 vimus
461 4834 634 4898 vobis,
666 4843 722 4894 et
749 4850 855 4890 non
892 4835 1146 4892 saltastis.
1183 4839 1416 4894 Advenit
1449 4838 1684 4907 Spiritus
1719 4854 1844 4895 san-

211 4939 357 4986 ctus
393 4941 582 4983 novus
609 4927 824 4996 hospes,
859 4936 1076 4984 exercet
1103 4930 1373 4984 canticum
1404 4930 1601 4985 laetitia!
1631 4931 1845 4985 inenar-

212 5021 440 5080 rabilis
462 5060 479 5084 ,
525 5019 732 5076 scilicet
767 5020 1046 5089 sapientiae
1073 5022 1136 5076 et
1165 5021 1503 5086 intellectus,
1543 5021 1755 5076 consilii
1789 5029 1846 5077 et

209 5112 619 5178 fortitudinis,
650 5113 892 5168 scientia:
922 5121 979 5168 et
1003 5114 1240 5184 pietatis,
1274 5129 1337 5168 ac
1366 5115 1578 5169 timoris
1606 5114 1843 5170 Domini.

207 5207 462 5275 Hospes
492 5203 794 5273 suscipiens
824 5204 985 5259 debet
1009 5204 1210 5259 saltare
1244 5205 1372 5259 huic
1400 5207 1612 5260 cantico
1636 5205 1763 5272 ﬁde,
1791 5212 1848 5260 et

205 5317 322 5372 spe
374 5307 443 5355 et
490 5297 776 5352 cbaritate.
822 5296 1050 5368 Pr0pter
1093 5299 1238 5353 hanc
1275 5299 1704 5354 vicissitudinem
1747 5313 1848 5368 per

206 5391 503 5463 singulos
531 5389 648 5444 dies
677 5397 961 5444 cantamus
989 5389 1212 5459 aliquid,
1238 5391 1354 5444 sive
1392 5391 1443 5444 in
1477 5392 1842 5459 responsorio,

203 5502 319 5543 seu
363 5486 432 5539 in
483 5480 713 5536 Alleluia
743 5483 810 5537 de
843 5483 1071 5552 psalmo,
1110 5481 1442 5552 Conﬁtemim’
1470 5483 1718 5548 Domino,
1749 5484 1842 5554 qui

204 5577 442 5636 recolit
475 5573 776 5630 bonitatem
806 5583 862 5630 et
883 5576 1312 5631 misericordiam
1339 5578 1434 5632 Dei
1464 5579 1518 5632 in
1550 5578 1840 5644 smculum;

203 5682 273 5730 et
302 5674 372 5728 in
415 5675 595 5724 nocte
621 5675 733 5724 tres
760 5669 1083 5738 antipbonas
1111 5669 1224 5724 sive
1259 5669 1486 5724 Alleluia
1512 5686 1634 5725 cum
1671 5670 1844 5725 tribus

201 5760 506 5835 psalmis.
537 5756 916 5829 Unusquisque
941 5759 1282 5816 Christianus
1309 5758 1570 5829 Spiritum
1597 5771 1844 5816 sanctum

204 5856 406 5917 debet
452 5849 643 5912 colere
665 5849 797 5920 ﬁde,
817 5866 912 5924 spe
943 5859 1003 5909 et
1025 5849 1315 5910 cbaritate.
1351 5849 1463 5910 Has
1489 5858 1603 5910 tres
1627 5869 1843 5911 sorores

1950 4673 2303 4732 perseverare
2334 4659 2389 4713 in
2411 4658 2698 4723 desiderio,
2732 4659 2902 4714 donec
2925 4660 3107 4714 veniat
3137 4659 3282 4730 quod
3304 4660 3543 4730 promis-

1951 4769 2071 4811 sum
2099 4761 2202 4816 est,
2229 4760 2286 4806 et
2307 4760 2548 4807 transeat
2572 4752 2824 4823 gemitus,
2852 4752 3107 4807 succedat
3133 4751 3245 4807 sola
3276 4751 3536 4809 laudatio.

1951 4828 2223 4914 Quidquid
2249 4843 2514 4899 orationis
2562 4842 2622 4896 ﬁt
2659 4842 2728 4896 ab
2773 4841 2858 4895 his
2903 4841 2996 4910 qui
3025 4841 3293 4895 veraciter
3327 4840 3537 4897 Pascha

1951 4935 2261 4998 celebrant,
2293 4934 2406 4988 sive
2447 4934 2502 4986 in
2529 4931 2752 4986 collecta
2773 4971 2788 4994 ,
2821 4944 2917 4983 seu
2957 4930 3011 4982 in
3044 4928 3292 4984 cubiculo
3330 4932 3536 5000 cordis,

1950 5033 2236 5095 propterea
2261 5022 2321 5075 ﬁt
2341 5030 2400 5075 ut
2425 5021 2570 5090 quod
2594 5019 2923 5088 promissum
2954 5027 3068 5085 est,
3099 5026 3154 5073 et
3190 5020 3429 5075 nondum
3457 5029 3538 5076 te-

1950 5124 2129 5179 netur,
2159 5113 2414 5168 adveniat
2444 5111 2563 5165 vice
2585 5110 2837 5165 desiderii
2865 5112 3006 5181 quod
3039 5118 3260 5165 sanctus
3283 5111 3538 5182 Augusti-

1948 5223 2053 5261 nus
2076 5213 2362 5269 memorat,
2389 5204 2692 5259 celebratur
2717 5204 2893 5258 oratio
2936 5202 3252 5257 sacerdotis.
3297 5203 3443 5258 Idem
3479 5203 3537 5258 in

1947 5300 2300 5370 sequentibus
2329 5298 2565 5354 ostendit
2603 5313 2766 5367 quam
2811 5296 3050 5350 lzetitiam
3097 5294 3303 5350 recolat
3347 5303 3536 5350 sancta

1946 5392 2191 5447 Ecclesia
2247 5391 2302 5445 in
2353 5391 2543 5446 diebus
2589 5389 2840 5444 omnibus
2883 5387 3250 5444 Pentecostes.
3299 5384 3537 5457 Propter

1949 5485 2098 5548 haec,
2137 5483 2347 5553 inquit,
2388 5483 2495 5536 duo
2522 5490 2784 5549 tempora,
2820 5495 2988 5534 unum
3016 5479 3158 5548 quod
3195 5493 3340 5534 nunc
3365 5476 3533 5534 estin

1953 5574 2391 5629 tribulationibus
2412 5580 2468 5626 et
2504 5569 2891 5625 tentationibus
2926 5569 3087 5640 hujus
3118 5569 3266 5636 vitae,
3301 5568 3534 5626 alterum

1949 5668 2092 5738 quod
2121 5676 2247 5720 tunc
2270 5665 2374 5719 erit
2396 5664 2451 5716 in
2476 5662 2766 5717 securitate
2788 5670 2841 5716 et
2865 5661 3227 5717 exsultatione
3248 5671 3526 5734 perpetua,

1949 5761 2194 5816 instituta
2221 5765 2306 5812 est
2331 5755 2486 5811 nobis
2514 5755 2678 5810 etiam
2719 5755 3012 5810 celebratio
3052 5756 3279 5811 duorum
3321 5767 3532 5826 tempo-

1949 5869 2070 5910 rum
2095 5858 2226 5908 ante
2247 5845 2457 5907 Pascha
2479 5854 2678 5922 etpost
2703 5846 2934 5906 Pascha.
2961 5845 3098 5906 illud
3120 5849 3265 5921 quod
3292 5857 3375 5906 est
3402 5854 3531 5904 ante
