4000 6474
493 373 632 436 1207

1524 373 1856 432 AMALARH
1891 367 2327 431 PRESBYTER!
2361 365 2704 427 METENSIS

3645 355 3801 414 1203

489 494 700 551 Pascha
741 491 1012 565 signiﬁmt
1056 489 1490 556 tribulationem,
1532 489 1584 544 in
1627 506 1734 561 qua
1779 490 1936 544 modo
1985 503 2074 542 su-
2099 481 2153 544 Α
2176 482 2530 538 acclamatum
2551 489 2636 537 est
2675 476 2757 535 eis
2798 477 2854 532 in
2871 474 3171 531 ‘Lateranis
3200 473 3254 529 in
3279 470 3508 528 basilica
3559 469 3796 525 Iuliana

491 606 614 648 mus
631 607 644 620 ·
678 590 821 661 quod
849 603 980 645 vero
1006 604 1149 644 nunc
1171 588 1380 659 agimus
1405 593 1527 657 post
1549 586 1780 652 Pascha,
1803 583 2071 653 signiﬁcat

491 681 881 738 beatitudinem
929 681 984 736 in
1025 696 1130 750 qua
1177 688 1359 749 postea
1390 677 1628 755 erimus.
1676 675 1814 730 Ante
1862 674 2070 728 Pascha

493 787 624 844 ergo
652 773 794 843 quod
819 772 1178 833 celebramus,
1207 771 1309 825 hoc
1341 777 1396 823 et
1422 768 1666 838 agimus;
1700 773 1824 836 post
1862 765 2072 820 Pascha

493 875 672 921 autem
697 867 845 937 quod.
872 865 1226 928 celebramus,
1258 863 1624 933 signiﬁcamus
1666 861 1808 931 quod
1835 860 2072 915 nondum

493 967 791 1012 tenemus.-
823 965 1088 1026 -I'opterea
1116 954 1243 1009 illud
1277 965 1487 1022 tempus
1524 952 1578 1006 in
1612 950 1832 1019 jejuniis
1870 958 1927 1005 et
1951 963 2074 1003 ora-

495 1050 732 1104 tionibus
777 1053 1131 1113 uiercemus;
1192 1048 1296 1101 hoc
1346 1061 1474 1101 vero
1519 1053 1766 1114 tempus,
1820 1043 2074 1098 relaxatis

490 1140 730 1211 jejuniis,
763 1140 816 1193 in
855 1139 1104 1194 laudibus
1144 1138 1372 1208 agimus.
1403 1137 1516 1192 Hoc
1541 1146 1624 1191 est
1663 1136 1807 1190 enim
1846 1134 2072 1189 Alleluia

497 1233 642 1302 quod
672 1240 955 1286 cantamus
977 1231 1118 1300 quod
1141 1230 1331 1285 Latine
1363 1214 1768 1298 interpretatur,
1793 1235 1854 1281 ut
1881 1227 2071 1292 nostis,

497 1325 736 1380 Laudate
781 1325 1088 1380 Dominum.
1135 1324 1259 1379 Ideo
1299 1323 1428 1378 illud
1477 1331 1687 1392 tempus
1731 1329 1854 1375 ante
1895 1335 2076 1375 resur-

499 1420 814 1484 rectionem,
843 1419 948 1474 hoc
976 1426 1184 1487 tempus
1224 1424 1346 1486 post
1373 1415 1821 1471 resurrectionem
1863 1411 2076 1467 Domini

497 1521 600 1579 est,
625 1527 732 1581 quo
755 1519 999 1581 tempore
1029 1509 1367 1579 significatur
1393 1508 1506 1561 vita
1526 1505 1729 1571 futura,
1751 1520 1911 1575 quam
1944 1519 2074 1558 non-

499 1589 936 1667 dum’tenemus,
982 1603 1107 1671 quia
1149 1601 1293 1670 quod
1325 1598 1694 1671 signiﬁcamus
1731 1605 1853 1666 post
1895 1609 2077 1651 resur-

497 1696 795 1752 rectionem
837 1695 1072 1757 Domini,
1113 1693 1416 1750 tenebimus
1456 1700 1580 1762 post
1626 1689 2074 1746 resurrectionem

497 1796 762 1841 nostram.
814 1785 873 1840 ln
925 1787 1102 1854 capite
1151 1785 1296 1839 enim
1351 1792 1539 1838 nostro
1585 1789 1872 1850 utrumque
1918 1779 2076 1834 nobis

499 1875 784 1946 ﬁguratum
811 1886 915 1943 est,
943 1883 1234 1945 utrumque
1268 1876 1696 1930 demonstratum
1741 1879 1843 1925 est.
1889 1870 2077 1925 Passio

499 1969 710 2023 Domini
739 1968 976 2022 ostendit
1017 1967 1173 2021 nobis
1200 1967 1364 2020 vitam
1406 1965 1688 2034 praesentis
1713 1961 2076 2026 necessitatis,

501 2062 626 2130 quia
657 2067 873 2129 oportet
915 2067 971 2114 et
1007 2059 1252 2112 laborare
1290 2065 1346 2112 et
1386 2058 1653 2122 tribulari,
1697 2065 1751 2110 ct
1793 2058 1861 2110 ad
1900 2062 2081 2109 extre-

500 2166 648 2204 mum
680 2150 817 2204 mori
849 2167 861 2202 :
906 2149 1232 2203 resurrectio
1266 2163 1395 2202 vero
1427 2157 1482 2202 et
1522 2148 1839 2203 clariﬁcatio
1866 2146 2079 2201 Domini

499 2241 737 2296 ostendit
779 2241 934 2296 nobis
976 2241 1166 2306 vitam,
1209 2256 1374 2310 quam
1416 2240 1686 2311 accepturi
1733 2255 1918 2295 sumus
1957 2252 2079 2293 cum

403 2337 414 2345 ‘
500 2333 713 2388 venerit
746 2333 1048 2389 retribuere
1091 2335 1251 2404 digna
1294 2334 1487 2404 dignis,
1534 2333 1674 2388 mala
1719 2332 1894 2397 malis,
1941 2333 2080 2387 bona

499 2424 675 2478 bonis.
717 2423 780 2476 Et
807 2424 1024 2494 quidem
1063 2426 1220 2479 modo
1251 2424 1374 2478 mali
1413 2440 1602 2479 omnes
1632 2423 1911 2478 nobiscum
1946 2438 2078 2477 can-

503 2525 618 2571 tare
647 2525 868 2586 possunt
898 2514 1145 2570 Alleluia.
1190 2513 1247 2568 Si
1280 2523 1460 2569 autem
1493 2514 1548 2568 in
1576 2513 1782 2568 malitia
1821 2527 1917 2568 sua
1953 2527 2079 2582 per—

499 2610 905 2675 severaverint,
953 2610 1223 2665 canticum
1269 2610 1642 2663 vitzenostra:
1686 2606 1879 2661 futuras
1925 2605 2083 2660 labiis

489 2711 755 2772 poterunt
788 2703 999 2768 dicere;
1033 2703 1205 2772 ipsam
1238 2716 1368 2756 vero
1400 2701 1566 2755 vitam
1595 2714 1714 2768 qua:
1737 2704 1866 2752 tunc
1891 2696 1997 2752 erit
2027 2696 2082 2750 in

500 2810 566 2850 ea
593 2795 820 2850 veritate
850 2810 969 2864 qua:
998 2809 1142 2848 nunc
1168 2793 1527 2864 signiﬁcatur,
1554 2791 1799 2847 obtinere
1827 2804 1936 2845 non
1961 2803 2085 2860 pos-

499 2893 645 2950 sunt,
671 2886 796 2955 quia
834 2885 1124 2941 noluerunt
1143 2885 1412 2949 meditari,
1438 2892 1727 2953 antequam
1749 2883 1979 2946 veniret,
2009 2889 2087 2936 te-

502 2989 632 3031 nere
659 2977 803 3045 quod
827 2984 1114 3030 venturum
1143 2985 1284 3031 erat.
1308 2975 1460 3030 Nunc
1481 2990 1632 3046 ergo,
1653 2973 1866 3038 fratres,
1891 2973 2086 3028 exhor-

2103 1833 2152 1893 B

2174 580 2243 632 ab
2268 577 2414 631 omni
2441 576 2585 631 clero
2618 573 2704 627 vel
2731 580 2919 628 senatu
2947 585 2962 637 ;
3013 568 3250 634 Exaudi,
3293 565 3530 628 Christe,
3593 563 3799 617 Phoce,-

2174 667 2429 736 Augusto,
2459 675 2508 719 et
2531 665 2764 720 Leontio:
2783 663 3036 729 Augustae
3061 660 3187 714 vita.
3216 659 3369 714 Tunc
3387 656 3576 725 jussit
3609 657 3792 726 ipsam

2173 756 2387 812 ieonam
2446 755 2698 810 dominus
2753 752 3102 808 beatissimus
3154 759 3210 805 et
3261 748 3623 820 apostolicus
3654 747 3796 802 Gre-

2175 849 2358 917 gorius
2381 861 2520 917 papa
2547 845 2735 917 reponi
2764 847 2817 900 in
2844 845 3083 899 oratorio
3120 842 3178 897 S.
3227 841 3454 897 Czesarii
3504 843 3673 896 intra
3701 857 3794 912 pa-

2175 939 2381 994 latium.
2423 939 2666 1008 Oportet,
2708 936 2907 992 fratres
2945 934 3271 998 charissimi,
3315 941 3377 988 ut
3408 931 3643 1004 ﬂagella
3674 933 3791 999 Dei,

2175 1047 2296 1101 quae
2343 1039 2584 1086 metuere
2613 1036 2839 1084 ventura
2887 1028 3192 1093 debuimus,
3244 1026 3446 1081 saltem
3481 1026 3786 1095 praesentia

2176 1130 2232 1178 et
2257 1130 2482 1191 experta
2506 1122 2816 1176 timeamus.
2847 1119 3236 1175 Conversionis
3259 1119 3420 1173 nobis
3446 1117 3677 1171 aditum
3700 1119 3791 1172 do-
3856 1104 3860 1107 ’

2176 1215 2259 1270 lor
2281 1215 2512 1285 aperiat,
2535 1223 2592 1268 et
2618 1213 2787 1269 nostri
2810 1213 2991 1267 cordis
3020 1212 3278 1266 duritiam
3309 1211 3433 1280 ipsa
3451 1207 3598 1277 iam,
3631 1224 3790 1278 quam

2175 1309 2436 1378 patimur,
2486 1322 2648 1377 poena
2690 1305 2971 1361 dissolvat.
3006 1303 3077 1360 Ut
3123 1305 3289 1368 enim,
3335 1303 3624 1372 propheta
3659 1308 3788 1355 teste

2175 1401 2492 1472 praedictum
2525 1407 2630 1464 est,
2662 1399 2911 1470 pervenit
2948 1396 3158 1468 gladius
3198 1410 3376 1466 usque
3405 1395 3480 1448 ad
3520 1395 3781 1448 animam.

2176 1494 2316 1550 Ecce
2341 1492 2542 1548 etenim
2567 1497 2764 1546 cuncta
2783 1489 2938 1560 plebs
2959 1487 3197 1543 caelestis
3224 1487 3323 1541 ira:
3361 1500 3642 1540 mucrone
3664 1499 3786 1554 per-

2177 1584 2400 1649 cutitur,
2449 1591 2504 1638 et
2547 1583 2826 1653 repentina
2881 1579 3077 1649 singuli
3124 1579 3271 1634 caede
3321 1585 3641 1640 vastantur,
3683 1591 3781 1631 nec

2177 1674 2408 1743 languor
2434 1681 2662 1727 mortem
2699 1671 2979 1740 praevenit,
3027 1670 3120 1724 sed
3161 1669 3449 1740 languoris
3485 1682 3694 1730 moras,
3729 1676 3785 1719 ut

2180 1764 2425 1828 cernitis,
2455 1775 2604 1817 mors
2646 1759 2950 1830 praecurrit.
3011 1757 3314 1812 Percussus
3365 1758 3609 1827 quisque
3656 1764 3786 1810 ante

2180 1858 2392 1927 rapitur
2438 1870 2601 1926 quam
2649 1854 2718 1909 ad
2765 1853 3001 1907 lamenta
3030 1849 3375 1921 poenitentiae
3402 1856 3780 1904 convertatur.

2181 1948 2414 2004 Pensate
2436 1962 2565 2018 ergo
2593 1941 2768 2016 qualis
2795 1953 2922 1998 ante
2941 1951 3297 2012 conspectum
3325 1941 3567 1995 districti
3589 1939 3788 2008 indicis

2180 2040 2447 2112 pervenit,
2476 2039 2694 2094 cuinon
2725 2043 2883 2090 vacat
2907 2034 3035 2090 flere
3073 2034 3220 2103 quod
3246 2031 3394 2087 fecit.
3429 2030 3788 2085 Habitatores

2181 2133 2379 2202 quippe
2398 2145 2506 2186 non
2533 2144 2600 2184 ex
2641 2136 2797 2198 parte
2839 2127 3259 2189 subtrahuntur,
3298 2125 3393 2178 sed
3415 2124 3636 2192 pariter
3666 2137 3789 2177 cor-

2182 2234 2382 2281 ruunt:
2414 2225 2605 2280 domus
2644 2237 2829 2277 vacua:
2866 2219 3264 2289 relinquuntur,
3295 2218 3529 2271 ﬁliorum
3573 2215 3789 2269 funera

2181 2326 2438 2389 parentes
2463 2315 2756 2386 aspiciunt,
2783 2320 2839 2367 et
2867 2311 2950 2367 sui
2992 2325 3087 2366 eos
3131 2309 3196 2364 ad
3221 2309 3483 2363 interitum
3514 2307 3780 2361 haeredes

2182 2408 2514 2480 prmcedunt.
2571 2402 2954 2473 Unusquisque
3001 2415 3133 2472 ergo
3185 2408 3414 2454 nostrum
3463 2397 3536 2452 ad
3584 2398 3785 2466 poeni—

2183 2500 2367 2555 tentia:
2393 2498 2630 2552 lamenta
2673 2494 2969 2564 confugiat,
2995 2493 3121 2548 dum
3147 2492 3276 2547 ﬂere
3299 2498 3423 2544 ante
3461 2489 3788 2560 percussio-

2184 2605 2307 2646 nem
2333 2596 2512 2644 vacat.
2544 2588 2882 2642 Revocemus
2910 2592 3037 2639 ante
3063 2582 3251 2639 oculos
3289 2581 3495 2636 mentis
3520 2577 3788 2650 quidquid

2184 2682 2418 2737 errando
2466 2679 2839 2735 commisimus
2868 2718 2883 2744 ,
2933 2685 2990 2733 et
3036 2674 3180 2744 quod
3238 2673 3498 2742 nequiter
3553 2671 3779 2740 egimus,

2185 2774 2362 2830 ﬂendo
2394 2774 2702 2844 puniamus.
2733 2769 3136 2825 Praeveniamus
3162 2765 3359 2821 faciem
3404 2763 3528 2831 ejus
3571 2762 3626 2816 in
3647 2776 3786 2815 eon-

2187 2867 2448 2934 fessione,
2483 2875 2538 2921 et
2564 2866 2705 2921 sicut
2731 2857 3004 2934 Propheta
3039 2859 3315 2922 admonet,
3349 2856 3601 2910 levemus
3622 2852 3786 2908 corda

2186 2971 2372 3020 nostra
2418 2976 2542 3016 cum
2590 2957 2844 3014 manibus
2890 2956 2957 3010 ad
3003 2954 3192 3009 Deum.
3242 2949 3328 3006 Ad
3361 2949 3541 3004 Deum
3590 2946 3782 3017 quippe

502 3075 682 3119 tamur
705 3082 802 3120 vos
827 3074 886 3120 ut
909 3067 1137 3121 laudetis
1161 3067 1444 3121 Dominum
1462 3082 1477 3130 ;
1494 3040 1566 3120 et~
1577 3065 1680 3121 hoc
1708 3073 1791 3120 est
1811 3066 1952 3134 quod
1975 3079 2081 3119 om-

2189 3053 2353 3109 corda
2376 3066 2499 3106 cum
2535 3049 2785 3104 manibus
2811 3045 3008 3111 levare,
3036 3050 3119 3098 est
3143 3040 3417 3096 orationis
3441 3046 3654 3094 nostra:
3673 3046 3780 3090 stn-

501 3169 600 3211 nes
617 3155 866 3223 dicimus,
889 3157 1103 3226 quando
1124 3157 1353 3212 dicimus
1372 3156 1617 3220 Alleluia,
1641 3155 1878 3210 Laudate
1898 3155 2086 3211 Deum.
2115 3185 2161 3250 Ο

1071 3265 1299 3324 CAPUT
1325 3263 1513 3322 XXIV.

893 3335 1152 3408 Repetitio
1171 3339 1234 3392 de
1268 3338 1456 3393 litania
1487 3337 1708 3408 majore.

571 3428 796 3497 Quando
821 3430 1013 3512 scripsi
1032 3431 1100 3485 de
1122 3431 1310 3486 litania
1349 3429 1553 3500 majore
1591 3431 1647 3485 in
1688 3432 2080 3502 superioribus,

501 3523 557 3579 id
579 3531 664 3579 est
690 3523 744 3577 in
771 3523 948 3592 primo
970 3522 1150 3579 libello
1187 3522 1623 3594 hujusce-operis
1665 3523 1901 3578 nondum
1943 3523 2087 3596 lege-

503 3629 620 3670 ram
646 3614 796 3670 illam
822 3623 1080 3670 statutam
1121 3629 1241 3669 esse
1267 3629 1298 3668 a
1327 3621 1517 3669 sancto
1539 3613 1822 3685 Gregorio.
1869 3613 1990 3668 Dixi
2021 3615 2087 3670 il-

502 3704 608 3759 lam
636 3711 892 3760 statutam
922 3719 1042 3760 esse
1065 3704 1135 3760 ob
1165 3705 1298 3760 duas
1341 3719 1552 3771 causas,
1603 3704 1831 3770 scilicet,
1864 3713 2086 3776 propter

500 3796 841 3874 imminentia
862 3796 1003 3851 bella
1025 3811 1147 3865 qua:
1169 3809 1237 3851 eo
1262 3803 1505 3866 tempore
1529 3796 1758 3851 excitari
1781 3804 2005 3866 possunt
2027 3804 2085 3852 et

501 3897 722 3957 propter
747 3888 930 3957 fruges
968 3890 1385 3946 conservandas.
1421 3889 1491 3942 At
1517 3897 1805 3959 postquam
1831 3889 1938 3960 legi
1966 3898 2081 3945 sta-

502 3984 679 4032 tutum
709 3978 881 4031 sancti
923 3975 1188 4047 Gregorii,
1235 3977 1419 4033 curavi
1460 3976 1589 4032 illud
1624 3978 1712 4035 hic
1741 3979 2086 4050 interponere

502 4065 693 4121 eodem
722 4067 884 4122 modo
904 4067 1180 4137 utlcgitur
1200 4067 1254 4122 in
1275 4067 1547 4124 volumine
1569 4068 1920 4138 epistolamm
1945 4063 2080 4138 ejus.

501 4159 631 4216 Post
656 4159 797 4229 quod
844 4159 1095 4216 similiter
1131 4160 1317 4215 curavi
1365 4159 1646 4231 epistolam
1684 4161 1972 4230 quamdam
2013 4159 2083 4215 ad

500 4257 739 4312 Phocam
761 4255 1142 4327 imperatorem
1169 4257 1510 4321 subnectere,
1535 4255 1591 4309 in
1615 4269 1722 4324 qua
1747 4254 2087 4311 demonstra-

499 4355 608 4415 tur,
635 4363 668 4404 a
693 4346 1174 4419 Longobardorum
1211 4356 1368 4419 gente
1397 4362 1463 4403 eo
1491 4355 1735 4418 tempore
1760 4345 2082 4403 debacchari

501 4443 760 4500 terminos
786 4441 1170 4498 Romanorum.

1073 4531 1300 4587 CAPUT
1341 4530 1508 4585 XXV.

741 4599 1042 4670 Sequuntur
1064 4602 1204 4654 dicta
1229 4617 1293 4654 ea:
1328 4603 1558 4672 epistolis
1581 4599 1838 4671 Gregorii.

570 4692 632 4748 In
653 4691 872 4746 nomine
893 4691 991 4746 Dei
1023 4690 1320 4762 Salvatoris
1344 4693 1518 4746 nostri
1557 4690 1686 4746 Jesu
1723 4691 1948 4757 Christi,
1983 4705 2083 4761 per

501 4787 852 4850 indictionem
891 4792 1120 4850 sextam,
1157 4783 1244 4851 die
1272 4781 1530 4839 vicesima
1554 4783 1716 4840 tertia
1742 4782 1947 4838 mensis
1975 4780 2083 4838 No-

498 4877 758 4943 vembris,
788 4876 1118 4947 temporibus
1140 4875 1343 4931 domini
1370 4883 1428 4929 et
1450 4873 1750 4930 beatissimi
1775 4889 1926 4944 papae
1948 4871 2083 4929 Gre-

501 4970 662 5041 gorii,
705 4978 995 5024 coronatus
1035 4977 1119 5024 est
1161 4967 1370 5023 Phocas
1398 4975 1454 5022 et
1495 4965 1723 5022 Leontio
1761 4966 2001 5037 Augusta
2025 4965 2084 5020 in

500 5065 732 5136 septimo
756 5064 812 5118 in
833 5061 1035 5132 palatio
1058 5061 1201 5130 quod
1241 5061 1436 5116 dicitur
1467 5059 1854 5116 Secundianas.
1881 5057 1950 5114 Et
1985 5074 2080 5115 oc-

501 5155 646 5210 cisus
673 5160 756 5210 est
778 5152 1072 5207 Mauricius
1092 5151 1386 5220 imperator
1405 5166 1529 5206 cum
1552 5151 1804 5206 omnibus
1825 5149 1948 5205 ﬁliis
1970 5150 2083 5206 suis

499 5246 778 5311 masculis,
823 5245 998 5309 idest,
1041 5243 1338 5300 Theodosio
1363 5241 1476 5311 jam
1514 5251 1794 5309 coronato,
1838 5242 2080 5310 Tiberio,

499 5343 682 5406 Petro,
717 5339 888 5394 Paulo
927 5345 985 5392 et
1030 5336 1352 5400 Justiniano,
1407 5335 1567 5390 simul
1612 5342 1667 5388 et
1713 5334 1873 5389 Petro
1911 5332 2082 5388 fratre

500 5431 854 5504 suprascripti
878 5428 1122 5484 Mauricii
1142 5428 1388 5499 Augusti,
1412 5426 1506 5482 sed
1526 5435 1580 5481 et
1601 5425 1768 5496 aliqui
1789 5440 2077 5496 procerum

502 5525 595 5594 qui
628 5525 679 5579 ei
706 5522 1071 5585 cohaerebant,
1101 5520 1154 5574 id
1179 5528 1282 5583 est,
1309 5517 1696 5572 Constantinus
1720 5515 1998 5584 patricius,
2023 5521 2080 5568 et

503 5624 722 5671 curator
773 5616 840 5670 de
884 5612 1194 5676 Placidias,
1253 5609 1348 5664 sed
1398 5616 1452 5663 et
1497 5607 1790 5678 Gregorius
1834 5605 2080 5660 notarius

503 5706 779 5779 principis.
805 5706 963 5760 Venit
991 5713 1169 5760 autem
1191 5703 1346 5768 icona
1366 5701 1850 5772 suprascriptorum
1887 5697 2080 5755 Phoce:

505 5808 561 5858 et
595 5797 829 5864 Leontitc
855 5797 1107 5869 Augusta:
1148 5795 1336 5862 Romae
1371 5792 1758 5876 virlialendar.
1802 5789 1991 5858 Maiar.
2022 5797 2080 5849 et

2191 3145 2338 3200 dium
2366 3157 2491 3197 cum
2519 3138 2713 3194 merito
2739 3138 2893 3193 home
2921 3133 3251 3207 Operationis
3277 3132 3523 3203 erigere.
3549 3129 3649 3184 Dat
3665 3140 3778 3198 pro

2192 3237 2356 3299 fecto,
2384 3233 2478 3287 dat
2497 3229 2720 3286 tremori
2747 3235 2937 3284 nostro
2979 3225 3255 3290 ﬁduciam,
3279 3223 3377 3294 qui
3399 3237 3508 3292 per
3547 3219 3780 3291 prophe-

2191 3337 2301 3384 tam
2324 3325 2542 3391 clamat,
2575 3321 2718 3378 Nolo
2758 3329 2975 3376 mortem
3014 3316 3322 3390 peccatoris,
3367 3314 3467 3369 sed
3492 3325 3550 3368 ut
3576 3325 3778 3366 conser-

2189 3427 2353 3484 tatur,
2381 3427 2429 3472 et
2469 3417 2624 3471 vivat.
2648 3412 2838 3468 Nullus
2874 3419 3054 3467 autem
3077 3410 3144 3465 de
3175 3407 3538 3478 iniquitatum
3564 3418 3777 3461 suarum

2188 3508 2527 3565 immanitate
2578 3505 2848 3574 desperet.
2903 3501 3228 3557 Veternosas
3280 3512 3529 3568 namque
3579 3493 3775 3549 Ninivi-

2188 3608 2366 3655 tarum
2396 3597 2582 3667 culpas
2613 3594 2860 3648 triduana
2908 3590 3227 3662 poenitentia
3276 3589 3543 3660 aspersit,
3573 3595 3628 3642 et
3655 3601 3780 3641 con-

2186 3707 2374 3747 versus
2400 3690 2539 3745 latro
2559 3688 2684 3744 vitm
2708 3685 2931 3756 praemia
2953 3684 3196 3740 etiamin
3223 3683 3341 3752 ipsa
3368 3681 3640 3737 sententia
3665 3693 3778 3732 sua

2188 3785 2380 3842 mortis
2405 3785 2655 3839 emeruit.
2685 3778 2955 3833 Mutemus
2984 3776 3151 3847 igitur
3180 3776 3370 3840 corda,
3400 3781 3453 3828 et
3483 3785 3776 3843 prauum.

2187 3893 2310 3933 mus
2345 3891 2444 3931 nos
2483 3873 2598 3944 jam
2645 3871 2951 3942 percepisse
2993 3868 3136 3939 quod
3184 3867 3442 3938 petimus.
3487 3864 3662 3920 Citius
3709 3861 3777 3917 ad

2185 3982 2404 4040 precem
2425 3965 2590 4035 judex
2609 3961 2864 4024 ﬂectitur,
2894 3958 2940 4014 si
2965 3974 2996 4013 a
3023 3957 3291 4030 pravitate
3312 3970 3408 4010 sua
3428 3954 3629 4024 petitor
3647 3967 3771 4005 cor-

2185 4063 2411 4133 rigatur.
2442 4056 2759 4113 lmminente
2798 4067 2928 4124 ergo
2956 4059 3118 4105 tanta;
3149 4043 3623 4104 animadversionis
3647 4041 3771 4111 gla-

2187 4154 2297 4219 dio,
2334 4165 2434 4206 nos
2462 4145 2785 4219 importunis
2811 4142 3026 4199 ﬂetibus
3057 4141 3395 4197 insistamus.
3428 4135 3510 4193 Et
3528 4148 3776 4204 namque

2185 4259 2306 4317 quae
2333 4244 2543 4314 ingrata
2577 4252 2697 4295 esse
2733 4235 3044 4292 hominibus
3073 4231 3461 4303 importunitas
3502 4227 3661 4317 solet,
3689 4226 3775 4294 ju-

2187 4316 2331 4392 dicio
2366 4330 2612 4388 veritatis
2650 4328 2850 4400 placet.
2883 4325 3021 4394 Quia
3046 4323 3168 4396 pius
3193 4337 3258 4377 ac
3285 4319 3609 4376 misericors
3631 4316 3777 4373 Deus

2185 4427 2303 4484 vult
2340 4441 2371 4481 a
2396 4439 2456 4481 se
2483 4422 2736 4496 precibus
2780 4418 2995 4476 veniam
3037 4415 3204 4487 exigi,
3246 4415 3337 4485 qui
3367 4421 3640 4483 quantum
3668 4427 3779 4465 me-

2104 4541 2161 4602 Ῑ)
2188 4535 2390 4586 remur,
2417 4531 2528 4572 non
2553 4514 2670 4570 vult
2697 4510 2880 4567 irasci.
2919 4509 3059 4564 Hinc
3086 4506 3290 4562 etenim
3310 4520 3412 4575 per
3429 4504 3770 4560 Psalmistam

2183 4611 2332 4675 dicit,
2349 4609 2544 4663 Invoca
2566 4621 2647 4659 me
2664 4604 2721 4658 in
2743 4603 2829 4656 die
2847 4598 3198 4655 tribulationis
3218 4606 3342 4660 tuta,
3356 4605 3409 4650 et
3425 4611 3612 4650 eruam
3635 4605 3705 4658 te,
3724 4601 3772 4647 et

2185 4696 2546 4771 magniﬁcabis
2573 4709 2678 4747 me.
2702 4691 2822 4762 Ipse
2861 4703 2990 4760 ergo
3019 4687 3123 4743 sibi
3145 4687 3300 4742 testis
3323 4693 3435 4751 est,
3463 4686 3597 4755 quia
3625 4686 3774 4738 invo—

2183 4789 2431 4848 cantibus
2457 4784 2704 4840 misereri
2749 4780 3040 4845 desiderat,
3085 4779 3178 4848 qui
3221 4777 3484 4833 admonet
3519 4786 3585 4832 ut
3629 4777 3777 4831 invo-

2184 4891 2357 4938 cetur.
2383 4877 2638 4942 Proinde,
2662 4874 2859 4929 fratres
2892 4869 3218 4934 charissimi,
3241 4870 3483 4925 contrito
3514 4869 3686 4924 corde
3724 4875 3776 4922 et

2186 4972 2448 5031 correctis
2490 4967 2745 5039 operibus
2784 4964 3024 5020 crastina
3064 4962 3152 5018 die
3187 4961 3366 5031 primo
3419 4960 3665 5015 diluculo
3710 4959 3775 5015 ad

2184 5062 2563 5133 scptiformem
2585 5054 2833 5111 litaniam
2867 5052 3022 5123 juxta
3071 5049 3515 5104 distributionem
3551 5048 3776 5104 inferius

2184 5155 2541 5222 designatam,
2569 5149 2764 5204 devota
2809 5160 2934 5202 cum
2960 5142 3218 5214 lacrymis
3251 5150 3436 5198 mente
3464 5142 3775 5197 veniamus.

2181 5242 2370 5299 Nullus
2395 5247 2636 5295 vestrum
2665 5238 2734 5293 ad
2755 5244 2971 5292 terrena
3004 5248 3168 5304 opera
3201 5233 3256 5288 in
3284 5245 3416 5303 agro
3445 5241 3631 5298 exeat,
3657 5233 3779 5287 nul.

2182 5332 2265 5388 lus
2295 5329 2571 5400 quodlibet
2614 5326 2888 5397 negotium
2935 5339 3096 5396 agere
3139 5332 3456 5395 pmsumat,
3495 5333 3777 5393 quatenus

2184 5423 2252 5477 ad
2281 5428 2482 5477 sancta:
2501 5415 2780 5489 genitricis
2804 5415 3017 5470 Domini
3043 5413 3331 5469 ecclesiam
3357 5414 3775 5480 cunvenienles',

2185 5517 2277 5586 qui
2330 5513 2492 5571 simul
2537 5525 2727 5568 omnes
2779 5509 3145 5580 peccavimus,
3195 5506 3358 5562 simul
3399 5519 3598 5562 omnes
3633 5507 3777 5564 male

2185 5623 2305 5677 quae
2335 5605 2587 5667 facimus,
2617 5599 2976 5671 deploremus,
3018 5607 3078 5653 ut
3115 5597 3395 5654 districtus
3428 5597 3599 5666 iudex
3641 5605 3776 5652 dum

2185 5699 2370 5768 culpas
2393 5704 2606 5750 nostras
2628 5691 2948 5763 nos'punire
2975 5690 3303 5753 considerat,
3333 5690 3451 5758 ipse
3478 5704 3510 5743 a
3553 5698 3778 5742 sentu-

2185 5790 2262 5846 tia
2291 5786 2580 5862 propositae
2602 5783 2963 5846 damnationis
2989 5789 3196 5856 parcat.
3226 5779 3520 5854 Sequitur:
3549 5777 3772 5842 Lilanil
