  <div class='ocr_page' id='page_1' title='image "/cluster/home/n/w/nwhite01/storage/ocr_20150623/105/hvd.32044021109350/608.png"; bbox 0 0 4000 6516; ppageno 0'>
   <div class='ocr_carea' id='block_1_1' title="bbox 252 398 392 456">
    <p class='ocr_par' dir='ltr' id='par_1_1' title="bbox 252 398 392 456">
     <span class='ocr_line' id='line_1_1' title="bbox 252 398 392 456; baseline -0.021 0"><span class='ocrx_word' id='word_1_1' title='bbox 252 401 284 456; x_wconf 76' lang='grc'><strong>-1</strong></span> <span class='ocrx_word' id='word_1_2' title='bbox 294 398 392 454; x_wconf 71' lang='grc'>209</span> 
     </span>
    </p>
   </div>
   <div class='ocr_carea' id='block_1_2' title="bbox 987 379 2743 450">
    <p class='ocr_par' dir='ltr' id='par_1_2' title="bbox 987 379 2743 450">
     <span class='ocr_line' id='line_1_2' title="bbox 987 379 2743 450; baseline 0.003 -5"><span class='ocrx_word' id='word_1_3' title='bbox 987 382 1664 446; x_wconf 68' lang='grc' dir='ltr'><strong>ΒΕἚΟΟῙιΕΒΙΑΒΤΙΟΙΘ</strong></span> <span class='ocrx_word' id='word_1_4' title='bbox 1703 379 1990 445; x_wconf 83' lang='lat' dir='ltr'><strong>OFFiCilS</strong></span> <span class='ocrx_word' id='word_1_5' title='bbox 2027 385 2211 446; x_wconf 76' lang='lat' dir='ltr'><strong>LIBRI</strong></span> <span class='ocrx_word' id='word_1_6' title='bbox 2247 385 2336 446; x_wconf 78' lang='lat' dir='ltr'><strong>iV.</strong></span> <span class='ocrx_word' id='word_1_7' title='bbox 2378 380 2447 434; x_wconf 60' lang='lat'><strong>3-</strong></span> <span class='ocrx_word' id='word_1_8' title='bbox 2483 387 2612 449; x_wconf 78' lang='grc' dir='ltr'><strong>ιω.</strong></span> <span class='ocrx_word' id='word_1_9' title='bbox 2652 380 2743 450; x_wconf 70' lang='grc' dir='ltr'><strong>Πξ</strong></span> 
     </span>
    </p>
   </div>
   <div class='ocr_carea' id='block_1_3' title="bbox 3346 381 3494 454">
    <p class='ocr_par' dir='ltr' id='par_1_3' title="bbox 3346 381 3494 454">
     <span class='ocr_line' id='line_1_3' title="bbox 3346 381 3494 454; baseline -0.014 0"><span class='ocrx_word' id='word_1_10' title='bbox 3346 381 3494 454; x_wconf 74' lang='lat' dir='ltr'><strong>mo</strong></span> 
     </span>
    </p>
   </div>
   <div class='ocr_carea' id='block_1_4' title="bbox 254 504 3506 584">
    <p class='ocr_par' dir='ltr' id='par_1_4' title="bbox 254 504 3506 584">
     <span class='ocr_line' id='line_1_4' title="bbox 254 504 3506 584; baseline -0.004 -15"><span class='ocrx_word' id='word_1_11' title='bbox 254 512 567 570; x_wconf 80' lang='lat' dir='ltr'><strong>clericorum</strong></span> <span class='ocrx_word' id='word_1_12' title='bbox 612 511 769 560; x_wconf 83' lang='lat' dir='ltr'><strong>exeat</strong></span> <span class='ocrx_word' id='word_1_13' title='bbox 817 505 886 563; x_wconf 87' lang='lat' dir='ltr'><strong>ab</strong></span> <span class='ocrx_word' id='word_1_14' title='bbox 912 505 1144 564; x_wconf 87' lang='lat' dir='ltr'><strong>ecclesia</strong></span> <span class='ocrx_word' id='word_1_15' title='bbox 1179 505 1243 562; x_wconf 85' lang='grc' dir='ltr'><strong>Β.</strong></span> <span class='ocrx_word' id='word_1_16' title='bbox 1290 504 1515 563; x_wconf 81' lang='lat' dir='ltr'><strong>Joannis</strong></span> <span class='ocrx_word' id='word_1_17' title='bbox 1543 507 1818 576; x_wconf 63' lang='lat' dir='ltr'><strong>Baptista.</strong></span> <span class='ocrx_word' id='word_1_18' title='bbox 1847 509 1901 570; x_wconf 81' lang='grc' dir='ltr'><strong>Α</strong></span> <span class='ocrx_word' id='word_1_19' title='bbox 1923 507 2067 578; x_wconf 88' lang='lat' dir='ltr'><strong>quod</strong></span> <span class='ocrx_word' id='word_1_20' title='bbox 2092 516 2280 579; x_wconf 88' lang='lat' dir='ltr'><strong>postea</strong></span> <span class='ocrx_word' id='word_1_21' title='bbox 2310 508 2490 566; x_wconf 80' lang='lat' dir='ltr'><strong>inveni</strong></span> <span class='ocrx_word' id='word_1_22' title='bbox 2510 509 2567 565; x_wconf 93' lang='lat' dir='ltr'><strong>in</strong></span> <span class='ocrx_word' id='word_1_23' title='bbox 2590 506 2816 579; x_wconf 89' lang='lat' dir='ltr'><strong>epistola</strong></span> <span class='ocrx_word' id='word_1_24' title='bbox 2841 507 2882 566; x_wconf 88' lang='lat' dir='ltr'><strong>S</strong></span> <span class='ocrx_word' id='word_1_25' title='bbox 2936 508 3205 584; x_wconf 85' lang='lat' dir='ltr'><strong>Gregorii,</strong></span> <span class='ocrx_word' id='word_1_26' title='bbox 3235 520 3344 582; x_wconf 84' lang='lat' dir='ltr'><strong>quo</strong></span> <span class='ocrx_word' id='word_1_27' title='bbox 3367 520 3506 568; x_wconf 64' lang='grc' dir='ltr'><strong>ιω.-</strong></span> 
     </span>
    </p>
   </div>
   <div class='ocr_carea' id='block_1_5' title="bbox 255 597 3501 670">
    <p class='ocr_par' dir='ltr' id='par_1_5' title="bbox 255 597 3501 670">
     <span class='ocr_line' id='line_1_5' title="bbox 255 597 3501 670; baseline -0.001 -8"><span class='ocrx_word' id='word_1_28' title='bbox 255 603 460 662; x_wconf 88' lang='lat' dir='ltr'><strong>Litania</strong></span> <span class='ocrx_word' id='word_1_29' title='bbox 506 600 768 668; x_wconf 88' lang='lat' dir='ltr'><strong>virorum,</strong></span> <span class='ocrx_word' id='word_1_30' title='bbox 799 602 869 656; x_wconf 87' lang='lat' dir='ltr'><strong>ab</strong></span> <span class='ocrx_word' id='word_1_31' title='bbox 894 601 1124 657; x_wconf 89' lang='lat' dir='ltr'><strong>ecclesia</strong></span> <span class='ocrx_word' id='word_1_32' title='bbox 1167 601 1339 656; x_wconf 90' lang='lat' dir='ltr'><strong>sancti</strong></span> <span class='ocrx_word' id='word_1_33' title='bbox 1385 599 1641 670; x_wconf 81' lang='lat' dir='ltr'><strong>martyris</strong></span> <span class='ocrx_word' id='word_1_34' title='bbox 1686 599 1829 654; x_wconf 84' lang='lat' dir='ltr'><strong>Mar—</strong></span> <span class='ocrx_word' id='word_1_35' title='bbox 1927 611 2062 666; x_wconf 91' lang='lat' dir='ltr'><strong>pore</strong></span> <span class='ocrx_word' id='word_1_36' title='bbox 2106 597 2334 653; x_wconf 80' lang='lat' dir='ltr'><strong>Alleluia</strong></span> <span class='ocrx_word' id='word_1_37' title='bbox 2357 599 2413 654; x_wconf 93' lang='lat' dir='ltr'><strong>in</strong></span> <span class='ocrx_word' id='word_1_38' title='bbox 2451 599 2616 656; x_wconf 90' lang='lat' dir='ltr'><strong>missa</strong></span> <span class='ocrx_word' id='word_1_39' title='bbox 2639 600 2817 670; x_wconf 86' lang='lat' dir='ltr'><strong>primo</strong></span> <span class='ocrx_word' id='word_1_40' title='bbox 2840 610 3118 658; x_wconf 88' lang='lat' dir='ltr'><strong>cantatum</strong></span> <span class='ocrx_word' id='word_1_41' title='bbox 3145 610 3290 660; x_wconf 83' lang='lat' dir='ltr'><strong>esset</strong></span> <span class='ocrx_word' id='word_1_42' title='bbox 3314 604 3370 660; x_wconf 90' lang='lat' dir='ltr'><strong>in</strong></span> <span class='ocrx_word' id='word_1_43' title='bbox 3395 604 3501 660; x_wconf 84' lang='lat' dir='ltr'><strong>Ec-</strong></span> 
     </span>
    </p>
   </div>
   <div class='ocr_carea' id='block_1_6' title="bbox 253 687 3502 764">
    <p class='ocr_par' dir='ltr' id='par_1_6' title="bbox 253 687 3502 764">
     <span class='ocr_line' id='line_1_6' title="bbox 253 687 3502 764; baseline -0.002 -9"><span class='ocrx_word' id='word_1_44' title='bbox 253 697 397 755; x_wconf 91' lang='lat' dir='ltr'><strong>celli.</strong></span> <span class='ocrx_word' id='word_1_45' title='bbox 447 693 658 751; x_wconf 88' lang='lat' dir='ltr'><strong>Litania</strong></span> <span class='ocrx_word' id='word_1_46' title='bbox 701 695 1113 761; x_wconf 86' lang='lat' dir='ltr'><strong>monachorum,</strong></span> <span class='ocrx_word' id='word_1_47' title='bbox 1152 694 1221 748; x_wconf 88' lang='lat' dir='ltr'><strong>ab</strong></span> <span class='ocrx_word' id='word_1_48' title='bbox 1266 693 1492 750; x_wconf 86' lang='lat' dir='ltr'><strong>ecclesia</strong></span> <span class='ocrx_word' id='word_1_49' title='bbox 1527 701 1826 764; x_wconf 87' lang='lat' dir='ltr'><strong>martyrum</strong></span> <span class='ocrx_word' id='word_1_50' title='bbox 1927 687 2092 744; x_wconf 89' lang='lat' dir='ltr'><strong>clesia</strong></span> <span class='ocrx_word' id='word_1_51' title='bbox 2112 688 2375 755; x_wconf 87' lang='lat' dir='ltr'><strong>Romana,</strong></span> <span class='ocrx_word' id='word_1_52' title='bbox 2405 697 2460 746; x_wconf 90' lang='lat' dir='ltr'><strong>et</strong></span> <span class='ocrx_word' id='word_1_53' title='bbox 2482 699 2674 746; x_wconf 60' lang='lat' dir='ltr'><strong>caetera</strong></span> <span class='ocrx_word' id='word_1_54' title='bbox 2716 707 2837 762; x_wconf 72' lang='lat' dir='ltr'><strong>quae</strong></span> <span class='ocrx_word' id='word_1_55' title='bbox 2865 693 3359 753; x_wconf 76' lang='lat' dir='ltr'><strong>manifestabuntur</strong></span> <span class='ocrx_word' id='word_1_56' title='bbox 3383 710 3502 750; x_wconf 73' lang='lat' dir='ltr'><strong>vero</strong></span> 
     </span>
    </p>
   </div>
   <div class='ocr_carea' id='block_1_7' title="bbox 252 785 1825 851">
    <p class='ocr_par' dir='ltr' id='par_1_7' title="bbox 252 785 1825 851">
     <span class='ocr_line' id='line_1_7' title="bbox 252 785 1825 851; baseline -0.004 -3"><span class='ocrx_word' id='word_1_57' title='bbox 252 789 468 848; x_wconf 82' lang='lat' dir='ltr'><strong>Joannis</strong></span> <span class='ocrx_word' id='word_1_58' title='bbox 487 795 543 844; x_wconf 92' lang='lat' dir='ltr'><strong>et</strong></span> <span class='ocrx_word' id='word_1_59' title='bbox 567 787 740 843; x_wconf 88' lang='lat' dir='ltr'><strong>Pauli.</strong></span> <span class='ocrx_word' id='word_1_60' title='bbox 773 787 987 843; x_wconf 86' lang='lat' dir='ltr'><strong>Litania</strong></span> <span class='ocrx_word' id='word_1_61' title='bbox 1013 785 1333 842; x_wconf 87' lang='lat' dir='ltr'><strong>ancillarum</strong></span> <span class='ocrx_word' id='word_1_62' title='bbox 1362 786 1478 851; x_wconf 88' lang='lat' dir='ltr'><strong>Dei,</strong></span> <span class='ocrx_word' id='word_1_63' title='bbox 1502 786 1572 841; x_wconf 91' lang='lat' dir='ltr'><strong>ab</strong></span> <span class='ocrx_word' id='word_1_64' title='bbox 1598 785 1825 842; x_wconf 87' lang='lat' dir='ltr'><strong>ecclesia</strong></span> 
     </span>
    </p>
   </div>
   <div class='ocr_carea' id='block_1_8' title="bbox 249 875 1823 950">
    <p class='ocr_par' dir='ltr' id='par_1_8' title="bbox 249 875 1823 950">
     <span class='ocr_line' id='line_1_8' title="bbox 249 875 1823 950; baseline -0.002 -14"><span class='ocrx_word' id='word_1_65' title='bbox 249 881 525 936; x_wconf 87' lang='lat' dir='ltr'><strong>beatorum</strong></span> <span class='ocrx_word' id='word_1_66' title='bbox 551 886 850 950; x_wconf 87' lang='lat' dir='ltr'><strong>martyrum</strong></span> <span class='ocrx_word' id='word_1_67' title='bbox 889 878 1096 934; x_wconf 59' lang='lat' dir='ltr'><strong>Cosmus</strong></span> <span class='ocrx_word' id='word_1_68' title='bbox 1115 885 1170 932; x_wconf 90' lang='lat' dir='ltr'><strong>et</strong></span> <span class='ocrx_word' id='word_1_69' title='bbox 1205 876 1472 932; x_wconf 89' lang='lat' dir='ltr'><strong>Damiani.</strong></span> <span class='ocrx_word' id='word_1_70' title='bbox 1503 876 1715 931; x_wconf 90' lang='lat' dir='ltr'><strong>Litania</strong></span> <span class='ocrx_word' id='word_1_71' title='bbox 1741 875 1823 933; x_wconf 86' lang='lat' dir='ltr'><strong>fe-</strong></span> 
     </span>
    </p>
   </div>
   <div class='ocr_carea' id='block_1_9' title="bbox 247 967 1824 1040">
    <p class='ocr_par' dir='ltr' id='par_1_9' title="bbox 247 967 1824 1040">
     <span class='ocr_line' id='line_1_9' title="bbox 247 967 1824 1040; baseline -0.001 -14"><span class='ocrx_word' id='word_1_72' title='bbox 247 971 512 1027; x_wconf 87' lang='lat' dir='ltr'><strong>minarum</strong></span> <span class='ocrx_word' id='word_1_73' title='bbox 547 969 974 1040; x_wconf 89' lang='lat' dir='ltr'><strong>conjngatarum,</strong></span> <span class='ocrx_word' id='word_1_74' title='bbox 1000 971 1068 1025; x_wconf 89' lang='lat' dir='ltr'><strong>ab</strong></span> <span class='ocrx_word' id='word_1_75' title='bbox 1112 968 1339 1024; x_wconf 85' lang='lat' dir='ltr'><strong>ecclesia</strong></span> <span class='ocrx_word' id='word_1_76' title='bbox 1385 968 1530 1024; x_wconf 88' lang='lat' dir='ltr'><strong>beati</strong></span> <span class='ocrx_word' id='word_1_77' title='bbox 1574 967 1719 1035; x_wconf 77' lang='lat' dir='ltr'><strong>Petri</strong></span> <span class='ocrx_word' id='word_1_78' title='bbox 1768 976 1824 1024; x_wconf 92' lang='lat' dir='ltr'><strong>et</strong></span> 
     </span>
    </p>
   </div>
   <div class='ocr_carea' id='block_1_10' title="bbox 244 1058 1821 1134">
    <p class='ocr_par' dir='ltr' id='par_1_10' title="bbox 244 1058 1821 1134">
     <span class='ocr_line' id='line_1_10' title="bbox 244 1058 1821 1134; baseline -0.003 -15"><span class='ocrx_word' id='word_1_79' title='bbox 244 1063 497 1134; x_wconf 85' lang='lat' dir='ltr'><strong>martyris</strong></span> <span class='ocrx_word' id='word_1_80' title='bbox 511 1061 792 1131; x_wconf 89' lang='lat' dir='ltr'><strong>Stephani.</strong></span> <span class='ocrx_word' id='word_1_81' title='bbox 807 1061 1020 1116; x_wconf 91' lang='lat' dir='ltr'><strong>Litania</strong></span> <span class='ocrx_word' id='word_1_82' title='bbox 1033 1060 1338 1125; x_wconf 90' lang='lat' dir='ltr'><strong>viduarum,</strong></span> <span class='ocrx_word' id='word_1_83' title='bbox 1356 1059 1424 1114; x_wconf 91' lang='lat' dir='ltr'><strong>ab</strong></span> <span class='ocrx_word' id='word_1_84' title='bbox 1434 1058 1661 1115; x_wconf 89' lang='lat' dir='ltr'><strong>ecclesia</strong></span> <span class='ocrx_word' id='word_1_85' title='bbox 1676 1059 1821 1115; x_wconf 87' lang='lat' dir='ltr'><strong>beati</strong></span> 
     </span>
    </p>
   </div>
   <div class='ocr_carea' id='block_1_11' title="bbox 241 1149 1815 1224">
    <p class='ocr_par' dir='ltr' id='par_1_11' title="bbox 241 1149 1815 1224">
     <span class='ocr_line' id='line_1_11' title="bbox 241 1149 1815 1224; baseline -0.003 -15"><span class='ocrx_word' id='word_1_86' title='bbox 241 1153 497 1224; x_wconf 80' lang='lat' dir='ltr'><strong>martyris</strong></span> <span class='ocrx_word' id='word_1_87' title='bbox 539 1152 746 1207; x_wconf 82' lang='lat' dir='ltr'><strong>Vitalis.</strong></span> <span class='ocrx_word' id='word_1_88' title='bbox 801 1151 1014 1206; x_wconf 88' lang='lat' dir='ltr'><strong>Litania</strong></span> <span class='ocrx_word' id='word_1_89' title='bbox 1065 1165 1362 1220; x_wconf 88' lang='lat' dir='ltr'><strong>pauperum</strong></span> <span class='ocrx_word' id='word_1_90' title='bbox 1395 1157 1452 1205; x_wconf 89' lang='lat' dir='ltr'><strong>et</strong></span> <span class='ocrx_word' id='word_1_91' title='bbox 1507 1149 1815 1216; x_wconf 78' lang='lat' dir='ltr'><strong>infantum,</strong></span> 
     </span>
    </p>
   </div>
   <div class='ocr_carea' id='block_1_12' title="bbox 238 1239 1819 1311">
    <p class='ocr_par' dir='ltr' id='par_1_12' title="bbox 238 1239 1819 1311">
     <span class='ocr_line' id='line_1_12' title="bbox 238 1239 1819 1311; baseline -0.003 -12"><span class='ocrx_word' id='word_1_92' title='bbox 238 1242 307 1299; x_wconf 85' lang='lat' dir='ltr'><strong>ab</strong></span> <span class='ocrx_word' id='word_1_93' title='bbox 326 1242 553 1298; x_wconf 86' lang='lat' dir='ltr'><strong>ecclesia</strong></span> <span class='ocrx_word' id='word_1_94' title='bbox 582 1241 755 1297; x_wconf 62' lang='lat' dir='ltr'><strong>beatae</strong></span> <span class='ocrx_word' id='word_1_95' title='bbox 777 1241 1034 1311; x_wconf 84' lang='lat' dir='ltr'><strong>martyris</strong></span> <span class='ocrx_word' id='word_1_96' title='bbox 1059 1239 1306 1296; x_wconf 61' lang='lat' dir='ltr'><strong>Caeciliae.</strong></span> <span class='ocrx_word' id='word_1_97' title='bbox 1338 1239 1397 1294; x_wconf 89' lang='lat' dir='ltr'><strong>in</strong></span> <span class='ocrx_word' id='word_1_98' title='bbox 1433 1240 1678 1310; x_wconf 89' lang='lat' dir='ltr'><strong>sequenti</strong></span> <span class='ocrx_word' id='word_1_99' title='bbox 1701 1239 1819 1308; x_wconf 91' lang='lat' dir='ltr'><strong>epi-</strong></span> 
     </span>
    </p>
   </div>
   <div class='ocr_carea' id='block_1_13' title="bbox 235 1330 1818 1401">
    <p class='ocr_par' dir='ltr' id='par_1_13' title="bbox 235 1330 1818 1401">
     <span class='ocr_line' id='line_1_13' title="bbox 235 1330 1818 1401; baseline -0.002 -12"><span class='ocrx_word' id='word_1_100' title='bbox 235 1332 374 1389; x_wconf 82' lang='lat' dir='ltr'><strong>stola</strong></span> <span class='ocrx_word' id='word_1_101' title='bbox 428 1333 824 1388; x_wconf 89' lang='lat' dir='ltr'><strong>monstrabitur</strong></span> <span class='ocrx_word' id='word_1_102' title='bbox 872 1331 1017 1401; x_wconf 89' lang='lat' dir='ltr'><strong>quod</strong></span> <span class='ocrx_word' id='word_1_103' title='bbox 1080 1330 1493 1401; x_wconf 81' lang='lat' dir='ltr'><strong>importunitate</strong></span> <span class='ocrx_word' id='word_1_104' title='bbox 1551 1330 1818 1388; x_wconf 88' lang='lat' dir='ltr'><strong>bellorum</strong></span> 
     </span>
    </p>
   </div>
   <div class='ocr_carea' id='block_1_14' title="bbox 231 1413 1818 1495">
    <p class='ocr_par' dir='ltr' id='par_1_14' title="bbox 231 1413 1818 1495">
     <span class='ocr_line' id='line_1_14' title="bbox 231 1413 1818 1495; baseline -0.002 -15"><span class='ocrx_word' id='word_1_105' title='bbox 231 1433 410 1495; x_wconf 88' lang='lat' dir='ltr'><strong>potest</strong></span> <span class='ocrx_word' id='word_1_106' title='bbox 427 1425 616 1495; x_wconf 91' lang='lat' dir='ltr'><strong>procul</strong></span> <span class='ocrx_word' id='word_1_107' title='bbox 648 1425 810 1480; x_wconf 90' lang='lat' dir='ltr'><strong>dubio</strong></span> <span class='ocrx_word' id='word_1_108' title='bbox 849 1425 1020 1482; x_wconf 88' lang='lat' dir='ltr'><strong>videri</strong></span> <span class='ocrx_word' id='word_1_109' title='bbox 1061 1413 1251 1479; x_wconf 85' lang='lat' dir='ltr'><strong>litania</strong></span> <span class='ocrx_word' id='word_1_110' title='bbox 1291 1424 1540 1480; x_wconf 89' lang='lat' dir='ltr'><strong>instituta</strong></span> <span class='ocrx_word' id='word_1_111' title='bbox 1581 1439 1720 1480; x_wconf 92' lang='lat' dir='ltr'><strong>esse.</strong></span> <span class='ocrx_word' id='word_1_112' title='bbox 1749 1423 1818 1478; x_wconf 88' lang='lat' dir='ltr'><strong>Et</strong></span> 
     </span>
    </p>
   </div>
   <div class='ocr_carea' id='block_1_15' title="bbox 231 1515 1816 1586">
    <p class='ocr_par' dir='ltr' id='par_1_15' title="bbox 231 1515 1816 1586">
     <span class='ocr_line' id='line_1_15' title="bbox 231 1515 1816 1586; baseline -0.001 -15"><span class='ocrx_word' id='word_1_113' title='bbox 231 1530 300 1571; x_wconf 80' lang='lat' dir='ltr'><strong>ex</strong></span> <span class='ocrx_word' id='word_1_114' title='bbox 323 1515 589 1585; x_wconf 88' lang='lat' dir='ltr'><strong>qualitate</strong></span> <span class='ocrx_word' id='word_1_115' title='bbox 633 1515 914 1586; x_wconf 89' lang='lat' dir='ltr'><strong>temporis,</strong></span> <span class='ocrx_word' id='word_1_116' title='bbox 948 1515 1255 1584; x_wconf 76' lang='lat' dir='ltr'><strong>colligimus</strong></span> <span class='ocrx_word' id='word_1_117' title='bbox 1281 1530 1404 1572; x_wconf 90' lang='lat' dir='ltr'><strong>eam</strong></span> <span class='ocrx_word' id='word_1_118' title='bbox 1451 1516 1816 1573; x_wconf 86' lang='lat' dir='ltr'><strong>necessariam</strong></span> 
     </span>
    </p>
   </div>
   <div class='ocr_carea' id='block_1_16' title="bbox 231 1605 1104 1670">
    <p class='ocr_par' dir='ltr' id='par_1_16' title="bbox 231 1605 1104 1670">
     <span class='ocr_line' id='line_1_16' title="bbox 231 1605 1104 1670; baseline -0.002 -8"><span class='ocrx_word' id='word_1_119' title='bbox 231 1620 352 1663; x_wconf 89' lang='lat' dir='ltr'><strong>esse</strong></span> <span class='ocrx_word' id='word_1_120' title='bbox 372 1607 442 1661; x_wconf 89' lang='lat' dir='ltr'><strong>ad</strong></span> <span class='ocrx_word' id='word_1_121' title='bbox 471 1606 656 1670; x_wconf 76' lang='lat' dir='ltr'><strong>fruges</strong></span> <span class='ocrx_word' id='word_1_122' title='bbox 685 1605 1104 1662; x_wconf 85' lang='lat' dir='ltr'><strong>conservandas.</strong></span> 
     </span>
    </p>
   </div>
   <div class='ocr_carea' id='block_1_17' title="bbox 618 1694 1417 1771">
    <p class='ocr_par' dir='ltr' id='par_1_17' title="bbox 618 1694 1417 1771">
     <span class='ocr_line' id='line_1_17' title="bbox 618 1694 1417 1771; baseline 0.001 -18"><span class='ocrx_word' id='word_1_123' title='bbox 618 1696 902 1768; x_wconf 79' lang='lat' dir='ltr'><strong>Gregorius</strong></span> <span class='ocrx_word' id='word_1_124' title='bbox 941 1694 1136 1753; x_wconf 72' lang='lat' dir='ltr'><strong>Phoco:</strong></span> <span class='ocrx_word' id='word_1_125' title='bbox 1167 1700 1417 1771; x_wconf 78' lang='lat' dir='ltr'><strong>Augusto.</strong></span> 
     </span>
    </p>
   </div>
   <div class='ocr_carea' id='block_1_18' title="bbox 298 1783 1812 1867">
    <p class='ocr_par' dir='ltr' id='par_1_18' title="bbox 298 1783 1812 1867">
     <span class='ocr_line' id='line_1_18' title="bbox 298 1783 1812 1867; baseline 0.005 -19"><span class='ocrx_word' id='word_1_126' title='bbox 298 1793 670 1856; x_wconf 53' lang='lat' dir='ltr'><strong>Considerate,</strong></span> <span class='ocrx_word' id='word_1_127' title='bbox 701 1809 826 1848; x_wconf 90' lang='lat' dir='ltr'><strong>cum</strong></span> <span class='ocrx_word' id='word_1_128' title='bbox 878 1795 1089 1866; x_wconf 76' lang='lat' dir='ltr'><strong>gaudiis</strong></span> <span class='ocrx_word' id='word_1_129' title='bbox 1139 1803 1194 1850; x_wconf 91' lang='lat' dir='ltr'><strong>et</strong></span> <span class='ocrx_word' id='word_1_130' title='bbox 1240 1797 1454 1867; x_wconf 82' lang='lat' dir='ltr'><strong>magnis</strong></span> <span class='ocrx_word' id='word_1_131' title='bbox 1509 1783 1812 1855; x_wconf 87' lang='lat' dir='ltr'><strong>actionibus</strong></span> 
     </span>
    </p>
   </div>
   <div class='ocr_carea' id='block_1_19' title="bbox 224 1883 1884 1956">
    <p class='ocr_par' dir='ltr' id='par_1_19' title="bbox 224 1883 1884 1956">
     <span class='ocr_line' id='line_1_19' title="bbox 224 1883 1884 1956; baseline 0.007 -19"><span class='ocrx_word' id='word_1_132' title='bbox 224 1883 528 1956; x_wconf 73' lang='lat' dir='ltr'><strong>gratiarum</strong></span> <span class='ocrx_word' id='word_1_133' title='bbox 556 1884 689 1940; x_wconf 90' lang='lat' dir='ltr'><strong>libet</strong></span> <span class='ocrx_word' id='word_1_134' title='bbox 715 1893 948 1955; x_wconf 88' lang='lat' dir='ltr'><strong>quantas</strong></span> <span class='ocrx_word' id='word_1_135' title='bbox 973 1886 1330 1956; x_wconf 90' lang='lat' dir='ltr'><strong>omnipotenti</strong></span> <span class='ocrx_word' id='word_1_136' title='bbox 1368 1888 1595 1944; x_wconf 89' lang='lat' dir='ltr'><strong>Domino</strong></span> <span class='ocrx_word' id='word_1_137' title='bbox 1624 1889 1810 1946; x_wconf 89' lang='lat' dir='ltr'><strong>laudes</strong></span> <span class='ocrx_word' id='word_1_138' title='bbox 1836 1888 1884 1948; x_wconf 89' lang='lat' dir='ltr'><strong>B</strong></span> 
     </span>
    </p>
   </div>
   <div class='ocr_carea' id='block_1_20' title="bbox 223 1976 1814 2047">
    <p class='ocr_par' dir='ltr' id='par_1_20' title="bbox 223 1976 1814 2047">
     <span class='ocr_line' id='line_1_20' title="bbox 223 1976 1814 2047; baseline 0.002 -15"><span class='ocrx_word' id='word_1_139' title='bbox 223 1976 513 2044; x_wconf 86' lang='lat' dir='ltr'><strong>debemus,</strong></span> <span class='ocrx_word' id='word_1_140' title='bbox 549 1978 716 2047; x_wconf 87' lang='lat' dir='ltr'><strong>quod,</strong></span> <span class='ocrx_word' id='word_1_141' title='bbox 763 1985 974 2032; x_wconf 87' lang='lat' dir='ltr'><strong>remoto</strong></span> <span class='ocrx_word' id='word_1_142' title='bbox 999 1976 1129 2047; x_wconf 88' lang='lat' dir='ltr'><strong>jugo</strong></span> <span class='ocrx_word' id='word_1_143' title='bbox 1154 1978 1407 2043; x_wconf 69' lang='lat' dir='ltr'><strong>tristitiae,</strong></span> <span class='ocrx_word' id='word_1_144' title='bbox 1437 1980 1505 2034; x_wconf 88' lang='lat' dir='ltr'><strong>ad</strong></span> <span class='ocrx_word' id='word_1_145' title='bbox 1547 1979 1814 2036; x_wconf 86' lang='lat' dir='ltr'><strong>libertatis</strong></span> 
     </span>
    </p>
   </div>
   <div class='ocr_carea' id='block_1_21' title="bbox 223 2069 1814 2142">
    <p class='ocr_par' dir='ltr' id='par_1_21' title="bbox 223 2069 1814 2142">
     <span class='ocr_line' id='line_1_21' title="bbox 223 2069 1814 2142; baseline 0.004 -20"><span class='ocrx_word' id='word_1_146' title='bbox 223 2075 479 2138; x_wconf 89' lang='lat' dir='ltr'><strong>tempora</strong></span> <span class='ocrx_word' id='word_1_147' title='bbox 524 2070 625 2124; x_wconf 85' lang='lat' dir='ltr'><strong>sub</strong></span> <span class='ocrx_word' id='word_1_148' title='bbox 669 2069 934 2138; x_wconf 86' lang='lat' dir='ltr'><strong>imperiali</strong></span> <span class='ocrx_word' id='word_1_149' title='bbox 975 2070 1325 2138; x_wconf 79' lang='lat' dir='ltr'><strong>benignitatis</strong></span> <span class='ocrx_word' id='word_1_150' title='bbox 1377 2080 1572 2127; x_wconf 66' lang='lat' dir='ltr'><strong>vestrm</strong></span> <span class='ocrx_word' id='word_1_151' title='bbox 1615 2073 1814 2142; x_wconf 85' lang='lat' dir='ltr'><strong>pietate</strong></span> 
     </span>
    </p>
   </div>
   <div class='ocr_carea' id='block_1_22' title="bbox 220 2158 1812 2231">
    <p class='ocr_par' dir='ltr' id='par_1_22' title="bbox 220 2158 1812 2231">
     <span class='ocr_line' id='line_1_22' title="bbox 220 2158 1812 2231; baseline 0.004 -19"><span class='ocrx_word' id='word_1_152' title='bbox 220 2159 596 2227; x_wconf 80' lang='lat' dir='ltr'><strong>pervenimus.</strong></span> <span class='ocrx_word' id='word_1_153' title='bbox 624 2158 758 2213; x_wconf 89' lang='lat' dir='ltr'><strong>Nam</strong></span> <span class='ocrx_word' id='word_1_154' title='bbox 784 2160 928 2229; x_wconf 85' lang='lat' dir='ltr'><strong>quod</strong></span> <span class='ocrx_word' id='word_1_155' title='bbox 965 2174 1285 2228; x_wconf 88' lang='lat' dir='ltr'><strong>permanere</strong></span> <span class='ocrx_word' id='word_1_156' title='bbox 1315 2160 1370 2215; x_wconf 91' lang='lat' dir='ltr'><strong>in</strong></span> <span class='ocrx_word' id='word_1_157' title='bbox 1413 2161 1631 2231; x_wconf 88' lang='lat' dir='ltr'><strong>palatio,</strong></span> <span class='ocrx_word' id='word_1_158' title='bbox 1656 2162 1812 2231; x_wconf 78' lang='lat' dir='ltr'><strong>juxta</strong></span> 
     </span>
    </p>
   </div>
   <div class='ocr_carea' id='block_1_23' title="bbox 217 2249 1812 2318">
    <p class='ocr_par' dir='ltr' id='par_1_23' title="bbox 217 2249 1812 2318">
     <span class='ocr_line' id='line_1_23' title="bbox 217 2249 1812 2318; baseline 0.004 -18"><span class='ocrx_word' id='word_1_159' title='bbox 217 2249 503 2317; x_wconf 90' lang='lat' dir='ltr'><strong>antiquam</strong></span> <span class='ocrx_word' id='word_1_160' title='bbox 526 2249 992 2314; x_wconf 88' lang='lat' dir='ltr'><strong>consuetudinem,</strong></span> <span class='ocrx_word' id='word_1_161' title='bbox 1018 2249 1326 2318; x_wconf 74' lang='lat' dir='ltr'><strong>apostolica:</strong></span> <span class='ocrx_word' id='word_1_162' title='bbox 1359 2251 1501 2308; x_wconf 90' lang='lat' dir='ltr'><strong>sedis</strong></span> <span class='ocrx_word' id='word_1_163' title='bbox 1532 2252 1812 2307; x_wconf 90' lang='lat' dir='ltr'><strong>diaconem</strong></span> 
     </span>
    </p>
   </div>
   <div class='ocr_carea' id='block_1_24' title="bbox 216 2337 1812 2411">
    <p class='ocr_par' dir='ltr' id='par_1_24' title="bbox 216 2337 1812 2411">
     <span class='ocr_line' id='line_1_24' title="bbox 216 2337 1812 2411; baseline 0.004 -23"><span class='ocrx_word' id='word_1_164' title='bbox 216 2345 406 2391; x_wconf 89' lang='lat' dir='ltr'><strong>vestra</strong></span> <span class='ocrx_word' id='word_1_165' title='bbox 437 2337 700 2392; x_wconf 89' lang='lat' dir='ltr'><strong>serenitas</strong></span> <span class='ocrx_word' id='word_1_166' title='bbox 721 2353 830 2392; x_wconf 92' lang='lat' dir='ltr'><strong>non</strong></span> <span class='ocrx_word' id='word_1_167' title='bbox 857 2337 1082 2404; x_wconf 82' lang='lat' dir='ltr'><strong>invenit,</strong></span> <span class='ocrx_word' id='word_1_168' title='bbox 1113 2353 1223 2394; x_wconf 94' lang='lat' dir='ltr'><strong>non</strong></span> <span class='ocrx_word' id='word_1_169' title='bbox 1248 2339 1353 2394; x_wconf 91' lang='lat' dir='ltr'><strong>hoc</strong></span> <span class='ocrx_word' id='word_1_170' title='bbox 1380 2355 1515 2396; x_wconf 78' lang='lat' dir='ltr'><strong>meae</strong></span> <span class='ocrx_word' id='word_1_171' title='bbox 1537 2340 1812 2411; x_wconf 81' lang='lat' dir='ltr'><strong>negligen-</strong></span> 
     </span>
    </p>
   </div>
   <div class='ocr_carea' id='block_1_25' title="bbox 217 2426 1814 2501">
    <p class='ocr_par' dir='ltr' id='par_1_25' title="bbox 217 2426 1814 2501">
     <span class='ocr_line' id='line_1_25' title="bbox 217 2426 1814 2501; baseline 0.004 -21"><span class='ocrx_word' id='word_1_172' title='bbox 217 2427 328 2491; x_wconf 71' lang='lat' dir='ltr'><strong>tiae,</strong></span> <span class='ocrx_word' id='word_1_173' title='bbox 368 2426 465 2482; x_wconf 90' lang='lat' dir='ltr'><strong>sed</strong></span> <span class='ocrx_word' id='word_1_174' title='bbox 486 2428 816 2498; x_wconf 66' lang='lat' dir='ltr'><strong>gravissima:</strong></span> <span class='ocrx_word' id='word_1_175' title='bbox 856 2430 1198 2486; x_wconf 87' lang='lat' dir='ltr'><strong>necessitatis</strong></span> <span class='ocrx_word' id='word_1_176' title='bbox 1233 2430 1355 2497; x_wconf 89' lang='lat' dir='ltr'><strong>fuit,</strong></span> <span class='ocrx_word' id='word_1_177' title='bbox 1397 2431 1526 2501; x_wconf 86' lang='lat' dir='ltr'><strong>quia</strong></span> <span class='ocrx_word' id='word_1_178' title='bbox 1561 2431 1689 2486; x_wconf 90' lang='lat' dir='ltr'><strong>dum</strong></span> <span class='ocrx_word' id='word_1_179' title='bbox 1710 2433 1814 2488; x_wconf 87' lang='lat' dir='ltr'><strong>mi-</strong></span> 
     </span>
    </p>
   </div>
   <div class='ocr_carea' id='block_1_26' title="bbox 213 2519 1814 2589">
    <p class='ocr_par' dir='ltr' id='par_1_26' title="bbox 213 2519 1814 2589">
     <span class='ocr_line' id='line_1_26' title="bbox 213 2519 1814 2589; baseline 0.004 -16"><span class='ocrx_word' id='word_1_180' title='bbox 213 2519 383 2574; x_wconf 87' lang='lat' dir='ltr'><strong>nistri</strong></span> <span class='ocrx_word' id='word_1_181' title='bbox 410 2534 602 2575; x_wconf 91' lang='lat' dir='ltr'><strong>omnes</strong></span> <span class='ocrx_word' id='word_1_182' title='bbox 621 2519 784 2589; x_wconf 89' lang='lat' dir='ltr'><strong>hujus</strong></span> <span class='ocrx_word' id='word_1_183' title='bbox 809 2528 1008 2575; x_wconf 84' lang='lat' dir='ltr'><strong>nostrae</strong></span> <span class='ocrx_word' id='word_1_184' title='bbox 1045 2521 1290 2577; x_wconf 67' lang='lat' dir='ltr'><strong>ecclesiae</strong></span> <span class='ocrx_word' id='word_1_185' title='bbox 1333 2530 1442 2576; x_wconf 91' lang='lat' dir='ltr'><strong>tam</strong></span> <span class='ocrx_word' id='word_1_186' title='bbox 1467 2523 1699 2578; x_wconf 90' lang='lat' dir='ltr'><strong>contrita</strong></span> <span class='ocrx_word' id='word_1_187' title='bbox 1724 2538 1814 2579; x_wconf 80' lang='lat' dir='ltr'><strong>as—</strong></span> 
     </span>
    </p>
   </div>
   <div class='ocr_carea' id='block_1_27' title="bbox 212 2611 1814 2685">
    <p class='ocr_par' dir='ltr' id='par_1_27' title="bbox 212 2611 1814 2685">
     <span class='ocr_line' id='line_1_27' title="bbox 212 2611 1814 2685; baseline 0.005 -22"><span class='ocrx_word' id='word_1_188' title='bbox 212 2625 466 2680; x_wconf 90' lang='lat' dir='ltr'><strong>peraque</strong></span> <span class='ocrx_word' id='word_1_189' title='bbox 509 2619 751 2681; x_wconf 89' lang='lat' dir='ltr'><strong>tempora</strong></span> <span class='ocrx_word' id='word_1_190' title='bbox 789 2627 912 2666; x_wconf 92' lang='lat' dir='ltr'><strong>cum</strong></span> <span class='ocrx_word' id='word_1_191' title='bbox 941 2611 1231 2668; x_wconf 90' lang='lat' dir='ltr'><strong>formidine</strong></span> <span class='ocrx_word' id='word_1_192' title='bbox 1275 2613 1612 2669; x_wconf 89' lang='lat' dir='ltr'><strong>declinarent</strong></span> <span class='ocrx_word' id='word_1_193' title='bbox 1651 2624 1814 2685; x_wconf 89' lang='lat' dir='ltr'><strong>atque</strong></span> 
     </span>
    </p>
   </div>
   <div class='ocr_carea' id='block_1_28' title="bbox 214 2699 1810 2774">
    <p class='ocr_par' dir='ltr' id='par_1_28' title="bbox 214 2699 1810 2774">
     <span class='ocr_line' id='line_1_28' title="bbox 214 2699 1810 2774; baseline 0.003 -18"><span class='ocrx_word' id='word_1_194' title='bbox 214 2699 560 2771; x_wconf 86' lang='lat' dir='ltr'><strong>refugerent,</strong></span> <span class='ocrx_word' id='word_1_195' title='bbox 587 2702 718 2756; x_wconf 90' lang='lat' dir='ltr'><strong>nulli</strong></span> <span class='ocrx_word' id='word_1_196' title='bbox 749 2717 937 2757; x_wconf 90' lang='lat' dir='ltr'><strong>eorum</strong></span> <span class='ocrx_word' id='word_1_197' title='bbox 959 2711 1174 2772; x_wconf 87' lang='lat' dir='ltr'><strong>poterat</strong></span> <span class='ocrx_word' id='word_1_198' title='bbox 1200 2704 1424 2774; x_wconf 91' lang='lat' dir='ltr'><strong>imponi,</strong></span> <span class='ocrx_word' id='word_1_199' title='bbox 1449 2714 1512 2760; x_wconf 90' lang='lat' dir='ltr'><strong>ut</strong></span> <span class='ocrx_word' id='word_1_200' title='bbox 1531 2705 1600 2760; x_wconf 89' lang='lat' dir='ltr'><strong>ad</strong></span> <span class='ocrx_word' id='word_1_201' title='bbox 1620 2707 1810 2761; x_wconf 89' lang='lat' dir='ltr'><strong>urbem</strong></span> 
     </span>
    </p>
   </div>
   <div class='ocr_carea' id='block_1_29' title="bbox 215 2794 1813 2868">
    <p class='ocr_par' dir='ltr' id='par_1_29' title="bbox 215 2794 1813 2868">
     <span class='ocr_line' id='line_1_29' title="bbox 215 2794 1813 2868; baseline 0.004 -21"><span class='ocrx_word' id='word_1_202' title='bbox 215 2795 435 2865; x_wconf 78' lang='lat' dir='ltr'><strong>regiam</strong></span> <span class='ocrx_word' id='word_1_203' title='bbox 483 2794 540 2848; x_wconf 91' lang='lat' dir='ltr'><strong>in</strong></span> <span class='ocrx_word' id='word_1_204' title='bbox 559 2795 762 2864; x_wconf 89' lang='lat' dir='ltr'><strong>palatio</strong></span> <span class='ocrx_word' id='word_1_205' title='bbox 788 2810 1176 2865; x_wconf 88' lang='lat' dir='ltr'><strong>permansurus</strong></span> <span class='ocrx_word' id='word_1_206' title='bbox 1221 2799 1525 2853; x_wconf 87' lang='lat' dir='ltr'><strong>accederet.</strong></span> <span class='ocrx_word' id='word_1_207' title='bbox 1572 2799 1644 2852; x_wconf 90' lang='lat' dir='ltr'><strong>At</strong></span> <span class='ocrx_word' id='word_1_208' title='bbox 1664 2805 1813 2868; x_wconf 81' lang='lat' dir='ltr'><strong>post-</strong></span> 
     </span>
    </p>
   </div>
   <div class='ocr_carea' id='block_1_30' title="bbox 213 2886 1811 2960">
    <p class='ocr_par' dir='ltr' id='par_1_30' title="bbox 213 2886 1811 2960">
     <span class='ocr_line' id='line_1_30' title="bbox 213 2886 1811 2960; baseline 0.003 -21"><span class='ocrx_word' id='word_1_209' title='bbox 213 2899 384 2953; x_wconf 82' lang='lat' dir='ltr'><strong>quam</strong></span> <span class='ocrx_word' id='word_1_210' title='bbox 409 2892 650 2940; x_wconf 85' lang='lat' dir='ltr'><strong>vestram</strong></span> <span class='ocrx_word' id='word_1_211' title='bbox 679 2886 1044 2953; x_wconf 88' lang='lat' dir='ltr'><strong>clementiam,</strong></span> <span class='ocrx_word' id='word_1_212' title='bbox 1085 2887 1471 2958; x_wconf 91' lang='lat' dir='ltr'><strong>omnipotentis</strong></span> <span class='ocrx_word' id='word_1_213' title='bbox 1501 2888 1595 2943; x_wconf 90' lang='lat' dir='ltr'><strong>Dei</strong></span> <span class='ocrx_word' id='word_1_214' title='bbox 1637 2889 1811 2960; x_wconf 88' lang='lat' dir='ltr'><strong>gratia</strong></span> 
     </span>
    </p>
   </div>
   <div class='ocr_carea' id='block_1_31' title="bbox 215 2976 1812 3052">
    <p class='ocr_par' dir='ltr' id='par_1_31' title="bbox 215 2976 1812 3052">
     <span class='ocr_line' id='line_1_31' title="bbox 215 2976 1812 3052; baseline 0.003 -20"><span class='ocrx_word' id='word_1_215' title='bbox 215 2976 566 3047; x_wconf 86' lang='lat' dir='ltr'><strong>disponente,</strong></span> <span class='ocrx_word' id='word_1_216' title='bbox 599 2977 668 3031; x_wconf 89' lang='lat' dir='ltr'><strong>ad</strong></span> <span class='ocrx_word' id='word_1_217' title='bbox 695 2976 910 3033; x_wconf 90' lang='lat' dir='ltr'><strong>culmen</strong></span> <span class='ocrx_word' id='word_1_218' title='bbox 940 2978 1153 3046; x_wconf 90' lang='lat' dir='ltr'><strong>imperii</strong></span> <span class='ocrx_word' id='word_1_219' title='bbox 1185 2979 1498 3048; x_wconf 86' lang='lat' dir='ltr'><strong>pervenisse</strong></span> <span class='ocrx_word' id='word_1_220' title='bbox 1541 2995 1812 3052; x_wconf 86' lang='lat' dir='ltr'><strong>cognove-</strong></span> 
     </span>
    </p>
   </div>
   <div class='ocr_carea' id='block_1_32' title="bbox 207 3067 1808 3143">
    <p class='ocr_par' dir='ltr' id='par_1_32' title="bbox 207 3067 1808 3143">
     <span class='ocr_line' id='line_1_32' title="bbox 207 3067 1808 3143; baseline 0.002 -20"><span class='ocrx_word' id='word_1_221' title='bbox 207 3075 370 3133; x_wconf 90' lang='lat' dir='ltr'><strong>runt,</strong></span> <span class='ocrx_word' id='word_1_222' title='bbox 395 3068 498 3138; x_wconf 89' lang='lat' dir='ltr'><strong>ipsi</strong></span> <span class='ocrx_word' id='word_1_223' title='bbox 525 3084 739 3139; x_wconf 85' lang='lat' dir='ltr'><strong>quoque</strong></span> <span class='ocrx_word' id='word_1_224' title='bbox 781 3067 1038 3125; x_wconf 89' lang='lat' dir='ltr'><strong>suadente</strong></span> <span class='ocrx_word' id='word_1_225' title='bbox 1067 3069 1254 3124; x_wconf 66' lang='lat' dir='ltr'><strong>laetitia</strong></span> <span class='ocrx_word' id='word_1_226' title='bbox 1278 3070 1345 3126; x_wconf 91' lang='lat' dir='ltr'><strong>ad</strong></span> <span class='ocrx_word' id='word_1_227' title='bbox 1373 3077 1552 3126; x_wconf 87' lang='lat' dir='ltr'><strong>vestra</strong></span> <span class='ocrx_word' id='word_1_228' title='bbox 1581 3072 1808 3143; x_wconf 88' lang='lat' dir='ltr'><strong>vestigia</strong></span> 
     </span>
    </p>
   </div>
   <div class='ocr_carea' id='block_1_33' title="bbox 209 3161 1810 3233">
    <p class='ocr_par' dir='ltr' id='par_1_33' title="bbox 209 3161 1810 3233">
     <span class='ocr_line' id='line_1_33' title="bbox 209 3161 1810 3233; baseline 0.001 -15"><span class='ocrx_word' id='word_1_229' title='bbox 209 3161 409 3218; x_wconf 86' lang='lat' dir='ltr'><strong>venire</strong></span> <span class='ocrx_word' id='word_1_230' title='bbox 458 3162 802 3227; x_wconf 88' lang='lat' dir='ltr'><strong>festinabant,</strong></span> <span class='ocrx_word' id='word_1_231' title='bbox 835 3163 926 3233; x_wconf 90' lang='lat' dir='ltr'><strong>qui</strong></span> <span class='ocrx_word' id='word_1_232' title='bbox 973 3161 1098 3217; x_wconf 92' lang='lat' dir='ltr'><strong>illuc</strong></span> <span class='ocrx_word' id='word_1_233' title='bbox 1151 3163 1304 3233; x_wconf 92' lang='lat' dir='ltr'><strong>prius</strong></span> <span class='ocrx_word' id='word_1_234' title='bbox 1347 3165 1606 3220; x_wconf 90' lang='lat' dir='ltr'><strong>accedere</strong></span> <span class='ocrx_word' id='word_1_235' title='bbox 1652 3164 1810 3220; x_wconf 91' lang='lat' dir='ltr'><strong>valde</strong></span> 
     </span>
    </p>
   </div>
   <div class='ocr_carea' id='block_1_34' title="bbox 211 3250 1879 3324">
    <p class='ocr_par' dir='ltr' id='par_1_34' title="bbox 211 3250 1879 3324">
     <span class='ocr_line' id='line_1_34' title="bbox 211 3250 1879 3324; baseline 0.006 -18"><span class='ocrx_word' id='word_1_236' title='bbox 211 3251 539 3306; x_wconf 88' lang='lat' dir='ltr'><strong>timuerant.</strong></span> <span class='ocrx_word' id='word_1_237' title='bbox 586 3250 695 3307; x_wconf 89' lang='lat' dir='ltr'><strong>Sed</strong></span> <span class='ocrx_word' id='word_1_238' title='bbox 744 3253 869 3322; x_wconf 87' lang='lat' dir='ltr'><strong>quia</strong></span> <span class='ocrx_word' id='word_1_239' title='bbox 910 3267 1098 3308; x_wconf 90' lang='lat' dir='ltr'><strong>eorum</strong></span> <span class='ocrx_word' id='word_1_240' title='bbox 1147 3255 1384 3324; x_wconf 88' lang='lat' dir='ltr'><strong>quidam.</strong></span> <span class='ocrx_word' id='word_1_241' title='bbox 1412 3255 1487 3310; x_wconf 90' lang='lat' dir='ltr'><strong>ita</strong></span> <span class='ocrx_word' id='word_1_242' title='bbox 1531 3263 1808 3312; x_wconf 89' lang='lat' dir='ltr'><strong>senectute</strong></span> <span class='ocrx_word' id='word_1_243' title='bbox 1833 3251 1879 3316; x_wconf 92' lang='lat' dir='ltr'><strong>C</strong></span> 
     </span>
    </p>
   </div>
   <div class='ocr_carea' id='block_1_35' title="bbox 210 3341 1808 3415">
    <p class='ocr_par' dir='ltr' id='par_1_35' title="bbox 210 3341 1808 3415">
     <span class='ocr_line' id='line_1_35' title="bbox 210 3341 1808 3415; baseline 0.001 -17"><span class='ocrx_word' id='word_1_244' title='bbox 210 3349 346 3398; x_wconf 88' lang='lat' dir='ltr'><strong>sunt</strong></span> <span class='ocrx_word' id='word_1_245' title='bbox 373 3341 600 3408; x_wconf 85' lang='lat' dir='ltr'><strong>debiles,</strong></span> <span class='ocrx_word' id='word_1_246' title='bbox 639 3351 699 3396; x_wconf 92' lang='lat' dir='ltr'><strong>ut</strong></span> <span class='ocrx_word' id='word_1_247' title='bbox 734 3342 976 3399; x_wconf 90' lang='lat' dir='ltr'><strong>laborem</strong></span> <span class='ocrx_word' id='word_1_248' title='bbox 1019 3342 1162 3399; x_wconf 90' lang='lat' dir='ltr'><strong>ferre</strong></span> <span class='ocrx_word' id='word_1_249' title='bbox 1200 3346 1292 3400; x_wconf 81' lang='lat' dir='ltr'><strong>vix</strong></span> <span class='ocrx_word' id='word_1_250' title='bbox 1317 3347 1546 3415; x_wconf 87' lang='lat' dir='ltr'><strong>possint,</strong></span> <span class='ocrx_word' id='word_1_251' title='bbox 1589 3345 1808 3415; x_wconf 89' lang='lat' dir='ltr'><strong>quidam</strong></span> 
     </span>
    </p>
   </div>
   <div class='ocr_carea' id='block_1_36' title="bbox 207 3431 1802 3505">
    <p class='ocr_par' dir='ltr' id='par_1_36' title="bbox 207 3431 1802 3505">
     <span class='ocr_line' id='line_1_36' title="bbox 207 3431 1802 3505; baseline 0.001 -18"><span class='ocrx_word' id='word_1_252' title='bbox 207 3446 349 3487; x_wconf 79' lang='lat' dir='ltr'><strong>vero</strong></span> <span class='ocrx_word' id='word_1_253' title='bbox 396 3431 781 3487; x_wconf 89' lang='lat' dir='ltr'><strong>ecclesiasticis</strong></span> <span class='ocrx_word' id='word_1_254' title='bbox 823 3436 970 3488; x_wconf 90' lang='lat' dir='ltr'><strong>curis</strong></span> <span class='ocrx_word' id='word_1_255' title='bbox 1017 3437 1369 3491; x_wconf 86' lang='lat' dir='ltr'><strong>vehementer</strong></span> <span class='ocrx_word' id='word_1_256' title='bbox 1419 3437 1802 3505; x_wconf 89' lang='lat' dir='ltr'><strong>implicantur;</strong></span> 
     </span>
    </p>
   </div>
   <div class='ocr_carea' id='block_1_37' title="bbox 205 3524 1808 3595">
    <p class='ocr_par' dir='ltr' id='par_1_37' title="bbox 205 3524 1808 3595">
     <span class='ocr_line' id='line_1_37' title="bbox 205 3524 1808 3595; baseline 0.001 -15"><span class='ocrx_word' id='word_1_257' title='bbox 205 3533 266 3580; x_wconf 88' lang='lat' dir='ltr'><strong>et</strong></span> <span class='ocrx_word' id='word_1_258' title='bbox 292 3525 442 3580; x_wconf 87' lang='lat' dir='ltr'><strong>lator</strong></span> <span class='ocrx_word' id='word_1_259' title='bbox 461 3524 830 3594; x_wconf 65' lang='lat' dir='ltr'><strong>prtesentium,</strong></span> <span class='ocrx_word' id='word_1_260' title='bbox 859 3525 949 3594; x_wconf 91' lang='lat' dir='ltr'><strong>qui</strong></span> <span class='ocrx_word' id='word_1_261' title='bbox 971 3527 1180 3595; x_wconf 89' lang='lat' dir='ltr'><strong>primus</strong></span> <span class='ocrx_word' id='word_1_262' title='bbox 1203 3527 1442 3581; x_wconf 85' lang='lat' dir='ltr'><strong>omnium</strong></span> <span class='ocrx_word' id='word_1_263' title='bbox 1465 3525 1808 3582; x_wconf 87' lang='lat' dir='ltr'><strong>defensorum</strong></span> 
     </span>
    </p>
   </div>
   <div class='ocr_carea' id='block_1_38' title="bbox 201 3613 1804 3686">
    <p class='ocr_par' dir='ltr' id='par_1_38' title="bbox 201 3613 1804 3686">
     <span class='ocr_line' id='line_1_38' title="bbox 201 3613 1804 3686; baseline 0.001 -16"><span class='ocrx_word' id='word_1_264' title='bbox 201 3615 336 3681; x_wconf 85' lang='lat' dir='ltr'><strong>fuit,</strong></span> <span class='ocrx_word' id='word_1_265' title='bbox 364 3615 508 3669; x_wconf 89' lang='lat' dir='ltr'><strong>bene</strong></span> <span class='ocrx_word' id='word_1_266' title='bbox 545 3614 678 3668; x_wconf 88' lang='lat' dir='ltr'><strong>mihi</strong></span> <span class='ocrx_word' id='word_1_267' title='bbox 704 3629 771 3667; x_wconf 83' lang='lat' dir='ltr'><strong>ex</strong></span> <span class='ocrx_word' id='word_1_268' title='bbox 801 3613 959 3686; x_wconf 90' lang='lat' dir='ltr'><strong>longa</strong></span> <span class='ocrx_word' id='word_1_269' title='bbox 1003 3616 1317 3671; x_wconf 90' lang='lat' dir='ltr'><strong>assiduitate</strong></span> <span class='ocrx_word' id='word_1_270' title='bbox 1353 3625 1661 3686; x_wconf 90' lang='lat' dir='ltr'><strong>compertus</strong></span> <span class='ocrx_word' id='word_1_271' title='bbox 1701 3623 1804 3683; x_wconf 90' lang='lat' dir='ltr'><strong>est,</strong></span> 
     </span>
    </p>
   </div>
   <div class='ocr_carea' id='block_1_39' title="bbox 200 3704 1807 3778">
    <p class='ocr_par' dir='ltr' id='par_1_39' title="bbox 200 3704 1807 3778">
     <span class='ocr_line' id='line_1_39' title="bbox 200 3704 1807 3778; baseline 0.001 -16"><span class='ocrx_word' id='word_1_272' title='bbox 200 3708 348 3772; x_wconf 88' lang='lat' dir='ltr'><strong>vita,</strong></span> <span class='ocrx_word' id='word_1_273' title='bbox 375 3704 485 3761; x_wconf 85' lang='lat' dir='ltr'><strong>ﬁde</strong></span> <span class='ocrx_word' id='word_1_274' title='bbox 505 3719 568 3760; x_wconf 89' lang='lat' dir='ltr'><strong>ac</strong></span> <span class='ocrx_word' id='word_1_275' title='bbox 589 3705 829 3760; x_wconf 89' lang='lat' dir='ltr'><strong>moribus</strong></span> <span class='ocrx_word' id='word_1_276' title='bbox 850 3707 1196 3776; x_wconf 84' lang='lat' dir='ltr'><strong>approbatus,</strong></span> <span class='ocrx_word' id='word_1_277' title='bbox 1218 3707 1361 3761; x_wconf 88' lang='lat' dir='ltr'><strong>hunc</strong></span> <span class='ocrx_word' id='word_1_278' title='bbox 1386 3716 1567 3777; x_wconf 89' lang='lat' dir='ltr'><strong>aptum</strong></span> <span class='ocrx_word' id='word_1_279' title='bbox 1589 3708 1807 3778; x_wconf 87' lang='lat' dir='ltr'><strong>pietatis</strong></span> 
     </span>
    </p>
   </div>
   <div class='ocr_carea' id='block_1_40' title="bbox 199 3794 1807 3864">
    <p class='ocr_par' dir='ltr' id='par_1_40' title="bbox 199 3794 1807 3864">
     <span class='ocr_line' id='line_1_40' title="bbox 199 3794 1807 3864; baseline 0.002 -13"><span class='ocrx_word' id='word_1_280' title='bbox 199 3804 418 3851; x_wconf 83' lang='lat' dir='ltr'><strong>vestrae</strong></span> <span class='ocrx_word' id='word_1_281' title='bbox 445 3795 683 3864; x_wconf 77' lang='lat' dir='ltr'><strong>vestigiis</strong></span> <span class='ocrx_word' id='word_1_282' title='bbox 719 3811 840 3852; x_wconf 88' lang='lat' dir='ltr'><strong>esse</strong></span> <span class='ocrx_word' id='word_1_283' title='bbox 883 3794 1140 3864; x_wconf 89' lang='lat' dir='ltr'><strong>judicavi.</strong></span> <span class='ocrx_word' id='word_1_284' title='bbox 1189 3796 1342 3852; x_wconf 87' lang='lat' dir='ltr'><strong>Unde</strong></span> <span class='ocrx_word' id='word_1_285' title='bbox 1386 3812 1534 3862; x_wconf 89' lang='lat' dir='ltr'><strong>eum,</strong></span> <span class='ocrx_word' id='word_1_286' title='bbox 1585 3808 1807 3854; x_wconf 88' lang='lat' dir='ltr'><strong>auctore</strong></span> 
     </span>
    </p>
   </div>
   <div class='ocr_carea' id='block_1_41' title="bbox 195 3883 1805 3948">
    <p class='ocr_par' dir='ltr' id='par_1_41' title="bbox 195 3883 1805 3948">
     <span class='ocr_line' id='line_1_41' title="bbox 195 3883 1805 3948; baseline 0.001 -8"><span class='ocrx_word' id='word_1_287' title='bbox 195 3884 466 3948; x_wconf 88' lang='lat' dir='ltr'><strong>Domino,</strong></span> <span class='ocrx_word' id='word_1_288' title='bbox 498 3884 776 3939; x_wconf 89' lang='lat' dir='ltr'><strong>diaconem</strong></span> <span class='ocrx_word' id='word_1_289' title='bbox 799 3883 900 3939; x_wconf 89' lang='lat' dir='ltr'><strong>feci</strong></span> <span class='ocrx_word' id='word_1_290' title='bbox 922 3891 974 3939; x_wconf 85' lang='lat' dir='ltr'><strong>et</strong></span> <span class='ocrx_word' id='word_1_291' title='bbox 1005 3885 1107 3940; x_wconf 91' lang='lat' dir='ltr'><strong>sub</strong></span> <span class='ocrx_word' id='word_1_292' title='bbox 1133 3884 1410 3940; x_wconf 88' lang='lat' dir='ltr'><strong>celeritate</strong></span> <span class='ocrx_word' id='word_1_293' title='bbox 1440 3885 1805 3942; x_wconf 89' lang='lat' dir='ltr'><strong>transmittere</strong></span> 
     </span>
    </p>
   </div>
   <div class='ocr_carea' id='block_1_42' title="bbox 195 3975 1804 4047">
    <p class='ocr_par' dir='ltr' id='par_1_42' title="bbox 195 3975 1804 4047">
     <span class='ocr_line' id='line_1_42' title="bbox 195 3975 1804 4047; baseline -0.002 -12"><span class='ocrx_word' id='word_1_294' title='bbox 195 3977 422 4042; x_wconf 87' lang='lat' dir='ltr'><strong>studui,</strong></span> <span class='ocrx_word' id='word_1_295' title='bbox 449 3977 542 4047; x_wconf 92' lang='lat' dir='ltr'><strong>qui</strong></span> <span class='ocrx_word' id='word_1_296' title='bbox 568 3984 761 4032; x_wconf 89' lang='lat' dir='ltr'><strong>cuncta</strong></span> <span class='ocrx_word' id='word_1_297' title='bbox 786 3991 905 4045; x_wconf 81' lang='lat' dir='ltr'><strong>quae</strong></span> <span class='ocrx_word' id='word_1_298' title='bbox 951 3975 1004 4030; x_wconf 89' lang='lat' dir='ltr'><strong>in</strong></span> <span class='ocrx_word' id='word_1_299' title='bbox 1054 3975 1122 4031; x_wconf 91' lang='lat' dir='ltr'><strong>iis</strong></span> <span class='ocrx_word' id='word_1_300' title='bbox 1161 3976 1408 4045; x_wconf 90' lang='lat' dir='ltr'><strong>partibus</strong></span> <span class='ocrx_word' id='word_1_301' title='bbox 1439 3984 1690 4047; x_wconf 90' lang='lat' dir='ltr'><strong>aguntur,</strong></span> <span class='ocrx_word' id='word_1_302' title='bbox 1720 3975 1804 4031; x_wconf 90' lang='lat' dir='ltr'><strong>in-</strong></span> 
     </span>
    </p>
   </div>
   <div class='ocr_carea' id='block_1_43' title="bbox 192 4067 1804 4139">
    <p class='ocr_par' dir='ltr' id='par_1_43' title="bbox 192 4067 1804 4139">
     <span class='ocr_line' id='line_1_43' title="bbox 192 4067 1804 4139; baseline -0.001 -15"><span class='ocrx_word' id='word_1_303' title='bbox 192 4077 376 4130; x_wconf 88' lang='lat' dir='ltr'><strong>vento</strong></span> <span class='ocrx_word' id='word_1_304' title='bbox 415 4076 715 4139; x_wconf 87' lang='lat' dir='ltr'><strong>opportuno</strong></span> <span class='ocrx_word' id='word_1_305' title='bbox 759 4077 1018 4138; x_wconf 89' lang='lat' dir='ltr'><strong>tempore,</strong></span> <span class='ocrx_word' id='word_1_306' title='bbox 1048 4067 1227 4123; x_wconf 89' lang='lat' dir='ltr'><strong>valeat</strong></span> <span class='ocrx_word' id='word_1_307' title='bbox 1267 4068 1567 4123; x_wconf 64' lang='lat' dir='ltr'><strong>clementiae</strong></span> <span class='ocrx_word' id='word_1_308' title='bbox 1611 4075 1804 4124; x_wconf 62' lang='lat' dir='ltr'><strong>vestrae</strong></span> 
     </span>
    </p>
   </div>
   <div class='ocr_carea' id='block_1_44' title="bbox 192 4157 1803 4231">
    <p class='ocr_par' dir='ltr' id='par_1_44' title="bbox 192 4157 1803 4231">
     <span class='ocr_line' id='line_1_44' title="bbox 192 4157 1803 4231; baseline 0.001 -15"><span class='ocrx_word' id='word_1_309' title='bbox 192 4174 526 4230; x_wconf 82' lang='lat' dir='ltr'><strong>suggerere.</strong></span> <span class='ocrx_word' id='word_1_310' title='bbox 570 4157 669 4214; x_wconf 88' lang='lat' dir='ltr'><strong>Cui</strong></span> <span class='ocrx_word' id='word_1_311' title='bbox 712 4173 844 4229; x_wconf 83' lang='lat' dir='ltr'><strong>rogo</strong></span> <span class='ocrx_word' id='word_1_312' title='bbox 882 4167 942 4214; x_wconf 91' lang='lat' dir='ltr'><strong>ut</strong></span> <span class='ocrx_word' id='word_1_313' title='bbox 983 4160 1248 4215; x_wconf 88' lang='lat' dir='ltr'><strong>serenitas</strong></span> <span class='ocrx_word' id='word_1_314' title='bbox 1275 4169 1457 4216; x_wconf 89' lang='lat' dir='ltr'><strong>vestra</strong></span> <span class='ocrx_word' id='word_1_315' title='bbox 1481 4161 1600 4231; x_wconf 85' lang='lat' dir='ltr'><strong>pias</strong></span> <span class='ocrx_word' id='word_1_316' title='bbox 1643 4175 1803 4217; x_wconf 90' lang='lat' dir='ltr'><strong>aures</strong></span> 
     </span>
    </p>
   </div>
   <div class='ocr_carea' id='block_1_45' title="bbox 191 4251 1802 4321">
    <p class='ocr_par' dir='ltr' id='par_1_45' title="bbox 191 4251 1802 4321">
     <span class='ocr_line' id='line_1_45' title="bbox 191 4251 1802 4321; baseline -0.003 -10"><span class='ocrx_word' id='word_1_317' title='bbox 191 4253 480 4311; x_wconf 86' lang='lat' dir='ltr'><strong>inclinare</strong></span> <span class='ocrx_word' id='word_1_318' title='bbox 508 4251 775 4321; x_wconf 88' lang='lat' dir='ltr'><strong>dignetur,</strong></span> <span class='ocrx_word' id='word_1_319' title='bbox 811 4259 873 4305; x_wconf 93' lang='lat' dir='ltr'><strong>ut</strong></span> <span class='ocrx_word' id='word_1_320' title='bbox 895 4259 1046 4306; x_wconf 89' lang='lat' dir='ltr'><strong>tanto</strong></span> <span class='ocrx_word' id='word_1_321' title='bbox 1073 4252 1227 4307; x_wconf 89' lang='lat' dir='ltr'><strong>nobis</strong></span> <span class='ocrx_word' id='word_1_322' title='bbox 1248 4252 1476 4307; x_wconf 87' lang='lat' dir='ltr'><strong>celerius</strong></span> <span class='ocrx_word' id='word_1_323' title='bbox 1501 4251 1676 4306; x_wconf 87' lang='lat' dir='ltr'><strong>valeat</strong></span> <span class='ocrx_word' id='word_1_324' title='bbox 1699 4252 1802 4306; x_wconf 90' lang='lat' dir='ltr'><strong>mi-</strong></span> 
     </span>
    </p>
   </div>
   <div class='ocr_carea' id='block_1_46' title="bbox 191 4339 1801 4412">
    <p class='ocr_par' dir='ltr' id='par_1_46' title="bbox 191 4339 1801 4412">
     <span class='ocr_line' id='line_1_46' title="bbox 191 4339 1801 4412; baseline -0.003 -10"><span class='ocrx_word' id='word_1_325' title='bbox 191 4342 407 4408; x_wconf 85' lang='lat' dir='ltr'><strong>sereri,</strong></span> <span class='ocrx_word' id='word_1_326' title='bbox 436 4348 638 4410; x_wconf 89' lang='lat' dir='ltr'><strong>quanto</strong></span> <span class='ocrx_word' id='word_1_327' title='bbox 663 4339 1008 4396; x_wconf 84' lang='lat' dir='ltr'><strong>amictionem</strong></span> <span class='ocrx_word' id='word_1_328' title='bbox 1037 4348 1280 4396; x_wconf 90' lang='lat' dir='ltr'><strong>nostram</strong></span> <span class='ocrx_word' id='word_1_329' title='bbox 1315 4341 1497 4396; x_wconf 89' lang='lat' dir='ltr'><strong>verius</strong></span> <span class='ocrx_word' id='word_1_330' title='bbox 1519 4342 1636 4412; x_wconf 87' lang='lat' dir='ltr'><strong>ejus</strong></span> <span class='ocrx_word' id='word_1_331' title='bbox 1663 4341 1801 4397; x_wconf 88' lang='lat' dir='ltr'><strong>rela-</strong></span> 
     </span>
    </p>
   </div>
   <div class='ocr_carea' id='block_1_47' title="bbox 187 4431 1799 4503">
    <p class='ocr_par' dir='ltr' id='par_1_47' title="bbox 187 4431 1799 4503">
     <span class='ocr_line' id='line_1_47' title="bbox 187 4431 1799 4503; baseline -0.005 -7"><span class='ocrx_word' id='word_1_332' title='bbox 187 4437 357 4496; x_wconf 73' lang='lat' dir='ltr'><strong>tione</strong></span> <span class='ocrx_word' id='word_1_333' title='bbox 383 4433 716 4502; x_wconf 78' lang='lat' dir='ltr'><strong>cegnoverit.</strong></span> <span class='ocrx_word' id='word_1_334' title='bbox 764 4432 1006 4500; x_wconf 87' lang='lat' dir='ltr'><strong>Qualiter</strong></span> <span class='ocrx_word' id='word_1_335' title='bbox 1045 4432 1190 4487; x_wconf 90' lang='lat' dir='ltr'><strong>enim</strong></span> <span class='ocrx_word' id='word_1_336' title='bbox 1231 4432 1558 4502; x_wconf 84' lang='lat' dir='ltr'><strong>quotidianis</strong></span> <span class='ocrx_word' id='word_1_337' title='bbox 1607 4431 1799 4503; x_wconf 89' lang='lat' dir='ltr'><strong>gladiis</strong></span> 
     </span>
    </p>
   </div>
   <div class='ocr_carea' id='block_1_48' title="bbox 187 4521 1796 4595">
    <p class='ocr_par' dir='ltr' id='par_1_48' title="bbox 187 4521 1796 4595">
     <span class='ocr_line' id='line_1_48' title="bbox 187 4521 1796 4595; baseline -0.004 -13"><span class='ocrx_word' id='word_1_338' title='bbox 187 4535 254 4586; x_wconf 86' lang='lat' dir='ltr'><strong>et</strong></span> <span class='ocrx_word' id='word_1_339' title='bbox 279 4523 512 4595; x_wconf 85' lang='lat' dir='ltr'><strong>quantis</strong></span> <span class='ocrx_word' id='word_1_340' title='bbox 555 4522 1036 4594; x_wconf 82' lang='lat' dir='ltr'><strong>Longobardorum</strong></span> <span class='ocrx_word' id='word_1_341' title='bbox 1076 4523 1478 4578; x_wconf 90' lang='lat' dir='ltr'><strong>incursionibus</strong></span> <span class='ocrx_word' id='word_1_342' title='bbox 1519 4537 1645 4578; x_wconf 89' lang='lat' dir='ltr'><strong>ecce</strong></span> <span class='ocrx_word' id='word_1_343' title='bbox 1680 4521 1796 4591; x_wconf 87' lang='lat' dir='ltr'><strong>jam</strong></span> 
     </span>
    </p>
   </div>
   <div class='ocr_carea' id='block_1_49' title="bbox 183 4607 1876 4691">
    <p class='ocr_par' dir='ltr' id='par_1_49' title="bbox 183 4607 1876 4691">
     <span class='ocr_line' id='line_1_49' title="bbox 183 4607 1876 4691; baseline -0.003 -18"><span class='ocrx_word' id='word_1_344' title='bbox 183 4631 298 4691; x_wconf 85' lang='lat' dir='ltr'><strong>per</strong></span> <span class='ocrx_word' id='word_1_345' title='bbox 328 4613 559 4685; x_wconf 87' lang='lat' dir='ltr'><strong>triginta</strong></span> <span class='ocrx_word' id='word_1_346' title='bbox 599 4619 655 4668; x_wconf 89' lang='lat' dir='ltr'><strong>et</strong></span> <span class='ocrx_word' id='word_1_347' title='bbox 679 4612 916 4682; x_wconf 87' lang='lat' dir='ltr'><strong>quinque</strong></span> <span class='ocrx_word' id='word_1_348' title='bbox 951 4627 1215 4666; x_wconf 90' lang='lat' dir='ltr'><strong>annorum</strong></span> <span class='ocrx_word' id='word_1_349' title='bbox 1255 4609 1655 4680; x_wconf 86' lang='lat' dir='ltr'><strong>longitudinem</strong></span> <span class='ocrx_word' id='word_1_350' title='bbox 1674 4624 1798 4680; x_wconf 86' lang='lat' dir='ltr'><strong>pre-</strong></span> <span class='ocrx_word' id='word_1_351' title='bbox 1819 4607 1876 4668; x_wconf 89' lang='lat' dir='ltr'><strong>D</strong></span> 
     </span>
    </p>
   </div>
   <div class='ocr_carea' id='block_1_50' title="bbox 185 4702 1792 4776">
    <p class='ocr_par' dir='ltr' id='par_1_50' title="bbox 185 4702 1792 4776">
     <span class='ocr_line' id='line_1_50' title="bbox 185 4702 1792 4776; baseline -0.007 -9"><span class='ocrx_word' id='word_1_352' title='bbox 185 4711 434 4769; x_wconf 89' lang='lat' dir='ltr'><strong>mimur,</strong></span> <span class='ocrx_word' id='word_1_353' title='bbox 483 4705 642 4761; x_wconf 89' lang='lat' dir='ltr'><strong>nullis</strong></span> <span class='ocrx_word' id='word_1_354' title='bbox 684 4706 901 4774; x_wconf 78' lang='lat' dir='ltr'><strong>explere</strong></span> <span class='ocrx_word' id='word_1_355' title='bbox 949 4706 1351 4776; x_wconf 88' lang='lat' dir='ltr'><strong>suggestionum</strong></span> <span class='ocrx_word' id='word_1_356' title='bbox 1389 4704 1613 4758; x_wconf 88' lang='lat' dir='ltr'><strong>vocibus</strong></span> <span class='ocrx_word' id='word_1_357' title='bbox 1643 4702 1792 4757; x_wconf 89' lang='lat' dir='ltr'><strong>vale-</strong></span> 
     </span>
    </p>
   </div>
   <div class='ocr_carea' id='block_1_51' title="bbox 183 4793 1793 4864">
    <p class='ocr_par' dir='ltr' id='par_1_51' title="bbox 183 4793 1793 4864">
     <span class='ocr_line' id='line_1_51' title="bbox 183 4793 1793 4864; baseline -0.007 -6"><span class='ocrx_word' id='word_1_358' title='bbox 183 4813 347 4858; x_wconf 89' lang='lat' dir='ltr'><strong>mus.</strong></span> <span class='ocrx_word' id='word_1_359' title='bbox 387 4793 498 4849; x_wconf 89' lang='lat' dir='ltr'><strong>Sed</strong></span> <span class='ocrx_word' id='word_1_360' title='bbox 517 4794 571 4848; x_wconf 90' lang='lat' dir='ltr'><strong>in</strong></span> <span class='ocrx_word' id='word_1_361' title='bbox 591 4795 940 4863; x_wconf 89' lang='lat' dir='ltr'><strong>omnipotenti</strong></span> <span class='ocrx_word' id='word_1_362' title='bbox 963 4795 1073 4848; x_wconf 89' lang='lat' dir='ltr'><strong>Deo</strong></span> <span class='ocrx_word' id='word_1_363' title='bbox 1099 4793 1418 4851; x_wconf 80' lang='lat' dir='ltr'><strong>conﬁdimus</strong></span> <span class='ocrx_word' id='word_1_364' title='bbox 1440 4793 1565 4864; x_wconf 88' lang='lat' dir='ltr'><strong>quia</strong></span> <span class='ocrx_word' id='word_1_365' title='bbox 1588 4808 1652 4849; x_wconf 90' lang='lat' dir='ltr'><strong>ea</strong></span> <span class='ocrx_word' id='word_1_366' title='bbox 1675 4808 1793 4862; x_wconf 72' lang='lat' dir='ltr'><strong>quce</strong></span> 
     </span>
    </p>
   </div>
   <div class='ocr_carea' id='block_1_52' title="bbox 184 4882 1791 4958">
    <p class='ocr_par' dir='ltr' id='par_1_52' title="bbox 184 4882 1791 4958">
     <span class='ocr_line' id='line_1_52' title="bbox 184 4882 1791 4958; baseline -0.005 -12"><span class='ocrx_word' id='word_1_367' title='bbox 184 4889 376 4958; x_wconf 67' lang='lat' dir='ltr'><strong>etrapit</strong></span> <span class='ocrx_word' id='word_1_368' title='bbox 410 4882 796 4939; x_wconf 89' lang='lat' dir='ltr'><strong>consolationis</strong></span> <span class='ocrx_word' id='word_1_369' title='bbox 821 4898 930 4937; x_wconf 68' lang='lat' dir='ltr'><strong>sua:</strong></span> <span class='ocrx_word' id='word_1_370' title='bbox 959 4885 1110 4938; x_wconf 89' lang='lat' dir='ltr'><strong>nobis</strong></span> <span class='ocrx_word' id='word_1_371' title='bbox 1155 4885 1296 4938; x_wconf 89' lang='lat' dir='ltr'><strong>bona</strong></span> <span class='ocrx_word' id='word_1_372' title='bbox 1325 4883 1583 4954; x_wconf 83' lang='lat' dir='ltr'><strong>perﬁciet,</strong></span> <span class='ocrx_word' id='word_1_373' title='bbox 1619 4891 1675 4938; x_wconf 93' lang='lat' dir='ltr'><strong>et</strong></span> <span class='ocrx_word' id='word_1_374' title='bbox 1699 4885 1791 4953; x_wconf 90' lang='lat' dir='ltr'><strong>qui</strong></span> 
     </span>
    </p>
   </div>
   <div class='ocr_carea' id='block_1_53' title="bbox 184 4974 1791 5046">
    <p class='ocr_par' dir='ltr' id='par_1_53' title="bbox 184 4974 1791 5046">
     <span class='ocr_line' id='line_1_53' title="bbox 184 4974 1791 5046; baseline -0.007 -6"><span class='ocrx_word' id='word_1_375' title='bbox 184 4977 497 5040; x_wconf 87' lang='lat' dir='ltr'><strong>suscitavit</strong></span> <span class='ocrx_word' id='word_1_376' title='bbox 522 4977 574 5031; x_wconf 92' lang='lat' dir='ltr'><strong>in</strong></span> <span class='ocrx_word' id='word_1_377' title='bbox 598 4975 869 5045; x_wconf 90' lang='lat' dir='ltr'><strong>republica</strong></span> <span class='ocrx_word' id='word_1_378' title='bbox 891 4975 1010 5046; x_wconf 89' lang='lat' dir='ltr'><strong>pios</strong></span> <span class='ocrx_word' id='word_1_379' title='bbox 1039 4974 1305 5042; x_wconf 90' lang='lat' dir='ltr'><strong>dominos,</strong></span> <span class='ocrx_word' id='word_1_380' title='bbox 1335 4976 1641 5044; x_wconf 76' lang='lat' dir='ltr'><strong>exstinguet</strong></span> <span class='ocrx_word' id='word_1_381' title='bbox 1667 4990 1791 5029; x_wconf 90' lang='lat' dir='ltr'><strong>cru-</strong></span> 
     </span>
    </p>
   </div>
   <div class='ocr_carea' id='block_1_54' title="bbox 184 5067 1791 5142">
    <p class='ocr_par' dir='ltr' id='par_1_54' title="bbox 184 5067 1791 5142">
     <span class='ocr_line' id='line_1_54' title="bbox 184 5067 1791 5142; baseline -0.007 -10"><span class='ocrx_word' id='word_1_382' title='bbox 184 5076 355 5132; x_wconf 88' lang='lat' dir='ltr'><strong>deles</strong></span> <span class='ocrx_word' id='word_1_383' title='bbox 374 5079 660 5142; x_wconf 85' lang='lat' dir='ltr'><strong>tyrannos.</strong></span> <span class='ocrx_word' id='word_1_384' title='bbox 687 5067 884 5142; x_wconf 83' lang='lat' dir='ltr'><strong>Sancta</strong></span> <span class='ocrx_word' id='word_1_385' title='bbox 908 5068 1091 5139; x_wconf 88' lang='lat' dir='ltr'><strong>itaque</strong></span> <span class='ocrx_word' id='word_1_386' title='bbox 1111 5067 1350 5122; x_wconf 90' lang='lat' dir='ltr'><strong>Trinitas</strong></span> <span class='ocrx_word' id='word_1_387' title='bbox 1368 5067 1532 5121; x_wconf 88' lang='lat' dir='ltr'><strong>vitam</strong></span> <span class='ocrx_word' id='word_1_388' title='bbox 1553 5075 1791 5121; x_wconf 88' lang='lat' dir='ltr'><strong>vestram</strong></span> 
     </span>
    </p>
   </div>
   <div class='ocr_carea' id='block_1_55' title="bbox 180 5155 1792 5238">
    <p class='ocr_par' dir='ltr' id='par_1_55' title="bbox 180 5155 1792 5238">
     <span class='ocr_line' id='line_1_55' title="bbox 180 5155 1792 5238; baseline -0.005 -18"><span class='ocrx_word' id='word_1_389' title='bbox 180 5181 295 5238; x_wconf 87' lang='lat' dir='ltr'><strong>per</strong></span> <span class='ocrx_word' id='word_1_390' title='bbox 326 5172 581 5231; x_wconf 89' lang='lat' dir='ltr'><strong>tempora</strong></span> <span class='ocrx_word' id='word_1_391' title='bbox 608 5160 765 5230; x_wconf 89' lang='lat' dir='ltr'><strong>longa</strong></span> <span class='ocrx_word' id='word_1_392' title='bbox 787 5160 1075 5226; x_wconf 89' lang='lat' dir='ltr'><strong>custodiat,</strong></span> <span class='ocrx_word' id='word_1_393' title='bbox 1107 5165 1167 5214; x_wconf 90' lang='lat' dir='ltr'><strong>ut</strong></span> <span class='ocrx_word' id='word_1_394' title='bbox 1205 5159 1271 5214; x_wconf 92' lang='lat' dir='ltr'><strong>de</strong></span> <span class='ocrx_word' id='word_1_395' title='bbox 1297 5155 1438 5213; x_wconf 88' lang='lat' dir='ltr'><strong>bono</strong></span> <span class='ocrx_word' id='word_1_396' title='bbox 1463 5165 1655 5213; x_wconf 73' lang='lat' dir='ltr'><strong>vestrae</strong></span> <span class='ocrx_word' id='word_1_397' title='bbox 1677 5156 1792 5228; x_wconf 91' lang='lat' dir='ltr'><strong>pie-</strong></span> 
     </span>
    </p>
   </div>
   <div class='ocr_carea' id='block_1_56' title="bbox 183 5250 1713 5322">
    <p class='ocr_par' dir='ltr' id='par_1_56' title="bbox 183 5250 1713 5322">
     <span class='ocr_line' id='line_1_56' title="bbox 183 5250 1713 5322; baseline -0.005 -10"><span class='ocrx_word' id='word_1_398' title='bbox 183 5257 353 5320; x_wconf 86' lang='lat' dir='ltr'><strong>tatis,</strong></span> <span class='ocrx_word' id='word_1_399' title='bbox 389 5252 537 5322; x_wconf 88' lang='lat' dir='ltr'><strong>quod</strong></span> <span class='ocrx_word' id='word_1_400' title='bbox 569 5253 720 5306; x_wconf 88' lang='lat' dir='ltr'><strong>tarde</strong></span> <span class='ocrx_word' id='word_1_401' title='bbox 745 5252 1100 5322; x_wconf 90' lang='lat' dir='ltr'><strong>suscepimus,</strong></span> <span class='ocrx_word' id='word_1_402' title='bbox 1138 5250 1340 5306; x_wconf 89' lang='lat' dir='ltr'><strong>diutius</strong></span> <span class='ocrx_word' id='word_1_403' title='bbox 1369 5250 1713 5321; x_wconf 80' lang='lat' dir='ltr'><strong>gaudeamus.</strong></span> 
     </span>
    </p>
   </div>
   <div class='ocr_carea' id='block_1_57' title="bbox 245 5361 1238 5418">
    <p class='ocr_par' dir='ltr' id='par_1_57' title="bbox 245 5361 1238 5418">
     <span class='ocr_line' id='line_1_57' title="bbox 245 5361 1238 5418; baseline -0.002 0"><span class='ocrx_word' id='word_1_404' title='bbox 245 5387 248 5390; x_wconf 59' lang='grc'><strong>’</strong></span> <span class='ocrx_word' id='word_1_405' title='bbox 781 5363 1005 5418; x_wconf 87' lang='lat' dir='ltr'><strong>CAPUT</strong></span> <span class='ocrx_word' id='word_1_406' title='bbox 1037 5361 1220 5418; x_wconf 79' lang='lat' dir='ltr'><strong>XXVI.</strong></span> <span class='ocrx_word' id='word_1_407' title='bbox 1235 5397 1238 5403; x_wconf 89' lang='lat'><strong><em>-</em></strong></span> 
     </span>
    </p>
   </div>
   <div class='ocr_carea' id='block_1_58' title="bbox 185 5431 1790 5509">
    <p class='ocr_par' dir='ltr' id='par_1_58' title="bbox 185 5431 1790 5509">
     <span class='ocr_line' id='line_1_58' title="bbox 185 5431 1790 5509; baseline -0.004 -16"><span class='ocrx_word' id='word_1_408' title='bbox 185 5436 475 5509; x_wconf 81' lang='lat' dir='ltr'><strong>Repelilio</strong></span> <span class='ocrx_word' id='word_1_409' title='bbox 500 5435 562 5488; x_wconf 85' lang='lat' dir='ltr'><strong>de</strong></span> <span class='ocrx_word' id='word_1_410' title='bbox 591 5433 815 5509; x_wconf 60' lang='lat' dir='ltr'><strong>Alleluia</strong></span> <span class='ocrx_word' id='word_1_411' title='bbox 842 5434 979 5504; x_wconf 80' lang='lat' dir='ltr'><strong>quod</strong></span> <span class='ocrx_word' id='word_1_412' title='bbox 1001 5443 1244 5509; x_wconf 52' lang='lat' dir='ltr'><strong>cogitatur</strong></span> <span class='ocrx_word' id='word_1_413' title='bbox 1267 5435 1323 5509; x_wconf 66' lang='lat' dir='ltr'><strong>in</strong></span> <span class='ocrx_word' id='word_1_414' title='bbox 1347 5433 1528 5509; x_wconf 57' lang='lat' dir='ltr'><strong>inissa,</strong></span> <span class='ocrx_word' id='word_1_415' title='bbox 1557 5431 1694 5509; x_wconf 85' lang='lat' dir='ltr'><strong>el_de</strong></span> <span class='ocrx_word' id='word_1_416' title='bbox 1714 5449 1790 5509; x_wconf 74' lang='lat' dir='ltr'><strong>ue-</strong></span> 
     </span>
    </p>
   </div>
   <div class='ocr_carea' id='block_1_59' title="bbox 262 5501 1786 5573">
    <p class='ocr_par' dir='ltr' id='par_1_59' title="bbox 262 5501 1786 5573">
     <span class='ocr_line' id='line_1_59' title="bbox 262 5501 1786 5573; baseline -0.004 -12"><span class='ocrx_word' id='word_1_417' title='bbox 262 5501 526 5562; x_wconf 77' lang='lat' dir='ltr'><strong>stimento</strong></span> <span class='ocrx_word' id='word_1_418' title='bbox 556 5501 1013 5568; x_wconf 83' lang='lat' dir='ltr'><strong>subdiacouorum,</strong></span> <span class='ocrx_word' id='word_1_419' title='bbox 1061 5501 1224 5573; x_wconf 64' lang='lat' dir='ltr'><strong>Kyrjc</strong></span> <span class='ocrx_word' id='word_1_420' title='bbox 1261 5501 1481 5568; x_wconf 88' lang='lat' dir='ltr'><strong>eleison,</strong></span> <span class='ocrx_word' id='word_1_421' title='bbox 1505 5519 1567 5556; x_wconf 85' lang='lat' dir='ltr'><strong>ac</strong></span> <span class='ocrx_word' id='word_1_422' title='bbox 1602 5501 1786 5556; x_wconf 86' lang='lat' dir='ltr'><strong>Domi-</strong></span> 
     </span>
    </p>
   </div>
   <div class='ocr_carea' id='block_1_60' title="bbox 262 5571 1406 5644">
    <p class='ocr_par' dir='ltr' id='par_1_60' title="bbox 262 5571 1406 5644">
     <span class='ocr_line' id='line_1_60' title="bbox 262 5571 1406 5644; baseline -0.004 -12"><span class='ocrx_word' id='word_1_423' title='bbox 262 5578 402 5632; x_wconf 80' lang='lat' dir='ltr'><strong>nica</strong></span> <span class='ocrx_word' id='word_1_424' title='bbox 434 5575 690 5638; x_wconf 83' lang='lat' dir='ltr'><strong>oratione,</strong></span> <span class='ocrx_word' id='word_1_425' title='bbox 720 5589 785 5627; x_wconf 77' lang='lat' dir='ltr'><strong>ea:</strong></span> <span class='ocrx_word' id='word_1_426' title='bbox 815 5575 1031 5644; x_wconf 80' lang='lat' dir='ltr'><strong>epistola</strong></span> <span class='ocrx_word' id='word_1_427' title='bbox 1064 5571 1122 5626; x_wconf 66' lang='grc' dir='ltr'><strong>ες</strong></span> <span class='ocrx_word' id='word_1_428' title='bbox 1151 5571 1406 5644; x_wconf 79' lang='lat' dir='ltr'><strong>Gregorii.</strong></span> 
     </span>
    </p>
   </div>
   <div class='ocr_carea' id='block_1_61' title="bbox 261 5661 1783 5737">
    <p class='ocr_par' dir='ltr' id='par_1_61' title="bbox 261 5661 1783 5737">
     <span class='ocr_line' id='line_1_61' title="bbox 261 5661 1783 5737; baseline -0.005 -15"><span class='ocrx_word' id='word_1_429' title='bbox 261 5666 514 5737; x_wconf 83' lang='lat' dir='ltr'><strong>Quando</strong></span> <span class='ocrx_word' id='word_1_430' title='bbox 537 5665 749 5734; x_wconf 86' lang='lat' dir='ltr'><strong>scripsit</strong></span> <span class='ocrx_word' id='word_1_431' title='bbox 791 5671 974 5718; x_wconf 86' lang='lat' dir='ltr'><strong>nostra</strong></span> <span class='ocrx_word' id='word_1_432' title='bbox 1001 5664 1240 5734; x_wconf 87' lang='lat' dir='ltr'><strong>parvitas</strong></span> <span class='ocrx_word' id='word_1_433' title='bbox 1267 5664 1332 5717; x_wconf 87' lang='lat' dir='ltr'><strong>dc</strong></span> <span class='ocrx_word' id='word_1_434' title='bbox 1371 5662 1543 5717; x_wconf 82' lang='lat' dir='ltr'><strong>oliicio</strong></span> <span class='ocrx_word' id='word_1_435' title='bbox 1585 5661 1783 5727; x_wconf 53' lang='lat' dir='ltr'><strong>missae,</strong></span> 
     </span>
    </p>
   </div>
   <div class='ocr_carea' id='block_1_62' title="bbox 182 5756 1784 5825">
    <p class='ocr_par' dir='ltr' id='par_1_62' title="bbox 182 5756 1784 5825">
     <span class='ocr_line' id='line_1_62' title="bbox 182 5756 1784 5825; baseline -0.005 -8"><span class='ocrx_word' id='word_1_436' title='bbox 182 5759 371 5817; x_wconf 88' lang='lat' dir='ltr'><strong>simili</strong></span> <span class='ocrx_word' id='word_1_437' title='bbox 421 5758 578 5812; x_wconf 90' lang='lat' dir='ltr'><strong>modo</strong></span> <span class='ocrx_word' id='word_1_438' title='bbox 604 5772 691 5812; x_wconf 91' lang='lat' dir='ltr'><strong>me</strong></span> <span class='ocrx_word' id='word_1_439' title='bbox 732 5756 971 5810; x_wconf 88' lang='lat' dir='ltr'><strong>latebant</strong></span> <span class='ocrx_word' id='word_1_440' title='bbox 1007 5771 1128 5825; x_wconf 76' lang='lat' dir='ltr'><strong>qua:</strong></span> <span class='ocrx_word' id='word_1_441' title='bbox 1168 5763 1466 5825; x_wconf 87' lang='lat' dir='ltr'><strong>sequuntur</strong></span> <span class='ocrx_word' id='word_1_442' title='bbox 1490 5762 1550 5809; x_wconf 91' lang='lat' dir='ltr'><strong>ut</strong></span> <span class='ocrx_word' id='word_1_443' title='bbox 1577 5769 1639 5809; x_wconf 87' lang='lat' dir='ltr'><strong>ea</strong></span> <span class='ocrx_word' id='word_1_444' title='bbox 1665 5768 1784 5824; x_wconf 76' lang='lat' dir='ltr'><strong>qua:</strong></span> 
     </span>
    </p>
   </div>
   <div class='ocr_carea' id='block_1_63' title="bbox 181 5844 1781 5922">
    <p class='ocr_par' dir='ltr' id='par_1_63' title="bbox 181 5844 1781 5922">
     <span class='ocr_line' id='line_1_63' title="bbox 181 5844 1781 5922; baseline 0 -18"><span class='ocrx_word' id='word_1_445' title='bbox 181 5847 463 5922; x_wconf 83' lang='lat' dir='ltr'><strong>superius</strong></span> <span class='ocrx_word' id='word_1_446' title='bbox 503 5847 612 5906; x_wconf 76' lang='lat' dir='ltr'><strong>dixi</strong></span> <span class='ocrx_word' id='word_1_447' title='bbox 653 5849 720 5906; x_wconf 92' lang='lat' dir='ltr'><strong>de</strong></span> <span class='ocrx_word' id='word_1_448' title='bbox 764 5846 948 5905; x_wconf 89' lang='lat' dir='ltr'><strong>litania</strong></span> <span class='ocrx_word' id='word_1_449' title='bbox 985 5845 1211 5920; x_wconf 87' lang='lat' dir='ltr'><strong>majore.</strong></span> <span class='ocrx_word' id='word_1_450' title='bbox 1250 5844 1498 5904; x_wconf 86' lang='lat' dir='ltr'><strong>Nondum</strong></span> <span class='ocrx_word' id='word_1_451' title='bbox 1545 5845 1781 5917; x_wconf 84' lang='lat' dir='ltr'><strong>legeram</strong></span> 
     </span>
    </p>
   </div>
   <div class='ocr_carea' id='block_1_64' title="bbox 1925 780 3504 856">
    <p class='ocr_par' dir='ltr' id='par_1_64' title="bbox 1925 780 3504 856">
     <span class='ocr_line' id='line_1_64' title="bbox 1925 780 3504 856; baseline 0.004 -20"><span class='ocrx_word' id='word_1_452' title='bbox 1925 780 2010 837; x_wconf 92' lang='lat' dir='ltr'><strong>bis</strong></span> <span class='ocrx_word' id='word_1_453' title='bbox 2033 781 2205 852; x_wconf 91' lang='lat' dir='ltr'><strong>ipsius</strong></span> <span class='ocrx_word' id='word_1_454' title='bbox 2242 782 2480 852; x_wconf 83' lang='lat' dir='ltr'><strong>epistolae</strong></span> <span class='ocrx_word' id='word_1_455' title='bbox 2515 781 2580 838; x_wconf 93' lang='lat' dir='ltr'><strong>ad</strong></span> <span class='ocrx_word' id='word_1_456' title='bbox 2625 781 2884 839; x_wconf 81' lang='lat' dir='ltr'><strong>Joannem</strong></span> <span class='ocrx_word' id='word_1_457' title='bbox 2925 783 3348 856; x_wconf 88' lang='lat' dir='ltr'><strong>Syracusanum.</strong></span> <span class='ocrx_word' id='word_1_458' title='bbox 3377 786 3504 854; x_wconf 87' lang='lat' dir='ltr'><strong>Qni-</strong></span> 
     </span>
    </p>
   </div>
   <div class='ocr_carea' id='block_1_65' title="bbox 1924 872 3500 946">
    <p class='ocr_par' dir='ltr' id='par_1_65' title="bbox 1924 872 3500 946">
     <span class='ocr_line' id='line_1_65' title="bbox 1924 872 3500 946; baseline 0.006 -20"><span class='ocrx_word' id='word_1_459' title='bbox 1924 872 2026 927; x_wconf 87' lang='lat' dir='ltr'><strong>bns</strong></span> <span class='ocrx_word' id='word_1_460' title='bbox 2055 872 2290 928; x_wconf 83' lang='lat' dir='ltr'><strong>inventis</strong></span> <span class='ocrx_word' id='word_1_461' title='bbox 2319 889 2426 929; x_wconf 92' lang='lat' dir='ltr'><strong>non</strong></span> <span class='ocrx_word' id='word_1_462' title='bbox 2450 875 2601 945; x_wconf 91' lang='lat' dir='ltr'><strong>potui</strong></span> <span class='ocrx_word' id='word_1_463' title='bbox 2633 875 2934 946; x_wconf 71' lang='lat' dir='ltr'><strong>praeterire,</strong></span> <span class='ocrx_word' id='word_1_464' title='bbox 2977 878 3082 934; x_wconf 86' lang='lat' dir='ltr'><strong>nisi</strong></span> <span class='ocrx_word' id='word_1_465' title='bbox 3121 879 3184 934; x_wconf 86' lang='lat' dir='ltr'><strong>ea</strong></span> <span class='ocrx_word' id='word_1_466' title='bbox 3209 880 3298 936; x_wconf 90' lang='lat' dir='ltr'><strong>hic</strong></span> <span class='ocrx_word' id='word_1_467' title='bbox 3326 879 3500 935; x_wconf 89' lang='lat' dir='ltr'><strong>intro-</strong></span> 
     </span>
    </p>
   </div>
   <div class='ocr_carea' id='block_1_66' title="bbox 1923 963 3502 1044">
    <p class='ocr_par' dir='ltr' id='par_1_66' title="bbox 1923 963 3502 1044">
     <span class='ocr_line' id='line_1_66' title="bbox 1923 963 3502 1044; baseline 0.007 -26"><span class='ocrx_word' id='word_1_468' title='bbox 1923 963 2200 1032; x_wconf 88' lang='lat' dir='ltr'><strong>ducerem,</strong></span> <span class='ocrx_word' id='word_1_469' title='bbox 2261 967 2508 1036; x_wconf 88' lang='lat' dir='ltr'><strong>quamvis</strong></span> <span class='ocrx_word' id='word_1_470' title='bbox 2554 983 2663 1024; x_wconf 90' lang='lat' dir='ltr'><strong>non</strong></span> <span class='ocrx_word' id='word_1_471' title='bbox 2718 969 2773 1024; x_wconf 92' lang='lat' dir='ltr'><strong>in</strong></span> <span class='ocrx_word' id='word_1_472' title='bbox 2818 973 3141 1041; x_wconf 86' lang='lat' dir='ltr'><strong>competenti</strong></span> <span class='ocrx_word' id='word_1_473' title='bbox 3183 972 3323 1039; x_wconf 89' lang='lat' dir='ltr'><strong>loco,</strong></span> <span class='ocrx_word' id='word_1_474' title='bbox 3375 974 3502 1044; x_wconf 89' lang='lat' dir='ltr'><strong>quia</strong></span> 
     </span>
    </p>
   </div>
   <div class='ocr_carea' id='block_1_67' title="bbox 1922 1056 3500 1135">
    <p class='ocr_par' dir='ltr' id='par_1_67' title="bbox 1922 1056 3500 1135">
     <span class='ocr_line' id='line_1_67' title="bbox 1922 1056 3500 1135; baseline 0.006 -24"><span class='ocrx_word' id='word_1_475' title='bbox 1922 1056 2094 1129; x_wconf 89' lang='lat' dir='ltr'><strong>magis</strong></span> <span class='ocrx_word' id='word_1_476' title='bbox 2120 1059 2460 1129; x_wconf 79' lang='lat' dir='ltr'><strong>competebat</strong></span> <span class='ocrx_word' id='word_1_477' title='bbox 2486 1075 2551 1117; x_wconf 92' lang='lat' dir='ltr'><strong>ea</strong></span> <span class='ocrx_word' id='word_1_478' title='bbox 2577 1061 2742 1117; x_wconf 90' lang='lat' dir='ltr'><strong>scribi</strong></span> <span class='ocrx_word' id='word_1_479' title='bbox 2771 1063 2827 1118; x_wconf 92' lang='lat' dir='ltr'><strong>in</strong></span> <span class='ocrx_word' id='word_1_480' title='bbox 2853 1063 3026 1120; x_wconf 80' lang='lat' dir='ltr'><strong>ofﬁcio</strong></span> <span class='ocrx_word' id='word_1_481' title='bbox 3046 1065 3226 1120; x_wconf 83' lang='lat' dir='ltr'><strong>missae</strong></span> <span class='ocrx_word' id='word_1_482' title='bbox 3250 1080 3409 1135; x_wconf 87' lang='lat' dir='ltr'><strong>quam</strong></span> <span class='ocrx_word' id='word_1_483' title='bbox 3443 1065 3500 1120; x_wconf 89' lang='lat' dir='ltr'><strong>in</strong></span> 
     </span>
    </p>
   </div>
   <div class='ocr_carea' id='block_1_68' title="bbox 1920 1147 3269 1225">
    <p class='ocr_par' dir='ltr' id='par_1_68' title="bbox 1920 1147 3269 1225">
     <span class='ocr_line' id='line_1_68' title="bbox 1920 1147 3269 1225; baseline 0.005 -21"><span class='ocrx_word' id='word_1_484' title='bbox 1920 1147 2096 1206; x_wconf 85' lang='lat' dir='ltr'><strong>oiiicio</strong></span> <span class='ocrx_word' id='word_1_485' title='bbox 2123 1152 2444 1208; x_wconf 89' lang='lat' dir='ltr'><strong>nocturnali.</strong></span> <span class='ocrx_word' id='word_1_486' title='bbox 2476 1151 2730 1223; x_wconf 88' lang='lat' dir='ltr'><strong>Sequitur</strong></span> <span class='ocrx_word' id='word_1_487' title='bbox 2754 1162 2935 1210; x_wconf 82' lang='lat' dir='ltr'><strong>textus</strong></span> <span class='ocrx_word' id='word_1_488' title='bbox 2959 1156 3218 1225; x_wconf 64' lang='lat' dir='ltr'><strong>epistolae.</strong></span> <span class='ocrx_word' id='word_1_489' title='bbox 3265 1187 3269 1198; x_wconf 86' lang='grc'><strong><em>-</em></strong></span> 
     </span>
    </p>
   </div>
   <div class='ocr_carea' id='block_1_69' title="bbox 2134 1264 3282 1340">
    <p class='ocr_par' dir='ltr' id='par_1_69' title="bbox 2134 1264 3282 1340">
     <span class='ocr_line' id='line_1_69' title="bbox 2134 1264 3282 1340; baseline 0.003 -19"><span class='ocrx_word' id='word_1_490' title='bbox 2134 1264 2415 1337; x_wconf 77' lang='lat' dir='ltr'><strong>Gregorius</strong></span> <span class='ocrx_word' id='word_1_491' title='bbox 2438 1266 2638 1322; x_wconf 82' lang='lat' dir='ltr'><strong>Joanm&#39;</strong></span> <span class='ocrx_word' id='word_1_492' title='bbox 2665 1269 2903 1339; x_wconf 80' lang='lat' dir='ltr'><strong>episcopo</strong></span> <span class='ocrx_word' id='word_1_493' title='bbox 2928 1268 3282 1340; x_wconf 80' lang='lat' dir='ltr'><strong>Syracusano.</strong></span> 
     </span>
    </p>
   </div>
   <div class='ocr_carea' id='block_1_70' title="bbox 1991 1355 3498 1433">
    <p class='ocr_par' dir='ltr' id='par_1_70' title="bbox 1991 1355 3498 1433">
     <span class='ocr_line' id='line_1_70' title="bbox 1991 1355 3498 1433; baseline 0.007 -25"><span class='ocrx_word' id='word_1_494' title='bbox 1991 1355 2223 1413; x_wconf 82' lang='lat' dir='ltr'><strong>Veniens</strong></span> <span class='ocrx_word' id='word_1_495' title='bbox 2260 1359 2476 1428; x_wconf 89' lang='lat' dir='ltr'><strong>quidam</strong></span> <span class='ocrx_word' id='word_1_496' title='bbox 2517 1358 2584 1414; x_wconf 92' lang='lat' dir='ltr'><strong>de</strong></span> <span class='ocrx_word' id='word_1_497' title='bbox 2611 1357 2795 1414; x_wconf 89' lang='lat' dir='ltr'><strong>Sicilia</strong></span> <span class='ocrx_word' id='word_1_498' title='bbox 2823 1358 2960 1415; x_wconf 82' lang='lat' dir='ltr'><strong>dixit</strong></span> <span class='ocrx_word' id='word_1_499' title='bbox 2988 1361 3119 1416; x_wconf 90' lang='lat' dir='ltr'><strong>mihi</strong></span> <span class='ocrx_word' id='word_1_500' title='bbox 3145 1360 3289 1432; x_wconf 91' lang='lat' dir='ltr'><strong>quod</strong></span> <span class='ocrx_word' id='word_1_501' title='bbox 3330 1361 3498 1433; x_wconf 89' lang='lat' dir='ltr'><strong>aliqui</strong></span> 
     </span>
    </p>
   </div>
   <div class='ocr_carea' id='block_1_71' title="bbox 1919 1448 3495 1522">
    <p class='ocr_par' dir='ltr' id='par_1_71' title="bbox 1919 1448 3495 1522">
     <span class='ocr_line' id='line_1_71' title="bbox 1919 1448 3495 1522; baseline 0.005 -20"><span class='ocrx_word' id='word_1_502' title='bbox 1919 1449 2075 1503; x_wconf 91' lang='lat' dir='ltr'><strong>amici</strong></span> <span class='ocrx_word' id='word_1_503' title='bbox 2102 1449 2242 1519; x_wconf 89' lang='lat' dir='ltr'><strong>ejus,</strong></span> <span class='ocrx_word' id='word_1_504' title='bbox 2263 1450 2348 1504; x_wconf 86' lang='lat' dir='ltr'><strong>vel</strong></span> <span class='ocrx_word' id='word_1_505' title='bbox 2376 1448 2549 1505; x_wconf 67' lang='grc' dir='ltr'><strong>(ἔναξὸί</strong></span> <span class='ocrx_word' id='word_1_506' title='bbox 2587 1451 2674 1506; x_wconf 84' lang='lat' dir='ltr'><strong>vel</strong></span> <span class='ocrx_word' id='word_1_507' title='bbox 2696 1450 2898 1517; x_wconf 85' lang='lat' dir='ltr'><strong>Latini,</strong></span> <span class='ocrx_word' id='word_1_508' title='bbox 2945 1453 3150 1518; x_wconf 88' lang='lat' dir='ltr'><strong>nescio,</strong></span> <span class='ocrx_word' id='word_1_509' title='bbox 3197 1454 3351 1522; x_wconf 87' lang='lat' dir='ltr'><strong>quasi</strong></span> <span class='ocrx_word' id='word_1_510' title='bbox 3395 1454 3495 1510; x_wconf 88' lang='lat' dir='ltr'><strong>sub</strong></span> 
     </span>
    </p>
   </div>
   <div class='ocr_carea' id='block_1_72' title="bbox 1917 1539 3498 1613">
    <p class='ocr_par' dir='ltr' id='par_1_72' title="bbox 1917 1539 3498 1613">
     <span class='ocr_line' id='line_1_72' title="bbox 1917 1539 3498 1613; baseline 0.005 -21"><span class='ocrx_word' id='word_1_511' title='bbox 1917 1539 2034 1594; x_wconf 89' lang='lat' dir='ltr'><strong>zelo</strong></span> <span class='ocrx_word' id='word_1_512' title='bbox 2071 1550 2270 1596; x_wconf 84' lang='lat' dir='ltr'><strong>sanctae</strong></span> <span class='ocrx_word' id='word_1_513' title='bbox 2310 1541 2566 1597; x_wconf 73' lang='lat' dir='ltr'><strong>Romana:</strong></span> <span class='ocrx_word' id='word_1_514' title='bbox 2611 1541 2867 1597; x_wconf 83' lang='lat' dir='ltr'><strong>Ecclesiae</strong></span> <span class='ocrx_word' id='word_1_515' title='bbox 2911 1543 2978 1598; x_wconf 90' lang='lat' dir='ltr'><strong>de</strong></span> <span class='ocrx_word' id='word_1_516' title='bbox 3016 1543 3152 1599; x_wconf 91' lang='lat' dir='ltr'><strong>meis</strong></span> <span class='ocrx_word' id='word_1_517' title='bbox 3191 1543 3498 1613; x_wconf 86' lang='lat' dir='ltr'><strong>dispositio-</strong></span> 
     </span>
    </p>
   </div>
   <div class='ocr_carea' id='block_1_73' title="bbox 1916 1630 3498 1700">
    <p class='ocr_par' dir='ltr' id='par_1_73' title="bbox 1916 1630 3498 1700">
     <span class='ocr_line' id='line_1_73' title="bbox 1916 1630 3498 1700; baseline 0.006 -17"><span class='ocrx_word' id='word_1_518' title='bbox 1916 1630 2076 1686; x_wconf 90' lang='lat' dir='ltr'><strong>nibus</strong></span> <span class='ocrx_word' id='word_1_519' title='bbox 2103 1641 2523 1697; x_wconf 88' lang='lat' dir='ltr'><strong>murmurarent,</strong></span> <span class='ocrx_word' id='word_1_520' title='bbox 2557 1633 2832 1689; x_wconf 88' lang='lat' dir='ltr'><strong>dicentes:</strong></span> <span class='ocrx_word' id='word_1_521' title='bbox 2879 1631 3156 1700; x_wconf 86' lang='lat' dir='ltr'><strong>Quomodo</strong></span> <span class='ocrx_word' id='word_1_522' title='bbox 3199 1634 3498 1692; x_wconf 88' lang='lat' dir='ltr'><strong>Ecclesiam</strong></span> 
     </span>
    </p>
   </div>
   <div class='ocr_carea' id='block_1_74' title="bbox 1915 1717 3498 1796">
    <p class='ocr_par' dir='ltr' id='par_1_74' title="bbox 1915 1717 3498 1796">
     <span class='ocr_line' id='line_1_74' title="bbox 1915 1717 3498 1796; baseline 0.006 -22"><span class='ocrx_word' id='word_1_523' title='bbox 1915 1717 2559 1792; x_wconf 87' lang='lat' dir='ltr'><strong>Constantinopolitanam</strong></span> <span class='ocrx_word' id='word_1_524' title='bbox 2585 1724 2816 1792; x_wconf 90' lang='lat' dir='ltr'><strong>disponit</strong></span> <span class='ocrx_word' id='word_1_525' title='bbox 2855 1724 3230 1792; x_wconf 87' lang='lat' dir='ltr'><strong>comprimere,</strong></span> <span class='ocrx_word' id='word_1_526' title='bbox 3261 1725 3354 1796; x_wconf 90' lang='lat' dir='ltr'><strong>qui</strong></span> <span class='ocrx_word' id='word_1_527' title='bbox 3381 1725 3498 1795; x_wconf 86' lang='lat' dir='ltr'><strong>ejus</strong></span> 
     </span>
    </p>
   </div>
   <div class='ocr_carea' id='block_1_75' title="bbox 1918 1813 3497 1886">
    <p class='ocr_par' dir='ltr' id='par_1_75' title="bbox 1918 1813 3497 1886">
     <span class='ocr_line' id='line_1_75' title="bbox 1918 1813 3497 1886; baseline 0.004 -20"><span class='ocrx_word' id='word_1_528' title='bbox 1918 1814 2333 1869; x_wconf 88' lang='lat' dir='ltr'><strong>consuetudines</strong></span> <span class='ocrx_word' id='word_1_529' title='bbox 2354 1830 2452 1886; x_wconf 89' lang='lat' dir='ltr'><strong>per</strong></span> <span class='ocrx_word' id='word_1_530' title='bbox 2469 1813 2651 1870; x_wconf 90' lang='lat' dir='ltr'><strong>omnia</strong></span> <span class='ocrx_word' id='word_1_531' title='bbox 2676 1816 2956 1885; x_wconf 87' lang='lat' dir='ltr'><strong>sequitur?</strong></span> <span class='ocrx_word' id='word_1_532' title='bbox 2974 1815 3071 1871; x_wconf 88' lang='lat' dir='ltr'><strong>Cui</strong></span> <span class='ocrx_word' id='word_1_533' title='bbox 3092 1833 3213 1872; x_wconf 88' lang='lat' dir='ltr'><strong>cum</strong></span> <span class='ocrx_word' id='word_1_534' title='bbox 3236 1817 3497 1886; x_wconf 88' lang='lat' dir='ltr'><strong>dicerem,</strong></span> 
     </span>
    </p>
   </div>
   <div class='ocr_carea' id='block_1_76' title="bbox 1912 1903 3494 1978">
    <p class='ocr_par' dir='ltr' id='par_1_76' title="bbox 1912 1903 3494 1978">
     <span class='ocr_line' id='line_1_76' title="bbox 1912 1903 3494 1978; baseline 0.004 -21"><span class='ocrx_word' id='word_1_535' title='bbox 1912 1918 2046 1973; x_wconf 91' lang='lat' dir='ltr'><strong>quas</strong></span> <span class='ocrx_word' id='word_1_536' title='bbox 2071 1905 2489 1961; x_wconf 90' lang='lat' dir='ltr'><strong>consuetudines</strong></span> <span class='ocrx_word' id='word_1_537' title='bbox 2534 1903 2651 1974; x_wconf 88' lang='lat' dir='ltr'><strong>ejus</strong></span> <span class='ocrx_word' id='word_1_538' title='bbox 2681 1907 2998 1975; x_wconf 89' lang='lat' dir='ltr'><strong>sequimur?</strong></span> <span class='ocrx_word' id='word_1_539' title='bbox 3023 1922 3339 1978; x_wconf 91' lang='lat' dir='ltr'><strong>responsum</strong></span> <span class='ocrx_word' id='word_1_540' title='bbox 3372 1917 3494 1965; x_wconf 89' lang='lat' dir='ltr'><strong>est:</strong></span> 
     </span>
    </p>
   </div>
   <div class='ocr_carea' id='block_1_77' title="bbox 1913 1993 3496 2063">
    <p class='ocr_par' dir='ltr' id='par_1_77' title="bbox 1913 1993 3496 2063">
     <span class='ocr_line' id='line_1_77' title="bbox 1913 1993 3496 2063; baseline 0.003 -14"><span class='ocrx_word' id='word_1_541' title='bbox 1913 1993 2051 2061; x_wconf 88' lang='lat' dir='ltr'><strong>Quia</strong></span> <span class='ocrx_word' id='word_1_542' title='bbox 2077 1995 2305 2050; x_wconf 85' lang='lat' dir='ltr'><strong>Alleluia</strong></span> <span class='ocrx_word' id='word_1_543' title='bbox 2334 1997 2463 2063; x_wconf 90' lang='lat' dir='ltr'><strong>dici,</strong></span> <span class='ocrx_word' id='word_1_544' title='bbox 2492 1996 2559 2051; x_wconf 90' lang='lat' dir='ltr'><strong>ad</strong></span> <span class='ocrx_word' id='word_1_545' title='bbox 2584 1999 2779 2052; x_wconf 88' lang='lat' dir='ltr'><strong>missas</strong></span> <span class='ocrx_word' id='word_1_546' title='bbox 2799 2006 2952 2051; x_wconf 88' lang='lat' dir='ltr'><strong>extra</strong></span> <span class='ocrx_word' id='word_1_547' title='bbox 2983 1997 3332 2053; x_wconf 90' lang='lat' dir='ltr'><strong>Pentecostes</strong></span> <span class='ocrx_word' id='word_1_548' title='bbox 3357 2005 3496 2053; x_wconf 85' lang='lat' dir='ltr'><strong>tem-</strong></span> 
     </span>
    </p>
   </div>
   <div class='ocr_carea' id='block_1_78' title="bbox 1910 2087 3494 2158">
    <p class='ocr_par' dir='ltr' id='par_1_78' title="bbox 1910 2087 3494 2158">
     <span class='ocr_line' id='line_1_78' title="bbox 1910 2087 3494 2158; baseline -0.001 -17"><span class='ocrx_word' id='word_1_549' title='bbox 1910 2103 2013 2158; x_wconf 87' lang='lat' dir='ltr'><strong>pus</strong></span> <span class='ocrx_word' id='word_1_550' title='bbox 2041 2087 2284 2154; x_wconf 89' lang='lat' dir='ltr'><strong>fecistis;</strong></span> <span class='ocrx_word' id='word_1_551' title='bbox 2315 2089 2440 2157; x_wconf 92' lang='lat' dir='ltr'><strong>quia</strong></span> <span class='ocrx_word' id='word_1_552' title='bbox 2489 2088 2852 2143; x_wconf 89' lang='lat' dir='ltr'><strong>subdiaconos</strong></span> <span class='ocrx_word' id='word_1_553' title='bbox 2884 2088 3141 2158; x_wconf 90' lang='lat' dir='ltr'><strong>spoliatos</strong></span> <span class='ocrx_word' id='word_1_554' title='bbox 3179 2089 3494 2158; x_wconf 89' lang='lat' dir='ltr'><strong>procedere,</strong></span> 
     </span>
    </p>
   </div>
   <div class='ocr_carea' id='block_1_79' title="bbox 1911 2177 3498 2250">
    <p class='ocr_par' dir='ltr' id='par_1_79' title="bbox 1911 2177 3498 2250">
     <span class='ocr_line' id='line_1_79' title="bbox 1911 2177 3498 2250; baseline 0.001 -16"><span class='ocrx_word' id='word_1_555' title='bbox 1911 2179 2038 2250; x_wconf 87' lang='lat' dir='ltr'><strong>quia</strong></span> <span class='ocrx_word' id='word_1_556' title='bbox 2066 2177 2231 2250; x_wconf 77' lang='lat' dir='ltr'><strong>Kyrie</strong></span> <span class='ocrx_word' id='word_1_557' title='bbox 2253 2179 2447 2235; x_wconf 80' lang='lat' dir='ltr'><strong>eleison</strong></span> <span class='ocrx_word' id='word_1_558' title='bbox 2489 2180 2615 2244; x_wconf 91' lang='lat' dir='ltr'><strong>dici,</strong></span> <span class='ocrx_word' id='word_1_559' title='bbox 2663 2180 2791 2250; x_wconf 91' lang='lat' dir='ltr'><strong>quia</strong></span> <span class='ocrx_word' id='word_1_560' title='bbox 2815 2182 3118 2235; x_wconf 89' lang='lat' dir='ltr'><strong>orationem</strong></span> <span class='ocrx_word' id='word_1_561' title='bbox 3158 2179 3498 2236; x_wconf 84' lang='lat' dir='ltr'><strong>Dominicam</strong></span> 
     </span>
    </p>
   </div>
   <div class='ocr_carea' id='block_1_80' title="bbox 1910 2271 3496 2344">
    <p class='ocr_par' dir='ltr' id='par_1_80' title="bbox 1910 2271 3496 2344">
     <span class='ocr_line' id='line_1_80' title="bbox 1910 2271 3496 2344; baseline -0.002 -15"><span class='ocrx_word' id='word_1_562' title='bbox 1910 2291 2037 2330; x_wconf 87' lang='lat' dir='ltr'><strong>mox</strong></span> <span class='ocrx_word' id='word_1_563' title='bbox 2085 2282 2207 2344; x_wconf 90' lang='lat' dir='ltr'><strong>post</strong></span> <span class='ocrx_word' id='word_1_564' title='bbox 2271 2289 2533 2330; x_wconf 92' lang='lat' dir='ltr'><strong>canonem</strong></span> <span class='ocrx_word' id='word_1_565' title='bbox 2599 2275 2705 2330; x_wconf 89' lang='lat' dir='ltr'><strong>dici</strong></span> <span class='ocrx_word' id='word_1_566' title='bbox 2758 2273 3046 2330; x_wconf 90' lang='lat' dir='ltr'><strong>statuistis.</strong></span> <span class='ocrx_word' id='word_1_567' title='bbox 3107 2271 3205 2328; x_wconf 89' lang='lat' dir='ltr'><strong>Cui</strong></span> <span class='ocrx_word' id='word_1_568' title='bbox 3255 2285 3356 2342; x_wconf 88' lang='lat' dir='ltr'><strong>ego</strong></span> <span class='ocrx_word' id='word_1_569' title='bbox 3407 2285 3496 2326; x_wconf 87' lang='lat' dir='ltr'><strong>re-</strong></span> 
     </span>
    </p>
   </div>
   <div class='ocr_carea' id='block_1_81' title="bbox 1911 2362 3494 2437">
    <p class='ocr_par' dir='ltr' id='par_1_81' title="bbox 1911 2362 3494 2437">
     <span class='ocr_line' id='line_1_81' title="bbox 1911 2362 3494 2437; baseline -0.002 -16"><span class='ocrx_word' id='word_1_570' title='bbox 1911 2367 2132 2437; x_wconf 89' lang='lat' dir='ltr'><strong>spondi;</strong></span> <span class='ocrx_word' id='word_1_571' title='bbox 2163 2366 2298 2433; x_wconf 87' lang='lat' dir='ltr'><strong>Quia</strong></span> <span class='ocrx_word' id='word_1_572' title='bbox 2325 2367 2378 2420; x_wconf 92' lang='lat' dir='ltr'><strong>in</strong></span> <span class='ocrx_word' id='word_1_573' title='bbox 2405 2367 2552 2421; x_wconf 92' lang='lat' dir='ltr'><strong>nullo</strong></span> <span class='ocrx_word' id='word_1_574' title='bbox 2575 2381 2762 2422; x_wconf 89' lang='lat' dir='ltr'><strong>eorum</strong></span> <span class='ocrx_word' id='word_1_575' title='bbox 2789 2367 2950 2420; x_wconf 91' lang='lat' dir='ltr'><strong>aliam</strong></span> <span class='ocrx_word' id='word_1_576' title='bbox 2980 2363 3278 2419; x_wconf 89' lang='lat' dir='ltr'><strong>Ecclesiam</strong></span> <span class='ocrx_word' id='word_1_577' title='bbox 3322 2362 3494 2418; x_wconf 90' lang='lat' dir='ltr'><strong>secuti</strong></span> 
     </span>
    </p>
   </div>
   <div class='ocr_carea' id='block_1_82' title="bbox 1912 2453 3492 2523">
    <p class='ocr_par' dir='ltr' id='par_1_82' title="bbox 1912 2453 3492 2523">
     <span class='ocr_line' id='line_1_82' title="bbox 1912 2453 3492 2523; baseline -0.002 -11"><span class='ocrx_word' id='word_1_578' title='bbox 1912 2473 2116 2513; x_wconf 90' lang='lat' dir='ltr'><strong>sumus.</strong></span> <span class='ocrx_word' id='word_1_579' title='bbox 2162 2456 2300 2510; x_wconf 83' lang='lat' dir='ltr'><strong>Nam</strong></span> <span class='ocrx_word' id='word_1_580' title='bbox 2323 2465 2381 2511; x_wconf 92' lang='lat' dir='ltr'><strong>ut</strong></span> <span class='ocrx_word' id='word_1_581' title='bbox 2414 2457 2642 2512; x_wconf 82' lang='lat' dir='ltr'><strong>Alleluia</strong></span> <span class='ocrx_word' id='word_1_582' title='bbox 2667 2458 2757 2512; x_wconf 91' lang='lat' dir='ltr'><strong>hic</strong></span> <span class='ocrx_word' id='word_1_583' title='bbox 2787 2458 3079 2523; x_wconf 90' lang='lat' dir='ltr'><strong>diceretur,</strong></span> <span class='ocrx_word' id='word_1_584' title='bbox 3129 2455 3196 2512; x_wconf 91' lang='lat' dir='ltr'><strong>de</strong></span> <span class='ocrx_word' id='word_1_585' title='bbox 3234 2453 3492 2510; x_wconf 62' lang='lat' dir='ltr'><strong>Hierosoa</strong></span> 
     </span>
    </p>
   </div>
   <div class='ocr_carea' id='block_1_83' title="bbox 1909 2547 3492 2620">
    <p class='ocr_par' dir='ltr' id='par_1_83' title="bbox 1909 2547 3492 2620">
     <span class='ocr_line' id='line_1_83' title="bbox 1909 2547 3492 2620; baseline 0.001 -18"><span class='ocrx_word' id='word_1_586' title='bbox 1909 2549 2177 2619; x_wconf 84' lang='lat' dir='ltr'><strong>lymorum</strong></span> <span class='ocrx_word' id='word_1_587' title='bbox 2213 2548 2452 2605; x_wconf 87' lang='lat' dir='ltr'><strong>Ecclesia</strong></span> <span class='ocrx_word' id='word_1_588' title='bbox 2489 2564 2556 2605; x_wconf 80' lang='lat' dir='ltr'><strong>ex</strong></span> <span class='ocrx_word' id='word_1_589' title='bbox 2583 2550 2644 2604; x_wconf 92' lang='lat' dir='ltr'><strong>B.</strong></span> <span class='ocrx_word' id='word_1_590' title='bbox 2675 2548 2989 2620; x_wconf 79' lang='lat' dir='ltr'><strong>Hieronymi</strong></span> <span class='ocrx_word' id='word_1_591' title='bbox 3037 2547 3327 2604; x_wconf 90' lang='lat' dir='ltr'><strong>traditione</strong></span> <span class='ocrx_word' id='word_1_592' title='bbox 3351 2554 3492 2603; x_wconf 88' lang='lat' dir='ltr'><strong>tem-</strong></span> 
     </span>
    </p>
   </div>
   <div class='ocr_carea' id='block_1_84' title="bbox 1909 2643 3489 2714">
    <p class='ocr_par' dir='ltr' id='par_1_84' title="bbox 1909 2643 3489 2714">
     <span class='ocr_line' id='line_1_84' title="bbox 1909 2643 3489 2714; baseline 0.002 -17"><span class='ocrx_word' id='word_1_593' title='bbox 1909 2657 2042 2713; x_wconf 84' lang='lat' dir='ltr'><strong>pore</strong></span> <span class='ocrx_word' id='word_1_594' title='bbox 2070 2643 2243 2697; x_wconf 72' lang='lat' dir='ltr'><strong>beatae</strong></span> <span class='ocrx_word' id='word_1_595' title='bbox 2265 2643 2540 2698; x_wconf 75' lang='lat' dir='ltr'><strong>memoria:</strong></span> <span class='ocrx_word' id='word_1_596' title='bbox 2569 2643 2784 2698; x_wconf 89' lang='lat' dir='ltr'><strong>Damasi</strong></span> <span class='ocrx_word' id='word_1_597' title='bbox 2805 2659 2958 2714; x_wconf 65' lang='lat' dir='ltr'><strong>papa:</strong></span> <span class='ocrx_word' id='word_1_598' title='bbox 2978 2643 3212 2699; x_wconf 88' lang='lat' dir='ltr'><strong>traditur</strong></span> <span class='ocrx_word' id='word_1_599' title='bbox 3237 2651 3489 2700; x_wconf 89' lang='lat' dir='ltr'><strong>tractum.</strong></span> 
     </span>
    </p>
   </div>
   <div class='ocr_carea' id='block_1_85' title="bbox 1909 2732 3492 2804">
    <p class='ocr_par' dir='ltr' id='par_1_85' title="bbox 1909 2732 3492 2804">
     <span class='ocr_line' id='line_1_85' title="bbox 1909 2732 3492 2804; baseline 0.001 -17"><span class='ocrx_word' id='word_1_600' title='bbox 1909 2733 1978 2787; x_wconf 88' lang='lat' dir='ltr'><strong>Et</strong></span> <span class='ocrx_word' id='word_1_601' title='bbox 1999 2732 2160 2803; x_wconf 91' lang='lat' dir='ltr'><strong>paulo</strong></span> <span class='ocrx_word' id='word_1_602' title='bbox 2197 2742 2320 2804; x_wconf 89' lang='lat' dir='ltr'><strong>post</strong></span> <span class='ocrx_word' id='word_1_603' title='bbox 2344 2753 2357 2788; x_wconf 90' lang='lat'><strong>:</strong></span> <span class='ocrx_word' id='word_1_604' title='bbox 2393 2734 2764 2790; x_wconf 86' lang='lat' dir='ltr'><strong>Subdiaconos</strong></span> <span class='ocrx_word' id='word_1_605' title='bbox 2785 2743 2966 2790; x_wconf 90' lang='lat' dir='ltr'><strong>autem</strong></span> <span class='ocrx_word' id='word_1_606' title='bbox 2988 2744 3049 2790; x_wconf 92' lang='lat' dir='ltr'><strong>ut</strong></span> <span class='ocrx_word' id='word_1_607' title='bbox 3074 2733 3333 2804; x_wconf 88' lang='lat' dir='ltr'><strong>spoliatos</strong></span> <span class='ocrx_word' id='word_1_608' title='bbox 3359 2747 3492 2804; x_wconf 85' lang='lat' dir='ltr'><strong>pro—</strong></span> 
     </span>
    </p>
   </div>
   <div class='ocr_carea' id='block_1_86' title="bbox 1911 2823 3489 2896">
    <p class='ocr_par' dir='ltr' id='par_1_86' title="bbox 1911 2823 3489 2896">
     <span class='ocr_line' id='line_1_86' title="bbox 1911 2823 3489 2896; baseline 0.001 -18"><span class='ocrx_word' id='word_1_609' title='bbox 1911 2823 2103 2878; x_wconf 88' lang='lat' dir='ltr'><strong>cedere</strong></span> <span class='ocrx_word' id='word_1_610' title='bbox 2145 2823 2400 2891; x_wconf 89' lang='lat' dir='ltr'><strong>facerem,</strong></span> <span class='ocrx_word' id='word_1_611' title='bbox 2431 2826 2651 2896; x_wconf 89' lang='lat' dir='ltr'><strong>antiqua</strong></span> <span class='ocrx_word' id='word_1_612' title='bbox 2702 2826 3035 2882; x_wconf 90' lang='lat' dir='ltr'><strong>consuetudo</strong></span> <span class='ocrx_word' id='word_1_613' title='bbox 3069 2825 3324 2881; x_wconf 74' lang='lat' dir='ltr'><strong>Ecclesiae</strong></span> <span class='ocrx_word' id='word_1_614' title='bbox 3367 2824 3489 2880; x_wconf 86' lang='lat' dir='ltr'><strong>fuit.</strong></span> 
     </span>
    </p>
   </div>
   <div class='ocr_carea' id='block_1_87' title="bbox 1911 2909 3490 2984">
    <p class='ocr_par' dir='ltr' id='par_1_87' title="bbox 1911 2909 3490 2984">
     <span class='ocr_line' id='line_1_87' title="bbox 1911 2909 3490 2984; baseline 0.001 -19"><span class='ocrx_word' id='word_1_615' title='bbox 1911 2909 2017 2966; x_wconf 89' lang='lat' dir='ltr'><strong>Sed</strong></span> <span class='ocrx_word' id='word_1_616' title='bbox 2066 2913 2270 2982; x_wconf 87' lang='lat' dir='ltr'><strong>placuit</strong></span> <span class='ocrx_word' id='word_1_617' title='bbox 2305 2913 2517 2970; x_wconf 90' lang='lat' dir='ltr'><strong>cuidam</strong></span> <span class='ocrx_word' id='word_1_618' title='bbox 2561 2923 2748 2969; x_wconf 88' lang='lat' dir='ltr'><strong>nostro</strong></span> <span class='ocrx_word' id='word_1_619' title='bbox 2798 2914 3083 2984; x_wconf 85' lang='lat' dir='ltr'><strong>pontiﬁci,</strong></span> <span class='ocrx_word' id='word_1_620' title='bbox 3130 2913 3318 2968; x_wconf 90' lang='lat' dir='ltr'><strong>nescio</strong></span> <span class='ocrx_word' id='word_1_621' title='bbox 3357 2912 3442 2967; x_wconf 89' lang='lat' dir='ltr'><strong>cui</strong></span> <span class='ocrx_word' id='word_1_622' title='bbox 3470 2951 3490 2978; x_wconf 95' lang='lat'><strong>,</strong></span> 
     </span>
    </p>
   </div>
   <div class='ocr_carea' id='block_1_88' title="bbox 1908 3004 3491 3077">
    <p class='ocr_par' dir='ltr' id='par_1_88' title="bbox 1908 3004 3491 3077">
     <span class='ocr_line' id='line_1_88' title="bbox 1908 3004 3491 3077; baseline 0.002 -19"><span class='ocrx_word' id='word_1_623' title='bbox 1908 3004 2001 3072; x_wconf 90' lang='lat' dir='ltr'><strong>qui</strong></span> <span class='ocrx_word' id='word_1_624' title='bbox 2027 3019 2120 3060; x_wconf 93' lang='lat' dir='ltr'><strong>eos</strong></span> <span class='ocrx_word' id='word_1_625' title='bbox 2148 3005 2373 3060; x_wconf 85' lang='lat' dir='ltr'><strong>vestitos</strong></span> <span class='ocrx_word' id='word_1_626' title='bbox 2394 3005 2686 3074; x_wconf 89' lang='lat' dir='ltr'><strong>procedere</strong></span> <span class='ocrx_word' id='word_1_627' title='bbox 2713 3007 2987 3077; x_wconf 68' lang='lat' dir='ltr'><strong>praecepit.</strong></span> <span class='ocrx_word' id='word_1_628' title='bbox 3015 3005 3151 3060; x_wconf 85' lang='lat' dir='ltr'><strong>Nam</strong></span> <span class='ocrx_word' id='word_1_629' title='bbox 3173 3013 3366 3060; x_wconf 63' lang='lat' dir='ltr'><strong>vestrm</strong></span> <span class='ocrx_word' id='word_1_630' title='bbox 3389 3004 3491 3061; x_wconf 90' lang='lat' dir='ltr'><strong>Ec-</strong></span> 
     </span>
    </p>
   </div>
   <div class='ocr_carea' id='block_1_89' title="bbox 1908 3094 3491 3165">
    <p class='ocr_par' dir='ltr' id='par_1_89' title="bbox 1908 3094 3491 3165">
     <span class='ocr_line' id='line_1_89' title="bbox 1908 3094 3491 3165; baseline 0.001 -16"><span class='ocrx_word' id='word_1_631' title='bbox 1908 3094 2086 3150; x_wconf 71' lang='lat' dir='ltr'><strong>clesiae</strong></span> <span class='ocrx_word' id='word_1_632' title='bbox 2113 3096 2355 3165; x_wconf 87' lang='lat' dir='ltr'><strong>nunquid</strong></span> <span class='ocrx_word' id='word_1_633' title='bbox 2399 3096 2743 3151; x_wconf 90' lang='lat' dir='ltr'><strong>traditionem</strong></span> <span class='ocrx_word' id='word_1_634' title='bbox 2783 3111 2815 3151; x_wconf 89' lang='lat' dir='ltr'><strong>a</strong></span> <span class='ocrx_word' id='word_1_635' title='bbox 2863 3095 3070 3151; x_wconf 58' lang='lat' dir='ltr'><strong>Graecis</strong></span> <span class='ocrx_word' id='word_1_636' title='bbox 3116 3094 3491 3165; x_wconf 74' lang='lat' dir='ltr'><strong>acceperunt?</strong></span> 
     </span>
    </p>
   </div>
   <div class='ocr_carea' id='block_1_90' title="bbox 1911 3187 3488 3259">
    <p class='ocr_par' dir='ltr' id='par_1_90' title="bbox 1911 3187 3488 3259">
     <span class='ocr_line' id='line_1_90' title="bbox 1911 3187 3488 3259; baseline -0.002 -14"><span class='ocrx_word' id='word_1_637' title='bbox 1911 3187 2064 3245; x_wconf 89' lang='lat' dir='ltr'><strong>Unde</strong></span> <span class='ocrx_word' id='word_1_638' title='bbox 2091 3187 2295 3244; x_wconf 87' lang='lat' dir='ltr'><strong>habent</strong></span> <span class='ocrx_word' id='word_1_639' title='bbox 2318 3204 2448 3259; x_wconf 88' lang='lat' dir='ltr'><strong>ergo</strong></span> <span class='ocrx_word' id='word_1_640' title='bbox 2475 3189 2635 3245; x_wconf 89' lang='lat' dir='ltr'><strong>hodie</strong></span> <span class='ocrx_word' id='word_1_641' title='bbox 2669 3197 2730 3244; x_wconf 90' lang='lat' dir='ltr'><strong>ut</strong></span> <span class='ocrx_word' id='word_1_642' title='bbox 2760 3189 3074 3246; x_wconf 89' lang='lat' dir='ltr'><strong>subdiaconi</strong></span> <span class='ocrx_word' id='word_1_643' title='bbox 3117 3189 3274 3245; x_wconf 88' lang='lat' dir='ltr'><strong>lineis</strong></span> <span class='ocrx_word' id='word_1_644' title='bbox 3319 3189 3376 3244; x_wconf 90' lang='lat' dir='ltr'><strong>in</strong></span> <span class='ocrx_word' id='word_1_645' title='bbox 3399 3197 3488 3242; x_wconf 89' lang='lat' dir='ltr'><strong>tu-</strong></span> 
     </span>
    </p>
   </div>
   <div class='ocr_carea' id='block_1_91' title="bbox 1909 3280 3488 3352">
    <p class='ocr_par' dir='ltr' id='par_1_91' title="bbox 1909 3280 3488 3352">
     <span class='ocr_line' id='line_1_91' title="bbox 1909 3280 3488 3352; baseline 0 -16"><span class='ocrx_word' id='word_1_646' title='bbox 1909 3281 2049 3337; x_wconf 88' lang='lat' dir='ltr'><strong>nicis</strong></span> <span class='ocrx_word' id='word_1_647' title='bbox 2077 3283 2394 3352; x_wconf 89' lang='lat' dir='ltr'><strong>procedant,</strong></span> <span class='ocrx_word' id='word_1_648' title='bbox 2426 3282 2532 3338; x_wconf 90' lang='lat' dir='ltr'><strong>nisi</strong></span> <span class='ocrx_word' id='word_1_649' title='bbox 2553 3281 2681 3351; x_wconf 82' lang='lat' dir='ltr'><strong>quia</strong></span> <span class='ocrx_word' id='word_1_650' title='bbox 2705 3281 2809 3337; x_wconf 86' lang='lat' dir='ltr'><strong>hoc</strong></span> <span class='ocrx_word' id='word_1_651' title='bbox 2846 3297 2878 3336; x_wconf 88' lang='lat' dir='ltr'><strong>a</strong></span> <span class='ocrx_word' id='word_1_652' title='bbox 2907 3290 3081 3336; x_wconf 92' lang='lat' dir='ltr'><strong>matre</strong></span> <span class='ocrx_word' id='word_1_653' title='bbox 3121 3296 3219 3336; x_wconf 89' lang='lat' dir='ltr'><strong>sua</strong></span> <span class='ocrx_word' id='word_1_654' title='bbox 3243 3280 3488 3336; x_wconf 85' lang='lat' dir='ltr'><strong>Romana</strong></span> 
     </span>
    </p>
   </div>
   <div class='ocr_carea' id='block_1_92' title="bbox 1908 3369 3489 3441">
    <p class='ocr_par' dir='ltr' id='par_1_92' title="bbox 1908 3369 3489 3441">
     <span class='ocr_line' id='line_1_92' title="bbox 1908 3369 3489 3441; baseline -0.001 -15"><span class='ocrx_word' id='word_1_655' title='bbox 1908 3370 2156 3426; x_wconf 86' lang='lat' dir='ltr'><strong>Ecclesia</strong></span> <span class='ocrx_word' id='word_1_656' title='bbox 2175 3379 2554 3441; x_wconf 91' lang='lat' dir='ltr'><strong>perceperunt.</strong></span> <span class='ocrx_word' id='word_1_657' title='bbox 2582 3369 2746 3441; x_wconf 71' lang='lat' dir='ltr'><strong>Kyrie</strong></span> <span class='ocrx_word' id='word_1_658' title='bbox 2773 3370 2966 3425; x_wconf 78' lang='lat' dir='ltr'><strong>eleison</strong></span> <span class='ocrx_word' id='word_1_659' title='bbox 2987 3377 3168 3426; x_wconf 87' lang='lat' dir='ltr'><strong>autem</strong></span> <span class='ocrx_word' id='word_1_660' title='bbox 3193 3385 3292 3426; x_wconf 88' lang='lat' dir='ltr'><strong>nos</strong></span> <span class='ocrx_word' id='word_1_661' title='bbox 3313 3384 3489 3440; x_wconf 84' lang='lat' dir='ltr'><strong>neque</strong></span> 
     </span>
    </p>
   </div>
   <div class='ocr_carea' id='block_1_93' title="bbox 1909 3458 3486 3530">
    <p class='ocr_par' dir='ltr' id='par_1_93' title="bbox 1909 3458 3486 3530">
     <span class='ocr_line' id='line_1_93' title="bbox 1909 3458 3486 3530; baseline -0.001 -14"><span class='ocrx_word' id='word_1_662' title='bbox 1909 3461 2166 3526; x_wconf 67' lang='lat' dir='ltr'><strong>diuinos,</strong></span> <span class='ocrx_word' id='word_1_663' title='bbox 2221 3474 2396 3530; x_wconf 89' lang='lat' dir='ltr'><strong>neque</strong></span> <span class='ocrx_word' id='word_1_664' title='bbox 2444 3461 2694 3524; x_wconf 87' lang='lat' dir='ltr'><strong>dicimus,</strong></span> <span class='ocrx_word' id='word_1_665' title='bbox 2745 3459 2888 3515; x_wconf 89' lang='lat' dir='ltr'><strong>sicut</strong></span> <span class='ocrx_word' id='word_1_666' title='bbox 2932 3475 2963 3514; x_wconf 91' lang='lat' dir='ltr'><strong>a</strong></span> <span class='ocrx_word' id='word_1_667' title='bbox 3013 3458 3218 3515; x_wconf 71' lang='lat' dir='ltr'><strong>Graecis</strong></span> <span class='ocrx_word' id='word_1_668' title='bbox 3265 3460 3486 3526; x_wconf 89' lang='lat' dir='ltr'><strong>dicitur,</strong></span> 
     </span>
    </p>
   </div>
   <div class='ocr_carea' id='block_1_94' title="bbox 1909 3535 3484 3622">
    <p class='ocr_par' dir='ltr' id='par_1_94' title="bbox 1909 3535 3484 3622">
     <span class='ocr_line' id='line_1_94' title="bbox 1909 3535 3484 3622; baseline 0.003 -18"><span class='ocrx_word' id='word_1_669' title='bbox 1909 3551 2036 3620; x_wconf 87' lang='lat' dir='ltr'><strong>quia</strong></span> <span class='ocrx_word' id='word_1_670' title='bbox 2074 3551 2128 3605; x_wconf 93' lang='lat' dir='ltr'><strong>in</strong></span> <span class='ocrx_word' id='word_1_671' title='bbox 2155 3549 2360 3608; x_wconf 72' lang='lat' dir='ltr'><strong>Graecis</strong></span> <span class='ocrx_word' id='word_1_672' title='bbox 2383 3550 2544 3606; x_wconf 87' lang='lat' dir='ltr'><strong>simul</strong></span> <span class='ocrx_word' id='word_1_673' title='bbox 2569 3565 2759 3606; x_wconf 88' lang='lat' dir='ltr'><strong>omnes</strong></span> <span class='ocrx_word' id='word_1_674' title='bbox 2777 3535 2984 3616; x_wconf 81' lang='lat' dir='ltr'><strong>dicunt,</strong></span> <span class='ocrx_word' id='word_1_675' title='bbox 3014 3551 3155 3622; x_wconf 91' lang='lat' dir='ltr'><strong>apud</strong></span> <span class='ocrx_word' id='word_1_676' title='bbox 3179 3565 3280 3608; x_wconf 89' lang='lat' dir='ltr'><strong>nos</strong></span> <span class='ocrx_word' id='word_1_677' title='bbox 3303 3559 3484 3608; x_wconf 86' lang='lat' dir='ltr'><strong>autem</strong></span> 
     </span>
    </p>
   </div>
   <div class='ocr_carea' id='block_1_95' title="bbox 1908 3640 3484 3713">
    <p class='ocr_par' dir='ltr' id='par_1_95' title="bbox 1908 3640 3484 3713">
     <span class='ocr_line' id='line_1_95' title="bbox 1908 3640 3484 3713; baseline 0.003 -19"><span class='ocrx_word' id='word_1_678' title='bbox 1908 3655 1942 3694; x_wconf 91' lang='lat' dir='ltr'><strong>a</strong></span> <span class='ocrx_word' id='word_1_679' title='bbox 1965 3640 2182 3696; x_wconf 89' lang='lat' dir='ltr'><strong>clericis</strong></span> <span class='ocrx_word' id='word_1_680' title='bbox 2209 3641 2312 3696; x_wconf 88' lang='lat' dir='ltr'><strong>dici</strong></span> <span class='ocrx_word' id='word_1_681' title='bbox 2321 3650 2427 3708; x_wconf 92' lang='lat' dir='ltr'><strong>tur,</strong></span> <span class='ocrx_word' id='word_1_682' title='bbox 2459 3656 2488 3695; x_wconf 89' lang='lat' dir='ltr'><strong>a</strong></span> <span class='ocrx_word' id='word_1_683' title='bbox 2527 3641 2724 3712; x_wconf 90' lang='lat' dir='ltr'><strong>populo</strong></span> <span class='ocrx_word' id='word_1_684' title='bbox 2754 3642 3130 3713; x_wconf 87' lang='lat' dir='ltr'><strong>respondetur,</strong></span> <span class='ocrx_word' id='word_1_685' title='bbox 3176 3649 3231 3697; x_wconf 90' lang='lat' dir='ltr'><strong>et</strong></span> <span class='ocrx_word' id='word_1_686' title='bbox 3259 3642 3484 3699; x_wconf 87' lang='lat' dir='ltr'><strong>totidem</strong></span> 
     </span>
    </p>
   </div>
   <div class='ocr_carea' id='block_1_96' title="bbox 1905 3732 3486 3804">
    <p class='ocr_par' dir='ltr' id='par_1_96' title="bbox 1905 3732 3486 3804">
     <span class='ocr_line' id='line_1_96' title="bbox 1905 3732 3486 3804; baseline 0.002 -18"><span class='ocrx_word' id='word_1_687' title='bbox 1905 3732 2114 3788; x_wconf 88' lang='lat' dir='ltr'><strong>vicibus</strong></span> <span class='ocrx_word' id='word_1_688' title='bbox 2141 3733 2304 3787; x_wconf 90' lang='lat' dir='ltr'><strong>etiam</strong></span> <span class='ocrx_word' id='word_1_689' title='bbox 2331 3732 2538 3788; x_wconf 76' lang='lat' dir='ltr'><strong>Christe</strong></span> <span class='ocrx_word' id='word_1_690' title='bbox 2558 3733 2750 3788; x_wconf 74' lang='lat' dir='ltr'><strong>eleison</strong></span> <span class='ocrx_word' id='word_1_691' title='bbox 2769 3733 2984 3798; x_wconf 89' lang='lat' dir='ltr'><strong>dicitur,</strong></span> <span class='ocrx_word' id='word_1_692' title='bbox 3006 3733 3149 3803; x_wconf 88' lang='lat' dir='ltr'><strong>quod</strong></span> <span class='ocrx_word' id='word_1_693' title='bbox 3167 3733 3310 3804; x_wconf 89' lang='lat' dir='ltr'><strong>apud</strong></span> <span class='ocrx_word' id='word_1_694' title='bbox 3335 3732 3486 3789; x_wconf 73' lang='lat' dir='ltr'><strong>Gm-</strong></span> 
     </span>
    </p>
   </div>
   <div class='ocr_carea' id='block_1_97' title="bbox 1906 3824 3484 3894">
    <p class='ocr_par' dir='ltr' id='par_1_97' title="bbox 1906 3824 3484 3894">
     <span class='ocr_line' id='line_1_97' title="bbox 1906 3824 3484 3894; baseline 0 -13"><span class='ocrx_word' id='word_1_695' title='bbox 1906 3839 2000 3881; x_wconf 89' lang='lat' dir='ltr'><strong>cos</strong></span> <span class='ocrx_word' id='word_1_696' title='bbox 2019 3825 2168 3879; x_wconf 91' lang='lat' dir='ltr'><strong>nullo</strong></span> <span class='ocrx_word' id='word_1_697' title='bbox 2200 3825 2362 3880; x_wconf 90' lang='lat' dir='ltr'><strong>modo</strong></span> <span class='ocrx_word' id='word_1_698' title='bbox 2392 3825 2610 3880; x_wconf 90' lang='lat' dir='ltr'><strong>dicitur.</strong></span> <span class='ocrx_word' id='word_1_699' title='bbox 2645 3824 2704 3879; x_wconf 92' lang='lat' dir='ltr'><strong>ln</strong></span> <span class='ocrx_word' id='word_1_700' title='bbox 2727 3825 3056 3894; x_wconf 87' lang='lat' dir='ltr'><strong>quotidianis</strong></span> <span class='ocrx_word' id='word_1_701' title='bbox 3091 3834 3270 3881; x_wconf 87' lang='lat' dir='ltr'><strong>autem</strong></span> <span class='ocrx_word' id='word_1_702' title='bbox 3301 3825 3484 3881; x_wconf 83' lang='lat' dir='ltr'><strong>missis</strong></span> 
     </span>
    </p>
   </div>
   <div class='ocr_carea' id='block_1_98' title="bbox 1904 3913 3482 3985">
    <p class='ocr_par' dir='ltr' id='par_1_98' title="bbox 1904 3913 3482 3985">
     <span class='ocr_line' id='line_1_98' title="bbox 1904 3913 3482 3985; baseline 0.001 -16"><span class='ocrx_word' id='word_1_703' title='bbox 1904 3915 2008 3969; x_wconf 87' lang='lat' dir='ltr'><strong>alia</strong></span> <span class='ocrx_word' id='word_1_704' title='bbox 2036 3930 2158 3985; x_wconf 71' lang='lat' dir='ltr'><strong>quae</strong></span> <span class='ocrx_word' id='word_1_705' title='bbox 2204 3914 2309 3970; x_wconf 92' lang='lat' dir='ltr'><strong>dici</strong></span> <span class='ocrx_word' id='word_1_706' title='bbox 2354 3914 2547 3981; x_wconf 89' lang='lat' dir='ltr'><strong>solent,</strong></span> <span class='ocrx_word' id='word_1_707' title='bbox 2598 3924 2858 3982; x_wconf 88' lang='lat' dir='ltr'><strong>tacemus,</strong></span> <span class='ocrx_word' id='word_1_708' title='bbox 2905 3916 3275 3971; x_wconf 89' lang='lat' dir='ltr'><strong>tantummodo</strong></span> <span class='ocrx_word' id='word_1_709' title='bbox 3316 3913 3482 3985; x_wconf 77' lang='lat' dir='ltr'><strong>Kyrie</strong></span> 
     </span>
    </p>
   </div>
   <div class='ocr_carea' id='block_1_99' title="bbox 1903 4005 3482 4078">
    <p class='ocr_par' dir='ltr' id='par_1_99' title="bbox 1903 4005 3482 4078">
     <span class='ocr_line' id='line_1_99' title="bbox 1903 4005 3482 4078; baseline 0.002 -18"><span class='ocrx_word' id='word_1_710' title='bbox 1903 4006 2096 4062; x_wconf 62' lang='grc' dir='ltr'><strong>εἰθίσθη</strong></span> <span class='ocrx_word' id='word_1_711' title='bbox 2128 4015 2186 4062; x_wconf 80' lang='lat' dir='ltr'><strong>et</strong></span> <span class='ocrx_word' id='word_1_712' title='bbox 2223 4005 2427 4062; x_wconf 77' lang='lat' dir='ltr'><strong>Christe</strong></span> <span class='ocrx_word' id='word_1_713' title='bbox 2457 4006 2651 4062; x_wconf 71' lang='lat' dir='ltr'><strong>eleison</strong></span> <span class='ocrx_word' id='word_1_714' title='bbox 2693 4007 2940 4070; x_wconf 88' lang='lat' dir='ltr'><strong>dicimus,</strong></span> <span class='ocrx_word' id='word_1_715' title='bbox 2971 4015 3032 4063; x_wconf 91' lang='lat' dir='ltr'><strong>ut</strong></span> <span class='ocrx_word' id='word_1_716' title='bbox 3075 4007 3129 4062; x_wconf 94' lang='lat' dir='ltr'><strong>in</strong></span> <span class='ocrx_word' id='word_1_717' title='bbox 3172 4008 3257 4064; x_wconf 88' lang='lat' dir='ltr'><strong>bis</strong></span> <span class='ocrx_word' id='word_1_718' title='bbox 3291 4008 3482 4078; x_wconf 82' lang='lat' dir='ltr'><strong>depre-</strong></span> 
     </span>
    </p>
   </div>
   <div class='ocr_carea' id='block_1_100' title="bbox 1903 4095 3480 4169">
    <p class='ocr_par' dir='ltr' id='par_1_100' title="bbox 1903 4095 3480 4169">
     <span class='ocr_line' id='line_1_100' title="bbox 1903 4095 3480 4169; baseline -0.001 -15"><span class='ocrx_word' id='word_1_719' title='bbox 1903 4099 2152 4154; x_wconf 87' lang='lat' dir='ltr'><strong>cantibus</strong></span> <span class='ocrx_word' id='word_1_720' title='bbox 2190 4099 2414 4154; x_wconf 89' lang='lat' dir='ltr'><strong>vocibus</strong></span> <span class='ocrx_word' id='word_1_721' title='bbox 2456 4097 2616 4169; x_wconf 90' lang='lat' dir='ltr'><strong>paulo</strong></span> <span class='ocrx_word' id='word_1_722' title='bbox 2659 4099 2860 4154; x_wconf 89' lang='lat' dir='ltr'><strong>diutius</strong></span> <span class='ocrx_word' id='word_1_723' title='bbox 2886 4112 3233 4168; x_wconf 89' lang='lat' dir='ltr'><strong>occupemur.</strong></span> <span class='ocrx_word' id='word_1_724' title='bbox 3265 4095 3480 4152; x_wconf 87' lang='lat' dir='ltr'><strong>Oratio-</strong></span> 
     </span>
    </p>
   </div>
   <div class='ocr_carea' id='block_1_101' title="bbox 1901 4189 3480 4260">
    <p class='ocr_par' dir='ltr' id='par_1_101' title="bbox 1901 4189 3480 4260">
     <span class='ocr_line' id='line_1_101' title="bbox 1901 4189 3480 4260; baseline -0.001 -14"><span class='ocrx_word' id='word_1_725' title='bbox 1901 4207 2026 4247; x_wconf 91' lang='lat' dir='ltr'><strong>nem</strong></span> <span class='ocrx_word' id='word_1_726' title='bbox 2051 4205 2183 4247; x_wconf 84' lang='lat' dir='ltr'><strong>vero</strong></span> <span class='ocrx_word' id='word_1_727' title='bbox 2221 4191 2555 4247; x_wconf 90' lang='lat' dir='ltr'><strong>Dominicam</strong></span> <span class='ocrx_word' id='word_1_728' title='bbox 2600 4189 2803 4246; x_wconf 89' lang='lat' dir='ltr'><strong>idcirco</strong></span> <span class='ocrx_word' id='word_1_729' title='bbox 2831 4205 2958 4246; x_wconf 85' lang='lat' dir='ltr'><strong>mox</strong></span> <span class='ocrx_word' id='word_1_730' title='bbox 2993 4198 3118 4260; x_wconf 88' lang='lat' dir='ltr'><strong>post</strong></span> <span class='ocrx_word' id='word_1_731' title='bbox 3153 4203 3369 4260; x_wconf 88' lang='lat' dir='ltr'><strong>precem</strong></span> <span class='ocrx_word' id='word_1_732' title='bbox 3397 4189 3480 4244; x_wconf 85' lang='lat' dir='ltr'><strong>di-</strong></span> 
     </span>
    </p>
   </div>
   <div class='ocr_carea' id='block_1_102' title="bbox 1902 4280 3478 4352">
    <p class='ocr_par' dir='ltr' id='par_1_102' title="bbox 1902 4280 3478 4352">
     <span class='ocr_line' id='line_1_102' title="bbox 1902 4280 3478 4352; baseline -0.001 -14"><span class='ocrx_word' id='word_1_733' title='bbox 1902 4283 2094 4348; x_wconf 89' lang='lat' dir='ltr'><strong>cimus,</strong></span> <span class='ocrx_word' id='word_1_734' title='bbox 2132 4283 2256 4352; x_wconf 86' lang='lat' dir='ltr'><strong>quia</strong></span> <span class='ocrx_word' id='word_1_735' title='bbox 2285 4297 2404 4338; x_wconf 87' lang='lat' dir='ltr'><strong>mos</strong></span> <span class='ocrx_word' id='word_1_736' title='bbox 2447 4281 2812 4352; x_wconf 88' lang='lat' dir='ltr'><strong>apostolorum</strong></span> <span class='ocrx_word' id='word_1_737' title='bbox 2837 4282 2958 4348; x_wconf 88' lang='lat' dir='ltr'><strong>fuit,</strong></span> <span class='ocrx_word' id='word_1_738' title='bbox 2999 4291 3060 4337; x_wconf 92' lang='lat' dir='ltr'><strong>ut</strong></span> <span class='ocrx_word' id='word_1_739' title='bbox 3098 4281 3166 4338; x_wconf 86' lang='lat' dir='ltr'><strong>ad</strong></span> <span class='ocrx_word' id='word_1_740' title='bbox 3189 4280 3358 4351; x_wconf 85' lang='lat' dir='ltr'><strong>ipsam</strong></span> <span class='ocrx_word' id='word_1_741' title='bbox 3389 4295 3478 4336; x_wconf 87' lang='lat' dir='ltr'><strong>so-</strong></span> 
     </span>
    </p>
   </div>
   <div class='ocr_carea' id='block_1_103' title="bbox 1900 4373 3478 4429">
    <p class='ocr_par' dir='ltr' id='par_1_103' title="bbox 1900 4373 3478 4429">
     <span class='ocr_line' id='line_1_103' title="bbox 1900 4373 3478 4429; baseline 0.001 -2"><span class='ocrx_word' id='word_1_742' title='bbox 1900 4373 2174 4429; x_wconf 89' lang='lat' dir='ltr'><strong>lummodo</strong></span> <span class='ocrx_word' id='word_1_743' title='bbox 2218 4374 2518 4429; x_wconf 87' lang='lat' dir='ltr'><strong>orationem</strong></span> <span class='ocrx_word' id='word_1_744' title='bbox 2569 4373 2858 4429; x_wconf 87' lang='lat' dir='ltr'><strong>oblationis</strong></span> <span class='ocrx_word' id='word_1_745' title='bbox 2913 4373 3146 4428; x_wconf 88' lang='lat' dir='ltr'><strong>hostiam</strong></span> <span class='ocrx_word' id='word_1_746' title='bbox 3195 4386 3478 4428; x_wconf 89' lang='lat' dir='ltr'><strong>consecra-</strong></span> 
     </span>
    </p>
   </div>
   <div class='ocr_carea' id='block_1_104' title="bbox 1900 4465 3478 4536">
    <p class='ocr_par' dir='ltr' id='par_1_104' title="bbox 1900 4465 3478 4536">
     <span class='ocr_line' id='line_1_104' title="bbox 1900 4465 3478 4536; baseline 0 -13"><span class='ocrx_word' id='word_1_747' title='bbox 1900 4475 2039 4523; x_wconf 91' lang='lat' dir='ltr'><strong>rent.</strong></span> <span class='ocrx_word' id='word_1_748' title='bbox 2069 4467 2136 4522; x_wconf 91' lang='lat' dir='ltr'><strong>Et</strong></span> <span class='ocrx_word' id='word_1_749' title='bbox 2158 4467 2314 4522; x_wconf 85' lang='lat' dir='ltr'><strong>valde</strong></span> <span class='ocrx_word' id='word_1_750' title='bbox 2346 4466 2479 4522; x_wconf 89' lang='lat' dir='ltr'><strong>mihi</strong></span> <span class='ocrx_word' id='word_1_751' title='bbox 2508 4467 2886 4522; x_wconf 88' lang='lat' dir='ltr'><strong>inconveniens</strong></span> <span class='ocrx_word' id='word_1_752' title='bbox 2909 4465 3087 4522; x_wconf 88' lang='lat' dir='ltr'><strong>visum</strong></span> <span class='ocrx_word' id='word_1_753' title='bbox 3123 4475 3229 4532; x_wconf 88' lang='lat' dir='ltr'><strong>est,</strong></span> <span class='ocrx_word' id='word_1_754' title='bbox 3262 4473 3325 4520; x_wconf 91' lang='lat' dir='ltr'><strong>ut</strong></span> <span class='ocrx_word' id='word_1_755' title='bbox 3351 4480 3478 4536; x_wconf 83' lang='lat' dir='ltr'><strong>pre-</strong></span> 
     </span>
    </p>
   </div>
   <div class='ocr_carea' id='block_1_105' title="bbox 1900 4556 3474 4627">
    <p class='ocr_par' dir='ltr' id='par_1_105' title="bbox 1900 4556 3474 4627">
     <span class='ocr_line' id='line_1_105' title="bbox 1900 4556 3474 4627; baseline -0.001 -15"><span class='ocrx_word' id='word_1_756' title='bbox 1900 4571 2017 4612; x_wconf 91' lang='lat' dir='ltr'><strong>cem</strong></span> <span class='ocrx_word' id='word_1_757' title='bbox 2065 4570 2229 4627; x_wconf 90' lang='lat' dir='ltr'><strong>quam</strong></span> <span class='ocrx_word' id='word_1_758' title='bbox 2276 4556 2632 4613; x_wconf 88' lang='lat' dir='ltr'><strong>scholasticus</strong></span> <span class='ocrx_word' id='word_1_759' title='bbox 2667 4564 3063 4627; x_wconf 90' lang='lat' dir='ltr'><strong>composuerat,</strong></span> <span class='ocrx_word' id='word_1_760' title='bbox 3112 4570 3274 4626; x_wconf 88' lang='lat' dir='ltr'><strong>super</strong></span> <span class='ocrx_word' id='word_1_761' title='bbox 3323 4556 3474 4610; x_wconf 86' lang='lat' dir='ltr'><strong>obla-</strong></span> 
     </span>
    </p>
   </div>
   <div class='ocr_carea' id='block_1_106' title="bbox 1899 4644 3475 4718">
    <p class='ocr_par' dir='ltr' id='par_1_106' title="bbox 1899 4644 3475 4718">
     <span class='ocr_line' id='line_1_106' title="bbox 1899 4644 3475 4718; baseline 0 -16"><span class='ocrx_word' id='word_1_762' title='bbox 1899 4647 2100 4702; x_wconf 90' lang='lat' dir='ltr'><strong>tionem</strong></span> <span class='ocrx_word' id='word_1_763' title='bbox 2137 4647 2460 4714; x_wconf 89' lang='lat' dir='ltr'><strong>diceremus,</strong></span> <span class='ocrx_word' id='word_1_764' title='bbox 2489 4654 2545 4702; x_wconf 89' lang='lat' dir='ltr'><strong>et</strong></span> <span class='ocrx_word' id='word_1_765' title='bbox 2570 4647 2743 4718; x_wconf 89' lang='lat' dir='ltr'><strong>ipsam</strong></span> <span class='ocrx_word' id='word_1_766' title='bbox 2781 4645 3146 4711; x_wconf 89' lang='lat' dir='ltr'><strong>traditionem,</strong></span> <span class='ocrx_word' id='word_1_767' title='bbox 3177 4659 3336 4716; x_wconf 89' lang='lat' dir='ltr'><strong>quam</strong></span> <span class='ocrx_word' id='word_1_768' title='bbox 3368 4644 3475 4702; x_wconf 81' lang='lat' dir='ltr'><strong>Re-</strong></span> 
     </span>
    </p>
   </div>
   <div class='ocr_carea' id='block_1_107' title="bbox 1898 4736 3473 4812">
    <p class='ocr_par' dir='ltr' id='par_1_107' title="bbox 1898 4736 3473 4812">
     <span class='ocr_line' id='line_1_107' title="bbox 1898 4736 3473 4812; baseline -0.003 -15"><span class='ocrx_word' id='word_1_769' title='bbox 1898 4741 2144 4812; x_wconf 90' lang='lat' dir='ltr'><strong>demptor</strong></span> <span class='ocrx_word' id='word_1_770' title='bbox 2163 4751 2348 4797; x_wconf 90' lang='lat' dir='ltr'><strong>noster</strong></span> <span class='ocrx_word' id='word_1_771' title='bbox 2373 4741 2694 4812; x_wconf 89' lang='lat' dir='ltr'><strong>composuit,</strong></span> <span class='ocrx_word' id='word_1_772' title='bbox 2721 4753 2883 4809; x_wconf 90' lang='lat' dir='ltr'><strong>super</strong></span> <span class='ocrx_word' id='word_1_773' title='bbox 2903 4736 3022 4809; x_wconf 84' lang='lat' dir='ltr'><strong>ejus</strong></span> <span class='ocrx_word' id='word_1_774' title='bbox 3048 4753 3246 4809; x_wconf 88' lang='lat' dir='ltr'><strong>corpus</strong></span> <span class='ocrx_word' id='word_1_775' title='bbox 3265 4746 3320 4793; x_wconf 93' lang='lat' dir='ltr'><strong>et</strong></span> <span class='ocrx_word' id='word_1_776' title='bbox 3346 4753 3473 4794; x_wconf 80' lang='lat' dir='ltr'><strong>san-</strong></span> 
     </span>
    </p>
   </div>
   <div class='ocr_carea' id='block_1_108' title="bbox 1897 4829 3472 4902">
    <p class='ocr_par' dir='ltr' id='par_1_108' title="bbox 1897 4829 3472 4902">
     <span class='ocr_line' id='line_1_108' title="bbox 1897 4829 3472 4902; baseline -0.001 -16"><span class='ocrx_word' id='word_1_777' title='bbox 1897 4832 2110 4902; x_wconf 91' lang='lat' dir='ltr'><strong>guinem</strong></span> <span class='ocrx_word' id='word_1_778' title='bbox 2133 4847 2239 4887; x_wconf 91' lang='lat' dir='ltr'><strong>non</strong></span> <span class='ocrx_word' id='word_1_779' title='bbox 2269 4833 2590 4888; x_wconf 89' lang='lat' dir='ltr'><strong>diceremus.</strong></span> <span class='ocrx_word' id='word_1_780' title='bbox 2614 4829 2720 4886; x_wconf 88' lang='lat' dir='ltr'><strong>Sed</strong></span> <span class='ocrx_word' id='word_1_781' title='bbox 2747 4839 2802 4884; x_wconf 93' lang='lat' dir='ltr'><strong>et</strong></span> <span class='ocrx_word' id='word_1_782' title='bbox 2829 4829 3107 4884; x_wconf 88' lang='lat' dir='ltr'><strong>Dominica</strong></span> <span class='ocrx_word' id='word_1_783' title='bbox 3134 4829 3309 4883; x_wconf 88' lang='lat' dir='ltr'><strong>oratio</strong></span> <span class='ocrx_word' id='word_1_784' title='bbox 3330 4829 3472 4898; x_wconf 89' lang='lat' dir='ltr'><strong>apud</strong></span> 
     </span>
    </p>
   </div>
   <div class='ocr_carea' id='block_1_109' title="bbox 1897 4917 3470 4989">
    <p class='ocr_par' dir='ltr' id='par_1_109' title="bbox 1897 4917 3470 4989">
     <span class='ocr_line' id='line_1_109' title="bbox 1897 4917 3470 4989; baseline -0.002 -12"><span class='ocrx_word' id='word_1_785' title='bbox 1897 4921 2115 4978; x_wconf 74' lang='lat' dir='ltr'><strong>Graecos</strong></span> <span class='ocrx_word' id='word_1_786' title='bbox 2158 4923 2226 4978; x_wconf 91' lang='lat' dir='ltr'><strong>ab</strong></span> <span class='ocrx_word' id='word_1_787' title='bbox 2269 4922 2415 4977; x_wconf 90' lang='lat' dir='ltr'><strong>omni</strong></span> <span class='ocrx_word' id='word_1_788' title='bbox 2459 4919 2654 4989; x_wconf 90' lang='lat' dir='ltr'><strong>populo</strong></span> <span class='ocrx_word' id='word_1_789' title='bbox 2685 4919 2905 4984; x_wconf 87' lang='lat' dir='ltr'><strong>dicitur,</strong></span> <span class='ocrx_word' id='word_1_790' title='bbox 2947 4917 3088 4987; x_wconf 90' lang='lat' dir='ltr'><strong>apud</strong></span> <span class='ocrx_word' id='word_1_791' title='bbox 3129 4931 3228 4973; x_wconf 89' lang='lat' dir='ltr'><strong>nos</strong></span> <span class='ocrx_word' id='word_1_792' title='bbox 3267 4931 3398 4972; x_wconf 89' lang='lat' dir='ltr'><strong>vero</strong></span> <span class='ocrx_word' id='word_1_793' title='bbox 3436 4931 3470 4974; x_wconf 85' lang='lat' dir='ltr'><strong>a</strong></span> 
     </span>
    </p>
   </div>
   <div class='ocr_carea' id='block_1_110' title="bbox 1896 5008 3470 5079">
    <p class='ocr_par' dir='ltr' id='par_1_110' title="bbox 1896 5008 3470 5079">
     <span class='ocr_line' id='line_1_110' title="bbox 1896 5008 3470 5079; baseline 0.001 -13"><span class='ocrx_word' id='word_1_794' title='bbox 1896 5013 2011 5068; x_wconf 91' lang='lat' dir='ltr'><strong>solo</strong></span> <span class='ocrx_word' id='word_1_795' title='bbox 2034 5013 2334 5069; x_wconf 87' lang='lat' dir='ltr'><strong>sacerdote.</strong></span> <span class='ocrx_word' id='word_1_796' title='bbox 2357 5011 2415 5065; x_wconf 90' lang='lat' dir='ltr'><strong>in</strong></span> <span class='ocrx_word' id='word_1_797' title='bbox 2441 5025 2547 5078; x_wconf 92' lang='lat' dir='ltr'><strong>quo</strong></span> <span class='ocrx_word' id='word_1_798' title='bbox 2567 5024 2696 5079; x_wconf 89' lang='lat' dir='ltr'><strong>ergo</strong></span> <span class='ocrx_word' id='word_1_799' title='bbox 2714 5008 3025 5066; x_wconf 81' lang='lat' dir='ltr'><strong>Graecorum</strong></span> <span class='ocrx_word' id='word_1_800' title='bbox 3049 5010 3470 5068; x_wconf 82' lang='lat' dir='ltr'><strong>consuetudines</strong></span> 
     </span>
    </p>
   </div>
   <div class='ocr_carea' id='block_1_111' title="bbox 1897 5098 3540 5170">
    <p class='ocr_par' dir='ltr' id='par_1_111' title="bbox 1897 5098 3540 5170">
     <span class='ocr_line' id='line_1_111' title="bbox 1897 5098 3540 5170; baseline 0 -14"><span class='ocrx_word' id='word_1_801' title='bbox 1897 5103 2064 5156; x_wconf 89' lang='lat' dir='ltr'><strong>secuti</strong></span> <span class='ocrx_word' id='word_1_802' title='bbox 2109 5115 2316 5166; x_wconf 89' lang='lat' dir='ltr'><strong>sumus,</strong></span> <span class='ocrx_word' id='word_1_803' title='bbox 2347 5101 2438 5169; x_wconf 89' lang='lat' dir='ltr'><strong>qui</strong></span> <span class='ocrx_word' id='word_1_804' title='bbox 2467 5107 2560 5154; x_wconf 89' lang='lat' dir='ltr'><strong>aut</strong></span> <span class='ocrx_word' id='word_1_805' title='bbox 2587 5108 2796 5156; x_wconf 86' lang='lat' dir='ltr'><strong>veteres</strong></span> <span class='ocrx_word' id='word_1_806' title='bbox 2833 5108 3045 5156; x_wconf 86' lang='lat' dir='ltr'><strong>nostras</strong></span> <span class='ocrx_word' id='word_1_807' title='bbox 3073 5098 3462 5170; x_wconf 87' lang='lat' dir='ltr'><strong>reparavimus,</strong></span> <span class='ocrx_word' id='word_1_808' title='bbox 3537 5165 3540 5168; x_wconf 35' lang='grc'>,</span> 
     </span>
    </p>
   </div>
   <div class='ocr_carea' id='block_1_112' title="bbox 1895 5189 3463 5259">
    <p class='ocr_par' dir='ltr' id='par_1_112' title="bbox 1895 5189 3463 5259">
     <span class='ocr_line' id='line_1_112' title="bbox 1895 5189 3463 5259; baseline 0.001 -15"><span class='ocrx_word' id='word_1_809' title='bbox 1895 5198 1989 5244; x_wconf 89' lang='lat' dir='ltr'><strong>aut</strong></span> <span class='ocrx_word' id='word_1_810' title='bbox 2017 5204 2184 5244; x_wconf 88' lang='lat' dir='ltr'><strong>novas</strong></span> <span class='ocrx_word' id='word_1_811' title='bbox 2229 5201 2283 5244; x_wconf 91' lang='lat' dir='ltr'><strong>et</strong></span> <span class='ocrx_word' id='word_1_812' title='bbox 2311 5189 2471 5245; x_wconf 89' lang='lat' dir='ltr'><strong>utiles</strong></span> <span class='ocrx_word' id='word_1_813' title='bbox 2503 5190 2906 5258; x_wconf 80' lang='lat' dir='ltr'><strong>constituimus,</strong></span> <span class='ocrx_word' id='word_1_814' title='bbox 2951 5190 3008 5244; x_wconf 89' lang='lat' dir='ltr'><strong>in</strong></span> <span class='ocrx_word' id='word_1_815' title='bbox 3051 5190 3245 5259; x_wconf 88' lang='lat' dir='ltr'><strong>quibus</strong></span> <span class='ocrx_word' id='word_1_816' title='bbox 3283 5197 3463 5245; x_wconf 86' lang='lat' dir='ltr'><strong>tamen</strong></span> 
     </span>
    </p>
   </div>
   <div class='ocr_carea' id='block_1_113' title="bbox 1895 5279 3459 5351">
    <p class='ocr_par' dir='ltr' id='par_1_113' title="bbox 1895 5279 3459 5351">
     <span class='ocr_line' id='line_1_113' title="bbox 1895 5279 3459 5351; baseline 0.001 -17"><span class='ocrx_word' id='word_1_817' title='bbox 1895 5279 2033 5336; x_wconf 89' lang='lat' dir='ltr'><strong>alios</strong></span> <span class='ocrx_word' id='word_1_818' title='bbox 2058 5293 2166 5335; x_wconf 93' lang='lat' dir='ltr'><strong>non</strong></span> <span class='ocrx_word' id='word_1_819' title='bbox 2210 5282 2505 5350; x_wconf 88' lang='lat' dir='ltr'><strong>probamur</strong></span> <span class='ocrx_word' id='word_1_820' title='bbox 2545 5280 2788 5336; x_wconf 86' lang='lat' dir='ltr'><strong>imitari?</strong></span> <span class='ocrx_word' id='word_1_821' title='bbox 2825 5280 2966 5351; x_wconf 87' lang='lat' dir='ltr'><strong>Ergo</strong></span> <span class='ocrx_word' id='word_1_822' title='bbox 2989 5287 3173 5336; x_wconf 87' lang='lat' dir='ltr'><strong>vestra</strong></span> <span class='ocrx_word' id='word_1_823' title='bbox 3202 5279 3459 5347; x_wconf 87' lang='lat' dir='ltr'><strong>charitas,</strong></span> 
     </span>
    </p>
   </div>
   <div class='ocr_carea' id='block_1_114' title="bbox 1895 5371 3462 5429">
    <p class='ocr_par' dir='ltr' id='par_1_114' title="bbox 1895 5371 3462 5429">
     <span class='ocr_line' id='line_1_114' title="bbox 1895 5371 3462 5429; baseline -0.002 -1"><span class='ocrx_word' id='word_1_824' title='bbox 1895 5384 2019 5428; x_wconf 90' lang='lat' dir='ltr'><strong>cum</strong></span> <span class='ocrx_word' id='word_1_825' title='bbox 2051 5373 2268 5428; x_wconf 86' lang='lat' dir='ltr'><strong>occasio</strong></span> <span class='ocrx_word' id='word_1_826' title='bbox 2311 5373 2520 5429; x_wconf 90' lang='lat' dir='ltr'><strong>dederit</strong></span> <span class='ocrx_word' id='word_1_827' title='bbox 2565 5381 2626 5427; x_wconf 88' lang='lat' dir='ltr'><strong>ut</strong></span> <span class='ocrx_word' id='word_1_828' title='bbox 2673 5371 2740 5426; x_wconf 92' lang='lat' dir='ltr'><strong>ad</strong></span> <span class='ocrx_word' id='word_1_829' title='bbox 2779 5371 3159 5426; x_wconf 88' lang='lat' dir='ltr'><strong>Catanensium</strong></span> <span class='ocrx_word' id='word_1_830' title='bbox 3191 5371 3462 5426; x_wconf 89' lang='lat' dir='ltr'><strong>civitatem</strong></span> 
     </span>
    </p>
   </div>
   <div class='ocr_carea' id='block_1_115' title="bbox 1893 5461 3465 5537">
    <p class='ocr_par' dir='ltr' id='par_1_115' title="bbox 1893 5461 3465 5537">
     <span class='ocr_line' id='line_1_115' title="bbox 1893 5461 3465 5537; baseline -0.003 -16"><span class='ocrx_word' id='word_1_831' title='bbox 1893 5474 2104 5536; x_wconf 89' lang='lat' dir='ltr'><strong>pergat,</strong></span> <span class='ocrx_word' id='word_1_832' title='bbox 2129 5466 2214 5521; x_wconf 88' lang='lat' dir='ltr'><strong>vel</strong></span> <span class='ocrx_word' id='word_1_833' title='bbox 2247 5466 2302 5521; x_wconf 92' lang='lat' dir='ltr'><strong>in</strong></span> <span class='ocrx_word' id='word_1_834' title='bbox 2327 5465 2663 5537; x_wconf 87' lang='lat' dir='ltr'><strong>Syracusana</strong></span> <span class='ocrx_word' id='word_1_835' title='bbox 2707 5463 2970 5529; x_wconf 88' lang='lat' dir='ltr'><strong>Ecclesia,</strong></span> <span class='ocrx_word' id='word_1_836' title='bbox 3010 5477 3104 5519; x_wconf 90' lang='lat' dir='ltr'><strong>eos</strong></span> <span class='ocrx_word' id='word_1_837' title='bbox 3131 5477 3266 5533; x_wconf 90' lang='lat' dir='ltr'><strong>quos</strong></span> <span class='ocrx_word' id='word_1_838' title='bbox 3293 5461 3465 5517; x_wconf 88' lang='lat' dir='ltr'><strong>credit</strong></span> 
     </span>
    </p>
   </div>
   <div class='ocr_carea' id='block_1_116' title="bbox 1893 5557 3456 5632">
    <p class='ocr_par' dir='ltr' id='par_1_116' title="bbox 1893 5557 3456 5632">
     <span class='ocr_line' id='line_1_116' title="bbox 1893 5557 3456 5632; baseline -0.003 -19"><span class='ocrx_word' id='word_1_839' title='bbox 1893 5568 1987 5614; x_wconf 91' lang='lat' dir='ltr'><strong>aut</strong></span> <span class='ocrx_word' id='word_1_840' title='bbox 2025 5559 2277 5632; x_wconf 87' lang='lat' dir='ltr'><strong>intelligit</strong></span> <span class='ocrx_word' id='word_1_841' title='bbox 2315 5560 2442 5630; x_wconf 92' lang='lat' dir='ltr'><strong>quia</strong></span> <span class='ocrx_word' id='word_1_842' title='bbox 2477 5559 2544 5613; x_wconf 91' lang='lat' dir='ltr'><strong>de</strong></span> <span class='ocrx_word' id='word_1_843' title='bbox 2567 5557 2668 5612; x_wconf 89' lang='lat' dir='ltr'><strong>hac</strong></span> <span class='ocrx_word' id='word_1_844' title='bbox 2693 5572 2751 5613; x_wconf 92' lang='lat' dir='ltr'><strong>re</strong></span> <span class='ocrx_word' id='word_1_845' title='bbox 2777 5569 3115 5612; x_wconf 88' lang='lat' dir='ltr'><strong>murmurare</strong></span> <span class='ocrx_word' id='word_1_846' title='bbox 3151 5562 3456 5626; x_wconf 89' lang='lat' dir='ltr'><strong>potuerunt,</strong></span> 
     </span>
    </p>
   </div>
   <div class='ocr_carea' id='block_1_117' title="bbox 1892 5646 3460 5719">
    <p class='ocr_par' dir='ltr' id='par_1_117' title="bbox 1892 5646 3460 5719">
     <span class='ocr_line' id='line_1_117' title="bbox 1892 5646 3460 5719; baseline -0.004 -11"><span class='ocrx_word' id='word_1_847' title='bbox 1892 5655 2033 5710; x_wconf 86' lang='lat' dir='ltr'><strong>facta</strong></span> <span class='ocrx_word' id='word_1_848' title='bbox 2068 5652 2423 5709; x_wconf 77' lang='lat' dir='ltr'><strong>collocatione</strong></span> <span class='ocrx_word' id='word_1_849' title='bbox 2452 5651 2663 5716; x_wconf 87' lang='lat' dir='ltr'><strong>doceat,</strong></span> <span class='ocrx_word' id='word_1_850' title='bbox 2691 5658 2745 5705; x_wconf 93' lang='lat' dir='ltr'><strong>et</strong></span> <span class='ocrx_word' id='word_1_851' title='bbox 2766 5649 2922 5719; x_wconf 89' lang='lat' dir='ltr'><strong>quasi</strong></span> <span class='ocrx_word' id='word_1_852' title='bbox 2955 5647 3059 5702; x_wconf 89' lang='lat' dir='ltr'><strong>alia</strong></span> <span class='ocrx_word' id='word_1_853' title='bbox 3084 5661 3152 5702; x_wconf 81' lang='lat' dir='ltr'><strong>ex</strong></span> <span class='ocrx_word' id='word_1_854' title='bbox 3177 5646 3460 5702; x_wconf 86' lang='lat' dir='ltr'><strong>occasione</strong></span> 
     </span>
    </p>
   </div>
   <div class='ocr_carea' id='block_1_118' title="bbox 1890 5739 3460 5810">
    <p class='ocr_par' dir='ltr' id='par_1_118' title="bbox 1890 5739 3460 5810">
     <span class='ocr_line' id='line_1_118' title="bbox 1890 5739 3460 5810; baseline -0.006 -6"><span class='ocrx_word' id='word_1_855' title='bbox 1890 5762 1985 5804; x_wconf 90' lang='lat' dir='ltr'><strong>eos</strong></span> <span class='ocrx_word' id='word_1_856' title='bbox 2014 5749 2277 5802; x_wconf 88' lang='lat' dir='ltr'><strong>instruere</strong></span> <span class='ocrx_word' id='word_1_857' title='bbox 2297 5760 2406 5800; x_wconf 92' lang='lat' dir='ltr'><strong>non</strong></span> <span class='ocrx_word' id='word_1_858' title='bbox 2431 5743 2672 5800; x_wconf 87' lang='lat' dir='ltr'><strong>desistat.</strong></span> <span class='ocrx_word' id='word_1_859' title='bbox 2710 5743 2845 5798; x_wconf 87' lang='lat' dir='ltr'><strong>Nam</strong></span> <span class='ocrx_word' id='word_1_860' title='bbox 2874 5743 2941 5798; x_wconf 90' lang='lat' dir='ltr'><strong>de</strong></span> <span class='ocrx_word' id='word_1_861' title='bbox 2972 5739 3460 5810; x_wconf 82' lang='lat' dir='ltr'><strong>Constantinopoli-</strong></span> 
     </span>
    </p>
   </div>
   <div class='ocr_carea' id='block_1_119' title="bbox 1890 5829 3456 5912">
    <p class='ocr_par' dir='ltr' id='par_1_119' title="bbox 1890 5829 3456 5912">
     <span class='ocr_line' id='line_1_119' title="bbox 1890 5829 3456 5912; baseline -0.008 -6"><span class='ocrx_word' id='word_1_862' title='bbox 1890 5850 2019 5906; x_wconf 80' lang='lat' dir='ltr'><strong>tana</strong></span> <span class='ocrx_word' id='word_1_863' title='bbox 2058 5837 2300 5898; x_wconf 81' lang='lat' dir='ltr'><strong>Ecclesia</strong></span> <span class='ocrx_word' id='word_1_864' title='bbox 2347 5838 2492 5912; x_wconf 87' lang='lat' dir='ltr'><strong>quod</strong></span> <span class='ocrx_word' id='word_1_865' title='bbox 2533 5837 2738 5910; x_wconf 86' lang='lat' dir='ltr'><strong>dicunt,</strong></span> <span class='ocrx_word' id='word_1_866' title='bbox 2773 5835 2898 5909; x_wconf 85' lang='lat' dir='ltr'><strong>quis</strong></span> <span class='ocrx_word' id='word_1_867' title='bbox 2933 5848 3053 5894; x_wconf 88' lang='lat' dir='ltr'><strong>eam</strong></span> <span class='ocrx_word' id='word_1_868' title='bbox 3087 5831 3299 5893; x_wconf 82' lang='lat' dir='ltr'><strong>dubitet</strong></span> <span class='ocrx_word' id='word_1_869' title='bbox 3338 5829 3456 5893; x_wconf 81' lang='lat' dir='ltr'><strong>sedi</strong></span> 
     </span>
    </p>
   </div>
  </div>
