4000 6496
230 367 384 440 ists

991 379 1083 438 DE
1119 377 1673 438 ECCLESIASTICIS
1707 378 1996 439 OFFICIIS
2031 380 2213 441 LIBRI
2248 383 2339 444 IV.
2377 414 2449 429 -
2484 385 2613 443 LIB.
2651 387 2743 446 IV.

3351 393 3496 452 43M

237 516 335 577 per
357 491 635 554 laudantes
654 498 824 553 Deum
837 497 1818 565 etbenedicentesDominum.Quam-
1845 504 1897 560 Α
1921 513 2095 552 meum
2126 517 2144 554 ι
2176 500 2265 555 hic
2302 500 2432 558 dicit
2461 518 2474 556 :
2532 500 2806 572 Conﬁrma
2842 503 2942 560 hoc
2978 501 3118 560 Deus
3144 507 3284 577 quod
3310 525 3494 580 opem.

236 597 322 651 vis
349 595 570 650 dimisso
595 594 850 649 Ecclesia:
872 594 1063 659 ollicio,
1098 611 1202 648 non
1230 608 1584 665 proponerent
1614 593 1818 662 aliquid

237 687 419 742 dicere
445 687 499 740 in
526 686 645 740 istis
682 686 898 749 litteris,
949 695 1130 740 tamen
1161 686 1286 755 quia
1333 686 1570 740 occurrit
1615 686 1672 739 in
1714 686 1816 739 hac

237 778 618 833 festivitatcde
668 779 936 849 baptismo
981 781 1240 844 scribere,
1275 777 1577 833 desideravi
1629 777 1817 831 volun-

237 871 433 923 tarium
457 886 542 923 me
573 870 943 925 demonstrare
973 873 1039 926 de
1071 871 1156 925 his
1183 885 1302 939 qua:
1329 871 1474 924 circa
1499 869 1815 938 baptisteria

232 967 486 1025 aguntur,
521 961 662 1013 scire
715 959 935 1028 aliquid.
966 960 1120 1014 Nunc
1160 966 1378 1012 transeo
1417 959 1483 1011 ad
1521 966 1632 1012 tres
1674 959 1816 1028 psal-

232 1066 370 1111 mos,
412 1052 501 1119 qui
547 1059 838 1104 cantantur
881 1052 931 1104 in
975 1059 1132 1104 nocte
1173 1049 1537 1103 Pentecostes.
1569 1051 1636 1105 Ut
1683 1051 1812 1103 mihi

231 1141 465 1206 videtur,
502 1143 603 1196 hoc
628 1141 806 1196 diﬂ‘ert
845 1143 987 1196 inter
1028 1143 1160 1196 istos
1202 1150 1313 1196 tres
1347 1141 1605 1210 psalmos,
1637 1141 1730 1211 qui
1757 1141 1814 1195 in

238 1234 550 1288 Pentecoste
599 1244 906 1299 cantantur,
937 1243 992 1288 et
1029 1237 1170 1289 inter
1200 1243 1312 1290 tres
1360 1236 1450 1304 qui
1507 1236 1562 1289 in
1604 1235 1810 1290 Pascha

232 1323 468 1389 Domini,
493 1327 635 1395 quod
658 1335 740 1381 est
763 1327 902 1380 inter
921 1327 1270 1397 baptismum,
1296 1343 1455 1397 quem
1487 1335 1812 1396 acceperunt

229 1421 456 1489 apostoli
500 1438 596 1492 per
627 1439 843 1492 aquam,
901 1431 955 1477 et
998 1423 1344 1492 baptismum,
1402 1438 1562 1492 quem
1597 1438 1811 1493 accepe-

229 1520 356 1565 runt
384 1528 479 1582 per
507 1514 764 1582 Spiritum
820 1524 1063 1569 sanctum
1110 1515 1162 1568 in
1215 1515 1301 1569 die
1343 1514 1713 1578 Pentecostes,
1745 1515 1810 1570 de

227 1615 335 1668 quo
363 1602 443 1654 eis
471 1602 604 1656 dixit
637 1603 914 1668 Dominus,
955 1603 1056 1658 Vos
1081 1613 1254 1658 autem
1286 1605 1674 1675 baptizabimini
1691 1603 1809 1674 Spi-

222 1695 332 1746 ritu
360 1708 558 1750 sancto.
589 1697 705 1752 iam
743 1701 999 1770 baptizati
1035 1710 1190 1756 erant
1234 1717 1392 1771 aqua,
1415 1701 1529 1771 jam
1581 1717 1804 1773 accepe-

225 1796 350 1840 rant
407 1787 667 1858 Spiritum
715 1802 959 1846 sanctum
993 1811 1004 1846 :
1043 1803 1216 1847 tamen
1259 1794 1457 1848 dicitur
1486 1794 1565 1850 eis
1595 1804 1798 1864 postea,

1919 600 2003 645 tus
2023 610 2077 646 es
2105 593 2159 646 in
2191 593 2356 657 nobis,
2380 611 2412 647 a
2437 594 2628 664 templo
2671 606 2854 650 sancto
2878 607 2968 652 tuo
3003 600 3140 670 quod
3167 611 3242 656 est
3275 601 3330 656 in
3361 602 3492 657 Ilie-

1919 685 2168 750 rusalem,
2197 685 2446 752 Alleluia,
2492 687 2737 743 Alleluia.
2773 689 2950 744 Simili
2975 693 3136 748 modo
3164 696 3329 752 distat
3349 695 3493 752 inter

1915 791 2011 832 eos
2039 779 2131 846 qui
2160 779 2214 832 in
2237 779 2553 834 haereditate
2588 781 2798 844 Domini
2828 781 3180 851 deputantur,
3211 786 3337 855 quia
3361 785 3490 841 ﬁde-

1915 867 1996 921 les
2022 877 2166 932 sunt,
2198 879 2253 923 et
2284 878 2465 924 tamen
2510 870 2564 924 in
2615 872 2810 926 actuali
2856 873 2985 939 vita,
3013 882 3068 928 et
3104 875 3245 930 inter
3274 893 3368 933 eos
3396 879 3489 948 qui

1913 959 2095 1013 omnia
2123 969 2338 1015 terrena
2391 970 2735 1030 respuerunt,
2789 969 2842 1015 et
2887 974 3178 1032 precantur
3210 966 3394 1031 Deum,
3428 977 3488 1022 ut

1914 1051 1982 1104 ad
2007 1051 2125 1104 haec
2148 1067 2255 1106 non
2290 1061 2651 1118 revertantur,
2679 1055 2773 1108 sed
2802 1055 3086 1110 conﬁrmet
3110 1056 3307 1112 donum
3331 1073 3488 1116 suum

1913 1140 1968 1196 in
1999 1142 2100 1206 eis,
2127 1150 2187 1196 ut
2207 1143 2413 1212 possint
2446 1144 2556 1197 Deo
2595 1159 2811 1213 semper
2835 1160 2864 1198 a
2901 1146 3096 1216 templo
3143 1147 3286 1216 quod
3316 1159 3400 1203 est
3432 1149 3488 1202 in

1910 1231 2269 1299 Hierusalem,
2313 1234 2542 1290 Alleluia
2577 1247 2818 1292 cantare.
2869 1237 2945 1291 lbi
2987 1238 3118 1292 dicit
3159 1240 3314 1294 tertia
3346 1241 3487 1295 anti-

1912 1325 2111 1394 phona,
2133 1323 2249 1405 Ego
2283 1325 2505 1382 dormivi
2541 1336 2589 1382 et
2625 1345 2867 1382 somnum
2915 1330 3046 1399 cepi,
3097 1339 3146 1384 et
3181 1334 3485 1392 resurrexi.‘

1911 1414 2002 1470 hic
2022 1415 2153 1470 dicit
2177 1416 2354 1481 tertia,
2389 1416 2586 1472 Emitte
2605 1419 2849 1484 spiritum
2877 1430 3047 1485 tuum,
3079 1429 3128 1474 et
3149 1420 3483 1489 creabantur,

1909 1514 1957 1560 et
1998 1505 2266 1560 renovabis
2295 1507 2484 1575 faciem
2509 1517 2682 1573 terrae,
2713 1507 2966 1564 Christus
3001 1509 3144 1564 enim
3189 1513 3488 1566 resurrexit

1910 1610 1941 1649 a
1979 1604 2173 1660 morte,
2203 1603 2257 1650 et
2287 1611 2386 1652 nos
2417 1596 2660 1666 quotidie
2703 1613 2992 1666 possumus
3046 1613 3327 1672 resurgere
3350 1617 3382 1654 a
3413 1601 3488 1655 vi-

1909 1686 2020 1750 tiis,
2042 1695 2098 1741 et
2123 1695 2302 1755 potest
2324 1687 2480 1742 nobis
2509 1689 2773 1744 veraciter
2799 1690 2926 1755 dici,
2959 1689 3134 1745 Nolite
3161 1692 3488 1747 contristare

1909 1777 2160 1846 spiritum
2213 1777 2329 1833 Dei.
2383 1778 2511 1833 Haec
2564 1780 2890 1849 antiphona,
2928 1796 3047 1849 quae
3092 1781 3244 1847 dicit,
3290 1781 3486 1837 Emitte

228 1875 335 1930 Vos
361 1856 532 1932 autem
563 1881 955 1950 baptizabimini
983 1881 1185 1952 Spiritu
1204 1892 1404 1937 sancto.
1439 1884 1514 1937 De
1536 1886 1799 1954 baptismo

1907 1869 2148 1938 spiritum
2176 1878 2342 1935 tuum,
2377 1880 2425 1924 et
2457 1871 2793 1935 creabantur,
2821 1872 3072 1942 spiritum
3100 1873 3194 1928 Dei
3229 1883 3486 1943 precatur

221 1984 376 2038 aqua:
403 1970 530 2025 dicit
555 1972 884 2041 Augustinus
931 1973 985 2026 in
1032 1975 1255 2042 epistola
1294 1977 1360 2029 ad
1404 1975 1801 2030 Seleucianum.

221 2059 375 2116 Tunc
405 2077 532 2132 ergo
554 2064 766 2133 quando
792 2063 1178 2134 llierosolymis
1206 2067 1340 2119 exiit
1381 2082 1501 2120 cum
1527 2066 1803 2135 discipulis

218 2151 333 2206 suis
357 2152 408 2205 in
439 2151 696 2214 Judazam,
726 2161 780 2206 et
824 2153 930 2208 illic
959 2156 1276 2209 morabatur
1319 2171 1441 2210 cum
1492 2155 1589 2220 eis,
1622 2156 1799 2226 bapti-

219 2243 376 2296 zabat
423 2259 527 2296 non
565 2259 659 2313 per
705 2260 762 2298 se
823 2245 1017 2314 ipsum,
1063 2247 1154 2300 sed
1199 2263 1294 2316 per
1327 2247 1618 2316 discipulos
1649 2265 1796 2304 suos.

219 2331 365 2398 Quos
388 2333 862 2402 intelligimusjam
883 2334 1046 2390 fuisse
1073 2338 1372 2405 baptizatos
1400 2341 1513 2394 sive
1533 2341 1800 2408 baptismo

215 2423 462 2486 Joannis,
505 2426 643 2478 sicut
679 2425 918 2478 nonnulli
964 2427 1322 2491 arbitrantur,
1349 2431 1483 2493 sive,
1513 2432 1654 2500 quod
1686 2448 1799 2485 ma-

215 2517 300 2588 gis
331 2517 584 2572 credibile
613 2527 714 2579 est,
760 2519 1026 2587 baptismo
1055 2518 1275 2575 Christi.
1317 2522 1499 2591 Neque
1535 2524 1677 2578 enim
1700 2524 1800 2577 mi-

216 2608 496 2660 nisterium
537 2607 842 2676 baptizandi
879 2610 1170 2678 defugeret,
1219 2621 1274 2665 ut
1303 2613 1525 2668 haberet
1561 2615 1799 2683 baptiza-

217 2707 301 2751 tos
327 2714 523 2754 servos.
555 2715 652 2768 per
679 2715 813 2770 quos
840 2712 1066 2755 cancros
1092 2704 1414 2772 baptizaret,
1447 2707 1536 2775 qui
1569 2722 1674 2760 non
1705 2707 1799 2760 de-

215 2788 354 2859 fugit
410 2790 776 2845 memorabilis
833 2792 978 2847 illius
1037 2795 1356 2850 humilitatis
1411 2797 1794 2864 ministerium,

215 2882 436 2950 quando
461 2883 540 2937 eis
571 2883 696 2936 lavit
728 2885 908 2952 pedes.
940 2885 1091 2952 Quod
1134 2899 1258 2942 ante
1282 2888 1420 2942 diem
1450 2889 1797 2947 Pentecostes

214 2973 527 3041 acceperint
571 2972 830 3043 Spiritum
876 2987 1146 3041 sanctum,
1179 2975 1416 3035 Joannes
1459 2981 1792 3048 manifestat,

213 3063 402 3117 dicens
429 3081 442 3116 :
475 3062 602 3116 Cum
630 3082 750 3135 ergo
776 3077 904 3119 esset
928 3084 1044 3120 sero
1072 3067 1156 3121 die
1184 3068 1277 3122 illa
1306 3087 1410 3124 una
1433 3071 1792 3139 sabbatorum,

213 3164 262 3208 et
289 3153 428 3222 fores
450 3165 616 3209 essent
642 3157 854 3210 clausa’.
881 3159 947 3212 Et
977 3168 1098 3228 post
1126 3176 1312 3230 pauca,
1339 3161 1456 3217 Hoc
1481 3181 1597 3218 cum
1627 3165 1795 3219 dixis-

211 3256 310 3311 set,
334 3246 632 3317 insufflauit,
660 3257 708 3300 et
733 3249 853 3303 dicit
879 3251 973 3314 eis,
997 3252 1226 3322 Accipite
1241 3253 1497 3322 Spiritum
1513 3264 1752 3309 sanctum
1773 3273 1793 3311 :

215 3337 453 3402 Quorum
482 3339 781 3392 remiseritis
825 3351 1056 3408 peccata,
1088 3345 1423 3398 remittuntur
1446 3347 1540 3410 eis,
1567 3356 1621 3400 et
1669 3348 1798 3402 reli-

213 3441 340 3495 qua.
366 3424 484 3479 iam
515 3435 834 3495 neci-perunt
860 3428 1119 3497 Spiritum
1159 3442 1407 3487 sanctum
1438 3435 1489 3487 in
1523 3437 1799 3489 remissiu-

211 3536 336 3575 ncm
367 3531 708 3591 peccatorum
754 3541 766 3575 :
810 3525 902 3577 sed
930 3524 1106 3578 adhuc
1155 3528 1398 3581 restabat
1425 3528 1621 3582 donum
1653 3531 1796 3599 quod

215 3615 454 3668 nondum
488 3623 823 3681 acceperant,
863 3615 954 3669 sed
983 3617 1256 3686 accepturi
1283 3627 1437 3672 erant
1464 3620 1516 3674 in
1546 3622 1631 3675 die
1661 3619 1798 3676 Pen-

213 3714 469 3770 tecostes,
515 3707 566 3761 id
617 3717 720 3770 est,
753 3717 811 3761 ut
860 3709 1301 3777 prmdicationem
1332 3727 1483 3766 suam
1516 3712 1797 3769 ﬁrmarent

214 3800 386 3870 signis
413 3802 819 3868 miraculorum,
845 3813 899 3856 et
925 3812 983 3856 ut
1008 3819 1113 3857 non
1143 3804 1396 3859 timerent
1443 3807 1643 3860 rabiem
1672 3824 1797 3878 per-

213 3894 578 3960 sequentium,
607 3910 781 3964 neque
824 3894 1029 3948 irretiri
1073 3905 1297 3966 possent
1333 3897 1549 3951 vinculo
1594 3900 1796 3956 terreni

211 3983 488 4050 desiderii,
521 4002 695 4057 neque.
726 3985 1041 4042 labefactari
1065 4003 1253 4043 errore
1284 3989 1484 4058 aliquo.
1511 3989 1796 4048 Credimus

212 4075 435 4131 Petrum
459 4077 570 4145 jam
616 4079 948 4148 baptizatum
997 4078 1185 4144 fuisse,
1224 4082 1438 4150 quando
1485 4087 1702 4154 negavit
1729 4088 1794 4140 ad

210 4185 399 4224 vocem
419 4171 645 4224 ancillte.
665 4170 836 4224 Simili
861 4172 1019 4226 modo
1041 4180 1090 4225 et
1119 4172 1404 4238 Thomam,
1421 4176 1509 4244 qui
1536 4177 1796 4231 dubitavit

209 4262 281 4316 de
310 4263 516 4315 Domini
566 4263 975 4318 resurrectione.
1015 4263 1168 4318 Sicut
1189 4272 1316 4319 tunc
1345 4266 1450 4321 duo
1479 4269 1794 4338 baptisteria

211 4359 466 4423 leguntur
498 4355 548 4408 in
573 4351 859 4424 apostolis,
897 4371 1063 4409 unum
1093 4371 1189 4426 per
1217 4374 1430 4427 aquam,
1463 4365 1518 4412 et
1563 4359 1794 4414 alterum

209 4459 311 4514 per
337 4444 659 4513 baptismum
711 4445 945 4515 Spiritus
983 4448 1154 4501 sancti
1207 4466 1220 4501 :
1273 4449 1346 4502 ita
1384 4458 1507 4503 sunt
1553 4449 1709 4504 hodie
1740 4451 1794 4505 in

1903 1961 2104 2016 obnixe
2129 1961 2404 2027 advenire,
2437 1971 2496 2026 ut
2538 1978 2715 2032 neque
2745 1965 2800 2017 in
2843 1965 3274 2034 cogitationibus,
3309 1981 3484 2034 neque

1902 2055 1959 2108 in
1993 2057 2176 2110 verbis
2204 2064 2389 2125 regnet
2423 2056 2646 2124 spiritus
2675 2057 2938 2126 superbim
2965 2097 2980 2121 ,
3021 2059 3115 2112 sed
3144 2058 3365 2127 spiritus
3386 2057 3482 2113 Dei

1900 2146 2118 2214 utrique
2146 2146 2377 2200 deducat
2399 2162 2496 2214 per
2533 2163 2686 2202 suam
2723 2147 3074 2213 creationem,
3121 2156 3179 2201 ut
3221 2149 3480 2219 scriptum

1899 2244 1983 2290 est
2007 2236 2062 2290 in
2094 2237 2405 2307 Evangelio,
2431 2236 2564 2291 Cum
2613 2253 2714 2292 vos
2749 2239 3008 2306 ceperint,
3033 2248 3088 2294 et
3133 2241 3476 2307 adduxerint,

1897 2327 2060 2382 nolite
2083 2330 2311 2397 cogitare
2328 2329 2588 2398 quomodo
2607 2338 2700 2383 aut
2719 2329 2844 2398 quid
2867 2329 3154 2398 loquamini
3176 2346 3194 2384 :
3219 2348 3323 2385 non
3341 2333 3478 2384 enim

1898 2434 1985 2471 uos
2012 2419 2130 2470 estis
2157 2421 2246 2488 qui
2293 2419 2585 2488 loquimini,
2625 2420 2715 2472 sed
2750 2419 2964 2489 spiritus
3002 2417 3180 2476 Patris
3211 2422 3363 2476 vestri
3387 2421 3479 2493 qui

1897 2509 2131 2578 loquitur
2155 2509 2211 2562 in
2237 2509 2396 2563 vobis.
2425 2508 2688 2563 Precatur
2717 2511 2965 2566 renovari
2987 2509 3182 2566 faciem
3211 2521 3388 2577 terrai,
3420 2522 3478 2566 ut

1896 2617 2070 2657 novus
2099 2603 2259 2656 homo
2306 2603 2372 2658 sit
2410 2602 2672 2658 conﬁtens
2725 2619 2782 2658 se
2825 2605 3178 2674 justiﬁcatum
3205 2622 3312 2662 non
3341 2621 3477 2672 ase,

1897 2696 1991 2750 sed
2027 2700 2203 2766 gratia
2229 2697 2345 2751 Dei.
2375 2695 2529 2751 Sicut
2557 2697 2612 2750 in
2649 2695 2857 2753 Pascha
2889 2697 3098 2754 Domini
3131 2707 3243 2754 tres
3282 2698 3478 2768 psalmi

1897 2790 2144 2844 recolunt
2169 2806 2332 2859 opera
2366 2790 2568 2845 Christi
2607 2791 2768 2845 trium
2811 2793 3044 2858 dierum,
3087 2794 3168 2850 sic
3209 2794 3345 2848 etin
3384 2793 3480 2848 ad-

1895 2891 2059 2935 ventu
2090 2881 2323 2951 Spiritus
2347 2883 2521 2937 sancti
2548 2883 2740 2937 eadem
2761 2897 2947 2952 opera.
2981 2885 3050 2940 Ut
3076 2887 3496 2940 demonstretur.

1896 2989 2063 3028 unum
2087 2990 2220 3044 opus
2254 2988 2376 3028 esse
2400 2975 2451 3027 in
2471 2975 2713 3044 potentia
2741 2975 3125 3030 miraculorum
3160 2976 3324 3032 totius
3353 2990 3476 3032 san-

1895 3074 1998 3120 cta:
2022 3066 2324 3130 Trinitatis,
2359 3081 2500 3120 unus
2545 3067 2680 3121 ordo
2723 3067 3053 3136 psalmorum
3086 3066 3397 3122 continetur
3423 3074 3480 3122 et

1898 3159 1952 3213 in
1978 3160 2375 3214 resurrectione
2403 3160 2637 3222 Domini,
2665 3168 2721 3213 et
2747 3160 2800 3213 in
2825 3160 3064 3214 adventu
3099 3158 3333 3228 Spiritus
3351 3175 3477 3216 san-

1897 3254 1990 3308 cti.
2021 3253 2127 3308 Sed
2165 3253 2219 3306 in
2246 3253 2517 3322 aliquibus
2552 3253 2734 3308 minus
2767 3263 3024 3323 operatur
3048 3253 3318 3318 Christus,
3345 3261 3400 3307 et
3423 3253 3476 3306 in

1895 3345 2164 3415 aliquibus
2189 3346 2328 3414 plus.
2369 3345 2535 3399 Stella
2577 3347 2721 3400 enim
2766 3362 2797 3401 a
2845 3347 3002 3402 stella
3030 3347 3209 3402 diﬁ'ert
3237 3347 3290 3402 in
3313 3346 3478 3402 clari-

1895 3441 2026 3488 tate.
2053 3434 2207 3499 Quod
2251 3434 2304 3486 in
2358 3433 2566 3488 Pascha
2614 3435 2849 3490 diximus
2889 3437 2956 3491 de
3002 3435 3350 3505 sequentibus
3382 3436 3480 3492 ba-

1895 3525 2238 3594 ptismalibus
2265 3525 2534 3590 noctibus,
2564 3525 2666 3580 hoc
2710 3535 2764 3580 et
2812 3527 2900 3581 hic
2948 3527 3199 3594 dicimus,
3251 3537 3313 3582 ut
3367 3535 3477 3583 tres

1895 3615 2095 3670 Psalmi
2146 3617 2385 3672 recolant
2428 3618 2758 3687 sepulturam
2825 3618 3037 3674 Domini
3075 3620 3382 3675 triduanam
3419 3619 3478 3675 in

1896 3710 1982 3764 his
2022 3710 2308 3779 praecipue,
2361 3710 2454 3779 qui
2497 3725 2668 3779 nuper
2713 3710 3013 3779 consepulti
3067 3719 3193 3766 sunt
3228 3709 3476 3766 Domino.

1896 3801 2010 3857 Hoc
2045 3803 2222 3872 agitur
2275 3816 2374 3871 per
2413 3812 2619 3872 septem
2654 3801 2772 3856 dies
2819 3810 3040 3872 propter
3077 3810 3478 3857 sacramentum

1893 3895 2178 3967 prtesentis
2225 3895 2370 3959 vitae,
2409 3903 2464 3948 et
2517 3895 2736 3964 propter
2775 3895 3063 3965 septimam
3117 3895 3282 3959 diem,
3312 3909 3475 3964 quam

1897 3987 2091 4041 anima!
2125 3994 2434 4040 sanctorum
2471 3985 2739 4056 recipiunt
2763 3995 2940 4040 exutte
2965 4001 2994 4040 a
3017 3985 3358 4055 corporibus,
3393 3982 3478 4038 vel

1894 4077 2266 4147 septiformem
2291 4076 2552 4146 Spiritum
2574 4087 2841 4141 sanetum,
2873 4078 2964 4147 qui
2992 4093 3089 4147 per
3119 4091 3478 4145 unumquem-

1895 4185 1999 4240 que
2026 4172 2166 4224 diem
2213 4171 2430 4224 diiierso
2463 4170 2587 4224 cibo
2631 4169 2728 4222 alit
2779 4185 2926 4224 suos.
2975 4168 3208 4222 Possunt
3265 4175 3319 4220 et
3366 4175 3477 4222 tres

1893 4264 2084 4335 psalmi
2115 4263 2355 4318 recolere
2377 4273 2488 4318 tres
2509 4262 2759 4326 virtutes,
2793 4261 2844 4315 id
2873 4267 2975 4323 est,
3011 4260 3194 4324 ﬁdem,
3227 4273 3397 4329 spem,
3421 4265 3479 4312 et

1895 4355 2239 4418 charitatem,
2275 4353 2394 4407 sine
2432 4352 2627 4422 quibus
2656 4367 2814 4406 nemo
2864 4360 3041 4421 potest
3084 4349 3298 4420 placere
3339 4350 3472 4405 Deo.

1895 4447 2248 4500 Annectimus
2279 4445 2443 4499 etiam
2483 4445 2812 4508 convivium,
2860 4443 3001 4512 quod
3035 4458 3200 4502 unum
3227 4442 3478 4510 quodque

213 4545 396 4590 nostra
433 4537 667 4591 Ecclesia
692 4538 798 4591 duo
827 4553 1024 4608 genera
1065 4538 1382 4605 electorum,
1410 4541 1500 4610 qui
1532 4543 1791 4611 baptizati
1816 4576 1870 4636 Β
1897 4537 2093 4591 donum
2121 4539 2274 4606 quasi
2305 4539 2678 4607 unusquisque
2701 4536 2870 4591 frater
2889 4544 3044 4607 parat
3082 4535 3195 4590 suis
3232 4533 3475 4589 convivis

212 4640 357 4684 sunt.
391 4628 566 4684 Unum
594 4646 760 4700 genus
791 4631 944 4685 estin
969 4632 1140 4686 activa
1171 4633 1300 4699 vita,
1331 4633 1557 4688 alterum
1583 4636 1636 4688 in
1663 4651 1790 4690 con-

213 4719 548 4788 templativa,
578 4736 698 4788 quae
723 4721 826 4773 duo
852 4736 1044 4789 genera
1086 4723 1293 4777 Martha
1341 4733 1396 4778 et
1444 4723 1610 4778 Maria
1637 4741 1793 4779 soror

213 4812 331 4881 ejus
359 4809 751 4881 signiﬁcabant.
779 4811 989 4880 Optima
1017 4827 1143 4880 pars
1175 4813 1355 4867 Mariae
1387 4814 1638 4882 deputata
1659 4825 1742 4870 est
1763 4832 1794 4871 a

189 4901 463 4966 'Domino,
489 4902 578 4956 sed
612 4900 832 4954 Martha:
859 4917 963 4956 non
993 4910 1075 4956 est
1121 4904 1466 4970 reprehensa,
1501 4906 1625 4973 quia
1651 4905 1794 4959 bona

215 5004 319 5049 est.
351 4995 474 5049 llzec
519 4994 794 5048 distinctio
839 5002 1014 5063 potest
1070 4995 1298 5049 inveniri
1351 4995 1406 5048 in
1463 4995 1790 5063 antiphonis,

214 5102 338 5156 quae
361 5087 613 5141 dicuntur
636 5087 686 5139 in
719 5085 922 5140 Pascha
949 5087 1180 5152 Domini,
1208 5097 1261 5141 et
1287 5087 1338 5140 in
1371 5086 1705 5141 Pentecoste.
1737 5087 1794 5141 lu

215 5178 428 5234 Pascha
466 5178 675 5232 Domini
719 5178 848 5232 dicit
894 5177 1065 5248 prima
1113 5179 1404 5247 antiphona
1446 5192 1460 5232 :
1507 5178 1795 5234 Consilium

216 5287 390 5326 meum
417 5286 518 5324 non
542 5279 614 5323 est
651 5285 766 5322 cum
800 5269 971 5338 impiis
1007 5284 1024 5322 :
1068 5269 1235 5338 prima
1270 5270 1334 5323 de
1363 5269 1678 5323 Pentecoste
1708 5269 1793 5324 di-

216 5366 296 5420 cit
331 5383 344 5418 :
380 5361 577 5416 Factus
598 5372 670 5416 est
698 5371 902 5432 repente
924 5362 988 5414 de
1013 5361 1138 5414 cazlo
1167 5377 1327 5415 sonus
1351 5370 1601 5432 tanquam
1635 5362 1795 5416 adve-

217 5455 409 5510 nientis
463 5452 689 5524 Spiritus
743 5452 1073 5517 vehementis,
1105 5452 1328 5521 spiritus
1360 5453 1652 5508 vehemens
1675 5453 1795 5522 pul-

217 5561 403 5600 verem
430 5552 588 5598 terra:
616 5542 750 5598 solet
797 5531 1123 5614 dispergere.
1156 5543 1330 5598 Distat
1377 5545 1602 5599 multum
1655 5545 1795 5601 inter

220 5642 421 5694 donum
452 5637 565 5702 Dei,
593 5638 734 5708 quod
766 5646 981 5708 separat
1026 5637 1211 5693 ﬁdeles
1236 5638 1303 5693 ab
1356 5638 1554 5710 impiis,
1583 5650 1638 5694 et
1667 5639 1794 5694 illud

221 5734 446 5795 donum,
465 5731 604 5797 quod
633 5738 874 5785 terrenas
901 5731 1254 5797 cegitationes
1300 5742 1561 5802 expurgat
1586 5734 1649 5787 dc
1671 5749 1794 5802 pec-

227 5831 366 5882 tore.
387 5820 467 5880 lbi
488 5821 618 5880 dicit
663 5822 902 5883 secunda
938 5820 1256 5896 antiphona,
1279 5820 1554 5881 Postulavi
1591 5835 1794 5899 patrem

1897 4647 1996 4704 per
2019 4631 2133 4685 dies
2164 4639 2393 4700 septem,
2425 4639 2480 4684 et
2519 4637 2630 4683 tres
2663 4630 2908 4692 virtutes,
2937 4627 3092 4696 quasi
3125 4637 3235 4682 tres
3261 4639 3476 4682 sorores

1898 4724 2268 4786 convivantes,
2297 4738 2362 4777 ex
2397 4721 2532 4776 libro
2563 4720 2735 4776 sancti
2777 4719 3023 4791 Gregorii
3059 4720 3234 4790 primo
3276 4719 3342 4772 de
3366 4717 3479 4771 Mo-

1900 4816 2105 4872 ralibus
2138 4833 2150 4868 :
2184 4814 2253 4869 Ut
2287 4815 2455 4876 enim,
2506 4812 2697 4880 inquit,
2750 4813 2866 4864 lnec
2905 4813 3020 4880 ipsa
3065 4811 3202 4864 dona
3239 4808 3479 4862 breviter

1900 4904 2230 4974 septiformis
2254 4902 2476 4970 spiritus
2504 4901 2780 4968 replicem,
2805 4898 2968 4952 alium
3005 4896 3164 4956 diem
3199 4896 3361 4950 habet
3389 4910 3478 4949 sa-

1897 4997 2119 5065 pientia,
2178 4994 2341 5046 alium
2391 4991 2715 5054 intellectus,
2760 4990 2920 5048 alium
2963 4987 3270 5051 consilium,
3309 4986 3475 5041 alium

1898 5084 2177 5144 fortitudo,
2208 5083 2374 5136 alium
2402 5082 2652 5144 scientia,
2673 5081 2840 5138 alium
2869 5082 3063 5151 pietas,
3090 5079 3252 5138 alium
3290 5083 3472 5132 timor.

1898 5173 2083 5244 Neque
2104 5174 2248 5228 enim
2288 5175 2390 5227 hoc
2433 5181 2515 5228 est
2559 5189 2770 5244 sapere,
2815 5173 2958 5242 quod
3003 5172 3318 5241 intelligere,
3349 5170 3476 5238 quia

1897 5267 2053 5321 multi
2090 5275 2290 5319 :etcrna
2328 5265 2547 5334 quidem
2599 5266 2838 5334 sapiunt,
2865 5265 2961 5320 sed
3011 5265 3127 5318 haec
3173 5263 3478 5332 intelligere

1897 5371 2236 5426 nequaquam
2266 5364 2509 5427 possunt.
2541 5355 2817 5424 Sapientia
2845 5370 2975 5426 ergo
3018 5355 3074 5409 in
3100 5355 3188 5411 die
3214 5370 3312 5410 suo
3339 5369 3474 5410 con-

1897 5447 2101 5500 vivium
2125 5445 2271 5512 facit,
2303 5448 2428 5517 quia
2460 5454 2696 5500 mentem
2724 5445 2794 5499 ab
2812 5454 3138 5501 aeternorum
3163 5461 3262 5515 spe
3278 5455 3330 5499 et
3357 5460 3476 5500 cer-

1899 5539 2127 5593 titudine
2192 5539 2392 5600 reﬁcit;
2452 5537 2759 5592 intellectus
2810 5537 2865 5591 in
2902 5538 2988 5592 die
3031 5553 3128 5593 suo
3168 5537 3473 5594 convivium

1898 5637 2073 5701 parat,
2099 5630 2224 5697 quia
2252 5631 2306 5683 in
2349 5645 2434 5694 eo,
2467 5629 2611 5699 quod
2664 5630 2847 5685 audita
2886 5639 3155 5702 penetrat,
3185 5630 3473 5686 reﬁciendo

1901 5739 2015 5788 cor,
2042 5724 2295 5776 tenebras
2335 5720 2451 5789 ejus
2479 5721 2715 5778 illustrat
2757 5740 2771 5775 :
2811 5723 3096 5778 consilium
3148 5723 3204 5777 in
3242 5721 3331 5776 die
3375 5733 3474 5777 suo

1897 5822 2206 5882 convivium
2240 5821 2480 5893 exhibet,
2511 5821 2638 5896 quia
2673 5822 2804 5880 dum
2831 5837 2954 5880 esse
2977 5819 3316 5896 praecipitem
3341 5832 3474 5894 pro-
