4000 6474
588 372 727 440 1215

1622 362 1955 424 AMALARII
1990 351 2430 420 PRESBYTER!
2466 346 2808 412 METENSIS

3723 349 3843 406 ηις

586 498 759 562 hibet,
789 492 997 549 ratione
1040 487 1277 543 animum
1319 486 1523 558 replet;
1554 484 1813 540 fortitudo
1859 482 1914 535 in
1948 480 2037 535 die
2056 493 2156 533 suo
2182 481 2233 541 Α
2258 475 2405 543 gavit
2428 473 2618 527 Petrus
2641 466 2953 526 Cornelium
2976 505 2993 535 ,
3024 474 3086 521 ut
3113 464 3167 521 in
3201 463 3427 562 Actibus
3465 464 3838 533 apostolorum

586 585 896 644 convivium
924 580 1075 646 facit,
1100 579 1225 651 quia
1251 580 1378 632 dum
1416 577 1641 631 adversa
1674 589 1782 628 non
1804 570 2017 634 metuit,
2044 576 2157 622 tre-

586 676 794 750 pidauti
822 674 990 730 menti
1015 673 1163 727 cibos
1190 669 1527 727 conlidentim
1551 666 1806 739 apponit;
1846 662 2072 718 scientia
2101 658 2157 713 in

588 771 677 824 die
694 783 793 823 suo
814 766 1118 822 convivium
1142 772 1315 834 parat,
1334 762 1456 831 quia
1484 762 1537 815 in
1560 766 1750 814 ventre
1767 756 1981 821 mentis,
2008 755 2159 824 igno-

586 862 779 915 rantiae
794 858 1056 928 jejunium
1085 863 1324 924 superat,
1344 856 1517 922 pietas
1538 854 1593 907 in
1614 852 1701 907 die
1727 866 1824 906 suo
1851 847 2158 904 convivium

586 953 831 1017 exhibet,
862 951 986 1020 quia
1025 948 1202 1005 cordis
1227 948 1435 1001 viscera
1480 942 1869 999 misericordia:
1903 940 2160 1010 Operibus

587 1045 787 1115 replet;
820 1044 980 1099 timor
1002 1043 1055 1096 in
1094 1041 1178 1095 die
1202 1054 1301 1093 suo
1345 1037 1651 1093 convivium
1683 1034 1826 1096 facit,
1858 1033 1983 1102 quia
2030 1031 2159 1085 dum

586 1136 785 1206 premit
805 1141 1057 1197 mentem,
1091 1147 1158 1186 ne
1187 1132 1250 1185 de
1270 1128 1623 1201 praesentibus
1666 1125 1960 1195 superbiat,
1989 1124 2057 1177 de
2078 1121 2161 1175 fu-

589 1227 728 1281 turis
751 1225 893 1278 illam
925 1224 1039 1294 spei
1068 1223 1190 1278 cibo
1219 1218 1509 1276 confortat.
1534 1217 1639 1273 Sed
1688 1217 1744 1271 in
1781 1217 1887 1271 hoc
1926 1214 2159 1268 ﬁliorum

588 1317 833 1374 convivio
885 1315 1015 1370 illud
1057 1314 1509 1384 perscrutandum
1553 1310 1741 1374 video,
1784 1306 1925 1377 quod
1970 1313 2161 1361 semet-

588 1409 734 1479 ipsos
767 1406 995 1461 invicem
1018 1412 1264 1475 pascunt.
1293 1401 1460 1458 Valde
1486 1401 1630 1455 enim
1664 1397 1873 1467 singula
1909 1395 2161 1466 qumlibet

587 1497 919 1562 destituitur,
944 1498 989 1552 si
1021 1512 1127 1551 non
1150 1510 1255 1549 una
1286 1494 1375 1547 alii
1407 1493 1579 1545 virtus
1600 1490 1783 1543 virtuti
1814 1488 2155 1556 suffragetur.

588 1589 761 1645 Minor
787 1588 984 1658 quippe
1017 1595 1102 1641 est
1136 1584 1424 1655 sapientia,
1449 1583 1492 1637 si
1527 1580 1797 1636 intellectu
1845 1584 2031 1632 careat
2062 1594 2076 1629 :
2105 1584 2161 1631 et

585 1680 978 1735 valdeinutilis
1005 1687 1109 1741 est,
1130 1676 1435 1731 intellectus
1457 1674 1500 1727 si
1523 1688 1587 1726 ex
1615 1670 1874 1742 sapientia
1899 1684 2004 1723 non
2028 1668 2157 1722 sub-

586 1772 762 1825 sistat.
785 1770 919 1836 Quia
941 1784 1063 1824 cum
1090 1767 1277 1822 altiora
1297 1766 1415 1821 sine
1445 1763 1719 1834 sapientiae
1738 1762 1976 1831 pondere
1997 1772 2159 1829 pene-

2258 566 2520 635 scriptum
2545 570 2628 618 est
2659 580 2674 617 :
2703 561 2985 631 lntormgo
3023 572 3176 629 ergo,
3204 559 3275 613 ob
3298 573 3465 628 quam
3495 574 3732 615 causam
3767 577 3839 618 ac-

2257 654 2469 709 cersisti
2494 667 2582 707 me
2614 670 2626 705 :
2658 651 2726 706 Et
2746 650 3030 705 Cornelius
3052 650 3129 703 ait
3153 664 3167 702 :
3189 648 3233 703 A
3256 650 3741 719 nudiusquartana
3760 652 3831 707 die

2258 759 2429 814 usque
2464 745 2530 797 ad
2579 745 2721 798 hanc
2766 743 2977 807 horam,
3018 756 3182 797 orans
3210 756 3363 796 eram
3407 741 3553 797 hora
3604 757 3746 797 noua
3790 746 3835 799 iu

2259 838 2419 893 domo
2444 853 2583 902 mea,
2613 846 2668 892 et
2685 838 2910 907 reliqua.
2941 838 3111 904 Quem
3134 836 3395 891 continuo
3431 835 3641 891 imbuit
3664 835 3831 894 Petrus

2260 930 2505 1001 symbolo
2528 930 2674 995 ﬁdei,
2708 938 2769 985 ut
2796 930 2853 984 in
2893 930 3207 985 memoratis
3252 930 3484 984 Actibus
3516 930 3828 993 continetur,

2260 1035 2495 1091 moxque
2538 1021 2734 1075 cecidit
2770 1020 3008 1090 Spiritus
3044 1030 3263 1075 sanctus
3310 1034 3478 1090 super
3538 1034 3727 1074 omnes
3755 1022 3828 1091 qui

2261 1114 2545 1169 audiebant
2575 1114 2818 1168 verbum.
2852 1113 2972 1181 Quo
3006 1121 3249 1183 peracto,
3282 1112 3577 1181 respondit
3615 1111 3787 1165 Petrus
3815 1134 3825 1166 :

2262 1202 2513 1273 Nunquid
2537 1220 2733 1274 aquam
2756 1206 2878 1272 quis
2902 1205 3193 1275 prohibere
3213 1212 3414 1274 potest,
3450 1212 3518 1257 ut
3552 1219 3661 1258 non
3684 1205 3829 1273 bapti-

2262 1300 2453 1346 zcntur
2479 1292 2536 1346 hi
2552 1294 2644 1362 qui
2676 1291 2937 1363 Spiritum
2974 1303 3222 1349 sanctum
3256 1302 3607 1362 acceperunt
3646 1295 3825 1350 sicutet

2262 1384 2397 1438 nos?
2428 1384 2675 1454 Etjussit
2695 1398 2789 1440 eos
2836 1386 2889 1439 in
2918 1386 3137 1440 nomine
3162 1384 3291 1439 Jesu
3320 1384 3543 1440 Christi
3570 1386 3820 1453 baptizari.

2261 1476 2429 1547 Igitur
2463 1492 2527 1531 eo
2574 1478 2628 1531 in
2679 1486 2921 1546 tempore
2968 1478 3117 1532 circa
3158 1478 3499 1547 primitivam
3562 1477 3818 1532 Ecelesiam

2261 1567 2394 1623 hora
2426 1583 2567 1623 nona
2614 1569 2916 1638 baptismus
2968 1568 3273 1623 celebratus
3309 1578 3422 1633 est,
3454 1577 3518 1622 ut
3552 1577 3605 1622 et
3629 1569 3738 1636 ipsa,
3768 1578 3818 1623 et

2262 1659 2525 1715 imitatrix
2552 1660 2690 1729 ejus,
2737 1676 2857 1731 qua:
2888 1662 3151 1716 hodierna
3196 1661 3285 1716 die
3324 1669 3436 1728 est,
3486 1664 3737 1717 retineret
3772 1664 3818 1718 in

2262 1759 2472 1815 mente,
2505 1751 2650 1821 quod
2688 1752 2743 1806 in
2776 1764 2949 1808 morte
2985 1752 3209 1816 Christi,
3243 1753 3338 1822 qui
3380 1754 3520 1808 hora
3554 1769 3685 1808 nona
3710 1756 3823 1810 emi-

588 1871 715 1927 trat,
743 1877 837 1916 sua
869 1861 1016 1915 illum
1051 1860 1242 1914 levitas
1280 1858 1498 1929 gravius
1544 1856 1814 1909 ruiturum
1854 1854 2015 1907 levat.
2046 1851 2161 1906 Vile
2186 1856 2235 1916 B
2264 1842 2337 1896 Sil
2361 1842 2635 1911 SPil'ilum.
2666 1852 2915 1913 0p0l‘leat
2945 1859 3067 1899 eam
3112 1845 3418 1913 baptizare.
3452 1844 3612 1898 Hunc
3641 1861 3820 1900 morem

586 1962 669 2008 est
690 1952 995 2015 consilium,
1018 1951 1105 2005 cui
1127 1951 1293 2004 robur
1315 1946 1650 2003 fortitudinis
1672 1946 1841 2010 deest,
1868 1944 1993 2013 quia
2015 1941 2158 2012 quod

589 2045 871 2100 tractando
900 2043 1123 2107 invenit,
1146 2056 1336 2096 carens
1360 2040 1566 2094 viribus
1589 2051 1756 2105 usque
1784 2037 1851 2091 ad
1879 2035 2163 2105 perfectio.

590 2152 714 2191 nem
737 2137 916 2206 operis
938 2150 1043 2189 non
1071 2133 1342 2203 perducit;
1378 2139 1433 2185 et
1458 2130 1613 2185 valde
1638 2128 1897 2183 fortitudo
1926 2129 2161 2184 destrui-

590 2233 698 2291 tur,
729 2226 833 2281 nisi
866 2239 964 2296 per
1001 2222 1287 2279 consilium
1331 2221 1586 2276 fulciatur
1614 2237 1628 2273 :
1662 2219 1787 2289 quia
1811 2233 1918 2288 quo
1948 2218 2069 2287 plus
2106 2232 2165 2293 se

585 2332 747 2389 posse
777 2317 1062 2387 conspicit,
1085 2331 1150 2371 eo
1182 2315 1358 2369 virtus
1386 2314 1506 2369 sine
1537 2313 1765 2367 rationis
1796 2312 2164 2367 moderamine

589 2408 826 2463 deterius
856 2408 909 2462 in
932 2421 1172 2476 prmceps
1202 2405 1330 2459 ruit.
1372 2402 1527 2458 Nulla
1554 2410 1638 2458 est
1665 2402 1915 2467 scientia,
1945 2402 1990 2456 si
2021 2401 2166 2458 utili-

588 2506 755 2555 tatem
791 2497 1008 2568 pietatis
1048 2511 1158 2551 non
1208 2494 1371 2549 habet
1401 2511 1415 2547 :
1448 2492 1575 2562 quia
1611 2491 1739 2546 dum
1773 2492 1913 2547 bona
1947 2490 2166 2562 cognita

587 2591 811 2661 exsequi
834 2589 1080 2661 negligit,
1096 2603 1216 2644 sese
1234 2588 1301 2641 ad
1322 2586 1583 2655 judicium
1610 2584 1817 2640 arctius
1838 2583 2084 2653 stringit;
2111 2589 2167 2637 et

586 2681 742 2737 valde
756 2681 963 2736 inutilis
975 2689 1059 2737 est
1086 2680 1279 2750 pietas,
1306 2678 1350 2732 si
1367 2676 1608 2732 scientia:
1627 2675 1951 2730 discretione
1970 2680 2121 2729 caret
2146 2690 2159 2727 :

587 2775 715 2846 quia
767 2774 895 2829 dum
923 2771 1071 2827 nulla
1116 2771 1259 2825 hanc
1306 2768 1532 2824 scientia
1568 2766 1871 2831 illuminat,
1896 2763 2166 2834 quomodo

590 2865 934 2927 misereatur,
968 2863 1201 2933 ignorat.
1232 2859 1419 2915 Timor
1438 2872 1652 2928 quoque
1690 2857 1805 2928 ipse
1847 2856 1893 2911 si
1932 2870 2040 2909 non
2066 2855 2166 2910 has

591 2952 757 3009 etiam
803 2952 1034 3006 virtutes
1080 2949 1371 3015 habuerit,
1416 2949 1485 3003 ad
1532 2947 1734 3001 nullum
1788 2962 1924 3017 opus
1980 2944 2165 3015 procul

592 3047 756 3102 dubio
780 3046 937 3100 bona:
961 3043 1189 3098 actionis
1212 3042 1423 3112 surgit:
1452 3041 1579 3109 quia
1601 3040 1730 3095 dum
1751 3039 1816 3094 ad
1842 3045 2033 3094 cuncta
2057 3044 2167 3092 tre—

588 3139 758 3209 pidat,
791 3137 907 3206 ipsa
927 3149 1023 3189 sua
1053 3132 1364 3188 fortitudine
1400 3146 1431 3186 a
1467 3131 1625 3186 bonis
1654 3128 1905 3185 omnibus
1940 3138 2159 3197 torpens

2266 1940 2411 1987 tenet
2447 1949 2590 1988 nunc
2621 1943 2807 1988 nostra
2854 1932 3095 1988 Ecclesia
3130 1934 3186 1987 in
3232 1933 3475 2003 vigiliam
3500 1931 3823 1988 Pentecoste:

2262 2039 2423 2093 quem
2453 2024 2800 2095 prtesignavit
2846 2025 3149 2090 Cornelius,
3197 2026 3289 2095 qui
3330 2034 3389 2080 ut
3416 2035 3719 2081 mereretur
3747 2041 3823 2082 ac-

2263 2114 2444 2185 cipere
2465 2115 2814 2185 baptismum,
2846 2116 2981 2172 hora
3003 2132 3147 2172 noua
3174 2126 3297 2172 erat
3320 2132 3481 2172 orans
3511 2127 3565 2173 et
3585 2116 3825 2188 jejunaus

2263 2208 2319 2262 in
2349 2209 2511 2264 domo
2534 2224 2648 2265 sua.

2817 2303 3046 2361 CAPUT
3083 2304 3267 2359 XXIX.

2714 2395 2793 2449 De
2814 2396 3007 2450 octavis
3034 2394 3376 2451 Pentecosta.

2334 2484 2740 2559 Quinquaginta
2772 2487 2892 2545 dies
2923 2497 3050 2559 post
3086 2488 3300 2545 Pascha
3334 2488 3573 2554 Domini,
3598 2487 3708 2544 hoc
3727 2498 3823 2555 est,

2264 2584 2439 2632 totum
2478 2586 2690 2649 tempus
2735 2578 3104 2647 Pentecostes,
3133 2581 3373 2651 ﬁgurant
3405 2580 3557 2636 illam
3578 2581 3819 2647 letitiam,

2264 2681 2383 2736 qua:
2408 2667 2513 2722 erit
2540 2668 2593 2722 in
2617 2668 2718 2723 alia
2750 2670 2865 2725 vita
2892 2688 2906 2724 :
2933 2671 3048 2725 sive
3072 2671 3200 2742 quia
3242 2671 3702 2743 quadragenarius
3731 2690 3822 2727 nu—

2262 2773 2447 2815 merus
2474 2760 2720 2831 partibus
2762 2762 2877 2818 suis
2905 2761 3316 2833 multiplicatus,
3351 2764 3732 2836 quinquaginta
3752 2762 3822 2819 fa-

2263 2849 2361 2916 cit,
2390 2866 2487 2907 seu
2518 2852 2663 2922 quod
2687 2853 3043 2925 quadraginta
3064 2854 3268 2909 habent
3292 2855 3351 2909 in
3387 2855 3815 2925 seperfectiouen

2263 2956 2488 3014 operum
2514 2944 2780 3001 bonorum
2807 2962 2821 3000 :
2845 2946 2933 3001 cui
2959 2961 3183 3001 numero
3216 2948 3263 3000 si
3295 2948 3543 3003 addatur
3580 2948 3813 3012 denarius,

2264 3034 2359 3105 qui
2388 3042 2539 3091 tenet
2566 3036 3059 3093 remunerationem
3080 3052 3310 3107 operum
3349 3038 3730 3110 quinquaginta
3747 3037 3809 3090 fa-

2268 3126 2381 3183 cit:
2415 3140 2510 3182 seu
2537 3142 2870 3198 quaecunque
2890 3129 3001 3184 alia
3030 3129 3169 3185 ratio
3198 3130 3289 3196 sit,
3331 3130 3445 3186 hoc
3475 3131 3656 3202 procul
3678 3129 3811 3184 dubio

591 3202 766 3287 vacat.
799 3202 936 3297 Quia
965 3242 1096 3299 ergo
1134 3225 1408 3281 alternato
1443 3222 1745 3278 ministerio
1785 3223 1958 3278 virtus
1993 3237 2025 3277 a
2053 3221 2162 3275 vir-
2189 3202 2236 3267 C
2269 3225 2506 3284 tenetur,
2529 3220 2672 3289 quod
2699 3229 2997 3290 prtesentes
3037 3221 3441 3292 quinquaginta
3479 3223 3595 3279 dies
3613 3222 3809 3276 futuram

522 3328 523 3331 ‘
589 3330 706 3378 tute
725 3319 995 3386 reficitur,
1030 3326 1177 3375 recte
1224 3318 1443 3383 dicitur,
1466 3317 1611 3388 quod
1640 3317 1781 3387 apud
1823 3331 1881 3371 se
1918 3316 2160 3372 vicissim

588 3414 687 3470 ﬁlii
720 3415 1096 3471 convivantur.
1132 3409 1375 3481 Cumque
1422 3424 1585 3464 unam
1626 3409 1735 3464 alia
1775 3408 2164 3464 sublevandam

592 3506 858 3571 sublevat,
884 3505 1038 3576 quasi
1063 3520 1162 3575 per
1192 3505 1309 3560 dies
1335 3518 1462 3559 suos
1504 3517 1791 3558 numerosa
1818 3501 2031 3559 soboles
2071 3516 2166 3571 pa-

589 3592 787 3651 scenda
817 3596 1125 3651 convivium
1147 3595 1344 3665 parati.
1380 3593 1669 3663 Sequitur:
1702 3593 1769 3649 Et
1797 3594 2084 3649 mittebant
2110 3599 2166 3649 et

588 3686 855 3740 vocabant
879 3693 993 3740 tres
1022 3700 1239 3741 sorores
1257 3699 1407 3750 suas,
1445 3692 1506 3739 ut
1531 3687 1877 3741 comederent
1918 3693 1974 3740 et
2013 3685 2165 3741 bibe-

587 3782 713 3829 rent
740 3790 863 3829 cum
908 3775 1007 3829 eis.
1049 3772 1183 3829 Cum
1215 3774 1446 3829 virtutes
1492 3783 1691 3829 nostra:
1734 3774 1787 3828 in
1827 3773 1998 3839 omni,
2020 3772 2165 3842 quod

588 3874 774 3933 agunt,
806 3880 975 3934 spem,
1004 3866 1186 3932 fidem,
1211 3874 1267 3921 et
1296 3865 1614 3922 charitatem
1636 3866 1835 3932 sciunt,
1861 3865 2017 3935 quasi
2037 3880 2165 3934 ope-

590 3962 803 4009 ratores
850 3954 946 4009 filii
987 3964 1099 4012 tres
1141 3958 1211 4012 ad
1253 3958 1561 4012 convivium
1600 3972 1819 4014 sorores
1862 3964 2078 4022 vocant,
2104 3963 2167 4010 ut

564 4043 751 4109 ﬁdes,
787 4058 911 4113 spes
961 4053 1017 4100 et
1068 4046 1307 4102 charitas
1341 4047 1610 4118 gaudeant
1660 4047 1716 4101 in
1758 4060 1893 4116 opus
1936 4046 2160 4113 bonum,

588 4135 732 4205 quod
768 4149 1105 4206 unaquaeque
1124 4137 1298 4193 virtus
1336 4138 1701 4193 administrat.
1731 4135 1861 4204 Quae
1905 4137 2060 4207 quasi
2094 4152 2163 4193 ex

2266 3311 2505 3382 quietem
2532 3321 2588 3368 et
2636 3314 2983 3369 securitatem
3028 3323 3191 3385 atque
3235 3314 3497 3371 lmtitiam
3528 3315 3805 3387 signiﬁcant.

2268 3402 2487 3472 Septem
2509 3402 2625 3459 dies
2646 3404 2739 3474 qui
2771 3414 3094 3475 sequuntur,
3132 3405 3387 3461 recolunt
3412 3408 3689 3463 adventum
3708 3420 3807 3474 scp-

2264 3489 2499 3546 tiformis
2552 3492 2776 3563 spiritus
2800 3533 2816 3558 ,
2869 3495 2983 3549 sive
3035 3504 3278 3551 nostram
3330 3495 3608 3563 laetitiam,
3650 3496 3696 3551 in
3721 3506 3805 3563 qua

2265 3582 2704 3653 congratulamur
2722 3599 2897 3654 nuper
2924 3585 3231 3656 baptizatis,
3259 3587 3356 3660 qui
3384 3588 3644 3644 nimirum
3670 3584 3808 3641 infor-

2265 3682 2484 3729 mantur
2504 3675 2559 3729 in
2588 3690 2813 3745 corpore
2838 3675 3061 3733 Christi.
3095 3676 3371 3735 Habemus
3398 3680 3460 3734 in
3480 3677 3813 3737 nostrislibris

2264 3762 2580 3821 oilicialibus
2616 3767 2900 3837 scriptum,
2931 3765 3060 3824 Post
3088 3777 3297 3825 octavas
3329 3767 3695 3833 Pentecosm;
3718 3768 3813 3822 ideo

2264 3854 2331 3909 de
2356 3854 2547 3910 eodem
2582 3856 2783 3926 scripto
2822 3866 3059 3913 tractare
3088 3858 3369 3915 debemus.
3409 3859 3561 3915 Satis
3610 3855 3811 3913 manife-

2263 3956 2409 4004 stum
2437 3956 2520 4004 est
2538 3948 2897 4006 Pentecosten
2920 3952 3230 4023 exprimere
3260 3969 3547 4009 numerum
3574 3952 3818 4022 quinqua-

2262 4041 2526 4112 gesimum
2551 4059 2564 4095 :
2595 4057 2701 4097 non
2722 4042 2865 4097 enim
2904 4058 3025 4098 mea
3052 4045 3375 4115 simplicitas
3392 4046 3556 4109 novit,
3580 4057 3709 4113 quas
3732 4056 3819 4095 oc-

2264 4139 2416 4187 tavas
2433 4132 2627 4187 habeat
2652 4132 2993 4201 Pentecoste,
3018 4137 3110 4191 sed
3130 4138 3393 4206 quoniam
3416 4137 3535 4192 hac
3553 4134 3816 4197 festivitas,

589 4227 712 4282 cibo
733 4227 876 4283 vires
898 4228 1186 4298 accipiunt,
1226 4229 1352 4284 dum
1386 4228 1544 4284 bonis
1575 4229 1833 4299 operibus
1848 4228 2162 4285 ﬁdentiam
2261 4236 2381 4291 quae
2406 4221 2487 4293 (ut
2521 4223 2777 4295 diximus)
2810 4224 3002 4279 recolit
3049 4225 3342 4282 adventum
3383 4228 3624 4298 Spiritus
3648 4228 3812 4290 sancti,

589 4318 761 4385 ﬁunt;
805 4328 860 4374 et
877 4317 1007 4374 dum
1035 4327 1157 4390 post
1184 4319 1364 4374 cibum
1403 4318 1875 4388 contemplationis
1919 4334 2045 4375 rore
2074 4319 2159 4374 in-
2262 4323 2317 4371 et
2345 4315 2842 4371 remunerationem
2881 4332 3054 4387 nuper
3087 4318 3496 4389 baptizatorum
3523 4337 3709 4379 nomen
3737 4320 3814 4375 ob-

588 4407 739 4464 fundi
776 4419 1051 4480 appetunt,
1090 4410 1244 4480 quasi
1271 4425 1339 4464 ex
1374 4411 1565 4481 poculo
1597 4410 1898 4466 ebriantur.
1918 4409 2037 4464 Non
2060 4408 2161 4465 ah-
2261 4405 2422 4462 tinuit
2444 4404 2813 4473 Pentecostes,
2852 4408 2982 4478 ipsa:
3016 4418 3221 4466 octava:
3243 4426 3365 4481 quae
3412 4412 3553 4470 huic
3596 4412 3812 4485 mysterio

588 4500 776 4555 horret
804 4517 834 4554 a
873 4516 1019 4566 vero,
1045 4502 1089 4557 si
1117 4502 1230 4557 sive
1251 4511 1471 4571 propter
1492 4502 1825 4572 sepulturam
1850 4502 2084 4569 Domini,
2100 4509 2161 4557 ut
2184 4560 2235 4582 ἢ
2260 4511 2484 4572 possunt
2516 4517 2835 4574 congruere,
2872 4504 3210 4561 retinuerant
3252 4523 3482 4575 nomen,
3519 4512 3655 4582 quod
3676 4508 3811 4562 habet

589 4589 1028 4655 memoravimus,
1072 4598 1186 4645 tres
1232 4591 1423 4659 psalmi
1473 4593 1529 4647 in
1582 4600 1739 4648 nocte
1772 4600 2055 4648 cantentur
2100 4594 2156 4649 in
2183 4560 2237 4621 Β
2261 4560 2434 4665 prima
2487 4595 2603 4651 dies
2622 4560 2814 4665 “hujus
2871 4594 3206 4653 festivitatis.
3257 4560 3558 4666 Quomtid;
3600 4598 3811 4656 adventui

590 4677 783 4733 diebus
830 4678 1247 4749 neophytorum,
1296 4695 1390 4735 seu
1436 4690 1655 4751 propter
1698 4682 1880 4747 ﬁdem,
1907 4698 2058 4752 spem
2101 4691 2158 4739 et

589 4769 932 4836 cbaritatem,
961 4785 1080 4841 quae
1100 4770 1466 4840 unusquisque
1503 4771 1843 4829 Christianus
1871 4773 2032 4829 debet
2077 4782 2156 4830 te-

587 4875 720 4918 nere
744 4860 815 4917 ab
833 4862 949 4933 ipso
968 4862 1124 4919 initio
1146 4864 1452 4920 intellectus
1482 4862 1585 4918 sui.

1125 4975 1353 5032 CAPUT
1394 4974 1626 5030 XXVIII.

680 5069 759 5126 De
798 5070 928 5125 hora
954 5068 1241 5140 baptisterij
1272 5072 1327 5122 in
1354 5069 1566 5123 sabbato
1586 5110 1601 5135 ,
1647 5069 1754 5123 sive
1790 5068 1847 5122 in
1891 5066 2068 5138 vigilia

1201 5138 1547 5195 Pentecostes.

655 5232 962 5289 Notandum
991 5240 1096 5300 est,
1123 5232 1268 5303 quod
1299 5246 1365 5288 ea
1402 5232 1533 5291 hora
1576 5232 1686 5287 diei
1726 5248 1870 5289 nunc
1917 5233 2158 5291 celebret

583 5335 771 5383 sancta
808 5326 1050 5383 Ecclesia
1080 5326 1427 5397 baptismum,
1457 5340 1566 5395 qua
1608 5326 1743 5381 hora
1782 5327 2006 5396 angelus
2055 5327 2158 5382 Do-

582 5419 718 5475 mini
743 5418 891 5483 venit
926 5418 996 5473 ad
1026 5415 1355 5483 Cornelium,
1379 5415 1706 5472 annuntians
1751 5416 1802 5470 ei
1842 5418 1984 5485 quod
2028 5432 2154 5473 ora-

583 5509 759 5565 tiones
780 5510 899 5580 ejus
918 5520 975 5565 et
1004 5510 1356 5580 eleemosyna:
1375 5509 1731 5565 ascenderant
1756 5507 2151 5564 in'memoriam

583 5599 639 5652 i‘n
663 5612 954 5671 conspectu
981 5601 1100 5667 Dei,
1124 5610 1181 5656 et
1198 5609 1259 5654 ut
1282 5600 1521 5656 mitteret
1548 5601 1617 5655 ad
1636 5600 1879 5665 Petrum,
1906 5600 1998 5669 qui
2025 5616 2152 5656 eum

582 5688 901 5757 baptizaret.
952 5693 1154 5747 Eadem
1197 5692 1330 5747 hora
1368 5692 1513 5745 venit
1563 5692 1794 5761 baptista
1842 5691 2035 5746 Petrus
2082 5692 2153 5748 ad

581 5781 831 5853 eumdem
858 5780 1165 5843 Cornelium
1210 5781 1612 5854 baptizandum.
1638 5782 1720 5839 Ita
1751 5782 1896 5843 enim
1922 5782 2151 5842 interro-

2265 4685 2501 4755 Spiritus
2524 4687 2699 4742 sancti
2726 4694 2930 4743 octavae
2957 4689 3301 4755 conveniant,
3323 4690 3413 4745 vel
3444 4688 3812 4765 regenerationi

2263 4775 2387 4831 novi
2417 4776 2667 4841 hominis,
2693 4792 2761 4833 ex
2791 4778 2972 4834 verbis
2999 4779 3169 4834 sancti
3195 4778 3490 4851 Augustini
3516 4785 3586 4839 de
3606 4793 3817 4840 sermone

2262 4867 2477 4924 Domini
2499 4870 2555 4924 in
2577 4878 2779 4936 monte,
2811 4870 3049 4939 aliquam
3086 4872 3380 4928 scintillam
3409 4874 3647 4931 luminis
3672 4873 3817 4943 carpi-

2262 4976 2405 5017 mus.
2434 4961 2561 5016 Post
2580 4970 2924 5017 enumeratas
2953 4964 3247 5019 sententias
3266 4973 3390 5020 octo
3414 4965 3814 5025 beatitudinum

2258 5053 2389 5108 dicit
2408 5053 2550 5107 inter
2576 5060 2793 5118 ctetera,
2818 5052 3021 5108 Octava
3070 5062 3327 5123 tanquam
3358 5054 3413 5109 in
3468 5068 3643 5128 caput
3683 5055 3817 5117 redit,

2256 5146 2382 5216 quia
2418 5155 2852 5202 consummatum
2896 5147 3304 5219 perfectumque
3341 5151 3601 5207 ostendit
3639 5161 3691 5206 et
3720 5163 3821 5219 pro-

2253 5236 2366 5289 bat.
2396 5235 2462 5289 Et
2480 5236 2638 5306 paulo
2664 5244 2809 5307 post,
2835 5236 3054 5309 Septem
3074 5247 3199 5294 sunt
3216 5254 3345 5311 ergo
3368 5254 3493 5310 qua:
3513 5242 3817 5312 perﬁciunt:

2252 5341 2377 5381 nam
2404 5336 2597 5382 octava
2634 5327 2920 5394 clarificat,
2979 5336 3035 5384 et
3086 5329 3230 5398 quod
3286 5329 3603 5399 perfectum
3632 5340 3714 5388 est
3749 5330 3820 5384 de-

2252 5427 2539 5485 monstrat,
2563 5427 2623 5473 ut
2665 5434 2761 5489 per
2787 5421 2885 5475 hos
2920 5420 3121 5491 gradus
3147 5420 3539 5490 perficiantur,
3573 5434 3632 5479 et
3665 5420 3818 5479 exteri

2252 5519 2504 5581 tanquam
2551 5526 2582 5565 a
2628 5514 2805 5582 capite
2844 5529 3031 5569 rursus
3085 5515 3390 5571 exordiens.
3430 5515 3674 5571 Videtur
3712 5525 3819 5583 ergo

2251 5604 2385 5658 mihi
2425 5604 2587 5658 etiam
2615 5604 2949 5673 septiformis
2975 5608 3219 5675 operatio
3258 5606 3495 5677 Spiritus
3544 5607 3745 5668 sancti,
3766 5602 3822 5657 de

2252 5707 2358 5761 quo
2386 5692 2550 5747 Isaias
2574 5692 2830 5761 loquitur,
2859 5696 2945 5750 his
2981 5697 3235 5767 gradibus
3273 5697 3679 5769 sententiisque
3714 5710 3820 5752 cou-

2251 5798 2463 5855 gruere.
2485 5782 2555 5840 Et
2581 5784 2776 5842 iterum
2822 5804 2835 5843 :
2875 5784 3001 5845 Haec
3030 5794 3224 5849 octava
3266 5786 3565 5852 sententia,
3598 5804 3725 5860 qua:
3759 5782 3818 5840 ad
