4000 6520
198 419 334 478 1217

935 420 1027 479 DE
1062 419 1617 480 ECCLESIASTICIS
1654 421 1740 480 OF
1745 420 1943 481 FICIIS
1985 419 2165 478 LIBRI
2198 419 2290 479 IV.
2327 402 2399 464 έ-
2429 418 2561 478 LIB.
2599 418 2689 476 IV.

3302 419 3440 480 1218

197 542 357 609 caput
376 532 518 592 redit
542 522 949 606 perfectumque
972 536 1247 592 hominem
1273 536 1533 605 declarat,
1564 534 1773 607 signill-
1798 542 1852 602 Α
1875 533 2112 605 Spiritus
2141 541 2359 591 sanctus
2383 549 2483 605 per
2506 533 2686 605 ignem
2705 531 2775 589 ad
2798 544 2910 599 eos,
2946 534 3074 605 quia
3096 547 3289 607 ruu.go
3313 550 3440 605 pec-

197 638 285 688 cat
320 628 551 685 fortasse
577 635 633 684 et
654 628 1123 685 circumcisionem
1158 638 1353 687 octava
1378 631 1465 687 die
1491 631 1547 687 in
1579 628 1762 684 Veteri

197 718 567 784 Testamento,
594 727 649 775 et
673 719 888 774 Domini
931 722 1384 778 resurrectionem
1422 729 1546 793 post
1572 721 1767 777 sabba-

200 816 333 873 tum,
368 806 463 879 qui
487 815 570 863 est
597 807 784 880 utique
820 818 1045 865 octavus
1088 810 1229 866 idem
1270 810 1360 880 qui
1387 811 1595 881 primus
1623 810 1763 876 dies,

198 908 252 957 et
274 899 688 956 celebrationem
715 908 1035 958 octavarum
1068 904 1345 969 feriarum,
1372 919 1506 974 quas
1530 904 1586 959 in
1611 919 1767 975 rege-

197 991 475 1047 neratione
502 991 629 1048 novi
681 992 918 1049 hominis
959 995 1315 1053 celebramus.
1348 995 1639 1066 Hucusque
1656 996 1767 1051 Au-

198 1080 419 1152 gustini.
445 1081 681 1138 Octavus
721 1082 836 1140 dies
864 1094 967 1152 est,
999 1087 1093 1157 qui
1134 1094 1190 1143 et
1222 1088 1432 1158 primus
1472 1089 1765 1145 secundum

196 1172 427 1229 formam
451 1181 576 1230 octo
622 1176 1037 1232 beatitudinum.
1067 1176 1250 1233 Prima
1291 1179 1569 1234 beatitudo
1612 1179 1763 1245 dicit,

196 1261 347 1317 Beati
375 1281 627 1336 pauperes
653 1267 872 1337 spiritu,
899 1269 1150 1339 quoniam
1189 1271 1423 1340 ipsorum
1449 1278 1523 1325 est
1552 1286 1767 1346 regpum

197 1355 463 1411 caelorum.
497 1357 720 1427 Octava,
751 1360 906 1416 Beati
937 1362 1028 1433 qui
1064 1364 1471 1431 persecutionem
1491 1363 1769 1433 patiuntur

197 1454 406 1515 propter
434 1446 719 1515 iustitiam,
756 1452 1006 1521 quoniam
1049 1453 1284 1523 ipsorum
1313 1461 1387 1508 est
1417 1470 1633 1524 regnum
1662 1470 1769 1508 cae-

199 1537 385 1593 lorum.
417 1537 500 1593 Ad
552 1548 903 1610 regeneratos
943 1542 1223 1611 pertinent
1264 1544 1348 1598 hae
1376 1544 1678 1610 sententiae,
1712 1550 1771 1599 ut

200 1629 287 1699 qui
317 1644 582 1700 pauperes
614 1640 759 1695 sunt,
794 1630 848 1685 in
874 1632 978 1687 hac
1010 1634 1120 1687 vita
1147 1642 1372 1705 prapter
1402 1649 1625 1707 regnum
1654 1649 1769 1691 coe-

198 1720 374 1776 Iorum
409 1736 581 1791 usque
622 1722 692 1776 ad
717 1721 881 1779 ﬁnem
931 1723 1055 1779 vitm
1100 1733 1510 1796 perseverantes
1560 1727 1691 1793 sint,
1717 1734 1773 1782 et

197 1812 467 1883 accipiant
491 1827 717 1883 regnum
747 1828 846 1883 pro
884 1829 991 1883 quo
1027 1814 1409 1872 laboraverunt
1450 1816 1558 1874 hic.
1591 1817 1773 1888 Bapti-

1867 627 1975 681 cati
1995 642 2059 682 ex
2084 642 2273 683 eorum
2307 625 2595 697 fragilitate
2617 626 2794 696 potuit
2812 625 2891 682 eis
2911 626 3194 693 inhaerere,
3213 635 3267 683 et
3297 627 3439 683 hanc

1866 720 2037 777 voluit
2055 721 2137 777 vis
2160 718 2398 790 Spiritus
2431 719 2604 775 sancti
2637 719 2692 774 in
2734 727 3052 788 perpetuum
3090 735 3432 778 consumere.

1936 812 2032 868 Vis
2055 812 2203 867 enim
2229 811 2370 883 ignis
2394 825 2559 866 unam
2589 810 2873 866 materiam
2895 812 3183 878 consumit,
3214 819 3270 868 et
3304 811 3444 869 alte-

1866 919 1985 960 ram
2007 903 2183 958 reiicit
2226 910 2284 958 et
2312 901 2500 959 fovet:
2536 902 2679 973 ligna
2709 902 3015 968 consumit;
3060 910 3116 956 et
3160 906 3444 960 materiam

1866 995 2038 1051 nostri
2064 994 2312 1065 corporis
2354 994 2550 1051 reiicit.
2606 993 2685 1049 Ita
2731 1002 2787 1048 et
2826 992 2965 1064 ignis
2992 992 3228 1064 Spiritus
3267 996 3443 1051 sancti

1866 1088 2175 1159 rubiginem
2220 1097 2569 1157 peccatorum
2620 1085 2912 1151 consumit,
2958 1092 3015 1140 et
3063 1085 3299 1141 animam
3344 1101 3443 1141 no-

1865 1187 2039 1234 stram
2068 1176 2321 1233 calefacit
2361 1177 2431 1234 ad
2456 1190 2698 1233 amorem
2723 1175 2819 1231 Dei
2855 1182 2912 1230 et
2930 1174 3187 1247 proximi.
3215 1175 3307 1231 Isti
3341 1174 3447 1231 duo

1866 1268 2092 1326 effectus
2115 1276 2243 1326 sunt
2286 1268 2395 1324 duo
2431 1267 2663 1333 denarii,
2711 1282 2848 1337 quos
2876 1266 3138 1322 Dominus
3163 1266 3312 1323 dedit
3337 1275 3449 1323 sta-

1866 1360 2079 1417 bulario
2122 1358 2281 1429 juxta
2308 1359 2539 1415 *Lucam
2581 1358 2985 1431 Evangelistam
3029 1358 3199 1414 altera
3237 1360 3346 1425 die,
3392 1359 3448 1416 id

1868 1458 1971 1515 est,
2011 1449 2248 1506 secunda
2273 1449 2378 1514 die,
2420 1456 2708 1521 postquam
2762 1448 3004 1520 alligavit
3036 1449 3261 1507 vulnera
3288 1451 3451 1507 semi-

1868 1541 1979 1598 vivi
2007 1541 2164 1611 quasi
2190 1540 2429 1598 secundo
2478 1540 2565 1599 die
2589 1550 2715 1613 post
2764 1541 3115 1612 baptismum.
3163 1542 3307 1597 Bene
3344 1541 3452 1600 duo

1870 1640 2018 1699 sunt,
2045 1631 2138 1702 qui
2165 1630 2475 1704 significant
2492 1631 2739 1688 ordinem
2777 1630 3105 1698 dilectionis,
3131 1631 3259 1703 quia
3283 1632 3451 1688 Deum

1872 1738 1979 1778 non
2002 1729 2183 1794 potest
2223 1722 2468 1791 diligere,
2500 1722 2593 1793 qui
2638 1736 2750 1777 non
2777 1721 2951 1795 diligit
2975 1722 3319 1794 proximum:
3358 1736 3455 1778 ne-

1873 1827 1979 1884 que
2028 1822 2176 1869 recte
2205 1812 2378 1884 diligit
2408 1812 2750 1882 proximum:
2799 1812 2894 1883 qui
2921 1827 3029 1869 non
3064 1828 3187 1877 eum
3232 1820 3454 1885 propter

199 1916 348 1956 smus
395 1900 797 1973 Neophytorum
836 1906 1082 1973 quamvis
1132 1906 1189 1960 in
1226 1906 1451 1963 sabbato
1474 1908 1672 1979 agitur,
1707 1908 1776 1963 ad
1801 1903 1851 1964 Β
1877 1906 2046 1960 Deum
2101 1905 2294 1978 diligit.
2367 1903 2521 1960 Sicut
2570 1905 2627 1961 in
2676 1904 3003 1975 baptismate
3051 1903 3453 1961 conformamur

199 1991 349 2047 illum
375 1993 704 2062 baptismum
741 1996 996 2063 pertinet,
1012 2012 1173 2068 quem
1195 2000 1424 2070 apostoli
1451 2009 1775 2071 acceperunt

200 2084 255 2139 in
281 2086 367 2141 die
394 2086 761 2155 Pcntecostes,
790 2090 943 2160 cujus
977 2101 1202 2148 octavus
1249 2093 1387 2159 dies,
1417 2102 1502 2150 est
1527 2094 1641 2150 dies
1668 2094 1774 2150 Do-

199 2176 401 2232 minica
451 2192 703 2249 sequens,
746 2195 907 2249 quam
949 2181 1186 2238 solemus
1235 2184 1505 2255 appellare
1550 2193 1773 2241 octavas

196 2265 572 2325 Pentecostes.
595 2269 716 2326 Istae
742 2280 869 2327 sunt
892 2271 1041 2328 ferite
1065 2290 1202 2345 quas
1230 2278 1421 2334 beatus
1439 2277 1774 2349 Augustinus

197 2366 465 2413 memorat
514 2360 760 2429 superius
806 2370 1119 2419 octavarum
1166 2363 1424 2424 feriarum
1471 2371 1774 2441 regenerati

197 2449 451 2507 hominis.
484 2450 599 2509 Hoc
619 2455 869 2510 estinter
892 2465 1138 2512 nostrum
1164 2459 1455 2528 baptisma,
1485 2470 1540 2515 et
1560 2471 1777 2532 aposto-

196 2537 396 2606 lorum,
424 2542 567 2611 quod
607 2542 683 2596 illi
725 2543 899 2612 primo
931 2560 1070 2616 aqua
1119 2548 1376 2618 baptizati
1403 2559 1549 2616 sunt,
1582 2553 1777 2609 deinde

197 2641 520 2701 acceperunt
574 2634 741 2690 semel
770 2651 868 2705 per
905 2636 1318 2693 insuillationem
1363 2639 1567 2697 Christi
1599 2642 1772 2713 Spiri-

196 2731 312 2774 tum
338 2731 583 2778 sanctum
612 2724 790 2781 adhuc
808 2725 863 2779 in
890 2735 1035 2781 terra
1055 2726 1270 2784 Christo
1291 2729 1532 2794 sistente,
1561 2742 1777 2802 postre-

195 2826 288 2866 mo
313 2812 379 2866 de
414 2813 551 2867 cmlo
580 2815 634 2870 in
684 2816 771 2870 die
813 2816 1179 2876 Pentecostes.
1210 2820 1321 2877 Nos
1343 2832 1475 2878 vero
1510 2831 1779 2893 praesente

195 2904 449 2974 episcopo
493 2905 653 2960 simul
699 2907 1070 2975 baptizamur,
1118 2917 1174 2983 et
1225 2927 1326 2983 per
1376 2912 1777 2983 impositionem

193 3006 388 3046 manus
435 2993 669 3064 epise0pi
712 2993 970 3065 Spiritum
1009 3007 1256 3055 sanctum
1308 3003 1624 3073 accipimus.
1650 3004 1780 3059 Imi-

194 3083 364 3137 tando
393 3081 592 3139 Christi
617 3094 846 3141 mortem
876 3095 929 3143 et
958 3087 1077 3157 ejus
1110 3072 1587 3160 resurrectionem,
1613 3096 1777 3151 debe-

1875 1999 2077 2055 Christi
2103 1998 2265 2053 morti
2287 2005 2342 2053 et
2364 1998 2674 2069 sepulturae,
2701 1998 2775 2054 ita
2804 1998 2859 2052 in
2883 1996 3200 2067 acceptione
3217 1996 3454 2067 Spiritus

1873 2091 2049 2147 sancti
2078 2091 2292 2161 spiritui
2319 2090 2617 2145 viviﬁcanti
2635 2130 2652 2156 ,
2697 2090 2791 2159 qui
2824 2096 3084 2160 operatur
3107 2087 3163 2141 in
3189 2086 3343 2143 nobis
3371 2101 3454 2144 ro-

1873 2191 2018 2240 ctum
2044 2182 2292 2238 ordinem
2324 2181 2651 2238 dilectionis.
2702 2179 2933 2253 Propter
2974 2187 3203 2237 mortem
3229 2178 3453 2247 Christi,

1874 2289 1994 2344 quae
2025 2278 2362 2328 memoratur
2388 2271 2524 2327 hora
2548 2285 2693 2326 nona
2721 2285 2843 2326 esse
2868 2277 3111 2341 peracta,
3151 2269 3287 2324 hora
3312 2281 3456 2325 nona

1873 2366 2236 2435 baptizantur,
2276 2364 2370 2433 qui
2401 2364 2456 2418 in
2489 2362 2691 2419 Christi
2738 2370 2913 2419 morte
2958 2361 3307 2431 baptizantur
3330 2374 3457 2430 pro-

1873 2467 2105 2529 pterque
2152 2457 2470 2527 mysterium
2517 2455 2914 2527 consepulturae
2937 2453 3163 2519 Christi,
3217 2468 3337 2524 quae
3369 2466 3456 2509 re-

1877 2550 2074 2606 colitur
2098 2551 2153 2605 in
2176 2551 2403 2606 sabbato
2427 2550 2734 2621 baptizatur
2777 2549 2983 2606 Christi
3028 2562 3226 2620 corpus
3254 2547 3311 2603 in
3338 2545 3458 2602 sab-

1876 2644 2022 2711 bato,
2058 2653 2120 2699 ut
2145 2652 2269 2716 post
2293 2646 2437 2703 hanc
2482 2647 2816 2718 sepulturam
2857 2646 2914 2701 in
2944 2647 3034 2702 die
3061 2645 3343 2702 Dominica
3372 2659 3459 2701 re-

1877 2742 2083 2807 surgat.
2114 2735 2329 2794 Initium
2366 2738 2512 2794 enim
2562 2738 2975 2795 resurrectionis
3003 2754 3035 2793 a
3065 2737 3343 2795 Dominica
3368 2736 3459 2794 die

1846 2829 2135 2895 debemus
2165 2831 2459 2887 celebrare.
2496 2833 2581 2889 Sit
2623 2833 2714 2888 illa
2752 2834 3035 2891 Dominica
3085 2834 3202 2891 dies
3242 2833 3459 2890 initium

1878 2920 2004 2976 novi
2044 2919 2301 2987 hominis,
2341 2922 2432 2991 qui
2461 2925 2759 2979 resurrexit
2800 2940 2833 2981 a
2861 2923 3133 2980 mortuis:
3182 2930 3239 2979 et
3261 2923 3458 2979 iterum

1880 3010 2155 3080 sepultura
2205 3008 2344 3080 ejus,
2386 3013 2601 3083 quando
2649 3014 2832 3072 anima
2874 3016 3070 3071 transit
3118 3016 3175 3072 in
3215 3014 3460 3086 requiem

1879 3102 1995 3158 sine
2022 3118 2247 3174 corpore
2273 3104 2329 3159 in
2354 3105 2583 3160 sabbato
2608 3104 2729 3170 die,
2757 3106 2971 3176 quando
2998 3105 3319 3163 vestimenta
3341 3122 3462 3162 mu-

191 3187 329 3267 mus
343 3176 861 3232 consummationem
898 3180 1070 3234 nostri
1093 3182 1439 3252 baptismatis
1462 3185 1517 3240 in
1555 3186 1642 3240 die
1672 3185 1779 3241 Do-
1808 3253 1847 3267 Α
1879 3199 2063 3248 tantur
2112 3192 2509 3264 baptizatorum
2534 3210 2549 3247 :
2606 3202 2663 3250 et
2691 3196 2931 3267 receptio
2955 3210 3145 3252 eorum
3171 3210 3460 3266 corporum

196 3262 397 3317 mimica
454 3265 711 3335 cogitare,
746 3283 814 3322 ne
852 3271 1163 3338 praecedant
1207 3274 1451 3330 membra
1502 3284 1681 3346 caput.
1709 3276 1777 3332 Et
1802 3253 1848 3317 C
1880 3253 2267 3341 celebratusin
2296 3286 2503 3340 octavis
2534 3253 2900 3342 Pentecostes.
2951 3284 3049 3341 Vel
3077 3288 3198 3342 ideo
3224 3253 3463 3342 celebre-

197 3354 494 3408 secundum
535 3357 752 3412 modum
808 3358 1094 3428 primitivae
1142 3363 1396 3419 Ecclesiae
1431 3365 1778 3421 donationem

198 3441 436 3513 Spiritus
456 3448 631 3500 sancti
674 3446 727 3500 in
786 3450 975 3504 eadem
1030 3451 1116 3505 die
1149 3453 1281 3506 hora
1308 3454 1488 3509 tertia.
1523 3453 1781 3521 Quamvis

196 3550 307 3590 non
331 3537 535 3592 eisdem
559 3536 747 3593 diebus
772 3539 856 3593 vel
883 3540 1034 3596 horis
1058 3553 1279 3612 pr0pter
1314 3545 1523 3615 aliquas
1541 3547 1781 3603 occasio-

198 3642 302 3683 nes
352 3627 664 3684 ﬂuctuantis
697 3632 885 3687 mundi
933 3633 1239 3692 celebretur
1276 3638 1565 3709 aliquando
1605 3641 1781 3712 bapti-

200 3734 354 3774 smus
373 3720 457 3774 vel
480 3721 756 3791 impositio
782 3739 993 3789 manus,
1013 3733 1191 3782 tamen
1221 3741 1441 3800 propter
1469 3746 1778 3787 sacramen-

201 3818 317 3863 tum
343 3804 487 3881 quod
512 3813 565 3866 in
592 3828 653 3869 se
682 3814 941 3882 continet,
973 3817 1176 3872 eisdem
1209 3819 1401 3876 diebus
1432 3829 1488 3876 et
1519 3822 1669 3878 horis
1689 3822 1782 3877 de-

194 3909 475 3971 putantur.
532 3903 590 3958 Si
642 3905 787 3960 enim
836 3916 1121 3977 propterea
1173 3920 1498 3982 acceperunt
1553 3913 1780 3983 apostoli

199 3990 464 4062 Spiritum
506 4004 750 4051 sanctum
790 3997 923 4053 hora
977 4000 1154 4063 tertia,
1207 4002 1332 4071 quia
1374 4002 1532 4059 ﬁdem
1576 4012 1781 4060 sanctae

198 4080 483 4138 Trinitatis
528 4086 873 4155 praedicaturi
928 4098 1105 4154 erant,
1146 4091 1425 4149 volvamus
1472 4103 1525 4151 et
1576 4111 1676 4150 nos
1725 4096 1781 4152 in

196 4182 382 4227 mente
409 4175 600 4230 eadem
630 4178 763 4232 hora
798 4180 1106 4249 percepisse
1125 4184 1373 4238 eumdem
1408 4183 1695 4254 Spiritum,
1723 4186 1779 4240 in

196 4281 310 4335 quo
324 4268 605 4338 copulatur
627 4268 867 4325 Trinitas
889 4287 1010 4343 quae
1032 4284 1299 4329 monstrat
1320 4277 1570 4331 eamdem
1602 4278 1782 4332 Trini-

196 4365 391 4413 tatem.
438 4359 668 4427 Propius
715 4362 953 4431 pertinet
1002 4372 1247 4417 nostrmu
1282 4366 1547 4435 baptisma
1600 4368 1781 4438 aliquo

192 4451 363 4507 modo
412 4451 479 4505 ad
516 4451 845 4522 baptismum
879 4454 1267 4524 apostolorum,
1299 4472 1460 4526 quam
1491 4459 1558 4513 ad
1603 4458 1780 4528 bapti-

193 4557 377 4613 smum
406 4540 625 4598 Christi.
677 4542 795 4599 Non
844 4552 1068 4616 propter
1096 4561 1194 4603 sua
1245 4546 1510 4604 abluenda
1556 4558 1779 4620 peccata

189 4632 505 4703 baptizatus
530 4641 614 4691 est
657 4634 926 4702 Christus,
964 4638 1060 4695 sed
1095 4648 1319 4710 propter
1350 4637 1580 4695 formam
1606 4656 1778 4698 mem-

189 4727 423 4783 brorum
450 4716 695 4793 suorum,
725 4729 850 4797 quia
878 4744 1001 4785 esse
1022 4730 1077 4784 in
1106 4730 1288 4788 futuro
1307 4741 1563 4803 poterant
1584 4733 1772 4804 aliqui,

188 4818 291 4891 qui
332 4818 435 4873 sibi
462 4818 738 4893 placerent
760 4818 828 4872 de
873 4834 969 4891 sua
1018 4821 1348 4889 innocentia,
1380 4832 1436 4878 et
1475 4826 1777 4895 cogitarent

189 4925 306 4967 non
330 4910 431 4966 sibi
463 4908 584 4967 esSe
625 4910 993 4966 necessarium
1041 4912 1309 4984 baptisma
1344 4934 1356 4968 :
1396 4932 1461 4971 ac
1488 4916 1609 4979 ideo
1637 4934 1775 4986 prae-

189 4999 364 5057 cessit
389 4999 590 5057 Christi
628 4999 952 5071 baptismus,
984 5002 1077 5071 qui
1130 5003 1247 5059 sine
1290 5013 1514 5073 peccato
1560 5003 1683 5071 fuit,
1715 5014 1777 5060 ut

187 5107 359 5149 nemo
385 5092 643 5167 deceptus
670 5106 766 5164 per
792 5093 1011 5149 stultam
1037 5095 1405 5162 securitatem,
1426 5098 1629 5165 periret
1655 5096 1773 5153 sine

184 5183 486 5253 baptismo.
507 5183 627 5240 Non
655 5192 942 5256 propterea
965 5185 1184 5242 advenit
1209 5184 1447 5258 Spiritus
1471 5196 1692 5244 sanctus
1715 5188 1772 5244 in

186 5281 456 5339 columbae
487 5282 665 5355 specie
694 5300 856 5357 super
899 5286 1099 5343 Christi
1148 5278 1493 5359 baptismum,
1528 5300 1589 5347 ut
1620 5293 1775 5349 daret

186 5381 328 5431 tunc
364 5374 415 5431 ei
447 5375 668 5441 donum,
693 5377 837 5447 quod
865 5392 973 5433 non
1002 5378 1262 5446 habebat;
1294 5380 1389 5436 sed
1411 5390 1471 5438 ut
1500 5382 1654 5440 nobis
1676 5399 1775 5441 no-

185 5476 314 5526 stro
368 5466 423 5523 in
465 5469 793 5540 baptismate
846 5487 997 5527 suam
1049 5475 1392 5544 praesentiam
1444 5484 1776 5533 monstraret

188 5559 408 5625 adesse,
441 5567 497 5614 et
524 5575 621 5630 per
644 5560 904 5619 columbae
956 5562 1361 5634 simplicitatem
1382 5567 1779 5624 demonstraret

188 5648 397 5705 Christi
451 5646 850 5721 simplicitatem
900 5660 957 5707 et
1006 5652 1321 5725 puritatem.
1377 5657 1620 5726 Apostoli
1651 5674 1777 5729 pro-

188 5748 382 5810 pterea
410 5742 669 5814 haptizati
703 5752 845 5808 sunt,
876 5732 938 5798 ut
977 5754 1196 5815 peccata
1238 5761 1426 5801 eorum
1469 5747 1777 5806 delerentur

186 5830 257 5886 iu
281 5830 573 5902 baptismo,
605 5832 745 5892 sicut
768 5842 824 5892 et
844 5841 1031 5895 nostra
1060 5833 1344 5904 delentur;
1389 5846 1445 5895 et
1481 5839 1602 5897 ideo
1628 5842 1777 5899 venit

1880 3384 1971 3432 tur
2016 3386 2208 3432 octava
2252 3377 2623 3443 Pcntecostes,
2682 3378 2810 3448 quia
2859 3377 3188 3447 septiformis
3240 3376 3464 3448 spiritus

1879 3482 2015 3537 opus
2058 3477 2186 3523 tunc
2228 3467 2534 3539 perficitur,
2591 3470 2803 3539 quando
2856 3468 3158 3540 perfectum
3188 3469 3461 3525 hominem

1880 3565 2173 3622 monstrat,
2202 3558 2269 3613 de
2291 3574 2399 3627 quo
2428 3558 2641 3614 dicebat
2680 3558 2970 3629 Apostolus
3001 3577 3013 3613 :
3049 3557 3107 3613 Si
3131 3559 3254 3629 quis
3278 3565 3463 3613 autem

1882 3648 1940 3704 in
1965 3649 2133 3705 verbo
2157 3664 2265 3705 non
2311 3650 2557 3717 oﬂ‘endit,
2608 3651 2699 3708 hic
2733 3651 3005 3721 perfectus
3030 3659 3115 3708 est
3151 3652 3256 3707 vir.
3306 3651 3459 3708 Cele-

1880 3741 2069 3797 bretur
2094 3757 2193 3812 per
2219 3750 2428 3813 septem
2463 3744 2579 3800 dies
2603 3759 2739 3815 opus
2768 3743 3095 3816 septiformis
3131 3744 3374 3815 spiritus,
3410 3752 3467 3799 et

1882 3835 1939 3890 in
1966 3842 2158 3891 octava
2186 3836 2275 3891 die
2302 3836 2719 3903 consummatio,
2749 3844 2806 3891 et
2829 3834 3141 3902 declaratio,
3167 3842 3328 3905 atque
3351 3833 3467 3906 glo-

1882 3924 2113 3982 riﬁcatio
2168 3926 2411 3996 ejusdem
2446 3927 2646 3997 operis.
2704 3926 2855 3994 Quod
2906 3927 2952 3980 si
2984 3926 3057 3981 ita
3111 3934 3216 3991 est,
3268 3925 3465 3980 merito

1881 4020 2127 4075 eamdem
2170 4018 2616 4090 gloriﬁcationem
2666 4018 2719 4073 in
2771 4018 2974 4075 nostris
3028 4016 3225 4075 ofﬁciis
3273 4016 3465 4073 recolit

1881 4117 2072 4165 octava
2103 4110 2238 4173 dies,
2293 4125 2413 4179 quae
2464 4109 2604 4165 redit
2646 4111 2714 4165 ad
2767 4116 2948 4179 caput,
3007 4124 3170 4178 quam
3208 4115 3266 4163 et
3290 4108 3464 4177 prima

1883 4200 2018 4256 dies.
2046 4200 2233 4270 Itaque
2262 4202 2403 4256 sicut
2434 4200 2828 4256 celebravimus
2859 4198 3197 4267 maiestatem
3228 4196 3465 4266 Spiritus

1882 4292 2056 4347 sancti
2095 4292 2150 4347 in
2184 4292 2529 4357 Pentecoste,
2561 4290 2901 4345 celebramus
2925 4298 2981 4345 et
3007 4290 3062 4345 in
3089 4289 3301 4344 octavis
3324 4288 3467 4357 ejus-

1884 4382 2006 4438 dem
2045 4382 2355 4439 festivitatis
2400 4391 2667 4453 quatenus
2692 4380 2987 4452 saepissime
3035 4378 3322 4436 recolendo
3349 4375 3466 4445 ejus

1883 4474 2045 4541 dona,
2082 4475 2337 4547 dignetur
2364 4475 2482 4547 ejus
2506 4474 2744 4531 charitas
2783 4470 3135 4545 seprofusius
3177 4468 3467 4526 infundere

1883 4566 2137 4624 cordibus
2192 4566 2415 4631 nostris,
2462 4580 2635 4636 usque
2661 4566 2810 4631 dum,
2861 4563 3155 4621 secundum
3180 4559 3466 4631 Evangeli-

1881 4672 2005 4712 cum
2038 4671 2257 4712 sensum
2287 4656 2391 4711 tria
2416 4663 2531 4712 sata
2562 4655 2753 4711 farinae
2772 4654 3167 4709 fermententur
3188 4651 3244 4706 in
3269 4664 3461 4715 unum,

1879 4754 1935 4802 et
1964 4755 2135 4803 totum
2158 4747 2302 4818 quod
2332 4747 2655 4816 cogitamus,
2684 4754 2779 4801 aut
2803 4743 3175 4815 intelligimus,
3200 4748 3297 4796 aut
3327 4739 3464 4795 vivi«

1879 4854 1999 4893 mus
2026 4838 2093 4895 ad
2121 4836 2238 4907 ejus
2269 4837 2615 4894 dilectionem
2643 4830 2928 4891 referatur.
2977 4834 3037 4887 In
3069 4845 3463 4886 commemora-

1878 4930 2024 4989 tione
2046 4930 2240 4983 harum
2267 4928 2433 4982 trium
2446 4940 2825 4984 mensurarum
2855 4923 3065 4988 farinae,
3092 4929 3379 4977 cantamus
3404 4919 3461 4975 in

1876 5019 2065 5073 eadem
2090 5029 2248 5072 nocte
2278 5024 2389 5072 tres
2410 5017 2647 5085 psalmos
2674 5016 2730 5071 in
2772 5013 3079 5080 nocturnis,
3109 5021 3165 5069 et
3186 5026 3360 5082 usque
3391 5011 3461 5068 ad

1880 5106 2045 5162 tinem
2073 5107 2179 5162 diei
2226 5107 2509 5176 praesentis
2556 5106 2821 5163 Dominici
2868 5106 3096 5163 Alleluia
3124 5112 3457 5162 cantamus.

1881 5196 1973 5255 Sic
1998 5198 2144 5253 enim
2166 5198 2473 5255 celebratur
2501 5200 2823 5256 auctoritate
2848 5199 3045 5256 divinae
3074 5196 3211 5269 legis
3247 5196 3459 5253 festivi-

1881 5296 1965 5345 tas
1993 5304 2025 5343 a
2047 5303 2271 5360 vespera
2296 5304 2468 5361 usque
2512 5294 2579 5348 ad
2617 5306 2921 5363 vesperam,
2961 5289 3018 5347 id
3039 5297 3126 5347 est
3151 5303 3184 5345 a
3209 5288 3342 5348 solis
3366 5303 3462 5347 oc-

1879 5379 2066 5437 cubitu
2091 5394 2264 5453 usque
2295 5381 2364 5438 ad
2400 5382 2532 5439 solis
2558 5382 2891 5440 occubitum.

2443 5494 2669 5549 CAPUT
2717 5494 2882 5549 XXX.

2361 5566 2437 5619 De
2473 5565 2695 5620 adventu
2722 5566 2959 5621 Domini.

1951 5656 2278 5727 Scripsimus
2307 5658 2363 5712 in
2389 5656 2758 5726 superioribus
2785 5657 3000 5723 libellis,
3030 5658 3085 5714 in
3106 5656 3295 5727 quinta
3318 5654 3455 5714 heb-

1877 5749 2108 5806 domada
2134 5764 2199 5805 ac
2215 5756 2405 5820 quarta
2432 5756 2558 5803 ante
2583 5750 2919 5805 nativitatem
2946 5751 3181 5817 Domini,
3214 5747 3459 5805 inchoari

1875 5843 2323 5917 praeparationem
2356 5842 2621 5914 adventus
2649 5842 2862 5900 Domini
2893 5860 2907 5899 :
2952 5844 3005 5918 in
3038 5844 3225 5915 quinta
3254 5842 3457 5900 hebdoc
