4000 6476
568 288 710 358 ists
1595 280 1931 344 AMALARII
1962 280 2132 340 pass

2231 281 2396 340 TER!
2430 275 2774 343 METENSIS
3707 281 3855 341 1220

560 415 719 473 mada
742 415 963 482 propter
985 404 1223 478 quinque
1247 388 1674 468 mtates‘mundi,
1718 400 1774 457 in
1801 400 1995 470 quibus
2022 399 2139 455 fue-
2163 403 2214 463 Α
2241 415 2392 469 grum
2418 400 2752 465 renuntiant,
2782 402 2838 453 et
2863 400 3095 485 quatuor
3118 402 3244 454 sunt
3263 394 3456 461 millia,
3514 403 3580 451 et
3630 409 3851 468 septem

542 516 689 563 runt
717 505 855 561 tales
880 501 1069 566 electi,
1108 498 1202 568 qui
1253 497 1624 560 crediderunt,
1654 501 1712 549 et
1752 498 2133 562 speraverant,
2236 492 2464 561 panibus
2490 492 2695 555 refecti,
2724 494 2825 547 hoc
2859 499 2977 557 est,
3009 491 3330 562 Evangelica
3366 489 3691 545 refectione
3725 493 3850 547 sub-

556 611 614 658 et
640 601 947 656 dilexerunt
974 594 1265 649 adventum
1293 590 1549 655 Domini;
1595 589 1655 643 in
1682 595 1878 658 quarta
1920 593 2139 657 propter
2224 581 2407 647 vlinies,
2448 594 2501 638 et
2527 584 2757 653 spiritali
2802 591 2927 638 sunt
2968 585 3141 656 gratia
3180 584 3365 638 docti:
3405 581 3570 651 cuius
3626 584 3847 654 signia-

548 688 1037 764 qtmuoriordines
1062 684 1322 740 librorum
1352 682 1561 738 scilicet
1590 681 1743 750 legis,
1784 676 2133 751 psalmorum,
2235 676 2421 765 conde
2442 675 2708 765 distantias
2733 686 2895 730 causa
2936 677 3163 747 mystice
3187 688 3310 731 reor
3350 675 3406 730 in
3438 675 3690 730 introitu
3723 677 3843 745 qni-

2224 764 2357 818 .dem
2385 764 2712 820 tabernaculi
2756 767 2996 836 quinque
3027 767 3305 821 columnas
3325 764 3643 821 deauratas
3671 808 3687 831 ,
3720 776 3843 823 ante

2230 859 2505 914 orandum
2543 870 2690 925 vero
2736 859 2797 913 id
2822 866 2931 924 est,
2987 860 3173 915 sancta
3204 854 3551 923 sanctorum,
3595 868 3844 929 quatuor

2224 950 2352 1007 ﬁeri
2371 949 2551 1019 iussas
2576 970 2589 1006 :
2620 951 3030 1021 ‘quiti‘iidelicet
3059 952 3382 1023 incipientes
3406 967 3512 1021 per
3536 952 3729 1023 legem
3755 969 3842 1009 ca-

2228 1043 2518 1113 Stigantur',
2544 1057 2612 1097 ne
2637 1030 2905 1112 peccentf
2949 1040 3174 1113 peri‘e'cti
3205 1036 3388 1097 autem
3410 1085 3426 1107 ,
3462 1059 3567 1113 per
3597 1046 3837 1114 gratiam

2230 1143 2293 1188 ut
2333 1134 2578 1190 devotius
2613 1134 2722 1190 Deo
2772 1128 2976 1201 νείάάἒη,
3028 1135 3409 1190 admonentur.
3474 1136 3691 1206 Typice
3744 1155 3837 1209 per

2226 1235 2447 1281 mutum
2487 1226 2579 1296 qui
2628 1230 2921 1281 renovatur
2974 1229 3027 1281 in
3070 1237 3265 1298 quarta
3306 1227 3663 1283 hebdomath
3710 1240 3833 1286 ante

2230 1315 2570 1371 nativitatem
2608 1318 2819 1371 Domini
2852 1318 3103 1388 gaudium
3147 1316 3415 1373 mentium
3458 1319 3829 1390 perfecturum

556 786 967 856 prophetarum,
1018 785 1075 834 et
1098 775 1317 832 initium
1364 774 1661 845 Evangelii.
1713 768 1971 841 Quamvis
2000 769 2138 825 liber

552 859 759 949 bioysis
788 877 973 929 narret
991 868 1192 926 electos
1210 869 1363 923 viros
1385 867 1667 925 exstitisse
1694 866 1749 919 in
1776 864 1948 935 prima
1977 870 2033 917 et
2051 872 2137 918 se-

482 1030 489 1031 ,
544 971 732 1027 rcunda
758 976 817 1024 et
839 960 997 1022 tertia
1026 970 1185 1018 aetate
1212 958 1417 1024 mundi,
1444 967 1621 1013 tamen
1650 972 1715 1013 eo
1738 966 1981 1026 temmre
2004 955 2137 1009 seri-

552 1064 665 1135 psit
688 1061 842 1116 illum
871 1058 1080 1129 Moyses
1098 1063 1293 1119 totum,
1322 1054 1381 1108 in
1405 1062 1511 1123 quo
1538 1054 1825 1122 deputatur
1848 1042 2132 1121 legislatio.

556 1153 872 1209 Addidimus
897 1150 1062 1205 etiam
1090 1148 1318 1203 alterum
1362 1152 1582 1201 sensum
1620 1151 1779 1214 posse
1801 1142 2006 1196 initiati
2035 1141 2130 1195 ad-

554 1253 773 1301 ventum
802 1241 1015 1298 Domini
1066 1239 1359 1309 in'qninta
1402 1250 1500 1291 seu
1538 1243 1728 1305 quarta
1775 1233 2130 1297 hebdomade,

555 1334 828 1407 sequendo
879 1338 1130 1388 auctores
1166 1327 1491 1387 Lectionarii
1520 1335 1578 1381 et
1604 1325 1982 1396 Antiphonarii
2003 1365 2018 1390 ,
2067 1338 2133 1380 ac

556 1426 808 1491 Missali's,
837 1425 995 1496 cujus
1020 1429 1301 1478 auctorem
1339 1418 1610 1475 credimus
1637 1433 1758 1473 esse
1792 1417 2007 1473 beatum
2031 1431 2131 1487 pa-

550 1530 677 1588 pam
700 1516 1043 1588 Gregorium;
1072 1512 1204 1580 Quae
1228 1512 1456 1580 utraque
1484 1517 1731 1580 tempora
1760 1509 2014 1563 intimant
2041 1522 2137 1562 no-

549 1608 638 1665 bis
685 1602 1065 1663 rationabilem
1122 1602 1570 1676 praeparationem
1624 1610 1847 1674 propter
1896 1602 2136 1671 quinque

551 1706 745 1755 sensus
767 1697 1028 1766 hominis,
1072 1695 1166 1767 qui
1192 1696 1377 1750 insunt
1420 1694 1633 1765 corpori
1666 1703 1875 1758 nostro,
1925 1704 1983 1748 et
2002 1708 2135 1763 qua-

2232 1407 2596 1479 inteliigimus.
2652 1408 2709 1463 Si
2745 1424 2845 1480 per
2873 1411 3110 1480 quinque
3140 1410 3525 1467 hebdomadas
3561 1413 3634 1467 illi
3667 1414 3829 1468 intel-

2230 1496 2493 1569 liguntur,
2545 1500 2639 1569 qni
2668 1501 2848 1555 adhuc
2890 1516 2989 1571 per
3013 1502 3394 1570 paenitentiam
3428 1504 3713 1574 deplorant
3742 1522 3827 1562 re-

2230 1590 2407 1643 centia
2432 1598 2679 1660 peccata,
2721 1593 2914 1647 merito
2940 1609 3036 1664 per
3063 1603 3298 1663 quatuor
3324 1595 3701 1650 hebdomadas
3730 1613 3826 1652 eos

2234 1679 2580 1753 intelligimus
2603 1685 2695 1754 qui
2722 1685 2916 1756 gaudio
2957 1684 3185 1754 spiritali
3209 1687 3513 1756 proﬁciunt
3538 1690 3606 1742 de
3634 1690 3826 1745 virtute

1244 1792 1461 1844 cnnstat
1505 1751 1705 1859 corpus
1746 1751 2035 1842 nostrum:-
2079 1794 2134 1840 at
2160 1751 2208 1811 Β
2234 1771 2289 1825 in
2326 1751 2600 1839 virtutem,
2620 1751 2683 1828 in
2714 1751 2819 1845 qua
2856 1751 3130 1830 videbitur
3148 1751 3301 1830 'Deus
3327 1776 3565 1832 deorum
3596 1778 3647 1833 in
3673 1778 3826 1835 Sion.

551 1888 698 1941 nunc
730 1884 952 1940 tertium
1002 1876 1333 1937 intellectum
1381 1876 1651 1946 addimus,
1702 1880 1793 1951 qui
1823 1896 1927 1935 non
1954 1880 2137 1936 minus

551 1971 808 2029 convenit
850 1970 1232 2040 praeparationi
1282 1968 1548 2025 adventus
1602 1970 1835 2024 Domini.
1896 1969 2134 2026 Dicimus

544 2064 691 2120 duos
718 2062 937 2117 ordines
982 2074 1103 2117 esse
1122 2060 1396 2128 iustorum
1428 2062 1481 2115 in
1510 2060 1751 2116 Ecclesia
1784 2066 1991 2126 nostra,
2040 2059 2134 2130 qui

550 2153 771 2210 student
792 2166 850 2209 se
876 2162 1181 2224 praeparare
1210 2155 1277 2209 ad
1308 2154 1674 2223 recipiendum
1699 2153 1982 2208 Dominum
2009 2158 2138 2208 ven-

554 2251 754 2299 turum.
786 2240 937 2299 Unus
966 2243 1100 2299 ordo
1118 2244 1175 2299 in
1200 2243 1448 2300 saeculari
1495 2244 1909 2298 conversatione
1931 2244 2129 2308 studet,

551 2336 773 2393 aiterin
807 2332 1059 2409 spiritali.
1110 2338 1187 2393 De
1234 2338 1423 2395 ordine
1473 2337 1813 2394 saecularium
1844 2351 2133 2407 possumus

550 2427 873 2501 intelligere,
926 2428 1069 2500 quod
1114 2428 1274 2485 lectio
1315 2430 1446 2486 dicit
1472 2431 1528 2484 in
1571 2430 1757 2499 quinta
1798 2430 2132 2485 hebdomada

552 2528 678 2575 ante
707 2520 1045 2576 nativitatem
1070 2518 1301 2575 Domini.
1350 2520 1577 2590 Propter
1611 2521 1713 2575 hoc
1745 2520 1860 2575 dies
1886 2522 2127 2588 veniunt,

546 2612 685 2667 dicit
713 2612 973 2668 Dominus
1025 2620 1216 2667 etnon
1264 2612 1447 2667 dicent
1493 2610 1659 2677 ultra,
1710 2611 1846 2666 vivit
1868 2611 2131 2668 Dominus

548 2702 853 2772 quieduxit
879 2701 1020 2758 illius
1058 2700 1223 2757 israel
1246 2702 1316 2757 de
1341 2709 1489 2757 terra
1526 2699 1783 2773 Egypti:
1817 2702 1933 2769 sed,
1996 2698 2131 2757 Vivit

549 2791 832 2859 Dominus,
852 2794 949 2861 :qui
970 2791 1219 2850 adaxint
1262 2790 1485 2845 adduxit
1510 2806 1685 2845 semen
1734 2789 1922 2844 domus
1959 2789 2130 2845 Israel

549 2882 614 2938 de
638 2892 780 2939 terra
812 2883 1113 2955 Aquilonis.
1152 2884 1194 2953 -ι-
1217 2882 1453 2938 Adduxit
1477 2881 1741 2937 Dominus
1786 2880 1928 2936 ﬁlios
1964 2879 2131 2936 Israel

550 2970 617 3025 de
671 2978 816 3031 terra
864 2971 1168 3041 Aquilonis,
1223 2971 1440 3040 quando
1468 2971 1539 3027 de
1579 2969 1874 3042 Babylonia
1925 2970 2130 3025 reversi

2234 1869 2327 1924 isti
2374 1869 2479 1923 duo
2532 1867 2750 1923 ordines
2798 1868 3017 1923 fuerunt
3071 1866 3124 1923 iu
3194 1868 3379 1924 Veteri
3448 1869 3829 1937 Testamento,

2232 1961 2325 2015 isti
2378 1966 2505 2014 sunt
2553 1961 2729 2015 modo.
2786 1959 3089 2016 Renovatio
3138 1972 3333 2017 cantus
3388 1962 3673 2035 signiﬁcat
3708 1983 3831 2037 μιν

2232 2052 2381 2106 dium
2432 2052 2765 2117 electorum,
2814 2054 2907 2123 qui
2959 2052 3254 2123 plurimum
3320 2057 3565 2127 gaudent
3622 2061 3681 2113 in
3742 2061 3833 2114 ad-

2231 2155 2396 2201 ventu
2427 2145 2611 2202 dilecti
2646 2145 2877 2201 Domini.
2913 2146 2994 2202 Ad
3032 2162 3127 2202 eos
3158 2148 3287 2203 dicit
3308 2165 3516 2214 versus,
3546 2153 3647 2221 qui
3683 2154 3832 2208 cani-

2230 2243 2321 2292 tur
2369 2238 2423 2292 in
2472 2238 2817 2307 vespertinali
2846 2236 3025 2294 cilicio
3056 2258 3069 2293 :
3101 2239 3299 2306 Ποῖ-ωε,
3329 2242 3461 2306 caeli,
3504 2242 3756 2313 desuper
3782 2257 3836 2299 et

2228 2331 2395 2385 nubes
2423 2331 2606 2402 pluunt
2628 2332 2834 2402 justum
2864 2347 2884 2385 :
2919 2334 3202 2403 aperiatur
3241 2343 3393 2396 terra,
3440 2346 3500 2392 et
3540 2340 3837 2406 germinet

2229 2421 2579 2477 salvatorem.
2620 2422 2726 2493 ipsi
2755 2423 2981 2494 perfecti
3011 2435 3142 2480 sunt
3171 2425 3314 2492 coeli,
3340 2427 3445 2497 ipsi
3469 2441 3605 2482 sunt
3629 2432 3833 2495 nubes,

2228 2511 2333 2582 ipsi
2365 2513 2585 2569 subtilia
2614 2514 2939 2569 aununtiant
2979 2517 3154 2571 instar
3180 2517 3322 2571 roris
3355 2519 3424 2572 de
3449 2518 3833 2575 incarnatione

2229 2602 2463 2669 Domini,
2491 2605 2707 2674 quando
2755 2614 3048 2676 exponunt,
3095 2604 3316 2660 Verbum
3343 2626 3473 2661 caro
3504 2609 3706 2678 factum
3736 2621 3830 2675 est,

2230 2704 2281 2750 et
2315 2695 2570 2751 habitavit
2612 2697 2667 2750 in
2698 2697 2864 2753 nobis.
2910 2698 3013 2769 ipsi
3037 2698 3228 2770 pluunt
3273 2702 3579 2771 grossiora,
3620 2706 3833 2775 quando

2228 2796 2476 2855 narrant,
2526 2790 2796 2859 quomodo
2843 2790 3040 2861 Joscph
3096 2791 3461 2861 desponsavit
3509 2794 3738 2851 Mariam
3784 2807 3836 2854 et

2229 2880 2477 2938 Christus
2520 2891 2679 2939 natus
2707 2894 2791 2939 est
2837 2878 2894 2940 in
2926 2886 3200 2943 Bethleem
3254 2898 3314 2943 et
3361 2889 3634 2946 inventus
3660 2904 3741 2948 est
3781 2892 3830 2948 in

2227 2975 2511 3045 praesepio,
2543 2986 2673 3045 etc.,
2721 2978 2869 3034 talia.
2909 2980 3106 3051 Aperta
3133 2991 3218 3037 est
3249 2992 3434 3051 terra,
3484 2995 3680 3041 uterus
3704 2988 3831 3043 scili-

549 3069 680 3116 Sllm
705 3061 761 3119 in
785 3059 1062 3173 “diam:
1100 3058 1208 3116 58d
1233 3061 1427 3173 melius
1471 3059 1690 3115 adduc“
1716 3067 1933 3115 ηοεῐΐοε
1959 3061 2129 3115 1101108
2156 3108 2202 3173 C
2232 3077 2318 3125 cet
2346 3080 2546 3126 sancta:
2577 3069 2759 3127 Maria:
2787 3073 3012 3144 virginis
3060 3075 3177 3129 sine
3204 3076 3418 3129 damno
3463 3078 3789 3150 virginitatis
3812 3097 3826 3133 :

553 3150 839 3173 -..-.-ι----
935 3150 1141 3173 -.ηεηη
1194 3151 1257 3173 ,λ
1336 3152 1538 3173 “4--..
1615 3151 1670 3173 μ
1716 3160 1789 3173 Α-.
1849 3151 1914 3173 --ι
1941 3162 2123 3173 ..__-_.
2271 3170 2279 3173 _
2429 3170 2438 3173 _
2932 3165 2944 3173 .
3207 3166 3239 3173 .-
3328 3166 3341 3173 -
3426 3168 3438 3173 -
3632 3171 3640 3173 Α
3674 3172 3681 3173 ,

551 3150 843 3227 saeuiens
884 3149 1144 3209 Dominus
1191 3151 1261 3206 ad
1302 3149 1564 3217 Judaaam,
1615 3151 1672 3205 id
1712 3160 1816 3219 est,
1848 3151 1916 3206 ad
1941 3162 2128 3208 veram

548 3243 949 3303 confessionem
976 3243 1043 3299 de
1070 3240 1390 3299 confusione
1416 3242 1721 3314 Babyloniae
1739 3282 1754 3311 ,
1785 3244 2003 3314 quando
2036 3258 2131 3302 eos

546 3338 749 3396 liberat
771 3338 840 3393 de
867 3343 1141 3409 potestate
1160 3334 1361 3393 diaboli
1391 3343 1448 3392 et
1474 3336 1543 3392 de
1570 3348 1799 3407 corpore
1826 3337 1965 3408 ejus.
2016 3337 2133 3396 Hoc

549 3430 613 3489 ﬁt
635 3440 733 3502 per
752 3429 1101 3499 baptismum,
1131 3440 1291 3497 quem
1325 3426 1527 3483 habent
1553 3427 1839 3483 saeculares
1866 3426 2053 3484 ﬁdeles
2078 3435 2135 3483 et

548 3520 818 3594 spiritales
832 3533 1196 3577 communem.
1231 3518 1334 3586 Qui
1363 3519 1420 3573 in
1444 3518 1626 3575 animo
1651 3518 1932 3588 patiuntur
1958 3518 2131 3590 Aqui-

548 3614 690 3670 lonis
717 3613 1064 3685 rigiditatem,
1116 3610 1357 3668 membra
1382 3610 1583 3666 diaboli
1606 3619 1754 3666 sunt.
1803 3609 2017 3677 Quanto
2042 3624 2135 3681 pe-

544 3706 635 3778 jor
656 3715 743 3764 est
770 3705 1014 3763 diabolus
1043 3712 1189 3761 totus
1241 3719 1366 3759 cum
1419 3704 1597 3775 capite
1643 3704 1699 3759 in
1735 3720 1835 3761 suo
1881 3719 2133 3785 corpore,

546 3808 711 3870 quam
736 3813 905 3855 unum
932 3797 1239 3854 membrum
1275 3793 1412 3864 ejus,
1447 3803 1599 3852 tanto
1641 3796 1837 3851 melius
1860 3810 1961 3853 nos
1994 3797 2132 3853 libeé

550 3895 655 3949 rati
682 3908 870 3949 sumus
914 3909 946 3947 a
975 3891 1176 3948 diaboli
1202 3897 1489 3960 potestate,
1538 3906 1702 3961 quam
1726 3901 1911 3949 essent
1938 3892 2032 3947 filii
2058 3890 2135 3948 is.

551 3984 668 4041 rael
705 3998 738 4038 a
769 3983 983 4055 regibus
1034 3981 1431 4037 Chaldaeorum.
1487 3981 1564 4036 De
1606 3982 1739 4052 ipsis
1782 3982 2134 4038 saecularibus

552 4082 821 4131 memorat
862 4071 1236 4143 Evangelium,
1292 4071 1435 4141 quod
1484 4070 1537 4124 in
1593 4072 1783 4140 quinta
1831 4081 2132 4128 memorata

551 4166 886 4224 bebdomada
916 4164 1133 4237 legitur.
1173 4163 1371 4218 Narrat
1399 4162 1544 4218 enim
1573 4164 1812 4235 quinque
1838 4164 2007 4219 millia
2036 4166 2133 4220 ho-

548 4259 756 4316 minum
778 4257 1061 4313 Dominum
1092 4255 1309 4326 pavisse
1336 4268 1401 4308 ex
1429 4255 1669 4328 quinque
1696 4254 1943 4327 panibus.
1978 4255 2134 4322 Quod

549 4351 627 4408 ita
655 4350 799 4406 Beda
821 4349 1042 4422 exponit
1064 4349 1117 4403 in
1160 4346 1453 4420 Evangelio
1474 4362 1643 4419 super
1670 4346 1870 4404 Lucam
1900 4366 1914 4404 :
1965 4349 2135 4404 Erant

550 4438 1004 4497 autem=fereoviri
1040 4439 1291 4509 quinique
1329 4438 1518 4504 millia,
1556 4439 1685 4509 quia
1737 4439 1976 4510 quinque
2002 4447 2131 4494 sunt

550 4530 834 4585 exterioris
866 4529 1102 4583 hominis
1134 4543 1346 4583 sensus.
1398 4527 1648 4597 Quinque
1686 4530 1858 4584 millia
1884 4530 1991 4585 viri
2022 4530 2129 4585 Do-

552 4620 760 4675 minum
780 4618 1274 4687 secutidesignant
1303 4632 1422 4682 eos,
1451 4619 1544 4687 qui
1571 4618 1816 4672 saeculari
1841 4601 2019 4674 adhuc
2037 4620 2131 4673 ha-

550 4706 868 4777 bitu-positi,
895 4706 1257 4762 exterioribus
1284 4722 1406 4776 quae
1428 4708 1739 4777 possident,
1768 4709 1905 4765 bene
1930 4712 2011 4765 uti
2038 4727 2133 4767 no-

548 4811 767 4859 verunt.
797 4800 924 4869 uQui
976 4809 1127 4856 recte
1150 4801 1388 4871 quinque
1433 4800 1663 4871 panibus
1712 4801 1951 4869 aluntur,
2001 4804 2128 4874 quia

549 4897 688 4952 tales
709 4906 930 4950 necesse
958 4900 1048 4948 est
1068 4891 1330 4963 legalibus
1358 4878 1535 4947 adhuc
1560 4892 1846 4963 praeceptis
1873 4893 2126 4950 instituti.

547 4989 589 5061 -ι-
614 4986 801 5045 omnia
824 4995 1110 5042 cantorum
1138 4994 1195 5040 et
1222 4984 1668 5058 Presbyterorum
1703 5000 1824 5058 quae
1849 4988 2131 5045 celebran-

548 5088 641 5136 tur
669 5080 723 5136 ln
750 5074 1219 5142 ammenta-to;
1258 5084 1330 5132 et
1367 5076 1571 5134 habent
1596 5078 1807 5134 initium
1837 5079 1892 5135 in
1935 5090 2131 5151 quarta

551 5170 888 5229 hebdomada
913 5176 1041 5226 ante
1073 5168 1408 5224 nativitatem
1444 5172 1657 5227 Domini
1709 5172 1979 5244 spiritales
2029 5174 2135 5249 per

550 5276 793 5340 quatuor
807 5258 1098 5335 Evangelia
1140 5264 1207 5318 ad
1242 5263 1506 5334 potiorem
1554 5264 1943 5336 perfectionem
1980 5271 2129 5326 exci-

549 5367 689 5415 tant.
743 5356 896 5414 Unde
938 5355 1070 5411 dicit
1108 5355 1365 5425 Epistula,
1416 5368 1537 5425 qua:
1564 5357 1754 5413 eodem
1802 5359 1891 5415 die
1913 5358 2133 5434 legitur.

553 5453 798 5510 Scientes
827 5450 954 5522 quia
988 5450 1118 5505 hora
1162 5457 1245 5506 est
1271 5448 1387 5519 jam
1414 5464 1514 5506 nos
1556 5451 1623 5507 de
1648 5468 1839 5507 somno
1865 5471 2086 5526 surgere
2111 5475 2127 5513 :

552 5544 709 5602 Nunc
755 5552 935 5600 autem
987 5545 1205 5615 propior
1230 5552 1314 5599 est
1356 5553 1540 5599 nostra
1584 5545 1759 5611 salus,
1800 5563 1962 5618 quam
2008 5566 2130 5607 cum

554 5630 898 5693 credidimus.
941 5639 1016 5693 De
1048 5638 1250 5693 eisdem
1278 5635 1610 5707 Spiritalibus
1643 5638 1775 5694 dicit
1799 5652 2129 5702 memoratus

552 5725 699 5787 Beda
738 5728 793 5784 lu
838 5739 1135 5790 memorato
1176 5729 1333 5791 libro.
1385 5728 1520 5788 Nam
1549 5732 1641 5805 qui
1666 5736 1867 5793 mundo
1893 5736 1962 5796 ad
1989 5736 2131 5798 inte-

2232 3170 2286 3217 et
2321 3163 2545 3233 protulit
2574 3179 2793 3234 germen
2846 3165 3012 3219 totius
3059 3166 3240 3221 mundi
3270 3166 3477 3223 odoris
3497 3211 3514 3231 ,
3553 3171 3645 3242 qui
3674 3172 3831 3225 boum

2231 3252 2366 3308 odor
2392 3252 2595 3308 redolet
2620 3268 2716 3323 per
2736 3255 3046 3311 universum
3072 3258 3364 3312 mundum.
3402 3259 3483 3315 At
3507 3279 3641 3317 nunc
3667 3264 3829 3317 multa

2232 3345 2394 3401 Corda
2431 3342 2670 3401 ﬁdelium
2699 3348 2767 3402 ad
2795 3363 2981 3403 vocem
3012 3350 3457 3419 prmdicatorum
3485 3355 3753 3419 caleiiunt,
3780 3365 3832 3412 et

2232 3434 2539 3508 germinant
2584 3430 2745 3493 ﬁdem
2776 3448 2978 3494 rectam
3005 3441 3059 3495 iu
3111 3439 3336 3498 Christo
3369 3446 3668 3514 proferunt
3710 3465 3831 3518 gau-

2233 3526 2398 3593 dium,
2432 3543 2643 3598 pacem,
2701 3530 3180 3600 longanimitatem,
3233 3545 3293 3589 et
3322 3546 3537 3593 caetera
3580 3543 3831 3612 germina,

2232 3630 2353 3687 qua:
2380 3614 2635 3673 fecundat
2668 3617 2902 3689 Spiritus
2928 3630 3163 3678 sanctus.
3221 3624 3385 3682 Alter
3417 3644 3618 3684 versus
3645 3632 3699 3686 in
3730 3649 3833 3686 ma-

2232 3706 2443 3765 tutinaii
2477 3709 2658 3766 ofﬁcio
2683 3712 2852 3768 dicit:
2910 3710 3016 3769 Vox
3056 3715 3343 3773 clamantis
3372 3721 3431 3776 in
3477 3723 3709 3787 deserto,
3748 3743 3833 3797 pa-

2234 3808 2345 3857 rcite
2371 3796 2507 3857 uiam
2537 3798 2784 3871 Domino,
2833 3817 2997 3862 rectus
3036 3808 3197 3879 facile
3241 3814 3472 3869 semitas
3499 3818 3618 3886 ejus
3639 3836 3661 3881 ;
3700 3818 3833 3888 quod

2232 3898 2317 3946 est
2351 3888 2530 3949 dicere
2570 3908 2585 3948 :
2626 3893 2693 3949 Et
2717 3896 2855 3951 bona
2883 3914 3046 3969 opera
3080 3902 3342 3982 satagite,
3391 3915 3449 3960 et
3480 3908 3836 3976 cogitationes

2230 3982 2369 4053 pias.
2425 3982 2539 4039 Hoc
2563 3982 2947 4055 ministerium,
2998 3990 3141 4061 quod
3194 3994 3585 4063 prmdicatores
3629 4000 3835 4055 debent

2232 4083 2478 4145 satagere
2520 4076 2574 4129 in
2604 4074 2795 4141 diebus
2826 4080 3088 4135 adventus
3119 4083 3366 4153 Domini,
3392 4090 3691 4144 memorati
3714 4107 3836 4147 ver-

2232 4180 2325 4221 sus
2372 4168 2638 4223 recolunt.
2690 4170 2948 4239 Quamvis
2975 4183 3097 4229 cum
3134 4179 3340 4247 gaudio
3371 4180 3505 4236 boni
3544 4186 3693 4240 servi
3725 4202 3831 4256 spe-

2232 4265 2380 4313 ctcnt
2416 4261 2705 4316 adventum
2732 4261 2945 4319 Domini
2984 4267 3067 4320 sui
3096 4276 3333 4331 ;_tamen
3368 4275 3683 4331 maximum
3710 4294 3830 4349 gau-

2232 4350 2379 4405 dium
2406 4352 2651 4409 recolunt
2688 4354 2740 4409 in
2784 4358 3072 4426 praesentia
3103 4357 3242 4428 ejus.
3281 4354 3509 4420 idcirco
3545 4367 3727 4437 aliqua
3770 4370 3827 4424 de

2151 4467 2206 4529 D
2231 4451 2417 4498 nostro
2438 4442 2617 4533 officio
2640 4462 2982 4504 reservamus
3002 4464 3179 4533 usque
3203 4454 3269 4506 ad
3300 4460 3667 4524 praesentiam
3692 4461 3827 4514 nati-

2230 4532 2413 4591 vitatis
2443 4522 2677 4605 Dumini,
2729 4540 2941 4596 hoc‘cst
2990 4522 3173 4598 Gloria
3224 4545 3277 4599 in
3304 4522 3552 4605 excelsis
3604 4551 3723 4612 Dee,
3775 4562 3829 4607 et

2231 4626 2439 4682 clarum
2486 4622 2869 4685 vestimentum
2912 4632 3342 4692 Dalmaticarum
3371 4658 3385 4670 '
3421 4642 3475 4697 si
3506 4644 3651 4699 forte
3696 4661 3829 4702 nunc

2231 4719 2304 4773 ita
2334 4718 2531 4790 agitur,
2571 4729 2629 4787 ut
2657 4721 2766 4776 vidi
2797 4724 3010 4779 aclitari
3064 4725 3117 4780 in
3166 4726 3450 4798 aliquibus
3492 4733 3658 4791 locis.
3697 4736 3828 4794 Pw

2229 4812 2567 4882 parationem
2597 4814 2755 4869 nobis
2788 4817 3154 4872 necessariam
3185 4817 3430 4878 insinuat
3480 4825 3694 4885 Paulus
3718 4845 3833 4901 apto

2230 4907 2401 4964 stolus
2455 4906 2509 4963 in
2555 4918 2857 4965 memorata
2902 4912 3162 4982 cpistola,
3214 4929 3335 4984 qua:
3384 4915 3600 4990 legitur
3650 4934 3836 4993 quam

2232 4998 2567 5055 hcbdomada
2588 5008 2713 5056 ante
2742 5003 3078 5091 nativitatem
3112 5005 3348 5065 Domini.
3383 5007 3535 5079 Nox,
3562 5014 3835 5084 inquiens,

2231 5090 2529 5161 prmcessit,
2579 5092 2697 5149 dics
2746 5104 2928 5149 autem
2957 5090 3428 5167 appropinquavit.
3495 5102 3841 5171 Abjiciamtts

2232 5196 2361 5251 ergo
2388 5188 2552 5253 opera
2606 5174 2973 5251 tenebrarum,
3022 5196 3077 5242 et
3124 5188 3415 5246 induamur
3471 5210 3640 5250 arma
3688 5197 3841 5261 lucis,

2232 5272 2371 5329 sicut
2396 5274 2450 5328 in
2481 5274 2568 5331 die
2596 5266 2822 5331 honeste
2849 5264 3218 5345 ambulemus,
3268 5297 3375 5335 non
3407 5282 3465 5336 in
3498 5298 3842 5343 commessa-

2237 5356 2509 5452 tiOnibris;
2544 5374 2596 5422 et
2627 5354 3011 5434 ebrietatibus,
3040 5384 3145 5423 non
3176 5370 3230 5424 in
3260 5372 3535 5430 cubilibus
3563 5387 3631 5433 et
3663 5381 3837 5452 irnpo-

2238 5450 2457 5526 dicitiis,
2490 5478 2593 5515 non
2626 5458 2679 5515 in
2726 5462 3072 5517 contentione
3096 5470 3151 5516 et
3176 5464 3566 5524 aemulatione:
3627 5450 3840 5527 sed—in-

2238 5552 2461 5607 duimini
2491 5552 2777 5607 Dominum
2805 5550 2988 5608 Jesurn
3010 5550 3337 5635 Christum?
3389 5557 3552 5616 Sicut
3578 5579 3697 5633 per
3728 5564 3842 5637 plu-

2238 5662 2325 5703 res
2360 5657 2415 5703 et
2452 5645 2843 5717 frequentiores
2868 5645 3085 5702 nuntios
3131 5662 3381 5706 movetur
3411 5656 3595 5726 magis
3619 5672 3695 5713 ac
3732 5673 3841 5712 ma-

2236 5739 2319 5835 gis
2367 5740 2603 5823 animus
2631 5739 2858 5833 subditi.
2895 5738 2965 5798 ad
3013 5739 3437 5804 sollicitudinem
3492 5749 3840 5824 suscipiendi
