4000 6488
229 342 357 401 1221

970 337 1059 396 DE
1098 334 1653 395 ECCLESIASTICIS
1692 332 1984 394 OFFICIIS
2019 332 2202 393 LIBRI
2237 332 2330 390 IV.
2369 358 2441 374 —
2477 332 2608 390 LIB.
2650 334 2739 392 IV.

3347 330 3484 392 1222

220 456 499 529 praelatum
529 472 542 508 :
591 452 663 509 ita
689 452 1036 509 renovatione
1085 460 1278 507 cantus
1310 466 1593 505 movemur
1626 449 1797 519 magis
1826 456 1877 515 Α
1905 460 2008 529 tur_.
2040 450 2090 504 id
2122 458 2223 510 est,
2252 458 2495 529 ut__mens
2519 449 3035 529 circumcisauesset
3062 449 3131 505 ab
3152 446 3308 529 omni
3341 450 3486 520 cogi-

222 566 283 603 ac
320 547 487 615 magis
517 546 580 599 ad
631 560 813 599 curam
849 552 1047 597 nostra:
1074 542 1482 613 pmuparationis
1530 542 1585 594 in
1614 556 1797 595 susce-

221 641 460 707 ptionem
493 633 725 689 Domini.
783 634 906 689 Ideo
955 642 1081 690 octo
1131 634 1248 688 dies
1296 640 1422 687 ante
1450 631 1801 686 Nativitatem

222 726 437 785 Domini
486 734 815 781 renovantur
865 725 1036 781 ferme
1063 732 1175 780 tota
1214 734 1340 779 note
1370 723 1700 792 responsorii
1750 731 1807 777 et

222 817 551 887 antiphonze,
605 822 663 870 ut
691 830 788 886 per
812 816 915 871 hoc
966 813 1302 885 frequentius
1354 827 1454 871 nos
1486 812 1806 868 'excitemur

223 910 290 965 ad
315 909 622 980 purgandos
649 925 839 964 oumes
884 909 1205 979 quisquilias
1242 908 1479 977 turpium
1524 908 1807 979 cogitatio-

222 1018 352 1058 num
396 1017 461 1056 ac
493 1005 852 1067 terrenarum,
898 1008 954 1056 et
985 1001 1205 1071 dignum
1232 998 1618 1065 habitaculum,
1647 1014 1810 1054 orna-

224 1101 336 1148 tum
380 1093 633 1148 videlicet
673 1093 778 1164 piis
806 1094 1257 1163 cogitationibus,
1300 1107 1554 1163 paremus
1577 1092 1694 1163 regi
1717 1108 1807 1149 re-

224 1200 352 1258 gum
382 1194 438 1241 et
468 1186 698 1242 Domino
726 1186 1140 1242 dominantium.

789 1299 1018 1359 CAPUT
1044 1298 1238 1357 XXXI.

690 1394 769 1450 De
799 1396 1069 1449 nativitate
1096 1394 1332 1449 Domini.

297 1508 389 1564 Dei
419 1508 560 1565 ﬁlius
599 1524 722 1564 cum
765 1514 909 1563 esset
954 1508 1265 1578 unigenitus
1312 1506 1456 1562 ﬁlius
1490 1506 1664 1564 voluit
1708 1507 1812 1563 sibi

222 1598 420 1657 fratres
474 1600 786 1671 adiungere.
841 1600 1132 1658 Descendit
1188 1602 1253 1657 ad
1296 1598 1588 1657 lmmanum
1622 1619 1810 1673 genus,

222 1701 279 1749 et
303 1695 593 1765 assumpsit
623 1694 915 1761 hominem,
962 1705 1021 1749 ut
1050 1695 1252 1750 faceret
1281 1696 1382 1750 sibi
1431 1695 1644 1762 fratres,
1699 1694 1816 1750 nul-

1902 521 2105 575 tatioue
2138 521 2363 584 carnali,
2392 520 2641 589 Quamvis
2673 520 2742 573 sit
2763 517 2815 572 et
2840 520 2953 589 ipsa
2980 516 3149 591 ﬁgura
3184 516 3486 576 futurorum

1901 615 2161 667 virorum.
2194 613 2441 667 Christus
2468 628 2564 684 per
2593 612 2916 681 baptismum
2940 614 3176 667 restituit
3204 612 3258 667 in
3290 628 3487 685 genere

1894 706 2140 760 humano
2190 705 2434 759 eamdem
2473 702 2858 769 innecentiam,
2914 703 3144 774 ideoque
3170 714 3363 761 octava
3402 707 3491 763 die

1902 794 1959 855 id
1985 806 2087 862 est,
2127 796 2402 851 Dominica
2442 811 2509 851 ex
2544 798 2811 865 baptismo
2853 798 3181 853 resurrectio
3210 798 3493 854 recolitur;

1904 890 2020 946 Hoc
2045 898 2128 945 est
2156 891 2297 946 inter
2332 898 2484 955 istos,
2518 888 2609 959 qui
2645 890 2803 960 primi
2849 889 3211 945 innocentiam
3248 892 3491 949 hominis

1906 983 2207 1047 imitantur,
2236 991 2289 1036 et
2319 981 2437 1036 illos
2481 982 2571 1051 qui
2609 981 2663 1034 in
2696 981 2878 1035 Veteri
2908 979 3263 1037 Testamento
3308 978 3495 1048 erant,‘

1907 1074 2052 1145 quod
2078 1073 2325 1143 quamvis
2380 1071 2454 1127 illi
2500 1071 2632 1140 justi
2664 1074 2865 1127 essent
2893 1074 3071 1126 tamen
3104 1066 3498 1128 detinebantur

1908 1152 2051 1222 infra
2079 1164 2317 1221 claustra
2348 1163 2545 1219 inferni
2596 1173 2723 1219 ante
2769 1163 2969 1218 Christi
3019 1163 3344 1218 adventum:
3404 1163 3499 1220 isti

1908 1256 2198 1331 penetrant
2230 1273 2395 1330 regna
2415 1256 2696 1312 cmlorum.
2740 1256 2806 1309 Et
2829 1256 3083 1325 quoniam
3121 1255 3187 1308 ad
3216 1254 3495 1311 meliorem

1912 1359 2113 1406 statum
2142 1347 2276 1415 vult,
2308 1364 2407 1403 nos
2434 1347 2764 1417 Redemptor
2784 1353 2967 1401 noster
2990 1343 3307 1416 perducere,
3330 1358 3495 1416 quam

1912 1443 2140 1499 haberet
2188 1439 2398 1512 primus
2444 1437 2657 1505 Adam,
2712 1437 2887 1491 adhuc
2934 1444 3279 1506 exspectatur
3310 1428 3500 1491 octava

1916 1530 2060 1601 dies,
2091 1550 2211 1604 qum
2233 1533 2338 1587 erit
2372 1532 2428 1586 in
2478 1529 2875 1585 resurrectione
2922 1544 3227 1601 corporum.
3286 1525 3501 1583 Primus

1915 1628 2088 1682 Adam
2114 1628 2188 1681 ita
2212 1634 2330 1681 erat
2358 1626 2650 1689 innocens,
2676 1632 2734 1678 ut
2760 1630 2944 1692 posset
2967 1637 3210 1693 peccare,
3237 1621 3283 1678 si
3308 1620 3502 1677 vellet:

1916 1726 1987 1781 Et
2026 1741 2126 1781 nos
2180 1724 2256 1781 ita
2280 1723 2577 1792 accipimus
2609 1720 2974 1776 innocentiam
3024 1722 3122 1791 per
3155 1718 3503 1789 baptismum,

223 1783 337 1840 lum
391 1784 692 1885 dispiéiens
743 1786 799 1841 in
849 1786 1090 1885 ίτδίθῗνηθ
1131 1786 1251 1843 loco
1302 1788 1602 1859 suseipere’
1655 1802 1815 1857 quem
1845 1817 1980 1878 But
2007 1804 2277 1885 possimus
2326 1783 2574 1882 peccare,
2633 1819 2688 1865 et
2730 1783 3191 1882 possimus-velle,
3225 1783 3332 1864 sed
3382 1783 3505 1878 post

226 1882 478 1955 cognovit
503 1883 844 1939 obedientem
884 1884 939 1938 in
972 1882 1241 1940 mandatis
1268 1892 1660 1954 praeceptorum
1691 1898 1818 1937 suo-

223 1992 366 2031 rum.
419 1975 489 2032 Ut
522 1992 663 2047 szepe
687 1977 886 2033 dictum
917 1986 1022 2040 est,
1053 1987 1263 2048 tempus
1304 1978 1589 2048 praesentis
1633 1976 1816 2031 saeculi

223 2067 399 2123 tribus
446 2068 780 2139 temporibus
837 2050 1205 2141 distinguitur,
1246 2067 1499 2123 videlicet
1550 2066 1817 2124 naturalis

224 2158 358 2229 legis
386 2200 400 2225 ,
447 2167 503 2213 et
552 2158 685 2229 legis
730 2157 956 2223 litterae,
1009 2165 1064 2213 ct
1111 2156 1244 2212 Novi
1274 2156 1640 2223 Testamenti,
1673 2156 1818 2212 Pras-

223 2247 367 2319 cipui
415 2249 517 2303 viri
548 2246 779 2303 naturali
826 2247 944 2318 lege
993 2245 1322 2302 exstiterunt
1350 2255 1484 2311 tres,
1519 2236 1812 2310 Abraham,

223 2330 375 2397 Isaac
415 2349 471 2396 et
495 2342 679 2397 Iacob.
718 2341 1038 2412 Quanquam
1071 2340 1224 2395 multi
1253 2340 1430 2394 forent
1456 2336 1661 2396 similes
1687 2339 1815 2406 illis,

228 2443 406 2490 tamen
435 2450 622 2488 eorum
653 2448 709 2487 se
739 2448 859 2487 esse
894 2433 1065 2486 Deum
1118 2431 1428 2503 Specialiter
1480 2430 1622 2485 Deus
1673 2419 1819 2485 idem

226 2524 529 2596 serpissime
592 2530 860 2579 memorat
907 2538 1003 2593 per
1048 2521 1407 2592 Scriptor-am,
1439 2521 1664 2576 dicens:
1705 2519 1819 2590 Ego

226 2632 343 2670 sum
364 2615 506 2669 Deus
547 2614 844 2679 Abraham,
898 2623 945 2667 ct
974 2612 1116 2666 Deus
1161 2612 1342 2677 Isaac,
1375 2622 1421 2666 et
1450 2611 1591 2665 Deus
1628 2608 1815 2665 Iacob.

225 2706 351 2761 Istis
379 2707 552 2761 tribus
592 2713 702 2760 tres
741 2705 977 2776 psalmos
1006 2704 1196 2774 prima:
1232 2703 1500 2775 periocha:
1526 2710 1819 2758 nocturna-

227 2798 295 2853 Iis
323 2796 485 2854 olIicii
533 2798 889 2868 deputamus:
935 2797 1206 2867 praecipue
1251 2812 1373 2851 cum
1408 2796 1461 2851 hi
1514 2804 1624 2850 tres
1659 2782 1821 2866 primi

227 2898 501 2963 ponantur
530 2887 583 2943 in
634 2888 945 2960 genealogia
994 2886 1216 2954 Christi,
1254 2897 1309 2943 et
1356 2902 1454 2959 per
1482 2889 1581 2943 hos
1610 2887 1677 2942 ad
1702 2901 1820 2963 me-_

229 2982 461 3036 moriam
501 2980 808 3035 reducimus
833 2995 1024 3036 omnes
1060 2980 1261 3034 electos
1284 2990 1490 3049 patres,
1528 2977 1699 3050 quiin
1730 2960 1823 3032 na;

231 3072 389 3127 turali
425 3072 541 3143 lege
567 3072 804 3139 luerunt,
852 3078 906 3128 et
933 3087 1029 3142 per
1050 3069 1253 3126 Christi
1294 3070 1585 3126 adventum
1630 3050 1819 3126 sociati

1920 1904 2285 1973 receptioncm
2341 1917 2629 1973 corporum
2662 1910 2837 1956 ‘nemo
2884 1901 3118 1972 poterit,
3177 1914 3334 1955 nemo
3361 1900 3507 1957 volet

1916 2010 2163 2066 peccare.
2214 1990 2384 2062 Igitur
2414 1992 2540 2062 quia
2588 1989 2654 2045 ad
2686 1991 2790 2046 hoc
2821 1988 3083 2047 ἰηςιιιιηω
3122 1999 3249 2046 sunt
3278 1990 3501 2054 octavae,

1917 2095 1980 2141 ut
2006 2085 2227 2140 redeant
2250 2083 2315 2137 ad
2343 2082 2598 2152 primum,
2643 2088 2858 2150 oportet
2902 2076 3248 2136 considerare
3274 2081 3403 2152 quid
3452 2081 3509 2136 in

1916 2176 2125 2235 octavis
2155 2175 2367 2230 Domini
2405 2175 2592 2230 redeat
2622 2172 2690 2229 ad
2724 2172 2962 2244 primum
3015 2172 3157 2228 diem
3184 2172 3505 2229 nativitatis.

1917 2267 2102 2324 Primo
2131 2266 2215 2321 die
2243 2263 2541 2320 nativitatis
2578 2263 2747 2319 exivnt
2772 2263 2839 2318 de
2872 2270 3032 2318 utero
3058 2263 3306 2335 virginis,
3351 2269 3407 2318 et
3429 2262 3511 2321 in-

1918 2365 2111 2412 ventus
2141 2363 2224 2409 est
2271 2354 2327 2408 in
2372 2353 2639 2424 praesepio
2681 2352 2877 2422 pannis
2906 2350 3177 2406 involutus
3212 2370 3223 2405 :
3257 2348 3512 2423 Nunquid

1919 2458 2112 2503 octava
2148 2446 2233 2501 die
2259 2447 2426 2500 exivit
2454 2446 2650 2501 iterum
2698 2445 2765 2500 de
2790 2450 2946 2499 utero
2989 2444 3215 2516 virginis
3240 2454 3294 2500 et
3326 2444 3513 2500 inven-

1920 2549 2011 2597 tus
2045 2550 2127 2596 est
2158 2539 2210 2594 in
2235 2538 2498 2610 praesepio
2535 2545 2589 2593 et
2622 2537 2891 2594 celebrata
2918 2544 3042 2592 sunt
3066 2552 3128 2592 ea
3159 2552 3279 2609 qua:
3325 2540 3392 2593 de
3418 2552 3513 2591 an-

1921 2634 2186 2706 gelorum,
2216 2632 2364 2688 allati
2395 2632 2646 2703 leguntur
2678 2631 2851 2702 prima
2884 2630 2969 2685 die
3000 2631 3165 2686 acta?
3215 2630 3512 2685 Possumus

1922 2735 2105 2780 tamen
2155 2725 2432 2789 invenire,
2488 2724 2543 2778 in
2593 2738 2700 2792 quo
2747 2731 3113 2794 congruenter
3156 2731 3346 2779 octava
3400 2722 3516 2779 dies

1921 2828 2186 2891 congruat
2209 2819 2416 2889 primae.
2450 2815 2593 2875 Duas
2620 2832 2811 2871 causas
2838 2810 3184 2888 intelligimus
3217 2815 3270 2870 in
3307 2812 3512 2872 Christi

1923 2912 2205 2969 uativitate
2236 2928 2249 2965 :
2302 2909 2511 2965 scilicet
2535 2909 2790 2979 primam,
2822 2906 3097 2963 Christum
3136 2906 3418 2962 advenisse
3442 2900 3511 2960 ad

1923 2984 2173 3059 homines
2198 3019 2211 3055 :
2242 2998 2535 3055 secundam
2558 3039 2571 3062 ,
2602 2997 2851 3054 homines
2876 2994 3088 3055 venisse
3114 2994 3183 3051 ad
3210 2995 3509 3075 Christum.

1922 3096 1999 3151 De
2026 3108 2133 3164 qua
2161 3106 2222 3147 re
2269 3091 2403 3146 dicit
2452 3089 2786 3161 Augustinus
2835 3088 2888 3142 in
2944 3087 3082 3143 libro
3108 3088 3284 3159 primo
3319 3086 3386 3143 de
3415 3085 3515 3142 do-

231 3172 358 3251 sunt
401 3164 567 3221 choro
610 3174 921 3219 sanctorum
960 3161 1311 3233 Angelorum,
1344 3170 1417 3252 ut
1459 3161 1599 3217 sicut
1640 3158 1817 3252 angeli
1846 3174 1890 3237 ς
1922 3158 2099 3243 arida
2130 3182 2483 3252 Christiana:
2538 3158 2655 3236 Non
2683 3179 2830 3235 enim
2884 3179 2953 3235 ad
2999 3158 3144 3247 eum,
3180 3179 3273 3250 qui
3319 3178 3518 3249 ubique

231 3246 430 3335 sancte
457 3254 709 3311 Trinitati
737 3255 1099 3326 congaudent,
1130 3254 1204 3308 ita
1235 3261 1291 3308 et
1322 3251 1395 3308 illi
1419 3251 1814 3325 congaudeant.

233 3342 480 3404 Secunda
509 3347 764 3416 periocha
793 3347 983 3402 recolit
1001 3362 1114 3411 eos,
1143 3361 1280 3415 quos
1310 3344 1412 3399 sibi
1443 3344 1689 3400 Christus
1711 3344 1821 3399 fra-

233 3448 347 3494 tres
380 3437 509 3493 l'ecit
529 3452 597 3492 ex
624 3435 741 3508 lege
770 3434 1005 3489 Mosaica
1030 3474 1044 3499 ,
1080 3435 1172 3505 qui
1197 3433 1591 3489 exercebantur
1622 3449 1719 3504 per
1746 3420 1824 3488 le—

234 3545 353 3603 gem
379 3534 433 3583 et
454 3525 691 3598 psalmos
714 3532 769 3581 et
808 3524 1121 3596 prophetas.
1179 3523 1287 3578 Eos
1326 3522 1823 3595 nihilominusper-

235 3619 389 3675 duxit
446 3618 513 3672 ad
562 3617 875 3672 societatem
930 3622 1241 3669 sanctorum
1279 3614 1620 3684 angelorum,
1680 3622 1739 3667 ut
1771 3623 1826 3671 et

236 3706 314 3765 illi
372 3706 742 3779 congaudeant
809 3713 1012 3761 sancta:
1068 3702 1343 3759 Trinitati.
1410 3703 1656 3760 Adscivit
1718 3706 1822 3761 sibi

236 3801 402 3858 etiam
459 3788 656 3856 fratres
728 3802 782 3853 in
845 3796 995 3853 Novo
1049 3794 1394 3851 Testamento
1440 3811 1540 3866 per
1595 3796 1828 3868 primiti-

237 3896 360 3949 Vam
395 3890 715 3956 Ecclesium,
767 3897 822 3944 et
877 3905 975 3961 per
1010 3888 1326 3959 gentilitatis
1358 3888 1744 3956 obedientiam,
1774 3896 1829 3944 et

236 3978 515 4040 Iudaicam
550 3980 995 4052 recognitionem.
1048 3979 1317 4048 Quoniam
1348 3980 1482 4035 istos
1509 3980 1629 4051 plus
1659 3980 1829 4037 hono-

242 4075 379 4131 ravit
413 4092 542 4131 suus
569 4075 849 4139 adventus,
901 4090 1061 4145 quam
1091 4074 1461 4147 prmcedentes
1488 4072 1699 4141 Patres,
1752 4073 1829 4129 ita

241 4160 299 4224 ut
328 4152 370 4224 si
402 4167 545 4239 digiti
576 4167 903 4232 habeantur,
956 4167 1173 4237 quando
1198 4174 1485 4222 transeunt
1512 4166 1581 4223 de
1604 4168 1825 4231 mundo,

241 4247 384 4317 illico
412 4260 809 4314 transferantur
832 4258 886 4313 in
916 4259 1135 4324 coelum,
1167 4266 1221 4314 et
1246 4257 1834 4331 conjungantursocie-

244 4342 342 4408 tati
369 4360 680 4407 sanctorum
711 4350 1044 4420 angelorum,
1097 4350 1239 4420 quod
1274 4349 1433 4419 longo
1463 4358 1703 4420 tempore
1731 4365 1831 4405 ex-

244 4452 623 4517 spectaverunt
648 4452 832 4514 patres
862 4453 1264 4498 murmurantes
1310 4442 1449 4498 infra
1484 4443 1721 4498 claustra
1751 4444 1832 4499 in-

243 4535 407 4603 ferni,
436 4535 555 4590 ideo
585 4536 637 4590 in
666 4536 771 4591 illis
795 4535 1123 4606 antiphonis,
1173 4549 1293 4606 qua:
1321 4550 1413 4590 eos
1442 4534 1707 4602 recolunt,
1740 4534 1832 4590 Al—
1853 4524 1909 4585 Ι)

243 4624 405 4686 Ieluia
433 4630 758 4695 celebratur,
791 4628 951 4683 sicuti
1000 4635 1083 4682 est
1114 4645 1126 4681 :
1163 4625 1282 4698 Ipse
1317 4628 1571 4682 invocavit
1602 4644 1705 4693 me,
1739 4626 1834 4680 Αι-

246 4718 524 4775 leluia:et
570 4720 789 4785 iterum,
828 4716 1027 4772 Notum
1059 4717 1181 4788 fecit
1218 4718 1474 4773 Dominus
1504 4718 1554 4786 ’,
1584 4716 1830 4774 Alleluia.

807 4829 1034 4886 CAPUT
1071 4828 1282 4884 XXXII.

564 4923 643 4978 De
668 4921 860 4978 octavis
893 4919 948 4975 in
973 4919 1264 4976 Nativitale
1290 4919 1527 4975 Domini.
1618 4974 1627 4979 ι

319 5033 536 5092 Octava
564 5032 688 5089 ideo
714 5030 1079 5096 celebrantur,
1109 5027 1238 5100 quia
1264 5029 1458 5100 primis
1483 5028 1676 5085 diebus
1702 5042 1836 5086 con-

249 5135 497 5190 currunt,
525 5124 667 5181 sicut
693 5138 835 5179 unus
861 5121 1173 5178 Dominicus
1202 5121 1319 5179 dies
1365 5120 1435 5177 ad
1462 5120 1713 5189 alterum,
1743 5122 1838 5193 qui

250 5221 442 5277 eodem
492 5218 601 5273 ritu
654 5216 1023 5273 celebrantur.
1079 5214 1307 5283 Quando
1360 5216 1642 5285 sequentia
1698 5216 1838 5272 bona

251 5324 419 5382 opera
473 5310 541 5369 ad
579 5308 758 5378 pritna
806 5315 1121 5373 recurrunt,
1159 5306 1341 5375 aliquo
1394 5306 1577 5362 modo
1615 5316 1839 5363 octavas

252 5417 591 5462 exercemus.
639 5403 812 5459 Tanta
858 5402 1077 5459 miseria
1109 5400 1211 5456 fuit
1248 5401 1304 5456 in
1352 5400 1662 5455 hominibus
1712 5408 1839 5456 ante

255 5497 461 5555 Christi
489 5498 800 5561 adventum,
836 5504 898 5550 ut
916 5508 1075 5551 nemo
1103 5494 1172 5549 ad
1198 5492 1445 5549 eamdem
1473 5491 1840 5549 innocentiam

1920 3294 2164 3354 praesens
2197 3285 2305 3343 est,
2345 3275 2477 3332 locis
2506 3282 2780 3341 movetur,
2828 3272 2923 3331 sed
2947 3271 3093 3329 bono
3130 3272 3310 3329 studio
3333 3270 3521 3331 bonis-

1922 3386 2029 3444 que
2056 3369 2320 3425 moribus.
2369 3365 2523 3433 Quod
2555 3382 2659 3422 non
2683 3376 2991 3439 posSumus,
3032 3364 3137 3420 nisi
3163 3364 3279 3434 ipsa
3305 3366 3520 3435 sapien-

1926 3462 2003 3518 tia
2035 3467 2198 3519 tantae
2239 3458 2401 3513 etiam
2440 3465 2639 3511 nostras
2675 3454 2981 3511 inﬁrmitati
3000 3468 3303 3525 congruere
3330 3455 3519 3526 digna-

1925 3561 2097 3618 retur,
2142 3558 2206 3607 ut
2239 3549 2456 3605 vivendi
2493 3547 2649 3603 nobis
2698 3546 2965 3618 praeberet
3018 3545 3346 3616 exemplum.
3402 3546 3521 3605 Non

1927 3646 2073 3701 enim
2095 3644 2273 3710 aliter,
2306 3657 2467 3714 quam
2499 3641 2555 3696 in
2582 3640 2820 3706 homine,
2849 3641 3107 3710 quoniam
3135 3648 3192 3696 et
3211 3656 3312 3697 nos
3347 3640 3521 3698 homi-

1928 3753 2028 3793 nes
2055 3750 2259 3792 sumus.
2295 3732 2400 3789 Sed
2427 3733 2555 3804 quia
2589 3748 2688 3788 nos
2709 3748 2834 3788 cum
2860 3731 2927 3786 ad
2957 3730 3105 3786 illam
3133 3731 3402 3798 venimus,
3432 3747 3521 3787 sa-

1928 3833 2140 3903 pienter
2169 3828 2431 3893 facimus,
2469 3829 2585 3898 ipsa
2607 3842 2732 3882 cum
2755 3826 2823 3881 ad
2862 3840 2961 3882 nos
2987 3825 3158 3891 venit,
3190 3825 3260 3880 ab
3291 3818 3522 3882 homini-

1928 3926 2031 3981 bus
2065 3922 2312 3993 superbis
2360 3921 2517 3992 quasi
2546 3919 2710 3975 stulte
2732 3919 2925 3975 fecisse
2951 3926 3138 3989 putata
3167 3927 3271 3975 est.
3298 3918 3368 3975 Et
3386 3934 3522 3989 quo-

1929 4018 2077 4073 niam
2127 4032 2228 4071 nos
2271 4031 2394 4071 cum
2420 4016 2487 4069 ad
2535 4015 2687 4069 illam
2741 4011 3009 4079 venimus,
3062 4013 3516 4080 convalescimus,

1928 4112 2047 4182 ipsa
2077 4125 2201 4166 cum
2232 4107 2299 4162 ad
2327 4122 2426 4162 uos
2455 4105 2619 4171 venit,
2656 4104 2811 4176 quasi
2834 4104 3049 4159 inﬁrma
3077 4103 3391 4159 existimata
3416 4110 3519 4158 est.

1933 4203 2040 4260 Sed
2069 4201 2213 4272 quod
2233 4198 2457 4256 stultum
2484 4205 2568 4252 est
2598 4195 2712 4261 Dei,
2746 4194 3042 4265 sapientius
3065 4202 3151 4250 est
3170 4194 3481 4252 hominibus
3506 4215 3520 4252 :

1932 4304 1989 4353 et
2013 4294 2159 4366 quod
2188 4292 2467 4349 inﬁrmum
2496 4296 2582 4345 est
2615 4288 2732 4355 Dei,
2765 4287 2962 4345 fortius
3007 4295 3114 4355 est,
3160 4302 3324 4360 quam
3351 4289 3527 4345 homi-

1932 4388 2036 4444 nis.
2075 4387 2211 4443 Cum
2240 4398 2369 4456 ergo
2395 4383 2512 4453 ipsa
2546 4380 2619 4438 sit
2662 4379 2862 4451 patria,
2910 4379 3056 4434 viam
3084 4390 3143 4435 se
3176 4393 3397 4449 quoque
3428 4394 3527 4435 no-

1932 4483 2018 4538 bis
2049 4480 2178 4536 lecit
2223 4479 2291 4533 ad
2318 4475 2574 4547 patriam.
2630 4472 2846 4529 Etcum
2882 4486 3016 4527 sano
3035 4478 3090 4526 et
3116 4486 3255 4542 puro
3276 4469 3527 4527 interiori

1936 4570 2094 4629 oculo
2124 4568 2324 4637 ubique
2356 4565 2426 4620 sit
2464 4578 2724 4636 praesens,
2746 4576 2936 4617 eorum
2986 4561 3077 4632 qui
3105 4560 3322 4616 oculum
3374 4560 3525 4615 illum

1937 4662 2213 4719 inﬁrmum
2240 4656 2685 4725 immundumque
2733 4653 2969 4725 habent,
2998 4652 3171 4709 oculis
3199 4652 3366 4708 etiam
3403 4666 3528 4706 car-

1939 4752 2059 4811 neis
2084 4763 2345 4821 apparere
2388 4748 2603 4819 dignata
2629 4754 2734 4800 est.
2788 4744 2927 4812 Quia
2954 4744 3101 4799 enim
3155 4743 3212 4797 in
3258 4741 3526 4815 sapientia

1942 4842 2038 4899 Dei
2068 4856 2175 4896 non
2198 4846 2411 4910 poterat
2454 4838 2687 4892 mundus
2713 4848 2812 4906 per
2851 4833 3170 4905 sapientiam
3197 4845 3529 4905 cognoscere
3559 4872 3562 4877 .

1943 4933 2135 4998 Deum,
2170 4930 2372 5001 placuit
2395 4928 2509 4983 Deo
2548 4941 2649 4996 per
2671 4923 2960 4983 stultitiam
2985 4920 3392 4994 praedicationis
3422 4919 3527 4977 sal-

1939 5038 2037 5081 vos
2075 5023 2257 5078 facere
2279 5019 2581 5077 credentes.
2632 5015 2748 5071 Non
2778 5014 2942 5088 igitur
2992 5029 3092 5085 per
3119 5012 3364 5068 locorum
3405 5026 3530 5083 spa-

1941 5118 2016 5173 tia
2048 5115 2332 5181 veniendo,
2380 5113 2479 5170 sed
2510 5112 2569 5168 in
2617 5126 2784 5167 carne
2808 5110 3028 5167 mortali
3084 5108 3408 5167 mortalibus
3436 5112 3531 5182 ap-

1938 5206 2202 5280 parendo,
2250 5204 2464 5261 venisse
2512 5203 2580 5260 ad
2607 5217 2706 5260 nos
2752 5203 2973 5271 dicitur.
3015 5201 3149 5269 illuc
3200 5216 3331 5277 ergo
3380 5200 3533 5259 venit

1941 5301 2034 5357 ubi
2086 5306 2205 5355 erat
2248 5316 2260 5352 :
2315 5298 2440 5370 quia
2508 5297 2564 5351 in
2618 5296 2718 5350 hoc
2770 5294 2968 5359 mundo
3026 5302 3140 5365 erat
3198 5302 3252 5350 et
3301 5292 3530 5353 mundus

1942 5408 2035 5463 per
2082 5406 2205 5446 eum
2240 5389 2412 5460 {actus
2440 5398 2536 5454 est,
2585 5385 2787 5441 Christi
2822 5386 3118 5443 adventum
3163 5383 3236 5441 ad
3282 5383 3531 5440 homines

1943 5482 2176 5543 colimus
2234 5482 2289 5538 in
2348 5481 2437 5536 die
2486 5477 2786 5545 nativitatis
2846 5475 2967 5547 ejus
3017 5496 3032 5533 :
3092 5476 3373 5534 hominum
3430 5471 3531 5529 ad».

256 5591 589 5666 perveniret,
639 5603 805 5660 quam
855 5587 1044 5643 habuit
1082 5586 1291 5657 primus
1335 5587 1500 5643 homo
1550 5592 1843 5654 antequam
1943 5586 2167 5635 ventum
2212 5574 2283 5630 ad
2329 5572 2644 5666 Christum,
2684 5570 2937 5666 colimus
3008 5569 3065 5629 in
3104 5566 3327 5625 'octavis
3389 5562 3527 5635 ejus-

260 5663 532 5756 peccaret.
582 5680 723 5736 Nam
768 5688 823 5735 et
851 5678 1217 5742 cirwmcisio,
1247 5694 1368 5749 qum
1390 5686 1585 5733 octava
1619 5676 1713 5745 die
1754 5686 1846 5734 ‘ce-
1917 5702 1921 5715 ·
1947 5671 2107 5740 Quod
2131 5667 2293 5729 facile
2306 5665 2655 5733 dignoscitur
2695 5678 2761 5718 ex
2791 5663 3131 5756 antiphonis.
3152 5676 3275 5756 qua}
3304 5669 3533 5756 cantati-

265 5748 531 5845 iam,
559 5774 621 5832 in
657 5770 1035 5832 recordatione
1083 5770 1275 5845 prim
1299 5768 1625 5830 innocentiae
1646 5768 1846 5845 ageba—
1950 5775 2041 5829 ιιιι
2068 5763 2127 5825 in
2154 5757 2463 5820 matutinali
2486 5756 2688 5817 obicio.
2704 5756 2898 5815 Prima
2919 5754 3222 5829 antiphona
3246 5753 3305 5812 in
3334 5748 3535 5824 ωιληίτ
