4000 6506
519 361 658 423 1295

1547 349 1879 411 AMALARII
1920 344 2360 406 PRESBYTERI
2396 341 2736 402 METENSIS

3650 334 3810 391 ιω

524 488 637 538 tate
664 473 906 542 Domini,
935 469 1126 528 Genuit
1147 485 1406 541 puerpera
1431 483 1619 538 regem,
1647 466 1715 520 de
1739 479 1875 534 pura
1904 461 2098 518 nativi-
2123 469 2172 531 Α
2200 474 2286 514 me
2315 458 2523 514 abunde
2557 457 2689 513 facit
2714 454 2976 511 'securum
3008 448 3311 508 lucubratio
3340 455 3689 506 sanctorum
3722 449 3813 506 in-

517 583 629 631 tate
661 568 874 628 Domini
898 571 1085 621 narrat
1107 579 1124 630 ;
1144 563 1320 634 prima
1350 561 1418 614 in'
1447 557 1653 614 octavis
1674 555 1910 619 Domini,
1939 553 2088 615 dicit,

521 665 566 723 Ω
608 657 916 719 admirabile
957 653 1345 709 commercium.
1375 649 1602 717 Quando
1641 646 1790 710 dicit,
1845 659 2091 698 commer-

526 757 699 818 cium,
749 746 985 810 ostendit
1021 743 1166 800 aliud
1203 742 1343 808 dari,
1391 749 1446 796 et
1494 738 1639 794 aliud
1692 736 1886 806 accipi.
1935 735 2097 789 Dedit

527 845 777 903 Christus
821 854 977 897 suam
1001 837 1276 898 deitatem,
1317 840 1372 889 et
1407 832 1615 902 accepit
1636 838 1884 885 nostram
1907 829 2098 883 huma-

525 936 775 993 nitatem.
812 929 968 1000 Quod
1017 929 1162 986 dedit
1207 926 1433 982 colimus
1501 925 1556 979 in
1604 923 1883 979 nativitate
1939 919 2095 989 ejus;

525 1035 581 1086 et
608 1025 753 1100 quod
783 1023 1012 1094 accepit,
1063 1021 1119 1076 in
1142 1015 1369 1103 octavis.
1412 1015 1653 1071 Membra
1693 1013 1884 1084 juncta
1930 1011 2096 1082 capiti

521 1116 969 1190 congratulantur
1009 1112 1064 1168 in
1094 1111 1348 1184 praesenti
1381 1108 1692 1165 festivitate.
1723 1105 1800 1161 De
1827 1103 2100 1174 sequenti-

521 1211 626 1268 bus
678 1206 985 1279 antiphonis
1023 1205 1069 1260 si
1107 1204 1229 1274 quis
1259 1199 1607 1258 considerare
1641 1196 1893 1262 voluerit,
1922 1200 2101 1265 potest

523 1311 856 1373 cognoscere
897 1296 1039 1366 quod
1091 1295 1404 1364 antiphona:
1454 1291 1519 1346 de
1567 1288 1850 1344 nativitate
1886 1285 2101 1341 Domini

525 1382 681 1448 su'am
718 1387 1062 1443 nativitatem
1110 1382 1418 1454 specialiter
1448 1385 1775 1442 monstrant,
1825 1383 1881 1430 et
1911 1376 1977 1431 de
2005 1389 2101 1430 oc-

524 1482 663 1541 tavis
714 1479 952 1545 Domini,
1004 1478 1372 1534 membrorum
1422 1489 1651 1529 suorum
1681 1469 2099 1542 copulationem.
2156 1506 2170 1522 .

522 1574 582 1631 ln
626 1573 942 1644 antiphona,
987 1567 1210 1635 Quando
1258 1577 1414 1621 natus
1438 1582 1514 1632 es,
1551 1580 1620 1620 ex
1665 1577 1900 1636 persona
1924 1560 2104 1616 homio

523 1669 610 1724 nis
661 1665 920 1721 Dominus
948 1661 1286 1733 appellatur;
1329 1667 1384 1714 et
1429 1657 1484 1712 in
1512 1655 1807 1711 novissimo
1833 1653 1993 1708 homo
2028 1650 2108 1705 lo-

523 1756 710 1826 quitur
735 1752 803 1808 ad
841 1749 1036 1816 Deum,
1083 1749 1153 1802 Te
1176 1747 1449 1802 laudemus
1484 1744 1626 1799 Deus
1669 1751 1863 1798 noster.
1893 1741 2103 1806 Tertia,

2195 557 2508 620 mmmmm.

2721 634 2954 692 CAPUT
2990 631 3224 688 XXXIII.

2576 727 2651 782 De
2696 724 2836 780 Theo
2848 724 3041 795 phania
3066 733 3112 777 et
3142 723 3382 784 "rrrazmi.

2269 818 2446 876 Unum
2468 819 2771 874 omittimus
2799 817 2855 871 in
2884 816 3232 886 Theophania
3256 831 3322 870 ex
3351 816 3442 871 his
3482 832 3619 886 quae
3660 817 3812 874 cale-

2199 911 2420 966 bramus
2449 909 2504 963 in
2549 907 2832 963 nativitate
2866 906 3106 972 Domini,
3133 907 3185 961 id
3231 916 3339 972 est,
3377 907 3807 966 invitatoriam.

2202 999 2357 1072 Srepe
2391 999 2594 1054 dictum
2631 1004 2716 1053 est
2743 996 2888 1067 quod
2922 996 3201 1050 institutor
3226 995 3406 1059 oliicii,
3442 999 3500 1052 in
3523 1009 3806 1068 quantum

2199 1092 2394 1162 potuit,
2421 1090 2685 1146 actionem
2713 1101 2930 1143 omnem
2962 1085 3105 1142 illius
3143 1087 3402 1158 temporis
3436 1092 3684 1159 quando
3717 1093 3806 1148 illa

2203 1183 2504 1256 agebantur
2548 1196 2668 1252 quae
2706 1179 2997 1235 recolimus
3031 1179 3087 1234 in
3113 1181 3311 1235 usitato
3357 1183 3574 1247 cilicio,
3637 1186 3809 1240 voluit

2204 1277 2270 1330 ad
2291 1273 2610 1329 memoriam
2638 1272 2796 1327 nobis
2821 1270 3099 1328 reducere.
3145 1272 3314 1343 Igitur
3343 1275 3480 1344 quia
3537 1278 3731 1331 voluit
3756 1279 3805 1333 in

2203 1353 2310 1423 isto
2346 1366 2676 1437 distinguere
2716 1375 2960 1422 nostram
3002 1366 3200 1423 bonam
3233 1367 3658 1434 invitationem,
3705 1388 3803 1442 qua

2203 1457 2502 1514 invitantur
2529 1464 2585 1512 et
2610 1457 2916 1513 excitantur
2951 1455 3138 1514 ﬁdeles
3165 1458 3235 1513 ad
3262 1458 3439 1515 Deum
3496 1461 3805 1532 deprecan-

2206 1549 2352 1614 dum,
2384 1548 2452 1602 ab
2487 1548 2801 1603 invitatione
2831 1546 3079 1614 Herodis,
3109 1548 3201 1619 qui
3237 1557 3540 1620 propterea
3579 1567 3806 1623 βοηθῶ

2206 1637 2352 1709 gavit
2397 1639 2604 1694 scribas
2631 1648 2684 1693 et
2711 1638 2986 1708 principes
3027 1637 3360 1706 Judmorum,
3399 1651 3464 1696 ut
3502 1643 3684 1698 sciret
3717 1645 3804 1700 ubi

2208 1730 2454 1788 Christus
2480 1740 2816 1799 nasceretur,
2845 1747 3008 1802 quem
3031 1733 3307 1803 cogitabat
3336 1734 3689 1802 interﬁcere,
3723 1737 3805 1791 in-

525 1821 734 1900 ilubum
782 1857 933 1915 quem
961 1840 1158 1896 viderat
1186 1837 1418 1910 Moyses,
1457 1837 1538 1892 sic
1577 1835 1816 1904 loquitur
1861 1847 1929 1886 ex
1979 1846 2105 1902 pcr-
2132 1826 2180 1886 Β
2207 1822 2516 1915 vitatorium
2544 1821 2703 1877 oliicii
2724 1822 3009 1915 prmsentis
3034 1823 3238 1915 omisit.
3270 1823 3527 1881 Prmsens
3556 1825 3806 1882 oﬂicium

525 1950 658 1992 sona
684 1934 1054 1988 membrorum
1081 1930 1149 1985 ad
1188 1928 1286 1984 Dei
1335 1927 1675 2000 genitricem,
1718 1923 1977 1978 intercede
2008 1939 2102 1993 pro

525 2023 695 2080 nobis.
741 2023 947 2090 Quarta
975 2021 1138 2078 habet
1168 2020 1364 2074 iterum
1405 2019 1459 2073 in
1500 2017 1628 2082 line,
1679 2015 1751 2069 Te
1798 2014 2101 2080 laudamus,

525 2115 670 2172 Deus
713 2121 908 2167 noster.
961 2103 1360 2178 Quinta'tenet
1403 2109 1570 2162 verba
1604 2105 1827 2161 Joannis
1851 2104 2106 2175 Baptista:

526 2203 723 2275 quibus
754 2202 1144 2259 demonstravit
1177 2201 1471 2255 utilitatem
1501 2206 1766 2264 nostram,
1813 2213 1932 2268 quae
1977 2197 2106 2251 data

524 2303 610 2350 est
641 2293 798 2349 nobis
836 2308 904 2349 ex
932 2293 1166 2348 adventu
1191 2289 1416 2357 Christi,
1448 2290 1677 2345 dicentis
1710 2307 1724 2342 :
1759 2288 1892 2343 Ecce
1926 2288 2105 2358 Agnus

524 2385 646 2452 Dei,
693 2401 808 2440 ecce
849 2385 938 2456 qui
983 2382 1116 2438 tollit
1143 2392 1356 2452 peccata
1399 2381 1601 2435 mundi.
1635 2379 1952 2448 Antiphona
1987 2393 2108 2448 quae

523 2477 580 2534 in
604 2476 892 2548 Evangelio
931 2475 1148 2539 dicitur,
1191 2483 1246 2529 et
1279 2473 1497 2528 Domini
1539 2471 1886 2542 praesentiam
1910 2469 1978 2524 ad
2005 2471 2106 2524 ho-

527 2569 703 2623 mines
728 2574 1015 2633 monstrat,
1046 2573 1100 2620 et
1125 2564 1362 2620 hominis
1402 2563 1827 2633 assumptionem
1857 2561 1926 2616 ad
1961 2575 2104 2615 eum.

528 2660 622 2718 Sic
652 2661 796 2716 enim
842 2660 976 2716 dicit
1005 2677 1018 2713 :
1058 2657 1304 2712 Mirabile
1334 2657 1636 2727 mysterium
1663 2653 1986 2720 declaratur,
2016 2653 2110 2706 ho-

526 2753 612 2806 die
656 2752 975 2805 innovantur
1028 2758 1254 2803 naturw.
1313 2745 1593 2813 Quomodo
1640 2745 1969 2800 innovantur
2018 2758 2111 2798 na-

525 2826 661 2896 turae
687 2839 980 2911 Gregorius
1005 2838 1381 2894 Nazianzenus
1434 2836 1749 2892 manifestat
1775 2835 1830 2889 in
1871 2834 2012 2889 libro
2042 2833 2110 2889 de

526 2931 779 2987 secundis
813 2930 1150 3001 Epiphaniis,
1181 2929 1366 2985 dicens
1392 2945 1404 2983 :
1433 2927 1575 2995 Quid
1605 2927 1671 2982 de
1709 2925 1866 2981 nobis
1908 2926 2107 2997 agitur,

525 3019 612 3075 Vel
638 3034 738 3089 pro
763 3019 964 3074 nobis?
1011 3017 1162 3074 Nova
1198 3019 1447 3089 quaedam
1493 3025 1548 3072 et
1582 3015 1827 3071 inaudita
1882 3015 2112 3071 etiicitur

529 3110 860 3181 permutatio
889 3116 1228 3175 naturarum,
1260 3097 1315 3163 et
1354 3108 1498 3163 Deus
1530 3109 1696 3163 homo
1732 3105 1812 3160 fit.
1846 3105 1915 3161 Et
1949 3105 2109 3175 paulo

2203 1913 2523 1969 nocturnale
2571 1922 2745 1969 certat
2784 1914 3040 1969 intimare
3070 1914 3173 1968 tria
3221 1915 3451 1986 insignia
3490 1918 3663 1972 nobis
3697 1934 3811 1972 ma—

2203 2004 2457 2061 nifestata
2503 2021 2603 2076 per
2645 2005 2938 2061 adventum
2973 2004 3196 2071 Christi,
3242 2007 3298 2061 id
3337 2022 3438 2072 εει,
3494 2010 3809 2065 adventum

2204 2096 2500 2168 Magorum,
2545 2105 2602 2153 et
2628 2098 2955 2168 baptismum
2998 2098 3220 2164 Christi,
3276 2108 3328 2153 et
3357 2101 3706 2156 miraculum
3740 2117 3813 2155 ex

2205 2207 2344 2262 aqua
2394 2190 2596 2246 factum
2635 2206 2666 2246 a
2697 2191 2935 2247 Christo.
2984 2191 3060 2246 De
3087 2191 3316 2246 secundo
3345 2201 3400 2246 et
3429 2193 3598 2247 tertio
3628 2209 3808 2248 sum-

2205 2281 2393 2336 matim
2424 2289 2755 2336 memoratur
2779 2282 2834 2336 in
2864 2282 3021 2336 tertia
3054 2290 3317 2346 nocturna,
3345 2281 3474 2336 etin
3511 2283 3810 2353 antipho-

2207 2387 2299 2438 na,
2331 2370 2505 2426 Hodie
2534 2372 2724 2428 scelesti
2767 2390 2956 2444 sponso
2975 2375 3167 2444 juncta
3185 2382 3254 2428 est
3279 2373 3529 2428 Ecclesia.
3569 2375 3803 2435 Anci-te

2207 2479 2335 2519 vero
2357 2472 2413 2518 et
2449 2464 2605 2534 plene
2643 2465 2707 2519 de
2742 2465 2976 2520 adventu
3007 2466 3282 2537 Magorum
3310 2466 3455 2521 canit
3481 2468 3545 2522 in
3568 2466 3807 2524 duabus

2208 2551 2581 2621 superioribus
2627 2555 2928 2610 nocturnis.
2970 2553 3104 2610 Nam
3133 2564 3190 2610 et
3223 2555 3328 2611 hoc
3364 2557 3590 2612 videtur
3616 2558 3807 2614 ordini

2207 2641 2550 2712 potissimum
2591 2660 2891 2716 congruere
2933 2654 3252 2702 cancrorum
3306 2647 3633 2703 ofﬁciorum.
3691 2650 3802 2705 Ve-

2209 2749 2332 2790 rum
2361 2735 2592 2791 olIicium
2633 2737 2778 2807 quod
2808 2738 2864 2792 in
2891 2747 3051 2796 nocte
3081 2740 3389 2795 nativitatis
3416 2739 3535 2809 ejus
3559 2742 3804 2806 canitur,

2211 2827 2277 2883 de
2309 2827 2538 2883 infantia
2574 2827 2692 2899 ejus
2745 2842 2984 2885 resonat.
3036 2832 3297 2888 Memoria
3333 2850 3460 2904 quae
3491 2835 3688 2890 recolit
3710 2852 3808 2907 per

2209 2919 2383 2975 ollicia
2412 2929 2696 2976 cantorum
2721 2922 2787 2977 de
2809 2924 3016 2979 octavis
3045 2924 3261 2978 Domini
3285 2933 3341 2979 et
3377 2926 3802 2981 circumcisione

2212 3006 2342 3078 ejus,
2377 3017 2430 3063 et
2461 3009 2722 3064 scintillas
2755 3012 2923 3066 mittit
2951 3012 3018 3067 de
3042 3011 3298 3078 infantia,
3331 3013 3620 3085 similique
3647 3014 3799 3070 modo

2214 3101 2357 3172 quod
2385 3101 2564 3173 agitur
2589 3102 2645 3156 in
2680 3108 2921 3164 ’Υπαντήο
2953 3104 3164 3161 Idcirco
3204 3108 3556 3178 congruebat
3578 3117 3631 3163 ut
3661 3124 3792 3178 pras-

529 3205 656 3271 post
702 3216 716 3253 :
760 3199 853 3255 Dei
907 3199 1077 3256 Filius
1129 3200 1297 3272 coepit
1342 3214 1462 3254 esse
1505 3198 1650 3254 filius
1691 3196 1952 3263 hominis,
1999 3213 2107 3252 non
2135 3181 2180 3244 C
2212 3210 2336 3250 sens
2373 3194 2608 3250 cilicium
2638 3196 2930 3266 plurimum
2977 3199 3067 3254 illa
3097 3209 3354 3271 tangeret
3385 3217 3510 3272 quae
3545 3202 3677 3257 circa
3704 3201 3792 3257 in-

530 3304 829 3347 conversus
854 3305 922 3347 ex
947 3306 1012 3348 eo
1046 3291 1189 3362 quod
1217 3298 1359 3356 erat,
1386 3290 1481 3346 sed
1510 3305 1794 3344 assumens
1829 3288 1973 3359 quod
2003 3303 2111 3343 non

523 3390 666 3449 erat,
699 3391 762 3438 ut
805 3383 924 3454 capi
961 3383 1132 3455 possit
1165 3382 1258 3453 qui
1311 3383 1429 3452 capi
1482 3397 1589 3436 non
1630 3387 1860 3451 poterat,
1903 3387 1958 3435 et
2012 3393 2112 3450 per

524 3475 850 3532 mediantem
887 3491 1111 3532 carnem
1156 3475 1296 3530 sicut
1334 3474 1606 3529 velamine
1659 3475 1893 3543 quodam
1934 3473 2107 3526 inter-

526 3568 725 3638 posito,
771 3567 968 3638 alloqui
1005 3582 1106 3622 nos
1142 3567 1335 3638 possit.
1386 3565 1653 3632 Quoniam
1702 3566 1918 3636 quidem
1966 3563 2112 3618 ferre

526 3656 796 3712 sinceram
833 3656 1132 3712 divinitatis
1181 3655 1298 3725 ejus
1323 3663 1572 3710 naturam
1613 3669 1720 3709 non
1759 3660 1879 3707 erat
1922 3666 2111 3706 corru-

524 3748 729 3820 ptibilis
753 3747 913 3817 hujus
933 3756 1131 3804 nostra:
1151 3747 1468 3818 fragilisque
1495 3753 1725 3811 naturae,
1750 3743 1956 3799 ideirco
1979 3759 2110 3814 ergo

526 3838 877 3894 incommixta
910 3840 1232 3903 miscentur,
1276 3846 1332 3892 et
1361 3853 1469 3893 non
1496 3836 1670 3893 solum
1707 3837 1978 3892 nativitati
2008 3852 2110 3892 no-

525 3939 653 3985 strae
683 3929 826 3983 Deus
852 3930 937 3984 vel
979 3930 1129 3984 carni
1166 3944 1402 3998 superna
1458 3945 1632 3995 mens,
1663 3929 1751 3984 vel
1781 3929 2014 4000 tempori
2048 3930 2113 3983 il-

527 4021 617 4076 Iud
644 4020 787 4092 quod
815 4030 944 4076 ante
972 4035 1132 4077 omne
1163 4029 1377 4092 tempus
1398 4029 1501 4088 est,
1527 4036 1718 4077 verum
1751 4023 1913 4077 etiam
1943 4023 2111 4094 virgi-

522 4112 682 4169 nitati
719 4121 910 4183 partus
948 4113 1266 4183 imponitur,
1302 4121 1358 4168 et
1388 4114 1710 4185 impassibili
1753 4115 1936 4184 passio
1984 4130 2109 4171 con-

519 4187 742 4259 ciliatur
781 4213 838 4261 et
868 4204 1163 4260 immortali
1214 4205 1408 4261 mortis
1458 4205 1716 4277 poculum
1766 4207 2106 4276 propinatur.

523 4295 786 4368 Sequitur
810 4297 866 4354 in
896 4297 1193 4369 antiphona
1225 4315 1238 4351 :
1266 4298 1322 4352 id
1346 4299 1485 4370 quod
1507 4298 1631 4368 fuit,
1654 4298 1975 4368 permansit;
2003 4297 2110 4351 hoc

522 4397 628 4454 est,
661 4389 888 4444 verbum
927 4388 1072 4460 quod
1113 4404 1173 4445 se
1211 4389 1370 4445 nobis
1402 4389 1570 4444 voluit
1601 4387 1976 4444 demonstrare
2014 4403 2112 4458 per

523 4481 814 4536 materiam
843 4482 1073 4547 carnis,
1126 4489 1187 4536 nt
1223 4480 1323 4538 fuit
1365 4481 1806 4536 incommutabile
1835 4481 2018 4534 lumen
2056 4489 2112 4534 et

525 4571 669 4625 Deus
710 4579 967 4635 aeternus,
997 4572 1078 4626 sic
1103 4571 1421 4640 permansit,
1462 4585 1570 4625 non
1609 4578 1876 4623 mutatum
1913 4571 1967 4624 in
2013 4569 2113 4624 ali-

522 4675 688 4731 quam
732 4667 1065 4716 creaturam.
1093 4661 1373 4730 Sequitur.
1408 4662 1477 4714 Et
1522 4663 1664 4730 quod
1709 4679 1814 4715 non
1857 4673 1990 4727 erat,
2023 4679 2111 4717 as-

523 4753 768 4822 sumpsit.
807 4751 905 4808 His
931 4752 1116 4808 verbis
1143 4759 1484 4807 monstratur
1510 4753 1812 4821 assumptio
1835 4753 2106 4810 hominis:

521 4843 779 4915 quoniam
806 4841 1058 4902 Christus
1098 4844 1376 4900 hominem
1429 4845 1681 4915 dignatus
1715 4851 1801 4900 est
1829 4860 2110 4903 assumere

495 4949 498 4952 '
521 4937 581 4993 in
612 4951 776 4992 unam
797 4935 1155 5006 eamdemque
1183 4951 1473 5006 personam
1496 4937 1614 5004 Dei,
1643 4939 1839 4993 merito
1867 4938 2110 4994 membra

521 5027 721 5100 capitis
745 5028 998 5084 dicuntur
1019 5028 1284 5083 transisse
1308 5029 1365 5082 in
1394 5029 1585 5085 Deum.
1615 5029 1769 5086 Unde
1781 5030 2113 5102 Augustinus

521 5118 580 5176 in
609 5133 860 5175 sermone
903 5117 1166 5174 vicesimo
1203 5125 1358 5175 sexto
1398 5136 1564 5192 super
1615 5121 1883 5179 Joannem
1928 5141 1940 5177 :
1974 5122 2113 5192 Quid

519 5215 608 5264 est
652 5223 785 5279 ergo
822 5207 1137 5264 credere'in
1183 5209 1351 5265 eum?
1404 5210 1692 5268 Credendo
1750 5227 1958 5280 amare,
1996 5228 2114 5270 cre-

520 5299 713 5356 dendo
737 5299 983 5380 diligere,
1033 5301 1307 5358 credendo
1355 5302 1410 5358 in
1450 5317 1575 5358 eum
1601 5303 1684 5359 ire
1715 5314 1772 5359 et
1797 5305 1915 5376 ejus
1943 5321 2114 5362 mem-

518 5388 637 5445 bris
661 5390 1020 5462 ineor'pora-ri.
1045 5390 1304 5464 Sequitur
1333 5411 1345 5448 :
1375 5392 1495 5450 Non
1520 5394 1964 5451 eommixtionem
1991 5412 2112 5469 pas-

519 5493 637 5544 sus,
671 5493 847 5551 neque
863 5479 1222 5549 divisionem;
1255 5483 1468 5540 scilicet
1495 5500 1604 5540 non
1629 5493 1714 5540 est
1736 5499 1934 5556 passus
1962 5486 2110 5544 illam

522 5573 970 5629 eommixtionem
999 5589 1164 5645 quam
1207 5575 1339 5632 dicit
1387 5576 1660 5634 Sabellius
1701 5579 1759 5634 in
1793 5594 1958 5635 unam
1983 5596 2111 5651 per-

522 5671 714 5714 sonam
776 5655 957 5720 Patris
1005 5673 1063 5720 et
1117 5654 1266 5732 Filii,
1317 5681 1508 5737 neque
1568 5668 1718 5724 illam
1783 5670 2110 5727 divisionem

527 5763 693 5824 quam
722 5751 958 5827 blateer
1011 5755 1196 5816 Arius.
1259 5748 1340 5818 De
1393 5760 1820 5823 circumcisione
1890 5763 2110 5826 Domini

2212 3283 2439 3340 fantiam
2471 3287 2588 3356 ejus
2611 3296 2762 3358 gesta
2790 3297 2932 3343 sunt.
2980 3289 3090 3345 Nec
3119 3307 3226 3345 non
3272 3300 3332 3346 et
3383 3292 3654 3364 apostolici

2214 3379 2528 3451 satagebant
2557 3381 2885 3451 baptismum
2912 3383 3218 3455 generalem
3246 3386 3564 3443 transferre
3590 3390 3652 3444 de
3670 3403 3797 3458 pne-

2214 3473 2352 3529 senti
2379 3471 2676 3529 festivitate
2715 3474 2768 3528 in
2820 3474 3166 3532 festivitatem
3208 3476 3448 3534 Pascha?
3480 3490 3539 3535 et
3559 3480 3791 3537 Penteco-

2214 3573 2362 3629 stes;
2406 3580 2565 3634 quem
2606 3575 2896 3637 propterea
2942 3570 3094 3624 multi
3138 3572 3439 3628 certabant
3470 3573 3800 3646 frequentare

2214 3654 2270 3708 in
2316 3654 2420 3710 ista
2460 3655 2776 3724 festivitate,
2831 3660 2960 3728 quia
2990 3660 3044 3714 in
3087 3661 3204 3732 ipsa
3257 3678 3290 3717 a
3327 3665 3534 3723 multis
3580 3667 3800 3725 creditur

2213 3745 2476 3804 Dominus
2515 3749 2821 3819 baptizatus
2849 3767 2971 3810 esse
3000 3769 3029 3806 a
3061 3751 3289 3811 Joanne.
3323 3756 3495 3814 Unde
3536 3769 3716 3830 potest
3736 3760 3800 3816 vi-

2214 3838 2332 3894 deri
2369 3841 2435 3896 ab
2463 3840 2640 3896 ollicio
2685 3843 2972 3912 praesentis
3003 3845 3320 3901 summatim
3348 3849 3574 3904 dictum
3604 3866 3718 3906 esse
3742 3851 3798 3906 de

2213 3930 2487 4002 baptismo
2515 3932 2651 4003 ejus,
2700 3940 2756 3988 et
2796 3933 2957 4004 plene
2992 3935 3060 3990 de
3106 3937 3342 3992 adventu
3385 3937 3702 4012 Magorum.
3740 3938 3796 3996 Ct

2212 4020 2424 4090 plenius
2487 4023 2604 4078 haec
2653 4022 2975 4090 clarescant,
3029 4027 3212 4083 insero
3252 4029 3402 4096 quod
3445 4029 3514 4084 S.
3548 4031 3794 4102 Leopapa

2213 4113 2433 4184 scripsit
2473 4113 2538 4169 de
2565 4116 2880 4171 memoratis
2919 4115 3330 4185 festivitatibus,
3356 4119 3566 4177 dicens
3600 4124 3656 4178 in
3677 4122 3799 4191 capi-

2217 4207 2328 4262 tulo
2371 4216 2564 4263 octavo
2614 4209 2976 4267 Decretalium
3007 4231 3019 4267 :
3048 4211 3192 4270 Ordo
3241 4230 3436 4271 rerum
3491 4235 3600 4290 per
3640 4219 3797 4276 Jesan

2215 4297 2492 4355 Christum
2523 4301 2810 4380 Dominum
2845 4313 3089 4358 nostrum
3130 4307 3518 4378 temporaliter
3556 4311 3799 4383 gerenda-

2216 4405 2336 4444 rum
2368 4391 2424 4445 in
2454 4392 2826 4448 incarnatione
2854 4394 3019 4450 Verbi
3049 4397 3275 4466 sumpsit
3303 4401 3632 4456 exordium.
3667 4401 3800 4459 [Inde

2215 4479 2363 4535 aliud
2420 4489 2627 4552 tempus
2678 4491 2779 4548 est,
2815 4499 2943 4552 quo,
2991 4486 3349 4542 annuntiantc
3400 4491 3623 4560 angelo,
3652 4491 3791 4543 beata

2213 4571 2368 4642 virgo
2407 4571 2573 4626 Maria
2623 4572 3018 4629 fecundandam
3045 4592 3103 4630 se
3131 4592 3228 4646 per
3253 4576 3536 4646 Spiritum
3563 4590 3791 4634 sanctum

2214 4661 2444 4717 credidit
2488 4670 2541 4718 et
2594 4665 2874 4735 concepit;
2924 4665 3069 4720 aliud
3117 4683 3244 4737 quo,
3283 4669 3445 4724 salva
3502 4673 3796 4742 integritate

2212 4753 2475 4826 virginea,
2507 4771 2642 4824 puer
2665 4755 2867 4823 editus,
2916 4758 3224 4815 exsultante
3262 4763 3474 4833 gaudio
3501 4765 3794 4820 caelestium

2212 4848 2607 4916 ministrorum,
2659 4853 2974 4921 pastoribus
3023 4853 3325 4922 indicatur;
3364 4856 3548 4927 aliud,
3605 4860 3802 4931 quoin-

2215 4937 2336 4997 fans
2363 4941 2808 5010 circumciditur;
2835 4943 3004 5012 aliud,
3026 4961 3134 5015 quo
3167 4946 3345 5003 hostia
3376 4963 3488 5017 pro
3530 4967 3604 5007 eo
3635 4949 3800 5024 legalis

2215 5033 2470 5100 oﬂ'ertur;
2522 5036 2690 5104 aliud,
2727 5053 2852 5093 cum
2876 5046 2989 5094 tres
3020 5039 3180 5110 Magi,
3209 5041 3468 5098 claritate
3505 5047 3645 5101 novi
3671 5045 3799 5100 side

2213 5123 2290 5179 ris
2317 5124 2544 5188 incitati,
2576 5126 2631 5180 in
2654 5129 2972 5187 Bethlehem
3007 5132 3076 5186 ab
3100 5131 3323 5190 Oriente
3359 5140 3734 5204 perveniunt,
3757 5142 3805 5190 et

2214 5216 2444 5271 adorant
2468 5219 2773 5287 parvulum,
2814 5224 3046 5294 mystica
3081 5239 3364 5280 munerum
3390 5225 3695 5284 oblatione
3729 5240 3808 5281 ve-

2215 5314 2493 5361 nerantur.
2542 5307 2654 5364 Nec
2696 5311 2863 5367 iidem
2910 5321 3036 5368 sunt
3087 5314 3206 5370 dies
3243 5315 3443 5386 quibus
3497 5318 3682 5390 impio
3718 5317 3808 5372 Be-

2214 5395 2354 5462 rodi,
2393 5399 2645 5455 ordinata
2672 5401 2934 5460 divinitus
2982 5405 3039 5459 in
3067 5403 3365 5476 Egyptum
3411 5410 3803 5470 translatione.

2211 5489 2522 5547 subtractus
2567 5501 2671 5559 est,
2700 5496 2789 5551 vel
2813 5497 3014 5567 quibus
3042 5498 3110 5554 ab
3149 5497 3386 5569 Egypto
3407 5499 3463 5553 in
3499 5499 3798 5564 Galateam.

2211 5591 2426 5639 mortuo
2455 5595 2800 5654 persecutore
2843 5598 3070 5644 vocatus
3121 5598 3224 5646 est.
3269 5591 3421 5646 Inter
3487 5593 3606 5648 has
3635 5600 3810 5648 autem

2212 5674 2675 5744 dispensationum
2720 5677 3014 5736 varietates
3043 5681 3308 5737 accedunt
3335 5693 3650 5751 augmenta
3689 5695 3810 5737 cor-

2211 5781 2396 5839 porea.
2431 5765 2642 5826 Crescit
2667 5767 2950 5840 Dominus,
2993 5771 3138 5830 sicut
3160 5773 3498 5846 evangelista
3541 5783 3811 5838 testata.
