4000 6422
219 422 342 481 1295

947 415 1042 474 DE
1077 411 1637 474 ECCLESIASTICIS
1676 405 1963 468 OFFICIIS
1998 405 2179 465 LIBRI
2216 406 2305 464 Ν.
2340 437 2414 450 —
2450 406 2580 462 LIB.
2619 404 2689 463 IV

3315 402 3459 464 1226

211 532 530 612 profectibus
557 538 615 586 et
657 529 840 588 aetatis
859 530 1073 603 gratiae.
1125 530 1310 585 Tertia
1337 536 1604 585 nocturna
1637 543 1776 599 prae-
1803 529 1855 589 Α
1880 523 2008 578 stris
2055 520 2275 588 inferni,
2310 530 2364 578 et
2397 521 2699 592 perducunt
2736 533 2908 590 usque
2937 519 3005 575 ad
3030 519 3295 576 visionem
3317 534 3467 574 sem-

207 629 367 688 sentis
405 623 718 683 festivitatis
748 625 938 681 recolit
979 633 1090 680 tres
1119 624 1382 681 terminos
1409 621 1772 689 credentium,

212 721 262 778 id
287 729 385 787 est,
432 722 612 792 pepuli
646 720 856 778 Judaici
885 732 1013 778 ante
1063 722 1428 792 receptionem
1455 719 1770 791 gentilium;

209 814 410 888 gentilis
454 815 636 886 populi
681 825 802 887 post
866 815 1228 886 repulsionem
1283 811 1522 867 Judaicae
1575 811 1771 882 plebis,

205 905 386 960 iterum
433 906 617 977 populi
656 904 870 961 Iudaici
928 906 981 959 in
1027 904 1189 959 linem
1232 903 1438 958 mundi.
1494 902 1550 956 ln
1599 904 1777 972 prima

200 1005 453 1053 nocturna
489 999 746 1054 recolitur
784 998 1090 1053 intellectus
1139 997 1438 1069 Magorum,
1495 997 1588 1065 qui
1619 995 1776 1050 Chri-

198 1097 333 1146 stum
363 1091 746 1146 intellexerunt
778 1090 949 1146 Deum
988 1105 1128 1145 esse.
1165 1089 1221 1143 ln
1245 1087 1482 1143 secunda
1505 1096 1775 1142 nocturna

197 1185 334 1244 idem
358 1187 684 1252 intellectus,
710 1186 798 1256 qui
819 1186 1087 1256 conspicit
1109 1184 1390 1241 Christum
1415 1200 1598 1256 regem
1620 1198 1771 1250 esse;

197 1274 250 1332 in
292 1279 472 1345 tertia,
519 1279 612 1349 qui
653 1275 919 1348 conspicit
963 1277 1243 1333 Christum
1295 1277 1365 1331 ad
1401 1277 1506 1331 hoc
1536 1275 1772 1342 venisse,

195 1365 253 1421 ut
277 1367 493 1423 doceret
522 1368 770 1424 homines
816 1383 916 1424 suo
951 1369 1220 1438 baptismo
1269 1367 1642 1422 necessarium
1695 1367 1776 1422 eis

192 1473 309 1514 esse
339 1459 626 1528 baptizari,
654 1471 710 1514 et
739 1476 836 1529 per
861 1459 1191 1529 baptismum
1221 1458 1360 1513 mori
1386 1458 1530 1528 patri
1558 1457 1776 1516 diabolo

190 1559 244 1606 et
271 1553 525 1624 operibus
568 1554 706 1625 ejus,
734 1563 790 1608 et
815 1553 1030 1623 pompis
1055 1551 1172 1621 ejus
1203 1571 1216 1606 :
1247 1553 1302 1608 in
1328 1551 1597 1622 baptismo
1620 1551 1778 1606 Chri-

187 1646 256 1701 sti
286 1663 433 1702 mors
457 1656 512 1702 et
551 1647 828 1717 sepultura
868 1646 986 1717 ejus
1029 1646 1310 1702 recolitur.
1351 1645 1508 1700 Hanc
1549 1645 1775 1700 tertiam

185 1740 502 1810 periocham
532 1741 823 1796 recolimus
847 1755 947 1795 oer
978 1741 1236 1796 introitus
1265 1738 1447 1794 missae
1473 1738 1542 1792 ab
1563 1737 1776 1792 octavis

186 1829 547 1901 Theophaniae
575 1845 745 1900 usque
777 1831 834 1884 in
873 1830 1359 1886 Praesentationem
1397 1828 1635 1893 Domini,
1668 1827 1774 1882 nisi

184 1921 323 1976 forte
361 1923 626 1993 anticipet
675 1938 775 1977 nos
809 1930 1023 1992 tempus
1068 1921 1514 1994 Septuagesimze.
1557 1919 1774 1975 Primus

183 2012 442 2071 introitus
471 2026 554 2071 est
596 2024 718 2086 post
744 2025 966 2072 octavas
997 2015 1386 2084 Theophaniae,
1427 2013 1582 2082 juxta
1623 2013 1774 2069 ordi-

179 2122 308 2164 nem
342 2108 724 2179 Antiphonarii
765 2110 939 2165 nostri
968 2128 980 2162 :
1013 2109 1083 2164 In
1109 2109 1312 2164 excelso
1352 2109 1540 2162 throno
1563 2107 1672 2161 vidi
1694 2123 1775 2160 se-

180 2199 307 2254 dere
335 2201 524 2263 virum,
566 2218 720 2272 quem
748 2200 939 2255 adorat
970 2199 1254 2255 multitudo
1278 2198 1608 2272 angelorum.
1632 2199 1776 2269 Apo—

179 2290 450 2348 stolorum
499 2302 554 2348 et
595 2293 1018 2363 apostolicorum
1065 2293 1308 2348 virorum
1338 2304 1420 2348 est
1465 2279 1568 2348 ista
1611 2292 1772 2357 visio,

183 2380 289 2438 hoc
324 2390 430 2448 est,
479 2390 540 2437 ut
590 2392 772 2438 mente
813 2383 1120 2453 intelligant
1166 2383 1418 2438 eumdem
1454 2382 1772 2448 Dominum,

177 2474 272 2542 qui
303 2490 335 2528 a
365 2473 539 2546 Magis
565 2475 822 2530 adoratus
850 2484 934 2531 est
960 2476 1116 2545 quasi
1144 2475 1347 2540 infans,
1380 2486 1435 2529 et
1454 2474 1609 2543 cujus
1638 2490 1778 2545 prae-

179 2565 426 2619 sentatio
457 2565 562 2620 isto
589 2564 643 2620 in
678 2573 922 2636 tempore
974 2574 1324 2636 exspectatur
1351 2581 1522 2636 usque
1549 2566 1615 2620 ad
1637 2581 1776 2635 qua-

179 2657 558 2728 dragesimam
618 2657 760 2712 diem
812 2657 1113 2712 nativitatis
1172 2657 1476 2726 gubernare
1546 2657 1778 2712 virtutes

175 2749 476 2814 caelorum,
523 2758 578 2804 et
620 2749 804 2804 abhis
831 2748 1070 2804 adorari.
1125 2747 1405 2804 Secundus
1445 2757 1546 2813 est,
1592 2747 1776 2804 Omnis

171 2850 318 2894 terra
367 2839 554 2893 adoret
588 2850 656 2906 te,
688 2839 851 2906 Deus,
884 2842 975 2911 qui
1003 2841 1242 2911 pertinet
1277 2842 1345 2896 ad
1375 2839 1777 2895 multitudinem

171 2935 552 2998 credentium,
580 2943 637 2986 ut
677 2950 838 3005 quem
875 2935 1050 3005 primo
1073 2935 1438 2990 adoraverunt
1469 2944 1578 2988 tres
1615 2933 1776 3005 Magi,

169 3034 373 3095 postea
424 3026 652 3081 adorent
679 3042 870 3082 omnes
902 3029 1188 3084 credentes
1217 3044 1284 3083 ex
1313 3027 1465 3092 Asia,
1493 3037 1549 3082 et
1567 3026 1773 3092 Africa,

169 3123 226 3170 et
250 3115 498 3184 Europa.
527 3113 648 3170 Iam
673 3117 821 3172 circa
838 3117 1231 3173 hebdomadam
1257 3119 1311 3172 in
1343 3134 1450 3188 qua
1476 3118 1781 3174 celebratur

166 3203 540 3277 Przesentatio
578 3205 815 3275 Domini,
847 3216 1121 3275 cantatur,
1153 3209 1386 3264 Adorate
1409 3226 1550 3276 eum,
1597 3226 1776 3264 omnes

165 3299 350 3369 angeli
377 3298 518 3368 ejus.
554 3297 708 3356 Unde
747 3299 879 3355 dicit
905 3301 1218 3371 Apostolus,
1250 3312 1307 3357 ut
1337 3304 1392 3357 in
1414 3304 1622 3358 nomine
1645 3304 1776 3358 Jesu

165 3404 325 3442 omne
358 3405 500 3458 genu
544 3390 810 3458 ﬂectatur,
857 3391 1164 3457 caelestium,
1215 3394 1562 3457 terrestrium,
1611 3403 1658 3446 et
1697 3395 1780 3446 in-

163 3479 479 3550 fernarum.
521 3477 677 3545 Quod
723 3479 798 3533 ita
836 3481 1062 3550 exponit
1087 3481 1412 3537 Ambrosius
1448 3484 1503 3536 in
1533 3482 1778 3552 Epistola

160 3571 234 3627 ad
272 3570 683 3641 Philippenses.
731 3570 844 3628 Hoc
883 3574 1029 3628 enim
1071 3574 1147 3629 illi
1189 3576 1440 3642 donatur,
1496 3588 1557 3631 ut
1586 3593 1776 3634 omnes

159 3661 308 3719 illud
342 3663 601 3730 adorent,
657 3672 714 3719 et
753 3673 812 3719 ut
851 3681 1040 3722 omnes
1074 3667 1243 3723 Deum
1292 3668 1657 3725 conﬁteantur
1689 3672 1780 3728 Je—

158 3769 293 3809 sum
340 3751 630 3810 Christum
678 3755 734 3810 in
781 3755 954 3827 gloria
999 3758 1095 3813 Dei
1135 3757 1314 3814 Patris
1357 3759 1629 3829 effectum,
1676 3763 1780 3819 hoc

155 3852 272 3909 est,
308 3842 490 3898 talem
514 3845 744 3915 potitum
777 3847 1005 3918 gloriam
1031 3850 1246 3919 qualem
1276 3849 1357 3906 l'as
1383 3861 1468 3908 est
1511 3853 1662 3908 illum
1685 3856 1778 3925 qui

157 3934 274 3993 sibi
304 3944 533 4007 patrem
555 3939 781 3996 ascribit
813 3940 1006 4006 Deum,
1033 3944 1225 4014 potiri,
1255 3953 1478 4014 propter
1507 3946 1655 4000 illam
1687 3962 1779 4003 co-

152 4030 522 4103 pulationem
573 4046 734 4101 quam
789 4033 952 4090 habet
1002 4036 1069 4090 ad
1123 4035 1494 4107 Unigenitum.
1546 4038 1616 4092 Et
1656 4049 1782 4110 post

155 4137 350 4193 pauca
389 4139 404 4174 :
445 4120 762 4178 Caelestium
815 4124 1036 4193 quidem
1079 4125 1435 4182 invisibilium
1489 4128 1776 4186 virtutum.

151 4211 229 4268 Et
261 4212 480 4268 Petrus
525 4211 592 4266 de
626 4213 812 4268 eodem
837 4214 973 4270 Filio
1003 4214 1102 4270 Dei
1139 4216 1273 4271 dicit
1301 4232 1316 4270 :
1350 4217 1656 4286 Profectus,
1695 4221 1780 4275 in-

149 4305 307 4377 quit,
360 4305 425 4359 in
461 4303 660 4359 caelum
697 4305 955 4376 subjectis
998 4308 1102 4363 sibi
1132 4309 1361 4380 angelis,
1397 4320 1452 4366 et
1497 4314 1780 4383 potestati-

146 4399 285 4467 bus,
332 4405 397 4454 et
429 4397 747 4454 virtutibus.
790 4398 945 4456 Unde
988 4401 1136 4456 Beda
1166 4402 1220 4457 in
1252 4411 1490 4460 tractatu
1522 4407 1778 4477 Epistolas

145 4491 429 4566 ejusdem
461 4489 610 4546 Petri
637 4510 649 4546 :
679 4491 818 4547 Nulli
851 4493 1073 4549 dubium
1101 4497 1231 4567 quin
1259 4495 1400 4553 Filio
1425 4497 1521 4554 Dei
1563 4515 1780 4572 semper

1829 654 1833 658 ι
1881 617 2106 687 piternzr.
2133 616 2336 686 gloriae.
2380 614 2533 670 Unde
2557 628 2748 668 versus
2793 613 3123 682 responsorii
3153 612 3244 684 qui
3275 620 3469 667 canta-

1885 717 1970 764 tur
1995 711 2049 764 in
2073 708 2410 763 hebdomada
2457 707 2679 767 ’Υπαντή
2710 706 2842 760 dicit
2874 724 2886 758 :
2922 705 3182 771 Quoniam
3226 705 3466 776 redi/ica-

1880 803 1949 858 vit
1991 802 2250 857 Dominus
2296 802 2450 867 Sion,
2515 809 2564 854 et
2604 797 2860 854 videbitur
2898 797 2953 850 in
2997 797 3165 868 gloria
3208 815 3326 852 sua.
3388 796 3467 851 De

1879 910 1986 964 quo
2013 895 2087 949 ita
2115 896 2451 966 Augustinus
2483 894 2539 948 in
2571 901 2803 947 tractatu
2843 888 3184 944 Psalmorum
3209 907 3221 942 :
3251 897 3308 944 at
3334 901 3468 943 vero

1880 1002 2006 1042 cum
2039 988 2252 1043 venerit
2272 987 2521 1057 judicare
2554 1002 2675 1041 cum
2702 984 2906 1055 angelis
2933 983 3070 1047 suis,
3098 983 3312 1052 quando
3337 998 3467 1037 con—

1879 1081 2249 1150 gregabuntur
2271 1090 2395 1135 ante
2421 1096 2543 1136 eum
2574 1094 2764 1134 omnes
2785 1085 2990 1148 gentes.
3021 1075 3089 1128 Et
3110 1084 3231 1144 post
3259 1089 3465 1144 pauca:

1881 1171 2194 1229 {Edilieavit
2231 1173 2494 1228 Dominus
2525 1171 2655 1228 Sion
2682 1180 2736 1225 et
2761 1168 3034 1225 videbitur
3056 1169 3109 1221 in
3143 1167 3313 1238 gloria
3345 1181 3462 1230 sua,

1884 1271 1978 1339 qui
1997 1270 2051 1326 in
2077 1270 2166 1324 illa
2197 1271 2374 1340 primo
2403 1270 2552 1324 visus
2574 1277 2657 1323 est
2679 1268 2732 1321 in
2756 1263 3075 1320 inﬁrmitate
3103 1278 3219 1318 sua.
3260 1263 3338 1316 Ex
3367 1262 3472 1315 hoc

1879 1373 2042 1414 versu
2096 1374 2386 1430 possumus
2429 1358 2700 1428 conjicere
2750 1356 3118 1410 institutorem
3171 1350 3471 1407 officiorum

1879 1450 2155 1504 insinuare
2181 1451 2416 1505 voluisse
2441 1449 2919 1520 przesentationem
2949 1445 3161 1501 Domini
3187 1445 3241 1499 in
3271 1442 3471 1512 templo

1879 1546 2125 1601 excitare
2148 1562 2250 1601 nos
2285 1546 2352 1601 ad
2381 1545 2859 1616 praesentationem
2890 1543 2992 1598 sibi
3027 1551 3084 1597 et
3113 1541 3280 1596 Patri.
3325 1540 3470 1607 Qua-

1880 1637 2131 1710 draginta
2175 1640 2308 1705 dies,
2356 1640 2412 1694 in
2442 1641 2638 1709 quibus
2691 1645 3041 1708 exspectatur
3082 1635 3295 1690 Domini
3334 1649 3474 1704 prm-

1880 1731 2140 1790 sentatio.
2189 1748 2406 1787 omnem
2456 1741 2656 1787 statum
2701 1739 2903 1786 sancta:
2947 1728 3204 1785 Ecclesia
3245 1728 3472 1783 demon-

1882 1831 2058 1879 strant
2088 1824 2178 1879 hic
2207 1824 2262 1878 in
2295 1825 2549 1894 praesenti
2591 1823 2811 1889 saeculo,
2859 1821 3098 1892 quandiu
3133 1834 3358 1875 necesse
3392 1825 3481 1874 est

1802 1890 1851 1949 Β
1879 1916 1927 1971 ei
1955 1933 2054 1986 per
2083 1890 2318 1988 quatuor
2339 1925 2526 1988 partes
2555 1917 2740 1972 mundi
2762 1890 3030 1986 satagere,
3056 1922 3116 1969 ut
3144 1913 3367 1984 impleat
3385 1913 3480 1968 de-

1877 2023 1993 2064 cem
2018 2019 2287 2080 praecepta
2321 2011 2475 2081 legis,
2502 2012 2607 2065 hoc
2631 2018 2736 2076 est,
2782 2018 2843 2063 ut
2856 2008 3004 2078 juste
3035 2017 3089 2064 et
3125 2008 3213 2077 pie
3243 2007 3392 2063 vivat
3418 2007 3478 2062 in

1875 2099 1979 2154 hoc
2001 2100 2200 2155 saeculo
2229 2111 2555 2171 exspectans
2579 2101 2798 2156 beatam
2826 2116 3002 2170 spem,
3040 2099 3256 2170 quando
3284 2099 3472 2155 videat

1875 2192 2166 2248 Dominum
2220 2194 2276 2247 in
2313 2193 2481 2264 gloria
2518 2209 2615 2248 sua
2665 2201 2720 2248 et
2763 2194 2960 2248 choros
3011 2193 3328 2264 angelorum
3377 2191 3480 2246 ad-

1877 2295 2098 2339 orantes
2125 2284 2594 2339 Deum.Eamdem
2621 2285 3081 2354 perseverantiam
3111 2283 3165 2338 in
3195 2284 3338 2338 bono
3361 2290 3477 2336 stu-

1879 2376 1968 2430 dio
1995 2374 2194 2445 ﬁgurat
2228 2375 2410 2430 tunica
2437 2375 2624 2429 talaris
2651 2391 2818 2446 quam
2841 2375 3014 2429 induit
3035 2372 3236 2444 Joseph
3265 2373 3319 2428 in
3338 2387 3479 2442 pra:-

1878 2467 2202 2537 ﬁguratione
2234 2467 2478 2538 corporis
2505 2466 2731 2535 Christi,
2777 2475 2832 2522 et
2861 2482 2961 2523 nos
2985 2466 3171 2523 clerici
3203 2480 3323 2521 eam
3346 2480 3474 2536 por-

1881 2565 2060 2614 tamus
2098 2559 2211 2615 sive
2245 2559 2299 2612 in
2328 2559 2645 2630 quotidiano
2676 2575 2798 2625 usu,
2851 2560 2966 2614 sive
2997 2559 3052 2613 in
3074 2558 3473 2614 ecclesiastico.

1879 2650 1961 2706 Ex
1991 2667 2056 2707 ea
2087 2667 2281 2722 nempe
2312 2651 2666 2707 admonemus
2690 2652 2947 2723 populum
2983 2652 3077 2706 Dei
3104 2660 3165 2706 ut
3207 2667 3377 2722 usque
3407 2650 3482 2707 ad

1882 2745 2046 2801 linem
2077 2746 2263 2801 mundi
2293 2754 2502 2817 satagat
2526 2761 2584 2801 se
2607 2747 2821 2817 operire
2837 2745 2994 2801 bonis
3017 2745 3295 2815 operibus.
3323 2743 3480 2800 Unde

1883 2839 2176 2910 Gregorius
2232 2838 2285 2892 in
2311 2839 2489 2910 primo
2527 2839 2667 2894 libro
2700 2840 2766 2895 de
2795 2837 3087 2894 Moralibus
3114 2856 3126 2891 :
3156 2837 3295 2892 Nam
3346 2837 3480 2910 quid

1883 2939 1966 2986 est
2023 2930 2210 2986 talaris
2259 2931 2464 2993 tunica,
2513 2931 2618 2985 nisi
2663 2931 2807 2987 actio
2847 2929 3257 2985 consummata?
3309 2927 3482 2996 Quasi

1884 3023 2028 3077 enim
2076 3038 2345 3093 propensa
2389 3023 2569 3077 tunica
2608 3023 2776 3078 talum
2817 3023 3065 3093 corporis
3101 3023 3300 3094 cperit,
3349 3039 3476 3078 cum

1883 3114 2027 3170 bona
2053 3116 2197 3170 actio
2227 3124 2353 3170 ante
2382 3117 2474 3170 Dei
2505 3117 2692 3172 oculos
2726 3133 2900 3188 usque
2928 3119 2998 3172 ad
3025 3119 3152 3173 vitae
3183 3117 3479 3173 terminum

1885 3205 2037 3276 tegit.
2086 3205 2200 3263 Hoc
2240 3216 2324 3262 est
2363 3223 2552 3264 cereos
2584 3224 2845 3265 accensos
2876 3210 3129 3264 manibus
3164 3217 3384 3278 portare
3419 3209 3477 3264 in

1830 3296 1849 3319 ‘
1881 3303 2126 3362 Ὑπαντή,
2153 3298 2297 3366 quod
2327 3300 2476 3353 estin
2494 3301 2915 3368 praesentatione
2930 3301 3012 3354 sui
3035 3317 3479 3372 unumquemque

1881 3404 2064 3443 secum
2093 3389 2294 3444 habere
2323 3405 2486 3460 opera
2517 3406 2639 3458 sua,
2671 3391 2724 3446 in
2750 3393 2946 3462 quibus
2975 3394 3156 3449 clarus
3178 3402 3233 3449 et
3270 3395 3480 3452 lucidus

1882 3488 2142 3550 appareat
2171 3481 2224 3534 in
2256 3489 2402 3536 coetu
2433 3491 2744 3538 sanctorum
2775 3485 3113 3556 angelorum,
3145 3486 3200 3541 in
3245 3503 3476 3558 quorum

1882 3574 2401 3628 commemoratione
2455 3575 2760 3631 celebratur
2810 3577 2867 3631 in
2926 3578 3230 3633 nocturnali
3289 3577 3473 3636 ofﬁcio

1883 3672 2097 3726 ’Υπαντή
2120 3659 2443 3725 novenarius
2467 3686 2745 3727 numerus.
2764 3670 2894 3727 Post
2916 3683 3335 3730 commemorata
3361 3673 3480 3731 olli-

1881 3759 1990 3824 cia,
2018 3760 2268 3815 veniente
2291 3759 2722 3834 Septuagesima,
2759 3775 3036 3820 mutamus
3059 3775 3282 3821 cantum
3323 3767 3464 3822 laeti-

1885 3853 1973 3906 tiae
2005 3851 2060 3906 in
2085 3852 2506 3920 tribulationem,
2543 3863 2606 3911 ut
2639 3872 2706 3911 ex
2727 3870 2793 3913 eo
2825 3858 3104 3915 trahamus
3130 3859 3197 3914 ad
3228 3872 3477 3918 nostram

1882 3944 2220 4009 memoriam,
2264 3947 2351 4001 cui
2396 3947 2612 4003 all‘ectui
2656 3948 2930 4007 debitores
2970 3950 3142 4009 simus
3169 3967 3235 4009 ex
3270 3956 3477 4012 nostris

1882 4037 2116 4103 meritis,
2151 4048 2206 4093 et
2237 4047 2295 4094 ut
2322 4055 2352 4095 e
2383 4041 2583 4097 ducatu
2619 4043 2944 4102 humilitatis
2990 4047 3374 4119 perveniamus
3405 4047 3479 4105 ad

1881 4129 2192 4197 passionem
2215 4130 2449 4187 Domini.

2454 4224 2683 4283 CAPUT
2723 4226 2966 4287 XXXIV.
3060 4254 3062 4256 ν

2319 4313 2397 4368 De
2423 4317 2621 4371 octavis
2661 4316 3034 4390 Theophaniw.

1953 4402 2124 4459 Natus
2148 4413 2233 4460 est
2269 4405 2521 4464 Christus
2544 4424 2611 4464 ex
2644 4409 2812 4465 Maria
2837 4413 3046 4483 virgine
3074 4418 3470 4490 temporaliter,

1882 4513 1993 4554 non
2031 4508 2255 4571 propter
2305 4517 2384 4568 se,
2428 4511 2487 4557 ut
2521 4511 2651 4559 tunc
2681 4505 2945 4575 inciperet
2987 4524 3130 4577 esse,
3178 4514 3334 4582 quasi
3364 4530 3476 4571 non

146 4593 327 4642 erant
377 4583 564 4654 angeli
614 4593 670 4640 et
696 4600 887 4642 omnes
920 4586 1100 4644 Patris
1150 4588 1388 4646 cmlestis
1429 4592 1660 4649 virtutes
1711 4611 1776 4650 ac
1802 4617 1856 4678 Β
1881 4600 2040 4647 antea
2070 4601 2215 4647 esset
2247 4611 2260 4648 :
2290 4605 2417 4651 ante
2457 4598 2639 4652 omnia
2690 4606 2936 4670 tempora
2968 4601 3072 4658 fuit
3114 4618 3237 4659 cum
3288 4605 3475 4675 Patre,

147 4685 487 4750 potestates
509 4677 787 4746 subjectae,
811 4693 971 4748 quem
1000 4696 1124 4736 cum
1151 4680 1313 4740 Patre
1339 4691 1394 4739 et
1421 4683 1628 4754 Spiritu
1651 4701 1774 4742 san.
1879 4697 1978 4753 per
2025 4699 2186 4755 quem
2212 4685 2329 4741 haec
2355 4687 2537 4743 omnia
2587 4698 2835 4762 tempora
2858 4702 3044 4748 creata
3075 4705 3232 4761 sunt;
3284 4698 3379 4752 sed
3415 4707 3478 4752 ut

147 4779 245 4827 cto
282 4783 476 4825 unum
506 4768 622 4822 sine
656 4768 811 4824 initio
852 4772 1019 4826 Deum
1058 4775 1320 4844 laudant,
1355 4787 1631 4844 tremunt.
1683 4783 1778 4838 ad-

144 4872 348 4918 orant.
388 4859 508 4916 Sed
545 4863 854 4917 necessario
902 4864 1301 4930 admonendum
1348 4872 1542 4928 beatus
1585 4873 1780 4932 Petrus

144 4951 504 5016 aestimavit,
538 4953 680 5022 quod
711 4963 987 5026 assumpta
1032 4957 1343 5014 humanitas
1381 4961 1437 5014 in
1468 4970 1679 5018 tantam
1710 4966 1782 5020 sit

143 5047 407 5118 gloriam
435 5047 774 5115 resurgendo
799 5045 1110 5116 sublimata,
1141 5059 1201 5106 ut
1230 5052 1643 5124 incomparabili
1669 5057 1781 5112 cul-

145 5141 312 5195 mine
349 5137 516 5193 omni
546 5137 818 5210 Angelicae
854 5141 1131 5213 dignitatis
1150 5146 1408 5215 potentia:
1435 5147 1774 5218 prseteratur.

140 5243 259 5298 Iste
290 5237 576 5295 introitus
603 5247 697 5294 aut
722 5239 866 5294 intra
893 5255 952 5296 se
976 5242 1141 5297 habet
1158 5248 1399 5309 Ὕπαντῄ
1433 5252 1529 5300 aut
1559 5245 1778 5301 initium

141 5338 425 5409 possidet
457 5333 600 5388 infra
645 5343 770 5401 octo
797 5336 914 5391 dies
963 5334 1205 5404 ejusdem
1249 5345 1493 5406 Ὑπαντή,
1547 5340 1652 5396 nisi
1681 5356 1781 5411 per

141 5429 418 5498 anticipa
431 5425 636 5479 tionem
657 5425 881 5482 Pascha:
896 5438 1197 5498 praecurrat
1218 5429 1650 5504 Septuagesima.
1676 5434 1780 5490 Me-

140 5521 375 5579 morati
412 5519 674 5574 introitus
704 5520 966 5592 beneficia
996 5522 1199 5579 Christi
1237 5526 1514 5582 insinuant
1536 5529 1778 5598 praestita

139 5614 325 5670 nobis
380 5611 462 5667 ad
524 5608 846 5666 ltetilicanda
907 5614 1071 5669 corda
1122 5625 1330 5672 nostra.
1397 5619 1604 5675 Idcirco
1656 5636 1777 5676 cum

140 5706 390 5761 duobus
425 5713 720 5758 cantamus
760 5702 1063 5772 ollertoria,
1106 5708 1358 5764 Jubilate.
1411 5711 1606 5766 Lmtari
1633 5713 1780 5768 enim

140 5814 260 5855 nos
313 5805 586 5867 oportet,
637 5798 763 5867 quia
806 5814 912 5854 non
963 5800 1138 5856 solum
1176 5803 1244 5858 de
1288 5804 1502 5860 inferno
1537 5806 1780 5862 inferiori

139 5887 464 5960 beneﬁcia
502 5885 702 5944 Christi
731 5905 830 5946 nos
864 5890 1122 5965 liberant,
1166 5895 1265 5958 sed
1289 5896 1479 5973 _etiam
1526 5899 1592 5960 de
1633 5897 1780 5960 clau~

563 5981 840 6058 Peraea.
884 5984 1035 6072 CV,

1882 4777 2156 4832 mentibus
2178 4780 2378 4834 nostris
2417 4797 2556 4836 nova
2596 4781 2688 4837 lux
2720 4793 3028 4853 appareret,
3066 4801 3166 4854 per
3193 4803 3357 4856 quam
3388 4805 3476 4845 re-

1882 4877 2222 4922 verteremur
2251 4870 2319 4924 ad
2350 4870 2667 4926 Creatorem
2712 4881 2980 4940 nostrum,
3019 4877 3111 4945 qui
3137 4892 3357 4935 eramus
3417 4881 3475 4936 in

1885 4963 2141 5018 tenebris.
2198 4961 2372 5016 Simili
2424 4964 2584 5018 modo
2644 4963 2951 5034 baptizatus
2991 4976 3097 5035 est,
3156 4985 3262 5026 non
3324 4974 3471 5042 quod

1886 5057 2096 5125 eguerit
2141 5055 2485 5125 baptisterio,
2533 5065 2592 5111 ut
2619 5057 2674 5112 in
2702 5074 2768 5114 eo
2817 5061 3064 5118 ablueret
3087 5079 3182 5118 sua
3218 5077 3468 5136 peccata,

1887 5162 2008 5217 quae
2039 5146 2181 5200 nulla
2205 5156 2382 5213 erant,
2414 5149 2510 5204 sed
2540 5158 2599 5204 ut
2623 5148 2854 5206 formam
2877 5153 3030 5208 daret
3059 5169 3170 5211 sum
3193 5156 3469 5225 Ecclesiae,

1886 5241 2157 5311 quomodo
2187 5251 2452 5313 quaereret
2486 5244 2632 5300 ablui
2672 5261 2767 5300 sua
2793 5255 3037 5315 peccata.
3072 5248 3226 5304 Unde
3254 5251 3366 5322 ipse
3396 5253 3474 5307 di-

1886 5331 2044 5389 cebat
2109 5334 2164 5389 in
2223 5335 2514 5408 Evangelio
2546 5353 2559 5390 :
2591 5337 2683 5392 Sic
2738 5338 2873 5390 enim
2923 5339 3069 5394 decet
3113 5357 3206 5396 nos
3255 5343 3472 5414 implere

1886 5445 2087 5483 omnem
2119 5429 2408 5499 justitiam.
2452 5430 2697 5485 Mortuus
2735 5440 2820 5487 est
2871 5430 3147 5502 Christus,
3206 5443 3266 5490 ut
3311 5451 3469 5494 suum

1888 5537 2106 5593 corpus,
2135 5523 2280 5594 quod
2309 5533 2393 5579 est
2425 5533 2614 5579 sancta
2640 5524 2903 5592 Ecclesia,
2943 5526 3108 5582 morti
3139 5538 3467 5585 moreretur.

1888 5613 2019 5669 Erat
2062 5616 2215 5686 prius
2264 5631 2434 5687 genus
2488 5617 2786 5670 humanum
2833 5617 2945 5672 Deo
2993 5626 3288 5686 mortuum,
3341 5620 3471 5691 quia

1888 5710 2047 5764 morti
2099 5709 2415 5775 obediebat;
2450 5709 2766 5767 vivebamus
2803 5712 2984 5777 morti,
3025 5726 3147 5767 cum
3180 5714 3230 5768 ei
3261 5729 3470 5770 seme-

1887 5804 2109 5870 bamus;
2135 5804 2401 5859 morimur
2427 5805 2608 5871 morti,
2638 5822 2760 5862 cum
2789 5806 2838 5863 ei
2871 5808 3266 5863 renuntiamus.
3306 5807 3377 5864 Ut
3399 5809 3472 5863 ad

1887 5897 2211 5959 memoriam
2237 5900 2564 5961 reducamus
2588 5900 2735 5975 quod
2762 5899 3011 5959 Christus
3034 5911 3324 5978 propterea
3345 5915 3474 5976 par

2919 5995 3016 6087 39,
