4000 6490
497 368 650 443 erat

1576 368 1909 443 suum
1944 363 2381 451 PRESBYTER!
2412 364 2759 443 animus
2850 438 2853 443 ς

3674 367 3832 431 me

502 508 602 575 sus
625 490 696 557 sit
720 497 785 564 ut
819 498 919 566 nos
952 500 1298 565 moraremur
1332 494 1582 561 peccato,
1620 490 1680 553 in
1719 497 1911 567 quarta
1953 489 2091 546 feria
2116 495 2171 573 Α
2190 498 2340 561 tatus
2367 498 2453 559 est
2482 490 2540 546 in
2566 488 2773 559 templo
2798 477 3074 551 (Sinistus.
3092 487 3179 547 Ad
3199 489 3352 561 epod
3388 485 3830 559 nilum

500 593 633 660 ante
676 582 903 649 Coenam
941 582 1155 657 Domini
1184 589 1241 641 et
1274 589 1465 649 nosu‘a
1512 581 1865 659 mortiﬁcatio
1893 584 2090 655 recoli-

498 660 594 751 tur
637 678 692 753 in
731 674 1004 746 aliquibus
1045 672 1257 741 ciliciis,
1303 684 1357 741 et
1390 673 1607 739 Domini
1642 675 1826 746 passio
1869 674 2088 749 legitur.

503 754 660 831 Unde
688 769 895 827 dictum
918 776 1003 825 est
1030 769 1085 823 in
1103 768 1218 841 jam
1254 768 1457 838 scripto
1480 766 1665 823 libello
1691 766 1758 823 de
1777 766 1970 839 quinta
1998 782 2092 823 va-

502 867 700 927 rietate
731 883 745 920 :
777 863 835 922 Si
875 870 1237 935 sequerentur
1278 862 1398 925 dies
1430 870 1555 933 post
1578 869 1789 919 sextam
1820 860 2011 917 feriam
2035 861 2092 917 in

494 958 699 1037 quibus
718 962 997 1028 oporteret
1019 954 1251 1020 tristari,
1282 940 1667 1011 forteoctavas
1694 954 1964 1029 passionis
1991 954 2095 1011 Do-

498 1044 634 1121 mini
664 1051 1109 1117 celebrassemus,
1140 1049 1246 1105 hoc
1273 1056 1376 1114 est,
1404 1063 1503 1118 per
1527 1047 1948 1105 celebrationem
1977 1047 2096 1103 olli-

498 1147 571 1203 cii
602 1145 669 1203 ad
716 1145 1039 1203 memoriam
1085 1144 1471 1219 reduceremns
1514 1144 1677 1201 morti
1712 1143 1910 1200 obnixe
1952 1143 2094 1209 mori

498 1255 601 1307 nos
644 1239 861 1309 debere.
916 1237 1144 1299 Moritur
1193 1239 1359 1317 homo
1421 1236 1670 1304 luxuriae,
1724 1238 1817 1313 qui
1871 1239 2094 1297 castita-

501 1343 611 1393 tem
643 1342 861 1400 servat;
921 1333 1154 1389 moritur
1199 1331 1438 1400 invidiae,
1472 1330 1565 1403 qui
1588 1331 1844 1403 castitate
1885 1332 2089 1404 pollet;

500 1425 733 1483 moritur
760 1423 1151 1491 incredulitati,
1180 1421 1335 1495 cujus
1360 1438 1456 1480 cor
1476 1421 1581 1485 ﬁde
1604 1422 1916 1485 mundatur.

567 1517 625 1571 ln
657 1516 865 1573 duabus
884 1515 1212 1573 lectionibus
1240 1530 1360 1585 quae
1399 1513 1654 1591 leguntur
1689 1514 1742 1569 in
1774 1523 1928 1573 sexta
1956 1513 2095 1571 feria

496 1609 769 1681 passionis
820 1608 1056 1674 Domini,
1097 1608 1583 1665 animadvertimus
1613 1607 1748 1662 duas
1786 1615 1992 1663 mortes
2037 1607 2095 1663 in

496 1703 692 1759 eodem
721 1702 809 1757 die
839 1700 1165 1777 celebratas.
1191 1700 1377 1761 Lectio
1413 1699 1481 1756 de
1504 1699 1691 1757 Exodo
1716 1698 1920 1765 Christi
1940 1714 2088 1755 moro

498 1805 609 1853 tem
638 1794 984 1862 manifestat;
1012 1794 1078 1851 de
1104 1793 1243 1851 Osee
1268 1808 1423 1859 vero,
1449 1793 1821 1865 membrorum
1844 1808 2088 1863 suorum,

499 1887 566 1943 de
614 1886 812 1957 quibus
856 1884 987 1941 dicit
1023 1882 1268 1939 Paulus:
1307 1882 1412 1949 Qui
1467 1890 1645 1955 autem
1688 1892 1812 1949 sunt
1870 1880 2092 1951 Christi,
2122 1874 2171 1936 B

495 1996 706 2037 carnem
739 1994 894 2033 suam
942 1976 1320 2047 cruciﬁxerunt
1356 1992 1477 2039 cum
1519 1974 1658 2030 vitiis
1706 1985 1755 2033 et
1804 1976 2090 2047 concupis-

496 2068 700 2125 centiis.
746 2067 979 2123 Tractus
1033 2066 1128 2136 qui
1174 2065 1419 2135 sequitur
1462 2074 1590 2135 post
1648 2052 1929 2130 lectiones,
1985 2063 2091 2130 Qui

495 2160 699 2217 habitat
738 2160 795 2231 in
840 2156 1110 2229 adjutorio
1138 2155 1419 2223 Altissimi,
1459 2154 1722 2212 informat
1744 2172 1907 2213 omne
1950 2172 2092 2233 prie-2

495 2250 694 2325 sidium
724 2264 834 2325 quo
861 2246 1189 2327 adjuvantur
1215 2263 1246 2302 a
1272 2247 1502 2303 Domino
1539 2247 1717 2305 sancti
1743 2247 1798 2311 in
1835 2248 2092 2307 certami-

494 2330 563 2427 ne
587 2349 770 2423 positi.
814 2345 969 2402 Hunc
1007 2344 1280 2427 psalmum
1310 2343 1555 2417 congruit
1592 2342 1939 2419 potissimum
1971 2359 2090 2403 me-

493 2422 653 2500 ditari
690 2484 706 2513 ,
776 2457 902 2498 cum
946 2439 1070 2510 quis
1121 2422 1380 2511 periculis
1429 2438 1831 2511 appropinquat
1880 2447 1936 2497 et
1983 2439 2093 2513 cir-.

406 2520 407 2523 ¹
491 2516 783 2602 cumdatur
822 2522 1037 2605 insidiis
1065 2538 1159 2599 aut
1191 2529 1475 2601 angustiis,
1508 2529 1657 2585 velut
1685 2530 1864 2585 bestia
1893 2530 2082 2591 multis

490 2624 700 2705 laqueis
748 2624 982 2691 irretita,
1031 2632 1093 2691 ut
1137 2622 1310 2701 possit
1353 2621 1529 2678 audiri
1559 2636 1590 2677 a
1616 2621 1851 2697 Domino
1889 2641 1903 2678 :
1937 2623 2093 2687 invo-

491 2714 637 2770 cabit
682 2730 791 2781 me,
846 2723 899 2769 et
925 2730 1018 2785 ego
1041 2714 1325 2783 egraudiam
1380 2730 1500 2769 eum
1524 2729 1545 2779 ;
1587 2731 1707 2771 cum
1735 2715 1848 2788 ipso
1877 2732 1995 2771 sum
2033 2717 2090 2771 in

490 2807 851 2863 tribulatione.
877 2807 1086 2875 Idcirco
1108 2821 1254 2863 nune
1282 2814 1538 2883 cantatur
1562 2823 1629 2863 ex
1660 2823 1896 2879 persona
1919 2825 2091 2867 mem-

384 2974 389 2979 .
490 2899 738 2977 brorum,
777 2898 907 2973 quia
946 2896 1204 2953 affectum
1246 2897 1462 2955 illorum
1509 2882 1615 2955 non
1656 2882 1980 2979 dedignatus
2006 2908 2092 2959 est

489 2988 753 3044 Dominus
784 2989 838 3043 in
872 3004 932 3044 se
974 3004 1277 3061 assumere.
1333 2990 1596 3047 Cantator
1633 3001 1690 3048 et
1719 3007 1817 3064 per
1848 2993 2093 3065 singulas

494 3088 680 3136 noctes
708 3090 933 3159 propter
979 3081 1205 3137 timores
1233 3090 1553 3150 nocturnos,
1583 3084 1669 3143 vel
1706 3086 1832 3155 quia
1863 3101 2092 3145 somnus

488 3171 659 3229 habet
682 3171 1124 3241 imaginationem
1151 3173 1365 3247 mortis.
1410 3172 1470 3229 In
1515 3174 1792 3245 passione,
1840 3174 2089 3234 Salvato-

2192 600 2295 655 nos
2336 592 2602 652 coarctat,
2650 592 2709 639 ut
2749 581 2990 643 infantes
3010 584 3185 642 nostri
3232 584 3680 660 quadragesima
3728 588 3832 646 ib

2190 678 2497 751 nativitatis
2548 693 2662 747 suae
2692 685 3093 749 praesentenuir
3112 678 3173 737 in
3204 678 3428 751 templo.

2758 789 2995 847 CAPUT
3034 790 3258 849 XXXV.

2625 882 2703 939 De
2746 881 3006 938 natalitiis
3041 892 3365 938 sanctorum.

2266 978 2401 1047 Quae
2424 975 2535 1035 sint
2552 974 2804 1031 natalitia
2836 984 3175 1044 sanctorum,
3204 991 3272 1031 ex
3300 992 3416 1033 uno
3443 980 3823 1050 responsorio

2190 1072 2291 1142 qui
2331 1078 2586 1128 cantatur
2615 1068 2674 1123 in
2718 1067 3019 1124 festivitate
3058 1060 3207 1124 beati
3255 1068 3567 1141 Stephani,
3614 1086 3825 1145 cogno-

2193 1178 2352 1223 scere
2398 1177 2712 1234 possumus.
2756 1161 2901 1217 Dicit
2945 1161 3329 1232 rapousorius
3360 1179 3378 1216 :
3404 1161 3693 1218 Hesterna
3737 1165 3821 1220 die

2197 1268 2353 1319 natus
2414 1268 2490 1314 est
2530 1258 2790 1313 Dominus
2829 1258 2889 1312 in
2932 1257 3111 1324 terris,
3156 1266 3217 1312 ut
3256 1255 3574 1328 Stephanus
3624 1276 3817 1314 nasce-

2196 1363 2344 1408 retur
2381 1351 2439 1406 in
2479 1350 2644 1406 cadis.
2691 1349 2949 1405 Natalitia
2988 1357 3310 1405 sanctorum
3358 1350 3694 1406 nativitates
3726 1366 3819 1407 eo-

2196 1459 2321 1500 rum
2374 1452 2700 1509 monstrant,
2764 1442 2966 1514 quibus
3020 1450 3328 1499 naseuntur
3378 1443 3434 1498 in
3484 1444 3818 1501 societatem

2196 1550 2394 1594 novem
2436 1537 2691 1593 ordinum
2721 1536 3062 1609 angelorum,
3098 1545 3156 1592 et
3195 1536 3252 1591 in
3300 1536 3632 1593 societatem
3672 1553 3819 1593 san-

2196 1639 2412 1687 ctorum
2453 1630 2681 1685 Patrum
2725 1628 2993 1686 naturalis
3026 1630 3183 1702 legis,
3235 1629 3458 1702 etlegis
3502 1630 3732 1699 littera,
3758 1637 3817 1686 et

2195 1721 2336 1779 Novi
2366 1723 2723 1779 Testamenti.
2774 1723 3007 1795 Propter
3039 1723 3270 1795 gloriam
3300 1722 3440 1780 Novi
3466 1721 3819 1780 Testameuti

2199 1817 2484 1874 continent
2503 1816 2816 1887 antiphonte
2841 1815 2910 1871 de
2946 1815 3111 1871 tertia
3136 1814 3402 1885 periocha
3430 1814 3690 1881 Alleluia,
3716 1828 3816 1870 ve-

2199 1910 2301 1966 luti
2335 1920 2462 1967 sunt
2489 1928 2503 1964 :
2532 1908 2927 1965 Exultabuntur
2973 1925 3174 1963 cornua
3197 1909 3357 1979 justi,
3391 1907 3654 1963 Alleluia.
3691 1908 3816 1965 Lux

2194 2010 2316 2059 orta
2343 2012 2421 2057 est
2436 2002 2607 2072 justo,
2659 1999 2909 2058 Alleluia.
2954 1997 3333 2054 Custodiebant
3359 2000 3672 2054 testimonio
3695 2000 3813 2070 ejus

2197 2106 2248 2150 et
2294 2105 2556 2167 prwcepta
2587 2095 2723 2168 ejus,
2764 2093 3017 2150 Alleluia.
3048 2093 3111 2149 In
3132 2093 3519 2150 festivitatibus
3549 2110 3704 2165 quas
3730 2112 3817 2152 re-

2196 2189 2446 2256 colimus,
2482 2188 2776 2246 recolimus
2794 2204 2895 2261 per
2916 2189 3274 2245 novenarium
3290 2203 3615 2257 numerum,
3644 2199 3819 2244 stan-

2197 2288 2281 2339 tes
2341 2297 2580 2349 oramus,
2638 2282 2929 2339 recolendo
2966 2291 3213 2339 sanctam
3256 2282 3575 2338 societatem
3618 2297 3825 2355 ange-

2196 2372 2375 2431 lorum
2402 2385 2458 2432 et
2485 2374 2710 2432 Patrum
2730 2384 3070 2445 sanctorum,
3099 2377 3197 2448 qui
3217 2375 3325 2448 iam
3352 2385 3479 2434 sunt
3507 2377 3575 2434 in
3593 2376 3821 2439 latitia

2198 2469 2551 2540 sempiterna.
2739 2540 2969 2599 CAPUT
3019 2541 3243 2604 xxx“

2449 2631 2527 2688 De
2572 2633 2768 2691 octavis
2805 2632 3176 2689 natalitiorum
3222 2642 3556 2689 sanctorum.

2272 2724 2523 2785 Solemus
2568 2736 2794 2783 octavas
2829 2726 3200 2782 natalitiorum
3238 2726 3553 2798 aliquorum
3584 2733 3811 2784 sancto—

2196 2836 2322 2879 rum
2372 2820 2651 2878 celebrare
2674 2863 2689 2888 ,
2736 2837 2930 2877 eorum
2980 2821 3189 2881 scilicet
3249 2836 3493 2893 quorum
3541 2819 3810 2881 festivitas

2197 2916 2342 2988 apud
2368 2930 2467 2972 nos
2499 2916 2699 2972 clarior
2722 2917 2988 2985 habetur,
3018 2916 3188 2973 veluti
3216 2925 3307 2973 est
3333 2916 3394 2972 in
3424 2917 3646 2973 octavis
3685 2930 3810 2987 apo-

2197 3012 2461 3069 stolorum
2496 3011 2647 3069 Petri
2688 3022 2744 3068 et
2786 3012 2959 3080 Pauli,
2996 3020 3053 3068 et
3091 3020 3431 3069 cieterorum
3472 3021 3805 3076 sanctorum,

2197 3119 2431 3175 quorum
2454 3104 2790 3165 consuetudo
2815 3106 3153 3162 diversarum
3176 3105 3565 3163 Ecclesium
3588 3114 3800 3162 octavas

2197 3196 2454 3252 celebrat.
2516 3196 2575 3253 Si
2608 3212 2718 3254 non
2747 3198 2992 3254 valemus
3019 3199 3267 3255 omnium
3300 3208 3625 3255 sanctorum
3650 3208 3803 3253 nata—

488 3267 569 3323 ris
602 3265 775 3322 nostri
816 3266 1000 3337 paries
1039 3265 1453 3337 inimicitiarum
1495 3256 1687 3341 ruptus
1721 3277 1825 3337 est,
1867 3279 1925 3349 et
1957 3286 2089 3331 cons

2195 3284 2313 3343 litin
2346 3285 2657 3354 celebrare,
2694 3297 2902 3359 quanto
2935 3290 3116 3345 minus
3150 3298 3384 3347 octavas
3417 3291 3641 3346 eorum?
3678 3288 3798 3345 Non

488 3357 662 3430 iuncti
696 3369 824 3416 sunt
851 3359 957 3416 duo
986 3359 1172 3432 populi
1217 3360 1269 3417 in
1300 3377 1410 3417 uno
1440 3361 1618 3432 lapide
1647 3362 1917 3439 angulari,
1943 3366 2091 3437 quod

489 3471 596 3511 non
620 3455 798 3531 potuit
826 3453 965 3531 ﬁeri,
985 3454 1089 3515 nisi
1113 3455 1388 3531 gentilitas
1422 3455 1573 3527 prius
1605 3464 1912 3529 moreretur
1938 3472 2088 3525 mor-

493 3548 533 3602 ti
558 3547 835 3605 vitiorum.
869 3545 1138 3616 Quoniam
1161 3547 1262 3615 ista
1278 3563 1384 3619 non
1400 3547 1780 3619 proposuimus
1793 3548 1883 3605 hic
1911 3547 2089 3621 inqui-

490 3659 638 3719 rere,
687 3642 782 3699 sed
816 3657 1106 3721 precamur
1142 3641 1413 3713 supplices
1452 3648 1513 3699 ut
1556 3641 1711 3697 abeo
1750 3641 1948 3715 spiritu
2005 3641 2088 3713 iu-

496 3745 643 3792 serta
695 3736 805 3811 sint
836 3736 928 3808 qui
962 3735 1054 3790 ubi
1108 3734 1223 3807 vult
1268 3734 1476 3805 spirat;
1532 3749 1678 3793 nunc
1722 3736 1790 3791 ad
1840 3735 2089 3809 proposi:

499 3838 614 3887 tum
643 3812 976 3883 redeundum
1002 3836 1104 3883 est.
1134 3827 1191 3901 in
1218 3814 1574 3901 Theophania
1596 3825 1935 3885 celebramus
1955 3844 2087 3899 quo-

491 3906 653 3975 modo
691 3920 954 3995 Dominus
990 3934 1020 3973 a
1054 3917 1226 3988 Magis
1271 3918 1344 3983 sit
1378 3918 1693 3988 inquisitus,
1727 3928 1783 3975 et
1808 3920 2084 3989 inventus,

497 4026 563 4068 ac
605 4006 896 4087 adoratus;
953 4008 1226 4085 quomodo
1278 4009 1447 4073 laetati
1482 4010 1593 4066 sint
1616 4012 1870 4079 conviva:
1893 4013 1952 4069 in
1984 4030 2087 4073 nu-

493 4104 659 4176 ptiis;
712 4088 985 4175 quomodo
1034 4104 1105 4159 sit
1137 4100 1465 4175 baptizatus.
1506 4102 1636 4173 Quae
1675 4105 1859 4171 omnia
1891 4121 2087 4178 possu-

491 4211 616 4251 mus
645 4196 963 4269 dignoscere
987 4211 1057 4251 ex
1077 4195 1389 4267 antiphonis
1410 4212 1531 4267 qua:
1561 4205 1855 4254 cantantur
1883 4199 1938 4254 in
1965 4215 2083 4256 ma-

491 4289 689 4345 tutino.
726 4288 785 4344 In
825 4289 1037 4348 octavis
1067 4289 1185 4367 ejus
1211 4286 1522 4351 celebratur
1559 4304 1647 4359 res
1671 4306 1771 4363 pro
1801 4309 1907 4363 qua
1931 4293 2089 4351 Chri-

495 4389 613 4438 stus
641 4382 945 4453 baptizatus
968 4390 1076 4449 est,
1110 4382 1215 4445 hoc
1243 4390 1346 4450 est,
1372 4393 1621 4447 nostrum
1653 4384 1954 4454 lavacrum,
1987 4404 2087 4458 per

494 4474 641 4545 quod
686 4483 872 4529 nostra
916 4484 1142 4546 peccata
1175 4475 1493 4544 abluuntur,
1536 4478 1697 4550 quale
1727 4489 1810 4549 est
1848 4481 1984 4541 illud
2019 4483 2086 4541 de

494 4566 672 4636 prima
718 4565 1015 4637 antiphona
1053 4568 1107 4621 in
1150 4570 1357 4625 octavis
1404 4571 1771 4643 Theophanite
1801 4591 1813 4626 :
1848 4572 2087 4630 Veterem

495 4654 757 4711 hominem
784 4671 1038 4711 renovatis
1071 4656 1341 4727 Salvator,
1386 4669 1441 4717 et
1502 4661 1559 4715 in
1595 4663 1871 4733 secunda:
1904 4665 1973 4721 Te
1995 4668 2086 4737 qui

494 4747 554 4801 in
617 4744 808 4816 spiritu
851 4754 898 4799 et
946 4746 1067 4817 igne
1113 4746 1367 4818 puriﬁcas
1414 4748 1648 4811 humana
1685 4754 1949 4824 contagia,
2004 4754 2088 4817 ld-

494 4838 671 4910 ipsum
702 4838 908 4909 poterit
930 4838 1172 4915 reperire
1204 4838 1431 4915 diligens
1458 4840 1750 4911 inquisitor
1769 4843 1823 4899 in
1853 4859 2088 4916 sequen-

494 4929 662 4984 tibus.
711 4928 851 4997 Quia
877 4929 984 4985 duo
1009 4937 1277 5003 praecepta
1310 4926 1436 4991 Sunt
1469 4932 1801 5003 dilectionis,
1835 4936 1932 4997 Dei
1978 4941 2088 5005 sci-

492 5020 623 5077 licet
648 5029 704 5076 et
727 5021 990 5093 proximi,
1022 5023 1163 5101 sicut
1183 5022 1499 5089 honorando
1524 5010 1852 5099 baptismum
1881 5029 2087 5089 Christi

493 5112 591 5169 Dei
614 5119 671 5168 et
693 5109 994 5170 Salvatoris
1015 5113 1191 5193 nostri
1210 5113 1608 5197 celebravimus
1635 5119 1691 5176 in
1711 5119 2084 5195 Theophania,

494 5206 834 5263 celebremus
870 5215 927 5263 et
956 5217 1203 5264 nostrum
1245 5207 1518 5273 initiatum
1558 5211 1672 5282 jam
1698 5213 1753 5271 in
1782 5216 1963 5286 capite
1989 5233 2089 5274 no-

496 5308 613 5358 stro
648 5302 704 5356 in
754 5286 964 5358 octavis
995 5300 1334 5377 Epiphania,
1367 5301 1472 5359 hoc
1523 5311 1628 5381 est,
1670 5305 1737 5369 ad
1767 5310 2088 5371 memoriam

496 5396 825 5477 reducamus
864 5411 973 5467 qua
1018 5395 1085 5469 de
1133 5412 1295 5453 causa
1345 5395 1596 5473 Christus
1641 5399 1948 5477 baptizatus
1993 5407 2090 5476 sit,

502 5487 713 5543 scilicet
740 5487 869 5560 quia
906 5500 1133 5544 necesse
1160 5498 1280 5545 erat
1304 5497 1363 5545 ut
1400 5490 1825 5564 baptizaremur.
1855 5497 1922 5552 Et
1956 5499 2088 5571 quid

500 5579 676 5648 prosit
710 5578 1012 5652 baptismus
1056 5583 1366 5655 antiphonie
1413 5596 1721 5653 monstrant
1774 5590 1830 5646 in
1875 5594 2086 5653 octavis

501 5666 889 5742 Theophanize.
926 5675 1073 5732 Unde
1105 5677 1234 5750 dicit
1257 5695 1360 5735 una
1396 5695 1464 5735 ex
1489 5682 1595 5740 illis
1630 5702 1643 5739 :
1672 5683 1951 5757 Baptizato
1977 5687 2088 5743 Do-

500 5763 669 5829 mino,
686 5763 828 5839 facta
848 5776 921 5821 est
944 5778 1273 5839 peccatorum
1295 5783 1594 5829 nostrorum
1618 5779 1873 5837 remissio.
1900 5792 2088 5841 Ὕπαν-

512 5860 567 5921 ςή
601 5870 708 5913 non
741 5858 906 5916 habet
954 5871 1197 5933 octavas,
1251 5867 1512 5941 quoniam
1542 5870 1800 5951 legalitcr
1844 5893 2087 5953 praesen-

2193 3385 2279 3434 est
2316 3378 2474 3437 nobis
2514 3378 2890 3437 disserendum
2929 3396 3049 3451 quae
3086 3381 3349 3438 Ecclesia:
3393 3382 3525 3439 illas
3564 3381 3647 3438 vel
3682 3380 3803 3440 illas

2192 3472 2373 3529 colant
2401 3481 2646 3541 octavas,
2678 3475 2774 3531 sed
2803 3475 2936 3546 quid
2964 3476 3121 3532 nobis
3146 3476 3385 3533 innuant
3423 3478 3559 3548 ipsa
3580 3486 3793 3532 octavas.

2190 3563 2253 3623 In
2306 3565 2572 3621 uatalitiis
2594 3574 2933 3630 sanctorum
2989 3566 3414 3638 frequentamus
3470 3569 3804 3641 recepqu

2191 3655 2312 3717 illas
2336 3657 2393 3713 in
2422 3658 2619 3728 quibus
2643 3660 2838 3715 anima:
2863 3670 3178 3717 sanctorum
3208 3662 3564 3737 recipiuntur
3587 3663 3803 3733 quando

2191 3756 2392 3805 exeunt
2411 3750 2479 3805 de
2500 3765 2745 3821 corpore.
2770 3750 2848 3806 De
2865 3752 2956 3809 his
2977 3754 3387 3826 receptionibus
3402 3754 3545 3810 dicit
3556 3754 3806 3827 Augusti-

2189 3857 2294 3899 nus
2314 3843 2369 3897 in
2394 3856 2651 3901 sermone
2674 3846 3091 3918 quadragesimo
3116 3855 3274 3904 sexto
3305 3863 3485 3918 super
3510 3848 3798 3905 Joannem:

2192 3931 2346 3989 Sicut
2381 3946 2515 4007 ergo
2547 3935 2775 3993 diversae
2813 3935 3074 3992 custodiae
3103 3937 3384 4010 agentium
3430 3939 3490 3994 in
3527 3939 3570 4011 -ιι
3603 3939 3799 4003 cilicia,

2189 4023 2271 4085 sic
2308 4023 2537 4096 diversa:
2569 4025 2830 4083 custodite
2862 4035 3236 4093 mortuorum,
3267 4036 3328 4083 et
3355 4030 3578 4085 diversa
3604 4030 3799 4084 merita

2189 4115 2613 4185 resurgentium.
2653 4115 2927 4185 Receptus
2953 4124 3037 4171 est
3061 4132 3292 4189 pauper,
3324 4130 3595 4192 receptus
3622 4130 3705 4177 est
3732 4120 3805 4175 ifi-

2188 4216 2316 4268 ves;
2340 4204 2433 4260 sed
2456 4203 2547 4260 ille
2574 4204 2632 4258 in
2668 4204 2790 4259 sinu
2813 4206 3069 4273 Abrahae,
3106 4207 3197 4263 ille
3228 4207 3324 4265 ubi
3359 4211 3555 4266 sitiret
3580 4222 3637 4268 et
3660 4224 3804 4283 aqua

2189 4306 2400 4369 guttam
2445 4315 2558 4355 non
2600 4286 2889 4357 inveniret.
2946 4301 3159 4357 Habent
3192 4318 3329 4375 ergo
3367 4318 3577 4363 omnes
3620 4308 3803 4362 anime

2191 4390 2276 4463 (ut
2297 4407 2367 4449 ex
2392 4393 2682 4450 occasione
2718 4394 2983 4450 instruam
3021 4396 3351 4453 charitatem
3382 4403 3678 4473 vestram),
3715 4403 3806 4458 ha-

2190 4483 2321 4539 bent
2341 4500 2533 4541 omnes
2562 4487 2758 4542 animae
2791 4504 2915 4543 eum
2946 4489 3011 4544 de
3037 4490 3234 4545 saeculo
3262 4492 3537 4560 exierint,
3562 4495 3801 4548 diversas

2192 4564 2535 4647 receptiones
2580 4595 2739 4648 suas;
2786 4582 2991 4637 habent
3028 4584 3282 4651 gaudium
3326 4586 3517 4655 bonae,
3560 4598 3619 4644 et
3648 4588 3802 4644 malas

2192 4678 2485 4728 tormenta.
2530 4672 2638 4731 Sed
2667 4690 2790 4729 cum
2827 4673 2968 4730 facta
3005 4676 3170 4733 fuerit
3208 4670 3585 4751 resurrectio,
3627 4693 3683 4740 et
3716 4684 3807 4739 bo-

2192 4776 2387 4817 norum
2421 4763 2675 4833 gaudium
2703 4764 2935 4836 amplius
2973 4768 3100 4835 erit,
3137 4777 3192 4823 et
3219 4770 3498 4828 malorum
3532 4784 3807 4832 tormenta

2192 4855 2467 4926 graviora,
2509 4858 2728 4927 quando
2769 4874 2893 4914 cum
2937 4876 3165 4932 corpore
3203 4865 3660 4936 torquebantur.
3713 4870 3811 4925 Re-

2191 4949 2332 5019 cepti
2359 4950 2563 5008 suntin
2585 4965 2720 5021 pace
2755 4953 2927 5007 sancti
2957 4955 3302 5025 patriarchae,
3331 4962 3669 5032 prophetae,
3691 4979 3813 5038 apo-

2191 5040 2339 5105 stoli,
2372 5051 2662 5114 martyres,
2703 5045 2829 5102 boni
2856 5046 3064 5113 ﬁdeles,
3092 5062 3282 5106 omnes
3309 5059 3512 5110 tamen
3544 5057 3737 5113 adhuc
3762 5057 3812 5113 in

2191 5132 2300 5188 ﬁne
2347 5137 2789 5206 acoepturisunt
2826 5140 2971 5210 quod
3009 5142 3261 5212 promisit
3290 5142 3469 5201 Deus.
3528 5147 3813 5206 Promissa

2189 5233 2275 5283 est
2309 5225 2457 5287 enim
2492 5230 2821 5287 resurrectio
2854 5230 3019 5287 etiam
3058 5234 3263 5302 carnis,
3303 5238 3516 5295 mortis
3546 5256 3816 5298 consum-

2189 5316 2329 5387 ptio,
2353 5318 2464 5385 vita
2492 5328 2698 5387 :eterna
2726 5336 2852 5379 etim
2881 5323 3124 5394 angelis:
3152 5325 3257 5383 hoc
3279 5340 3483 5386 omnes
3516 5333 3705 5390 simul
3737 5350 3818 5391 ao-

2191 5409 2403 5481 cepturi
2441 5426 2649 5479 sumus.
2710 5413 2846 5483 liam
2880 5416 3125 5487 requiem
3154 5459 3170 5485 ,
3208 5434 3332 5489 qum
3369 5423 3666 5482 continuo
3698 5434 3818 5499 post

2192 5513 2427 5565 mortem
2477 5508 2674 5577 datur,
2738 5509 2786 5566 si
2835 5525 2901 5567 ea
2944 5512 3140 5584 dignus
3205 5521 3320 5582 est,
3393 5524 3539 5573 tunc
3616 5520 3819 5591 accipit

2194 5601 2426 5672 quisque
2468 5617 2594 5661 cum
2634 5606 2887 5662 moritur.
2931 5605 3149 5663 Priores
3181 5622 3526 5679 acceperunt
3570 5615 3822 5683 patriar—

2191 5692 2330 5763 chae,
2349 5695 2527 5757 videte
2536 5712 2605 5753 ex
2618 5712 2727 5767 quo
2742 5698 3091 5770 requiescunt
3106 5715 3123 5754 :
3136 5699 3473 5770 posteriores
3486 5704 3825 5776 propheta,

2190 5788 2466 5844 recentius
2499 5789 2761 5859 apostoli,
2789 5790 2959 5845 multo
2988 5791 3262 5847 recentius
3288 5801 3579 5863 martyres
3608 5797 3823 5862 sancti,

2193 5879 2433 5953 quotidie
2462 5880 2591 5943 boni
2622 5883 2826 5941 ﬁdeles.
2872 5885 2943 5943 Et
2973 5883 3067 5943 alii
3100 5884 3159 5940 in
3198 5885 3305 5941 ista
3332 5884 3533 5961 requie
3567 5894 3703 5945 tam
3728 5887 3829 5955 ditt
