4000 6372
253 433 388 493 I219

991 431 1080 490 DE
1118 431 1672 491 ECCLESIASMIS
1705 429 1995 491 OFFICHS
2031 430 2213 488 LIBRI
2245 431 2338 489 ιν.
2379 463 2450 483 —.-
2475 431 2610 488 LIB.
2653 435 2741 490 IV.

3361 435 3501 495 12m

249 557 388 612 sunt,
419 546 512 602 alii
551 560 667 602 non
701 547 966 616 tamidiu,
1009 549 1098 603 alii
1139 550 1294 606 annis
1325 550 1694 619 paucioribus,
1729 549 1823 610 alii
1851 553 1902 612 Λ
1927 557 2112 620 pterea
2137 549 2253 604 dies
2279 549 2444 618 aliqui
2470 551 2744 606 constituti
2771 560 2916 618 sum,
2937 562 3003 609 It
3027 555 3084 610 in
3111 569 3280 613 unum
3311 573 3506 617 omnes

248 655 344 695 nec
373 637 578 694 recenti
617 647 876 709 tempore.
927 638 1065 694 Cum
1101 656 1231 696 vero
1259 644 1328 696 ab
1350 642 1460 696 hoc
1484 655 1672 696 somno
1695 641 1817 696 evi-

248 732 482 806 gilabunt
505 732 666 786 sintul
688 747 876 790 omnes
893 775 908 800 ,
939 742 1081 804 quod
1099 735 1424 806 promissum
1444 744 1527 790 est
1547 735 1821 804 accepturi

245 830 369 878 sunt
406 823 464 893 ’ξπ
525 822 582 878 In
623 824 885 884 natalitiis
917 833 1228 884 sanaorum
1267 832 1576 882 memoratu:
1615 827 1822 896 requiei

246 916 717 988 congratulantur;
765 918 821 973 in
867 919 1075 973 octavis
1126 934 1255 973 vero
1302 933 1488 974 eorum
1516 959 1532 983 ,
1575 933 1826 974 resurre-

241 1007 404 1064 ctioni
441 1023 750 1078 corporum.
805 1009 926 1077 Quo
947 1011 1151 1066 honore
1181 1011 1337 1081 digna
1367 1012 1437 1066 sit
1465 1019 1656 1068 octava
1687 1012 1819 1079 dies,

241 1101 375 1156 liber
397 1102 671 1158 Leviticus
699 1112 989 1162 monstrat.
1028 1113 1082 1159 et
1114 1104 1242 1174 quid
1284 1106 1482 1160 habeat
1517 1106 1573 1160 in
1617 1114 1822 1175 myste-

240 1191 338 1246 rio.
393 1191 692 1264 Hesychius
719 1195 1004 1264 presbyter
1031 1202 1232 1248 tractat
1257 1209 1419 1263 super
1445 1194 1698 1249 eumdem
1725 1194 1826 1248 Le-

237 1283 459 1337 viticum
497 1284 552 1338 in
591 1284 728 1340 libro
769 1294 924 1342 sexto
949 1300 963 1338 :
987 1285 1116 1340 dicit
1163 1285 1482 1345 Leviticuszz
1511 1285 1578 1338 Et
1621 1285 1827 1339 locutus

237 1384 308 1428 es:
341 1374 597 1432 Dominus
619 1375 688 1429 ad
713 1374 952 1445 Moysen,
976 1375 1152 1430 dicens
1177 1389 1195 1427 .'
1217 1375 1448 1446 Loquere
1466 1374 1592 1444 filiis
1615 1373 1785 1429 Israel
1806 1391 1828 1430 .'

234 1468 274 1520 A
305 1469 489 1539 quinto
518 1468 721 1523 decimo
747 1468 832 1522 die
862 1469 1052 1523 mensis
1081 1469 1237 1539 hujus
1274 1470 1478 1538 septimi
1501 1479 1652 1522 erunt
1676 1468 1827 1537 feriae

234 1560 700 1616 tabernaculorum
727 1572 921 1633 septem
959 1563 1140 1618 die-bus
1176 1564 1420 1620 Domino.
1470 1565 1594 1618 Dies
1627 1565 1825 1634 primus

167 1715 181 1729 τ
232 1656 508 1711 vocabitur
533 1657 898 1713 celeberrimus
925 1668 1078 1730 atque
1103 1661 1461 1714 sanctissimus
1485 1675 1501 1711 :
1524 1677 1673 1714 omne
1697 1677 1827 1730 opus

233 1747 422 1802 seruile
459 1765 566 1803 non
605 1750 810 1809 facietis
847 1751 902 1804 in
939 1768 1020 1816 eo,
1071 1761 1120 1806 et
1160 1762 1349 1822 septem
1381 1751 1563 1805 diebus
1597 1751 1827 1820 oﬁ'eretais

231 1837 546 1894 holocausta
574 1840 837 1906 Domino;
873 1842 984 1896 dies
1012 1859 1216 1914 quoque
1246 1853 1457 1897 octavus
1479 1843 1578 1896 erit
1605 1841 1828 1895 celeber-

231 1931 404 1986 rimus
453 1940 608 2003 atque
663 1935 1044 1989 sanctissimus.
1110 1935 1263 1993 Unde
1316 1937 1446 1991 dicit
1497 1944 1827 1991 memoratus

231 2019 541 2092 Hesychius
568 2043 579 2077 :
603 2024 673 2081 Et
705 2025 936 2095 primam
972 2035 1152 2082 autem
1189 2037 1394 2098 septem
1428 2029 1638 2083 dierum
1682 2029 1826 2083 cele-

231 2101 551 2170 berrimam
566 2125 725 2186 atque
749 2119 1150 2174 sanctissimam
1180 2120 1485 2190 appellavit.
1547 2119 1646 2187 Qui
1682 2122 1828 2176 enim

227 2205 337 2260 scit
382 2208 744 2276 praesentibus
783 2216 1046 2279 tanquam
1093 2210 1449 2266 tabernaculo
1499 2212 1608 2277 uti,
1653 2213 1828 2281 prima

231 2296 384 2363 dies,
420 2298 475 2352 id
516 2307 628 2363 est,
675 2299 891 2354 initium
942 2309 998 2355 et
1045 2301 1366 2371 principium
1393 2343 1408 2367 ,
1449 2316 1480 2355 a
1523 2302 1830 2358 sanctiﬁca-

227 2387 380 2443 tione
415 2390 718 2448 vacationis
753 2391 962 2460 incipit.
1015 2391 1308 2461 Propterea
1342 2402 1396 2447 et
1437 2393 1599 2450 nimis
1637 2407 1830 2448 conse-

223 2490 466 2552 quenter
512 2482 626 2537 ait:
651 2481 818 2537 Omne
857 2500 984 2554 opus
1031 2483 1215 2539 servile
1262 2501 1365 2539 non
1408 2485 1614 2554 facietis
1637 2526 1651 2551 ,
1700 2485 1828 2555 quia

222 2577 364 2633 nulli
396 2578 458 2632 in
489 2577 688 2632 saeculo
723 2579 969 2633 serviunt
1000 2580 1094 2650 qui
1129 2589 1384 2650 tanquam
1419 2581 1828 2637 tabernaculum

223 2676 281 2725 et
311 2669 636 2724 transitoria
671 2685 736 2725 ea
765 2685 888 2740 quae
923 2671 977 2726 in
1005 2687 1072 2726 eo
1097 2680 1239 2738 sunt,
1281 2672 1586 2728 intendunt.
1637 2671 1745 2727 Sed
1775 2680 1832 2727 et

223 2770 438 2829 septem
467 2759 657 2816 diebus
677 2760 991 2817 holocausta
1019 2761 1199 2815 offerri
1227 2763 1505 2832 praecepit,
1534 2762 1826 2818 ostendens

222 2860 490 2922 oportere
527 2867 626 2922 per
668 2867 830 2908 omne
869 2863 1082 2924 tempus
1121 2853 1419 2923 perfectam
1458 2856 1829 2910 conversatio-

223 2957 359 2998 nem
420 2942 598 3012 sequi.
655 2943 881 3011 Quando
919 2960 1049 3016 ergo
1093 2946 1249 3000 istam
1290 2956 1614 3016 praesentem
1659 2948 1828 3002 vitam

224 3037 692 3106 percutiet-imus,
737 3046 862 3093 tunc
900 3038 1309 3094 celeberrimum
1341 3047 1508 3108 atque
1543 3040 1825 3097 sanctissi-

224 3143 380 3184 mum
433 3137 683 3184 octavum
727 3130 904 3195 diem,
959 3131 1218 3186 smculum
1267 3131 1516 3187 videlicet
1561 3132 1824 3201 futurum,

222 3221 577 3278 habebimus.
607 3222 673 3278 Et
702 3223 841 3277 infra
871 3221 1009 3279 :Die
1030 3234 1210 3281 autem
1230 3225 1406 3295 primo
1430 3227 1661 3296 requies,
1687 3234 1742 3282 et
1771 3226 1824 3280 in

223 3323 430 3370 octava
466 3315 556 3369 die
585 3317 824 3385 requies,
863 3331 971 3370 non
994 3315 1106 3383 jam
1139 3317 1391 3385 septimo,
1431 3333 1555 3372 cum
1595 3333 1826 3372 numero
1852 3303 1899 3365 Ο

220 3413 445 3472 septem
499 3402 706 3457 dierum
749 3403 1094 3459 festivitatem
1139 3406 1221 3475 agi
1267 3407 1683 3474 proposuisset,
1735 3406 1830 3461 sed

222 3504 454 3552 octavo.
497 3494 737 3549 Primum
760 3496 999 3566 quidem,
1026 3496 1155 3566 quia
1179 3497 1270 3552 his
1299 3498 1389 3567 qui
1419 3497 1712 3553 secundum
1745 3497 1834 3552 lit-

222 3596 413 3643 teram
440 3585 612 3656 legem
631 3594 839 3652 tenent,
870 3586 1219 3644 festivitatem
1249 3588 1524 3644 celebrare
1547 3605 1655 3644 non
1683 3590 1830 3646 licet.

219 3681 270 3735 A
304 3695 460 3734 novo
494 3681 638 3735 enim
675 3689 991 3752 segregatus
1023 3690 1106 3736 est
1147 3683 1342 3753 populo
1377 3683 1469 3752 qui
1513 3683 1617 3738 scit
1657 3683 1832 3753 legem

220 3771 541 3827 secundum
581 3771 831 3841 spiritum
872 3773 1136 3842 accipere,
1177 3781 1234 3827 et
1261 3783 1513 3827 octavum
1538 3773 1827 3840 honorare,

218 3879 398 3936 quem
429 3860 668 3919 diximus
681 3863 799 3935 sign
807 3863 989 3918 iﬁcare
1005 3874 1337 3919 mortuorum
1353 3865 1826 3921 resurrectionem.

763 3955 992 4012 CAPUT
1044 3956 1306 4012 XXXVII.

485 4049 565 4104 De
603 4050 959 4105 obseruatione
994 4051 1196 4105 dierum
1231 4069 1324 4122 per
1357 4069 1572 4106 annum.

297 4141 413 4200 Ubi
444 4151 666 4197 sanctus
693 4142 1053 4213 Hieronymus
1081 4144 1301 4214 exponit
1330 4143 1456 4197 illud
1481 4145 1547 4198 ad
1573 4143 1824 4198 Galatas:

213 4234 354 4291 Dies
393 4234 710 4300 observatis,
737 4245 783 4288 et
811 4252 1030 4300 menses,
1060 4246 1109 4290 et
1146 4247 1398 4308 tempora,
1433 4246 1481 4290 et
1519 4254 1702 4302 annos,
1735 4236 1828 4290 Ti-

212 4346 339 4384 meo
376 4344 471 4383 vos
503 4344 566 4381 ne
592 4327 726 4397 forte
761 4329 871 4381 sine
905 4345 1066 4381 causa
1099 4328 1442 4383 laboraverim
1473 4331 1528 4382 in
1557 4330 1716 4396 vobis,
1753 4328 1826 4384 ibi

212 4421 564 4478 sententiam
605 4420 1035 4476 Christianorum
1068 4423 1340 4476 subnectit
1375 4431 1565 4476 contra
1607 4439 1699 4477 eos
1733 4424 1827 4495 qui

215 4515 422 4572 volunt
452 4513 606 4567 nobis
632 4528 902 4582 opponere
923 4515 1066 4583 quod
1094 4515 1445 4570 observemus
1467 4516 1580 4569 dies
1606 4523 1658 4569 et
1687 4524 1826 4570 tem~

210 4624 380 4680 pora,
421 4606 566 4659 unde
593 4607 766 4677 arguti
796 4613 921 4661 sunt
955 4621 985 4658 a
1016 4605 1181 4661 Paulo
1213 4607 1471 4661 neoterici
1501 4606 1817 4661 Christiani.

211 4702 371 4756 Dicit
399 4700 550 4752 inter
577 4699 683 4751 alia
707 4700 781 4752 ita
806 4719 817 4751 :
845 4700 996 4753 Dicat
1036 4701 1251 4769 aliquis,
1291 4701 1349 4754 Si
1381 4701 1496 4754 dies
1532 4702 1822 4755 observare

209 4809 330 4848 non
361 4790 518 4852 licet,
555 4797 611 4842 et
640 4804 874 4855 menses,
904 4797 958 4841 et
986 4797 1247 4860 tempora,
1272 4800 1324 4844 et
1346 4807 1536 4854 annos,
1568 4807 1664 4845 nos
1688 4805 1824 4859 quo—

208 4899 325 4954 que
373 4879 631 4936 simiiiter
677 4880 881 4934 crimen
923 4880 1248 4934 incurrimus
1277 4921 1290 4945 ,
1331 4889 1581 4950 quartam
1616 4881 1824 4933 sabbati

207 4977 611 5036 observantes,
657 4981 711 5025 et
743 4986 1093 5040 parasceven,
1126 4980 1181 5026 et
1212 4971 1355 5025 diem
1397 4971 1733 5025 Dominicam
1772 4980 1827 5024 et

199 5065 499 5137 jejunium
539 5062 988 5133 quadragesinue,
1025 5072 1079 5117 et
1113 5063 1334 5117 Paschae
1361 5062 1730 5126 festivitatem,
1772 5069 1827 5114 et

208 5160 586 5214 Pentecostes
615 5154 852 5208 ltetitiam
871 5195 886 5220 ,
919 5162 973 5209 et
1003 5170 1103 5226 pro
1132 5155 1391 5209 varietate
1429 5155 1706 5226 regionum
1743 5155 1822 5209 di-

206 5266 385 5306 versa
431 5248 493 5300 in
539 5248 744 5302 honore
775 5256 1071 5319 martyrum
1105 5257 1347 5319 tempora
1375 5250 1687 5304 constituta.
1741 5249 1824 5305 Ad

205 5342 366 5414 (ιυοΔ
413 5337 511 5406 qui
542 5339 858 5408 simpliciter
893 5341 1238 5412 respondebit
1266 5341 1434 5395 dicit:
1460 5340 1574 5395 Non
1605 5343 1821 5397 eosdem

205 5432 478 5488 Jualaicse
502 5429 896 5485 observationis
933 5432 1048 5488 dies
1081 5448 1225 5498 esse,
1258 5449 1393 5504 quos
1424 5440 1657 5486 nostros.
1715 5431 1823 5488 Nos

205 5534 370 5589 enim
404 5541 520 5583 non
549 5542 864 5598 azymorum
888 5529 1095 5586 Pascha
1125 5531 1498 5596 celebramus,
1530 5530 1624 5584 sed
1649 5525 1827 5584 resur-

209 5619 498 5680 rectionis
527 5629 582 5674 et
611 5622 815 5687 crucis,
857 5638 956 5678 nec
991 5634 1193 5694 septem
1221 5624 1375 5694 juxta
1415 5639 1620 5678 morem
1661 5622 1825 5677 Israel

209 5728 593 5773 numeramus
631 5714 995 5772 hebdomadas
1039 5718 1094 5772 in
1128 5717 1502 5785 Pcntecostcn,
1532 5718 1627 5772 sed
1653 5715 1826 5786 Spiri-

213 5820 310 5864 tus
358 5807 544 5862 sancti
586 5822 914 5862 veneramur
951 5800 1263 5876 adventum,
1311 5819 1366 5864 et
1415 5826 1482 5865 ne
1521 5809 1825 5864 inordinate

211 5899 560 5972 εωίξωειιί
587 5901 774 5972 populi
811 5901 948 5960 ﬁdes
979 5902 1317 5959 minueretur
1346 5903 1401 5957 in
1423 5902 1663 5969 Christo,
1699 5915 1814 5971 pro

1849 4666 1901 4726 Ι)

1921 642 2128 712 pariter
2155 642 2480 703 veniremus,
2521 657 2632 697 non
2671 643 2813 713 quod
2851 645 3118 704 celebrior
3153 650 3226 705 sit
3259 650 3375 708 dies
3410 652 3526 726 illa,

1922 747 2028 802 qua
2055 731 2427 797 convenimus,
2462 731 2555 787 sed
2595 748 2915 804 quacunque
2955 736 3041 792 die
3073 743 3505 800 conveniendum

1922 823 2012 888 sit,
2053 838 2118 878 ex
2151 830 2442 893 conspectu
2479 831 2666 882 mutuo
2704 825 2888 881 laetitia
2926 827 3098 897 ntajor
3133 833 3360 888 oriatur.
3395 834 3503 903 Qui

1923 930 2052 970 vero
2075 917 2332 986 oppositae
2353 917 2634 985 quaestioni
2661 919 2872 974 acutius
2895 923 3224 991 respondere
3253 936 3504 996 conatur,

1924 1006 2011 1061 ille
2051 1006 2288 1062 affirmat
2316 1023 2506 1064 omnes
2530 1009 2645 1064 dies
2665 1010 2898 1080 mquales
2917 1027 3058 1079 esse,
3083 1030 3185 1070 nec
3205 1018 3506 1088 Parasceve

1925 1106 2138 1152 tantum
2169 1097 2447 1153 Christum
2487 1100 2748 1172 crucifigi,
2793 1111 2848 1158 et
2886 1103 2973 1159 die
3008 1106 3287 1164 Dominica
3317 1127 3506 1169 resur-

1925 1205 2072 1263 gere,
2099 1191 2195 1246 sed
2219 1206 2432 1261 semper
2460 1202 2705 1248 sanctum
2733 1199 3150 1256 resurrectionis
3177 1217 3302 1260 esse
3339 1207 3506 1276 diem,

1926 1292 1979 1338 et
2004 1299 2218 1355 semper
2244 1299 2366 1339 eum
2396 1301 2562 1342 carne
2583 1287 2725 1342 vesci
2751 1289 3046 1348 Dominica.
3087 1294 3300 1364 Jejunia
3325 1310 3506 1359 autem

1927 1383 1982 1430 et
2010 1376 2454 1445 congregationes
2475 1378 2616 1433 inter
2648 1380 2762 1436 dies
2795 1393 3015 1454 propter
3039 1401 3135 1442 eos
3162 1403 3192 1442 a
3217 1391 3349 1447 viris
3381 1409 3508 1464 pru-

1928 1469 2182 1526 dentibus
2226 1472 2471 1526 instituta
2513 1479 2671 1539 sunt,
2717 1473 2811 1543 qui
2855 1477 3029 1546 magis
3073 1481 3271 1537 saeculo
3311 1496 3509 1542 vacant

1929 1578 2090 1633 quam
2125 1563 2266 1630 Deo;
2303 1580 2405 1619 nec
2437 1573 2689 1634 possunt,
2721 1565 2831 1620 imo
2857 1568 3072 1637 nolunt,
3102 1580 3216 1628 toto
3241 1574 3298 1630 in
3330 1577 3505 1634 eccle-

1929 1657 2065 1710 siam
2086 1657 2210 1712 vita:
2235 1672 2344 1712 suae
2366 1667 2609 1726 tempore
2631 1661 2969 1729 congregari,
3001 1671 3055 1719 et
3083 1673 3210 1721 ante
3241 1668 3510 1727 humanos

1931 1755 2084 1802 actus
2133 1748 2242 1803 Deo
2299 1749 2600 1803 orationum
2645 1765 2864 1806 suarum
2917 1753 3111 1812 oﬂ’erre
3156 1760 3506 1819 sacriﬁcium.

1932 1837 2136 1905 Quotus
2163 1841 2306 1894 enim
2329 1841 2560 1911 quisque
2581 1850 2666 1897 est
2690 1843 2782 1912 qui
2807 1844 2999 1901 saltem
3027 1849 3143 1904 haec
3169 1866 3363 1920 pauca,
3391 1867 3515 1925 qua

1855 1919 1902 1978 Β
1930 1938 2132 1985 statuta
2160 1941 2308 1997 sunt,
2335 1933 2420 1988 vel
2447 1936 2637 1990 orandi
2663 1944 2928 2007 tempora,
2949 1941 3034 1995 vel
3048 1919 3513 2010 jej-unandi,sem-

1929 2038 2027 2093 per
2068 2033 2351 2091 exerceat;
2397 2027 2578 2097 itaque
2617 2030 2759 2086 sicut
2793 2033 2949 2086 nobis
2987 2033 3114 2088 licet
3148 2036 3233 2090 vel
3263 2036 3516 2106 jejunare

1929 2129 2162 2184 semper,
2192 2116 2276 2170 vel
2307 2131 2519 2188 semper
2545 2134 2723 2186 orare,
2769 2133 2824 2177 et
2863 2124 3005 2178 diem
3046 2125 3381 2186 Dominicam
3417 2150 3512 2188 ac-

1929 2217 2086 2278 cepto
2123 2208 2338 2262 Domini
2377 2225 2607 2280 corpore
2645 2214 3018 2271 indesinenter
3055 2219 3333 2276 celebrare
3377 2240 3513 2295 gau-

1930 2300 2200 2365 dentibus,
2239 2317 2346 2356 non
2385 2303 2458 2357 ita
2496 2312 2552 2358 et
2592 2302 2792 2359 Judaais
2831 2305 2914 2362 fas
2957 2318 3042 2362 est
3088 2313 3232 2366 omni
3271 2321 3517 2386 tempore

1931 2391 2214 2446 immolare
2261 2407 2457 2462 agnum
2483 2434 2498 2460 ,
2533 2394 2892 2453 Pentecosten
2927 2415 3088 2471 agere
3111 2443 3126 2470 ,
3169 2405 3515 2464 tabernacula

1932 2482 2116 2554 ﬁgere,
2134 2480 2380 2552 jejunare
2401 2487 2658 2555 quotidie.

1996 2574 2130 2630 Post
2153 2578 2617 2633 enumerationem
2656 2588 2964 2652 temporum
2999 2599 3120 2656 qua
3145 2586 3517 2646 observaban-

1931 2674 2021 2720 tur
2051 2673 2297 2736 tempore
2325 2666 2381 2722 in
2405 2667 2516 2734 illo,
2546 2673 2762 2740 quando
2798 2674 2987 2730 beatus
3009 2675 3372 2750 Hieronymus
3398 2683 3515 2739 haec

1931 2757 2166 2826 scripsit,
2204 2755 2349 2811 illata
2381 2765 2468 2813 est
2507 2775 2668 2816 causa
2719 2777 2888 2832 quare
2923 2764 3222 2824 Christiani
3261 2779 3516 2844 tempora

1930 2859 2230 2904 memorata
2263 2852 2618 2908 observantes
2641 2893 2654 2919 ,
2681 2855 2886 2911 crimen
2913 2873 3026 2913 non
3061 2859 3344 2919 incurrant
3368 2882 3382 2918 :
3407 2866 3518 2922 hoc

1931 2949 2035 3007 est,
2077 2941 2169 3011 qui
2205 2941 2521 3012 simpliciter
2553 2946 2922 3016 respondebit,
2957 2949 3112 3016 dicit,
3144 2951 3262 3007 Non
3294 2954 3519 3012 eosdem

1929 3032 2167 3090 Judaicae
2189 3037 2586 3093 observationis
2609 3037 2728 3094 dies
2745 3053 2869 3095 esse
2895 3055 3034 3110 quos
3059 3051 3302 3111 nostros,
3329 3055 3385 3102 et
3412 3062 3520 3103 ca:-

1930 3134 2048 3182 tera
2080 3141 2199 3198 quae
2239 3138 2559 3198 sequuntur.
2605 3129 2678 3184 'Et
2710 3131 2905 3186 iterum
2934 3133 3074 3188 intra
3100 3153 3112 3188 :
3139 3135 3239 3204 Qui
3268 3152 3396 3193 vero
3421 3153 3520 3210 op-

1929 3220 2118 3291 posita
2149 3221 2435 3289 qumstioni
2474 3221 2686 3276 acutius
2729 3225 3054 3292 respondere
3084 3235 3344 3293 conatur,
3383 3229 3520 3285 iilud

1930 3308 2188 3374 afﬁrmat,
2225 3323 2413 3364 omnes
2451 3311 2566 3368 dies
2601 3310 2838 3380 aequales
2883 3325 3023 3380 esse,
3076 3330 3179 3371 nec
3217 3315 3522 3376 Parasceve

1935 3408 2142 3454 tantum
2172 3399 2452 3456 Christum
2494 3400 2757 3472 cruciﬁgi,
2795 3410 2856 3456 et
2891 3403 2980 3458 die
3013 3404 3294 3463 Dominica
3333 3425 3522 3465 resur-

1934 3507 2082 3563 gere,
2119 3490 2214 3546 sed
2241 3505 2458 3562 semper
2481 3499 2728 3552 sanctum
2758 3494 3176 3550 resurrectionis
3202 3512 3324 3553 esse
3344 3498 3521 3569 diem,

1934 3595 1988 3641 et
2009 3601 2223 3656 semper
2251 3601 2374 3641 eum
2407 3601 2571 3641 carne
2604 3586 2752 3642 vesci
2783 3585 3084 3643 Dominica.
3131 3589 3395 3660 Superior
3422 3606 3521 3648 ex.

1935 3679 2162 3746 cusatio,
2197 3679 2250 3732 in
2279 3693 2385 3749 qua
2413 3679 2633 3744 dicitur,
2662 3693 2772 3734 non
2802 3681 3023 3736 eosdem
3051 3681 3168 3738 dies
3191 3697 3312 3740 esse
3341 3685 3395 3740 in
3422 3685 3522 3743 οὶ)-

1932 3773 2236 3828 servatione
2271 3772 2412 3842 apud
2440 3787 2538 3826 nos
2562 3772 2654 3842 qui
2693 3775 2835 3842 apud
2877 3773 3090 3831 Judteos
3129 3777 3524 3847 observantur,

1931 3864 2146 3935 aliquod
2161 3863 2314 3918 nobis
2327 3863 2754 3934 supplementum
2771 3867 3163 3936 accommodat,
3185 3869 3277 3939 qui
3295 3879 3521 3942 propte—

1931 3970 2025 4010 rea
2069 3963 2310 4025 tempore
2349 3954 2619 4025 passionis
2652 3956 2863 4011 Domini
2901 3958 3202 4014 omittimus
3242 3959 3527 4016 salutatio-

1931 4062 2055 4102 nem
2078 4047 2292 4101 solitam
2321 4047 2446 4118 quia
2473 4045 2641 4102 Judas
2669 4049 2925 4104 salutavit
2951 4050 3239 4105 Dominum
3264 4051 3422 4119 falso,
3460 4053 3524 4108 et

1931 4141 2357 4214 genuﬂexionem
2403 4142 2460 4196 in
2493 4143 2738 4197 oratione
2773 4143 2860 4197 die
2898 4144 3246 4210 Parasceves,
3290 4157 3410 4214 quae
3455 4144 3524 4202 ﬁt

1929 4249 2030 4303 pro
2057 4232 2274 4298 Iudaeis,
2303 4232 2430 4302 quia
2456 4233 2581 4288 Jesu
2607 4232 2878 4288 illudendo
2905 4232 3355 4304 genuﬂectebant,
3383 4242 3438 4290 et
3462 4235 3523 4293 in

1931 4327 2175 4382 oratione
2223 4325 2505 4381 duodecim
2549 4326 2872 4392 lectionum,
2918 4327 3131 4397 quando
3187 4336 3524 4388 memoratur

1929 4420 2111 4492 passio
2157 4419 2318 4473 trium
2374 4432 2670 4489 puerorum
2710 4419 2764 4472 in
2809 4418 3062 4484 fornace,
3103 4419 3228 4489 quia
3265 4419 3521 4477 nolebant

1928 4511 2130 4581 peplite
2154 4509 2293 4564 ﬂexo
2320 4509 2545 4564 adorare
2568 4517 2802 4565 statuam
2829 4509 3373 4568 Nabuchodonosoris
3393 4527 3522 4570 cum

1929 4603 2167 4673 perfidis,
2198 4611 2252 4657 et
2279 4602 2652 4657 invitatoriam
2682 4603 2737 4657 in
2766 4603 2955 4659 diebus
2977 4602 3258 4662 Passionis
3277 4605 3521 4674 Domini,

1929 4698 2142 4770 quando
2171 4697 2422 4753 videlicet
2447 4698 2914 4769 congregabantur
2957 4699 3026 4755 ad
3065 4701 3302 4769 pessima
3341 4701 3521 4756 consi-

1927 4791 1999 4845 lia
2029 4792 2094 4845 de
2128 4805 2261 4845 nece
2297 4789 2529 4843 Domini.
2569 4787 2832 4842 Similiter
2857 4789 2914 4842 in
2941 4788 3291 4857 Theophanis
3321 4790 3521 4845 invita-

1927 4883 2128 4938 torium
2173 4881 2494 4941 omittimus,
2537 4880 2752 4947 quando
2790 4877 3029 4932 Herodes
3057 4881 3405 4952 congregavit
3431 4897 3524 4937 sa-

1929 4975 2141 5044 pientes
2166 4971 2472 5025 Juduzorum
2497 4983 2664 5040 pravo
2694 4969 2874 5023 animo
2902 4970 2971 5025 ad
3009 4970 3387 5040 inquirendum
3424 4973 3520 5029 ubi

1931 5065 2180 5120 Christus
2203 5069 2537 5116 nasceretur.
2582 5061 2840 5130 Quartam
2861 5061 3053 5116 feriam
3077 5071 3130 5116 et
3149 5061 3517 5132 Parasceven,

1931 5166 1985 5211 et
2014 5157 2152 5212 diem
2193 5154 2551 5220 Dominicam,
2592 5161 2649 5208 ct
2678 5151 2940 5222 jejunium
2976 5153 3423 5224 quadragesimus,
3463 5163 3522 5210 et

1935 5248 2156 5304 Pascha:
2185 5245 2551 5313 festivitatem,
2587 5253 2644 5301 et
2669 5243 3013 5299 Pentecostes
3041 5243 3304 5311 laetitiam,
3339 5257 3392 5302 et
3417 5261 3519 5316 pro

1933 5340 2196 5396 varietate
2245 5338 2526 5409 regionum
2574 5337 2786 5392 diversa
2843 5335 2898 5390 in
2950 5337 3158 5393 honore
3213 5347 3520 5410 martyrum

1933 5443 2174 5505 tempora
2223 5432 2521 5489 constituta
2569 5429 2942 5486 observamus.
3003 5427 3264 5496 Quartam
3320 5427 3517 5485 feriam

1931 5530 2284 5586 observamus
2303 5570 2316 5594 ,
2343 5527 2466 5597 quia
2487 5565 2500 5590 ,
2523 5532 2583 5578 ut
2607 5524 2681 5576 ait
2702 5522 3035 5592 Augustinus
3063 5523 3129 5576 ad
3162 5521 3521 5592 Casulanum,

1933 5624 1987 5678 in
2022 5640 2086 5680 ea
2122 5624 2206 5678 die
2249 5619 2558 5691 congregati
2600 5626 2726 5672 sunt
2757 5615 2959 5684 Judaei,
2992 5626 3046 5673 et
3073 5617 3340 5674 consiliati
3390 5626 3519 5675 sunt

1931 5716 1998 5772 de
2037 5731 2169 5772 nece
2198 5713 2519 5769 Salvatoris.
2571 5711 2929 5775 Parasceven,
2974 5709 3099 5780 quia
3131 5710 3186 5766 in
3228 5725 3292 5767 eo
3320 5726 3519 5782 passus

1933 5819 2017 5865 est
2074 5809 2213 5864 idem
2266 5806 2532 5862 Salvator.
2599 5803 2862 5872 Quoniam
2917 5802 3004 5858 isti
3060 5801 3176 5858 dies
3217 5803 3522 5872 antiquitus

1931 5903 2170 5957 erantin
2209 5901 2598 5957 obsct'vationf-
2641 5899 2777 5955 ritus
2812 5897 3072 5953 Romana
3093 5893 3349 5955 Ecclesiae
3372 5893 3527 5974 obtig
