4000 6512
449 476 590 536 1251

1499 469 1832 529 AMALARH
1868 467 2310 524 PRESBYTER!
2347 465 2690 524 METENSIS

3605 467 3764 526 1232

446 593 570 647 nuit
595 597 658 645 ut
691 587 883 644 iisdem
911 581 1102 644 diebus
1125 594 1361 644 mutaret
1388 585 1589 650 ofﬁcia,
1627 591 1681 638 et
1711 583 1932 637 missam
1956 596 2042 635 ce-
2067 584 2121 644 Α
2143 586 2198 633 et
2224 580 2412 650 spiritu
2432 620 2447 646 ,
2482 577 2719 648 perfecta
2746 577 2999 633 felicitas.
3037 577 3175 634 Hinc
3208 578 3412 634 factum
3435 587 3530 635 est
3557 588 3633 636 ut
3655 581 3760 638 ho-

446 682 685 738 lebraret
710 682 845 736 hora
871 696 1032 746 nona,
1055 696 1154 751 per
1173 681 1317 751 quod
1336 681 1638 735 forinsecus
1664 675 1891 748 populus
1910 689 2033 730 con-

446 779 767 846 gregaretur
797 771 851 826 in
882 788 1079 838 unum,
1111 772 1328 842 quando
1354 771 1533 842 aliqua
1569 784 1732 825 causa
1767 782 1903 822 nova
1934 767 2033 820 im-

445 863 689 918 minebat
719 863 787 916 ad
818 861 1216 930 deprecandum
1247 863 1300 916 in
1334 863 1528 931 quibus
1565 859 1870 915 observatio
1895 855 2035 911 cele-

445 958 726 1013 brabatur.
789 956 943 1012 Unde
994 957 1123 1010 dicit
1164 957 1522 1027 Hieronymus
1586 961 1917 1010 memoratus
1980 952 2035 1005 in

447 1050 820 1119 superioribus
845 1068 857 1102 :
882 1047 1095 1117 Jejunia
1122 1059 1302 1104 autem
1329 1059 1382 1105 et
1407 1049 1856 1120 congregationes
1894 1045 2034 1098 inter

446 1140 563 1195 dies
597 1151 822 1210 propter
860 1154 953 1195 eos
989 1148 1116 1194 sunt
1143 1156 1173 1192 a
1205 1134 1337 1195 viris
1368 1140 1721 1210 prudentibus
1765 1137 2032 1199 instituta,

446 1231 540 1301 qui
581 1231 754 1301 magis
799 1232 995 1286 Steculo
1030 1239 1227 1285 vacant
1261 1247 1424 1300 quam
1471 1230 1604 1295 Deo,
1652 1244 1753 1284 nec
1787 1234 2034 1298 possunt,

446 1327 560 1381 imo
591 1341 690 1380 nec
727 1326 932 1391 volunt,
973 1335 1084 1380 toto
1113 1326 1164 1380 in
1192 1325 1476 1380 ecclesiam
1509 1325 1631 1378 vita:
1657 1339 1768 1378 suae
1795 1331 2038 1390 tempore

446 1419 788 1489 congregari,
827 1428 881 1472 et
919 1429 1045 1472 ante
1090 1419 1355 1473 humanos
1387 1428 1536 1471 actus
1575 1415 1686 1469 Deo
1727 1415 2038 1468 orationum

447 1526 668 1564 suarum
712 1509 910 1566 offerre
957 1511 1304 1567 sacriﬁcium.
1373 1509 1582 1576 Quotus
1620 1509 1766 1563 enim
1811 1507 2041 1578 quisque

446 1610 551 1668 est,
587 1602 680 1671 qui
718 1603 914 1657 saltem
955 1605 1068 1659 btec
1106 1619 1298 1674 pauca,
1347 1619 1466 1672 quae
1510 1609 1711 1657 statuta
1762 1607 1906 1665 sunt,
1956 1599 2042 1654 vel

447 1695 642 1750 orandi
691 1703 959 1765 tempora,
1006 1696 1090 1750 vel
1125 1694 1426 1765 jejunandi,
1481 1709 1695 1764 semper
1741 1690 2042 1747 exerceat?

446 1793 511 1854 et
556 1786 786 1857 reliqua.
839 1787 1110 1843 Habemus
1166 1803 1233 1842 cx
1289 1787 1533 1841 Romano
1580 1785 1780 1842 Ordine
1831 1783 2044 1838 sabbati

445 1878 593 1935 diem
635 1881 691 1934 in
731 1881 1132 1945 observatione,
1181 1897 1342 1950 quem
1386 1897 1491 1936 non
1534 1879 1864 1951 computavit
1911 1877 2040 1932 Hie-

2134 691 2257 730 rum
2286 675 2516 730 duorum
2556 682 2848 743 utrumque
2879 674 2946 728 ad
2975 673 3395 744 signiﬁcandum
3432 689 3553 729 non
3595 684 3764 745 puta-

2136 775 2288 821 retur
2315 765 2499 820 labore
2519 762 2727 834 jejunii,
2761 766 2855 820 sed
2883 767 3064 836 potius
3093 765 3411 822 refectionis
3433 767 3761 835 hilaritate,

2135 869 2363 932 excepto
2387 877 2492 916 uno
2514 861 2753 931 paschali
2778 860 3026 928 sabbato,
3057 877 3165 932 quo
3192 861 3626 932 discipulorum,
3655 864 3763 920 sic-

2136 961 2197 1006 ut
2257 954 2490 1009 diximus
2517 995 2531 1020 ,
2587 954 2764 1008 luctus
2808 963 3031 1024 propter
3076 955 3156 1009 rei
3203 957 3758 1024 gestaememoriam

2138 1043 2318 1100 fuerat
2365 1045 2571 1116 jejunio
2617 1046 2909 1116 prolixiore
2949 1045 3354 1117 signiﬁcandus.
3411 1047 3565 1103 Huic
3612 1050 3791 1104 enim'

2139 1137 2318 1191 sensui
2342 1146 2520 1207 potest
2552 1152 2870 1206 congruere,
2916 1139 3135 1207 quando
3157 1136 3497 1192 festivitates
3539 1148 3758 1195 sancto-

2141 1245 2258 1283 rum
2292 1230 2649 1292 celebramus,
2689 1239 2748 1283 ut
2789 1230 2844 1284 in
2887 1230 3161 1299 prioribus
3195 1229 3606 1285 festivitatibus
3635 1246 3758 1286 con-

2142 1322 2479 1393 gratulemur
2519 1323 2802 1377 animabus
2842 1331 3175 1389 sanctorum,
3220 1331 3275 1377 et
3313 1323 3368 1376 in
3414 1326 3636 1378 octavis
3672 1339 3757 1377 eo-

2143 1415 2388 1469 rumdem
2440 1423 2750 1469 sanctorum
2779 1456 2795 1480 ,
2839 1415 3224 1471 resurrectioni
3275 1431 3598 1485 corporum.
3648 1416 3752 1471 Pro

2144 1505 2246 1560 hac
2281 1521 2340 1560 re
2376 1506 2620 1560 solebant
2643 1522 2833 1562 omnes
2869 1507 3100 1561 Romani
3127 1508 3314 1562 omnia
3355 1508 3587 1562 sabbata
3607 1507 3740 1579 jeju-

2145 1609 2298 1657 nare,
2340 1610 2503 1663 quam
2540 1597 2700 1649 modo
2730 1596 2865 1650 dixit
2899 1596 3236 1667 Augustinus
3274 1598 3331 1652 in
3376 1614 3499 1654 uno
3535 1598 3739 1654 sabbato

2149 1686 2445 1740 observari.
2492 1686 2785 1757 Propterea
2825 1689 2948 1743 dico
2984 1689 3343 1758 prseteritnm,
3389 1691 3530 1762 quia
3575 1693 3750 1747 nescio

2149 1780 2418 1848 quomodo
2445 1795 2588 1835 nunc
2617 1792 2806 1852 agunt.
2867 1781 2921 1836 Si
2947 1784 3069 1853 quis
3107 1783 3342 1838 voluerit
3367 1785 3749 1855 episcoporum

2148 1871 2495 1928 Ambrosium
2531 1873 2751 1938 imitari,
2794 1890 3181 1946 usquequaque
3219 1892 3330 1931 non
3372 1877 3486 1932 erit
3525 1881 3748 1935 extorris

419 1983 707 2042 .ronymus
747 1972 801 2024 in
840 1972 1028 2026 ordine
1061 1945 1267 2027 dierum
1304 1972 1720 2027 observationis.
1779 1968 2042 2024 Novimus
2072 1945 2120 2004 Β
2148 1979 2179 2018 a
2211 1965 2486 2019 consortio
2517 1976 2849 2021 sanctorum.
2895 1966 3134 2022 Ponatur
3155 1969 3389 2039 populus
3415 1970 3476 2024 in
3507 1970 3753 2026 doctrina

445 2064 594 2132 enim
634 2078 701 2117 ex
748 2063 931 2118 multis
960 2065 1269 2119 auctoribus
1305 2065 1448 2132 quod
1484 2065 1600 2118 dies
1638 2065 1869 2128 sabbati,
1903 2063 2045 2117 sicut

445 2161 641 2222 quarta
684 2153 928 2217 sabbati,
971 2161 1025 2207 et
1068 2162 1220 2208 sexta
1256 2154 1461 2207 inclusa
1497 2161 1616 2208 erat
1650 2152 1857 2222 jejunio
1903 2153 2046 2222 apud

444 2242 740 2311 Romanos,
770 2252 825 2298 et
850 2245 906 2298 iu
929 2258 993 2300 eo
1023 2242 1263 2300 ofﬁcium
1289 2253 1557 2299 mutatum
1584 2260 1726 2314 saepe
1753 2245 2038 2310 habemus,

444 2335 594 2391 sicut
621 2334 675 2388 in
704 2341 896 2403 quarta
925 2341 982 2388 et
1005 2343 1159 2390 sexta
1197 2333 1440 2400 sabbati,
1480 2343 1536 2389 et
1575 2335 1845 2405 prteeipue
1879 2335 1935 2387 in
1979 2349 2042 2387 ea

447 2429 765 2485 benedictio
811 2428 972 2482 datur
1001 2468 1014 2494 ,
1070 2428 1196 2499 quia
1245 2428 1362 2498 ipsa
1415 2437 1498 2485 est
1553 2444 1714 2498 quam
1768 2427 2045 2483 benedixit

444 2519 734 2586 Dominus,
780 2527 835 2574 et
878 2519 1096 2590 proprie
1145 2521 1467 2591 signiﬁcatio
1507 2521 1586 2576 ad.
1618 2521 1876 2590 Spiritum
1919 2535 2044 2575 san—

445 2621 596 2674 ctum
635 2611 890 2682 pertinet,
941 2612 1035 2682 qui
1075 2619 1159 2667 est
1202 2612 1552 2683 septiformis.
1610 2611 1764 2667 Unde
1810 2627 1936 2666 cum
1987 2621 2042 2666 et

441 2703 609 2759 Pater
662 2704 883 2774 spiritus
921 2705 1016 2771 sit,
1059 2713 1114 2760 et
1163 2704 1331 2761 Filius
1376 2705 1601 2776 spiritus
1650 2705 1740 2771 sit,
1786 2706 2041 2775 quoniam

443 2792 592 2849 Deus
621 2795 844 2864 spiritus
865 2803 967 2861 est,
994 2803 1049 2850 et
1075 2795 1234 2849 Pater
1261 2805 1501 2862 sanctus,
1534 2803 1589 2850 et
1617 2795 1789 2850 Filius
1817 2804 2041 2851 sanctus

441 2883 540 2952 sit,
570 2884 788 2954 proprio
823 2891 1006 2938 tamen
1036 2886 1257 2941 nomine
1296 2887 1579 2942 amborum
1619 2886 1842 2957 spiritus
1879 2902 2042 2941 voca-
2086 2882 2088 2885 ’

446 2983 537 3029 tur
590 2974 828 3046 Spiritus
884 2985 1122 3032 sanctus.
1190 2977 1266 3034 De
1313 2978 1502 3034 eodem
1548 2979 1774 3034 sabbato
1828 2980 2042 3036 diverso

443 3067 609 3122 modo
653 3067 996 3120 observatum
1035 3077 1121 3122 est
1170 3070 1310 3136 apud
1349 3069 1621 3134 Orientes,
1669 3078 1722 3124 et
1762 3070 1902 3139 apud
1945 3070 2044 3124 ali-

451 3170 588 3226 quos
613 3154 957 3226 Occidentes,
987 3170 1088 3210 nec
1112 3171 1219 3210 non
1246 3166 1301 3212 et
1327 3159 1468 3227 apud
1499 3157 1799 3212 Romanam
1827 3157 2036 3214 urbem.

446 3247 529 3303 De
561 3263 676 3324 qua.
704 3263 764 3302 re
799 3248 1131 3304 sufﬁcienter
1157 3265 1186 3304 a
1215 3249 1271 3305 S.
1301 3251 1604 3323 Augustino
1639 3260 1925 3309 tractatum
1957 3261 2041 3309 est

2147 2056 2320 2110 sancti
2363 2056 2682 2126 Augustini,
2724 2058 2815 2113 ubi
2859 2059 2992 2114 dicit
3027 2060 3081 2114 in
3136 2070 3443 2116 memorata
3481 2063 3752 2132 epistola:

2145 2145 2404 2202 Libenter
2434 2149 2748 2218 acquiescas
2774 2150 3028 2220 episcopo
3056 2159 3149 2206 tuo
3185 2153 3240 2207 in
3277 2153 3377 2208 hac
3406 2170 3492 2216 re,
3531 2155 3649 2210 noli
3674 2169 3758 2209 re—

2146 2240 2364 2306 sistere,
2396 2249 2452 2296 et
2477 2243 2618 2310 quod
2646 2240 2777 2298 facit
2806 2244 2940 2315 ipse,
2974 2245 3094 2300 sine
3124 2245 3235 2301 ullo
3256 2247 3506 2316 scrupulo
3538 2247 3630 2301 vel
3663 2248 3756 2302 di-

2145 2333 2479 2401 sceptatione
2522 2343 2752 2389 sectare.
2809 2335 2849 2404 -ι-
2880 2335 2952 2391 Ut
2985 2336 3168 2390 omnis
3205 2337 3502 2406 disceptatio
3541 2339 3752 2408 dysen-

2145 2421 2213 2477 lis
2241 2423 2380 2479 absit
2414 2435 2636 2495 propter
2670 2426 2887 2482 diversa
2930 2428 3046 2482 haec
3075 2426 3305 2496 jejunia,
3342 2431 3637 2485 dummodo
3670 2440 3748 2486 te-

2145 2526 2342 2571 neatur
2380 2517 2541 2584 ﬁdes,
2581 2535 2726 2590 spes,
2766 2529 2821 2575 et
2864 2522 3106 2577 Charitas
3145 2523 3199 2577 in
3243 2524 3500 2593 idipsum,
3551 2526 3760 2594 quibus
3795 2546 3814 2558 ·

2145 2606 2324 2662 omnis
2363 2608 2610 2663 doctrina
2649 2612 3037 2680 pr0phetarutn
3068 2622 3124 2668 et
3165 2614 3397 2668 scientia
3443 2614 3758 2686 Scriptura-

2146 2713 2270 2752 rum
2290 2701 2480 2767 servit,
2514 2704 2710 2771 repetit
2736 2719 2953 2760 versum
2986 2721 3128 2776 saepe
3153 2715 3384 2763 sanctus
3421 2708 3752 2780 Augustinus

2145 2787 2202 2842 in
2230 2798 2527 2845 memorata
2561 2793 2807 2861 epistola,
2842 2795 3019 2848 Astitit
3056 2798 3236 2866 regina
3267 2815 3302 2850 a
3337 2798 3548 2852 dextris
3573 2802 3670 2854 tuis
3696 2800 3753 2856 in

2146 2881 2332 2934 vestitu
2373 2882 2628 2937 deaurato
2665 2885 3056 2940 circumamicta
3101 2889 3377 2941 varietate.
3426 2888 3758 2946 Observatur

2145 2971 2312 3026 etiam
2339 2975 2481 3043 apud
2510 2992 2607 3030 nos
2631 2976 2684 3030 in
2716 2977 2983 3046 aliquibus
3024 2977 3156 3034 locis
3199 2997 3345 3036 unus
3383 2983 3531 3050 dies,
3574 2986 3624 3039 id
3655 2996 3752 3052 est,

2146 3063 2383 3118 secunda
2414 3063 2571 3131 feria,
2604 3067 2695 3136 qui
2726 3083 2832 3122 non
2861 3077 2945 3123 est
2973 3068 3260 3139 deputatus
3284 3072 3344 3125 in
3367 3073 3752 3132 observatione

2147 3170 2179 3209 a
2205 3159 2522 3213 memoratis
2551 3161 2865 3216 auctoribus
2883 3203 2898 3228 ,
2927 3162 2980 3216 id
3002 3171 3106 3228 est,
3137 3179 3168 3216 a
3194 3173 3392 3222 sancto
3415 3167 3748 3232 Innocentio,

2147 3256 2204 3304 et
2232 3259 2419 3305 sancto
2441 3251 2754 3319 Ambrosio,
2782 3262 2839 3308 et
2862 3263 3049 3310 sancto
3074 3255 3406 3326 Augustino,
3443 3277 3544 3315 nec
3563 3277 3666 3315 non
3694 3270 3749 3314 et

446 3341 506 3398 in
542 3305 768 3410 epistola
805 3341 872 3396 ad
909 3340 1236 3398 Casulanum

2564 3305 2571 3306 ,
2788 3305 2835 3308 ν
2863 3305 3044 3310 ---_--,-
3074 3305 3406 3326 ___,,__-_---,
3446 3305 3663 3315 ..ν--.-..
3696 3305 3741 3314 -.

2145 3336 2306 3392 beato
2346 3337 2694 3413 Hieronymo,
2724 3359 2887 3413 quem
2916 3345 3090 3401 adhuc
3122 3347 3302 3402 solent
3340 3351 3521 3404 nostri
3549 3351 3741 3420 princi-

443 3445 622 3502 pauca
646 3432 733 3487 hic
762 3432 1000 3488 inseram
1027 3453 1039 3486 :
1066 3432 1143 3488 De
1171 3436 1452 3503 varietate,
1484 3439 1676 3508 inquit,
1715 3439 1781 3492 ad
1814 3438 2039 3494 Casula-

450 3540 582 3598 num
621 3525 688 3579 de
722 3523 938 3580 Urbico.
986 3524 1104 3581 Non
1145 3529 1241 3583 tibi
1284 3532 1610 3600 persuadeat
1644 3533 1834 3588 urbem
1880 3533 2040 3588 Chri-

445 3615 686 3672 stianam
725 3617 805 3672 sic
844 3617 1064 3674 laudare
1099 3619 1324 3677 sabbato
1359 3623 1719 3694 jejunantem,
1750 3626 2042 3696 utcogaris

462 3708 654 3764 orbem
678 3709 1046 3764 Christianum
1070 3711 1330 3767 damnare
1347 3715 1724 3783 prandentem.
1754 3715 1824 3770 Et
1848 3716 2043 3772 iterum

453 3815 523 3854 ex
552 3800 905 3870 responsione
936 3802 1109 3858 sancti
1145 3802 1416 3860 Ambrosii
1452 3805 1507 3860 in
1546 3806 1736 3862 eadem
1779 3808 2037 3878 epistola,

449 3891 547 3961 qui
583 3892 759 3961 inquit
789 3911 800 3944 :
831 3891 1058 3958 Quando
1101 3895 1192 3949 hic
1229 3912 1372 3962 sum,
1421 3913 1527 3952 non
1559 3898 1746 3968 jejuno
1779 3901 2039 3967 sabbato;

453 3981 670 4051 quando
685 3980 868 4035 Romae
885 3983 1224 4054 sum,jejuno
1241 3987 1483 4041 sabbato.
1501 3987 1568 4041 Et
1581 3990 1647 4043 ad
1663 4006 2042 4062 quamcunque

453 4071 760 4128 Ecclesicm
783 4074 1063 4141 veneritis,
1081 4073 1416 4144 ejusmorem
1432 4088 1666 4145 servate,
1682 4081 1726 4135 si
1741 4082 1855 4150 pati
1886 4098 2042 4136 scan-

449 4163 633 4238 dalum
662 4180 770 4218 non
799 4163 965 4220 vultis
992 4174 1087 4220 aut
1119 4165 1315 4222 facere.
1379 4166 1649 4239 Scriptum
1697 4181 1780 4226 est
1819 4173 1872 4226 in
1919 4174 2040 4228 Vita

444 4257 593 4313 beati
613 4257 885 4312 Ambrosii
917 4259 1059 4329 quod
1092 4258 1206 4329 ipse
1228 4259 1548 4317 Ambrosius
1574 4261 1847 4331 jcjunaret
1881 4275 2042 4319 caetev

445 4357 595 4404 teros
628 4349 743 4404 dies
774 4349 1147 4415 hebdomadas,
1181 4352 1405 4407 sabbato
1434 4363 1489 4408 et
1510 4355 1789 4409 Dominico
1809 4358 2042 4426 prande-

445 4446 552 4514 ret.
602 4438 781 4505 Quare
806 4441 1034 4509 prandio
1071 4445 1403 4498 uteretur'in
1443 4444 1667 4499 sabbato
1703 4455 1794 4499 aut
1838 4445 1891 4499 in
1936 4445 2042 4501 Do-

445 4529 671 4594 minica,
713 4539 1046 4586 memoratus
1079 4531 1411 4601 Augustinus
1450 4544 1718 4588 monstrat
1753 4537 1804 4588 in
1836 4552 2039 4592 memo-

445 4631 569 4676 rata
605 4621 854 4688 epistola,
893 4622 1138 4676 scribens
1182 4623 1246 4677 de
1283 4625 1507 4679 sabbato
1548 4627 1627 4680 sic
1652 4646 1663 4680 :
1691 4626 1898 4692 Quibus
1938 4645 2033 4682 au—

448 4719 560 4767 tem
591 4709 779 4764 diebus
807 4725 913 4765 non
943 4719 1155 4780 oportet
1175 4711 1440 4782 jejunare,
1468 4724 1524 4769 et
1547 4717 1740 4784 quibus
1762 4728 2032 4787 oporteat,

448 4811 727 4874 praecepto
765 4801 979 4856 Domini
1023 4801 1108 4856 vel
1145 4802 1527 4871 apostolorum,
1562 4821 1668 4861 non
1704 4807 1918 4864 invenio
1945 4811 2036 4866 de-

450 4893 685 4948 ﬁnitum.
739 4893 818 4949 Ac
845 4909 943 4964 per
970 4893 1073 4948 hoc
1105 4895 1280 4949 sentio
1309 4896 1526 4966 quidem
1559 4914 1666 4952 non
1697 4899 1764 4954 ad
1791 4901 2038 4956 obtinen—

448 4985 572 5040 dam
609 4983 911 5049 veritatem,
942 4999 1105 5054 quam
1135 4984 1268 5040 ﬁdes
1294 4986 1518 5049 obtinet,
1559 4996 1720 5058 atque
1743 4988 2033 5060 justitiam,

448 5075 504 5128 in
528 5090 634 5144 qua
661 5081 744 5127 est
769 5073 1112 5143 pulchritudo
1146 5074 1268 5130 ﬁliae
1292 5077 1431 5148 rcgis
1457 5079 1813 5149 intrinsecus;
1843 5085 1937 5139 sed
1965 5094 2040 5140 ta-

449 5181 574 5220 men
605 5167 672 5220 ad
703 5166 1110 5238 signiﬁcandam
1142 5169 1383 5237 requiem
1410 5173 1816 5243 sempiternam,
1841 5177 1930 5231 ubi
1960 5188 2044 5234 est

446 5270 637 5309 verum
679 5257 1001 5323 sabbatum,
1053 5256 1444 5314 relaxationem
1492 5279 1654 5331 quam
1704 5266 2041 5324 constrictio—

449 5362 574 5402 nem
601 5346 794 5416 jejunii
823 5349 1000 5418 aptius
1029 5351 1337 5407 convenire.
1392 5353 1459 5407 Et
1489 5354 1628 5410 infra
1657 5374 1669 5410 :
1700 5358 1815 5415 Duo
1842 5362 2040 5432 quippe

450 5447 579 5493 sunt
615 5454 735 5509 quae
764 5437 1037 5508 justorum
1077 5443 1465 5500 beatitudinem
1498 5458 1552 5503 et
1587 5451 1766 5506 omnis
1805 5453 2038 5510 miseriae

450 5527 614 5582 ﬁnem
642 5545 862 5600 sperare
888 5530 1095 5588 faciunt
1128 5553 1140 5586 :
1177 5550 1325 5591 mors
1350 5546 1407 5593 et
1432 5543 1758 5598 resurrectio
1789 5554 2034 5602 mortuo-

448 5634 593 5676 rum.
640 5622 698 5676 ln
733 5633 906 5681 morte
939 5629 1156 5697 requies
1185 5638 1291 5696 est,
1320 5631 1388 5688 de
1415 5650 1520 5703 qua
1559 5636 1756 5692 dicitur
1783 5653 1880 5708 per
1914 5656 2039 5709 pro-

445 5711 670 5783 phetam
702 5731 714 5766 :
750 5715 905 5772 Plebs
941 5735 1083 5785 mea,
1134 5721 1276 5776 intra
1328 5723 1380 5778 in
1422 5726 1639 5782 cellaria
1679 5738 1770 5784 tua
1810 5718 2037 5788 abscon-

450 5803 581 5884 dere
614 5804 888 5874 pusillum,
919 5809 1090 5866 donec
1114 5823 1457 5882 pertranseat
1482 5818 1562 5872 ira
1589 5819 1822 5877 Domini.
1865 5824 1922 5878 In
1958 5841 2039 5880 re-

447 5898 784 5966 surrectione
815 5909 996 5960 autem
1021 5903 1078 5987 in
1103 5905 1323 5972 homine
1363 5915 1497 5982 toto,
1531 5911 1588 5974 id
1631 5922 1734 5991 est,
1779 5915 1837 5978 in
1872 5933 2038 5995 carne

2144 3429 2335 3500 pes-in
2369 3429 2575 3499 jejunio
2625 3432 2826 3501 libare,
2870 3436 3085 3505 quando
3131 3437 3399 3492 indicitur
3452 3441 3751 3496 triduanum

2138 3521 2406 3594 jejunium
2433 3524 2606 3580 instar
2634 3525 3018 3584 Ninivitarum.
3067 3530 3242 3597 Quod,
3285 3542 3348 3587 ut
3389 3548 3545 3599 reor,
3587 3542 3750 3606 potest

2146 3614 2350 3670 habere
2394 3633 2642 3672 normam
2690 3635 2720 3674 a
2770 3622 3157 3690 praedicatione
3199 3625 3393 3691 Pauli,
3440 3628 3539 3698 qui
3585 3628 3752 3681 dixit:

2145 3703 2296 3760 Alius
2317 3707 2531 3776 judicat
2567 3710 2703 3765 diem
2741 3713 2878 3766 inter
2911 3715 3081 3781 diem,
3119 3715 3257 3770 alius
3292 3719 3517 3788 judice!
3555 3738 3754 3774 omnem

2145 3797 2303 3852 diem.
2360 3799 2564 3856 Tamen
2598 3818 2874 3873 exponens
2906 3805 3036 3861 illud
3062 3806 3409 3875 Ambrosius,
3450 3813 3521 3867 de
3548 3815 3756 3868 ceteris

2146 3892 2286 3955 silet,
2343 3906 2592 3964 quartam
2639 3906 2696 3952 et
2736 3907 2942 3954 sextam
2988 3901 3198 3956 sabbati
3241 3903 3572 3972 introducit,
3603 3908 3754 3977 juxta

2145 4000 2351 4039 morem
2376 4001 2537 4055 quem
2561 3990 2777 4045 tenebat
2801 3992 3050 4063 populus,
3079 3994 3168 4064 qui
3195 3995 3245 4049 ei
3274 4005 3407 4053 tunc
3432 4008 3592 4054 notus
3611 4009 3744 4054 erat.

2145 4080 2338 4137 Verius
2380 4091 2560 4139 tamen
2603 4084 2826 4156 implent
2861 4091 3003 4158 quod
3034 4091 3163 4146 dicit
3203 4091 3445 4156 Paulus,
3479 4096 3568 4164 qui
3605 4097 3748 4150 inter

2143 4174 2486 4230 Dominicum
2519 4178 2661 4233 diem
2685 4187 2741 4233 et
2772 4181 2988 4235 tertiam
3019 4183 3229 4237 sabbati
3269 4183 3615 4252 refectionis,
3647 4203 3754 4242 tne-

2145 4266 2289 4320 dium
2340 4266 2663 4335 jejunahant
2707 4273 2998 4328 secundam
3047 4276 3304 4343 sabbati;
3368 4279 3574 4334 iterum
3618 4282 3756 4336 inter

2144 4359 2360 4412 tertiam
2396 4361 2601 4414 sabbati
2628 4370 2684 4414 et
2705 4363 2952 4433 quintam
2977 4365 3290 4422 refectionis
3306 4367 3567 4439 jejunant
3589 4389 3752 4442 quar-

2144 4455 2290 4514 tam;
2337 4459 2392 4504 et
2434 4451 2627 4506 iterum
2669 4453 2811 4508 inter
2852 4456 3095 4524 quintam
3127 4459 3340 4514 sabbati
3367 4473 3423 4516 ct
3464 4465 3751 4534 septimam

2144 4538 2457 4596 refectionis
2480 4541 2723 4610 jejunant
2758 4553 2968 4600 sextam
2988 4588 3004 4610 ,
3037 4548 3152 4604 dies
3182 4549 3507 4609 Dominicus
3528 4556 3747 4609 inter-dic

2145 4640 2262 4686 ctus
2293 4643 2377 4686 est
2403 4633 2465 4686 ad
2490 4632 2844 4701 jejunandum
2881 4640 2933 4691 in
2973 4638 3112 4694 libro
3141 4641 3230 4710 qui
3267 4646 3499 4714 proprie
3528 4656 3754 4701 vocatur

2143 4723 2408 4780 Cauoues.
2477 4724 2762 4782 Rationem
2827 4729 3221 4792 interdictiouis
3286 4733 3348 4788 S.
3412 4737 3756 4810 Augustinus

2144 4817 2319 4884 aperit
2367 4818 2421 4870 in
2466 4832 2766 4875 memorata
2814 4823 3043 4891 epistola
3097 4825 3163 4878 ad
3214 4824 3554 4884 Casulanum
3587 4852 3602 4886 :
3636 4833 3755 4896 Die,

2145 4908 2340 4978 inquit,
2380 4910 2657 4974 Dominico
2697 4911 2945 4982 jejunare
2984 4919 3295 4974 scandalum
3335 4937 3602 4993 magnum
3651 4936 3753 4992 est,

2145 5001 2381 5056 maxime
2401 5011 2750 5072 posteaquam
2784 5005 3019 5062 innotuit
3042 5009 3378 5069 detestabilis
3403 5016 3762 5090 multumque

2147 5093 2268 5149 ﬁdei
2301 5095 2577 5150 catholica:
2605 5095 3004 5170 Scriptnrisque
3030 5101 3226 5158 divinis
3248 5107 3604 5174 apertissime
3624 5126 3762 5167 cono

2147 5190 2313 5242 traria
2355 5188 2576 5245 haeresis
2619 5189 3067 5261 Manichaeorum,
3111 5197 3204 5265 qui
3246 5199 3362 5253 suis
3399 5201 3762 5260 auditoribus

2145 5281 2212 5336 ad
2233 5279 2587 5348 jejunandum
2616 5282 2776 5336 istum
2817 5293 3071 5354 tanquam
3107 5286 3408 5358 legitimum
3436 5295 3757 5350 constitue-

2142 5377 2269 5423 runt
2295 5369 2456 5433 diem,
2487 5386 2586 5440 per
2607 5372 2750 5441 quod
2776 5371 2978 5427 factum
3003 5382 3087 5429 est
3117 5384 3175 5430 ut
3195 5376 3469 5448 jejunium
3500 5381 3614 5438 diei
3647 5384 3762 5440 Do-

2142 5459 2327 5516 minici
2367 5460 2679 5518 horribilius
2735 5464 3046 5520 haberetur.
3101 5467 3335 5524 Sanctus
3373 5470 3758 5546 Hieronymus

2141 5568 2305 5608 unam
2361 5555 2829 5626 quadragesimam
2884 5561 3035 5628 ponit
3074 5561 3128 5615 in
3170 5563 3606 5622 observatione:
3649 5585 3760 5626 nos

2140 5644 2493 5704 observamus
2519 5655 2630 5703 tres
2657 5651 3098 5723 quadragesimas
3117 5694 3132 5720 ,
3163 5655 3217 5710 id
3243 5666 3348 5721 est,
3376 5669 3508 5713 ante
3526 5659 3760 5718 Pascha

2139 5738 2375 5805 Domini,
2431 5741 2682 5811 circaque
2731 5743 3077 5800 festivitatem
3133 5749 3304 5804 sancti
3359 5749 3626 5818 Joannis,
3694 5763 3761 5811 et

2139 5840 2264 5885 ante
2300 5832 2636 5886 nativitatem
2679 5834 2911 5889 Domini.
2969 5835 3053 5891 Sit
3097 5854 3126 5891 a
3173 5840 3278 5908 piis
3321 5843 3598 5896 mentibus
3637 5844 3762 5900 fm-

2135 5933 2456 6002 quentatum
2493 5927 2636 6002 apud
2667 5943 2768 5992 nos
2807 5947 2822 5993 ε
2856 5931 3002 6008 apud
3039 5940 3291 5999 sanctum
3332 5932 3759 6012 Hieronymum
