4000 6364
233 366 370 431 1253

231 484 574 545 manifestum
593 490 688 562 est
719 483 861 555 quod
889 481 1172 540 Montanus
1207 484 1496 539 haereticus
1532 483 1678 537 illam
1717 483 1810 538 ob-
1834 488 1890 550 Α

231 579 590 638 servationem
622 578 784 633 trium
821 578 1356 649 quadragesimarum
1395 577 1645 630 statuerit
1669 577 1811 645 apud

232 688 376 735 suos,
421 671 472 725 id
507 678 608 734 est,
648 679 759 726 tres
797 671 1238 742 quadragesimas
1266 685 1362 739 per
1388 684 1606 723 annum.
1656 667 1812 738 Apud

232 778 329 820 nos
359 777 570 832 quoque
599 777 704 816 non
735 771 819 817 est
846 762 1066 816 dubium
1101 763 1229 832 quin
1262 775 1566 832 prmparare
1590 775 1690 813 nos
1721 759 1813 814 de-

230 857 451 912 beamus
472 855 524 909 in
547 855 779 928 adventu
814 856 1024 911 Domini
1065 855 1247 910 multis
1275 855 1378 925 piis
1411 855 1681 925 operibus.
1716 853 1815 908 Na-

233 945 401 1000 talitia
439 954 749 1000 sanctorum
784 946 1140 1001 observantur
1167 944 1306 1014 apud
1336 958 1461 1008 nos,
1506 943 1573 997 de
1614 944 1813 1013 quibus

229 1037 361 1091 dicit
394 1037 724 1108 Augustinus
752 1039 807 1091 in
846 1046 1148 1092 memorata
1185 1035 1408 1105 epistola
1435 1054 1447 1089 :
1475 1036 1675 1091 Diebus
1704 1036 1811 1090 Do-

228 1128 442 1183 minicis
467 1129 716 1183 omnibus
745 1136 798 1183 et
825 1127 1213 1198 quinquaginta
1243 1135 1362 1197 post
1383 1126 1611 1192 Pascha,
1641 1135 1694 1182 et
1719 1141 1816 1197 per

228 1218 440 1273 diversa
477 1219 592 1274 loca
626 1219 814 1274 diebus
843 1218 1172 1273 solemnibus
1205 1227 1526 1288 martyrum,
1571 1225 1627 1273 et
1664 1217 1818 1272 festis

227 1309 528 1378 quibusque
555 1310 868 1379 praudetur,
907 1311 1142 1365 solemus
1172 1322 1296 1380 post
1321 1318 1542 1364 octavas
1568 1311 1818 1365 nativita-

227 1401 298 1454 tis
346 1401 581 1465 Domini,
628 1411 847 1457 octavas
897 1403 1171 1458 celebrare
1218 1402 1274 1456 S.
1324 1402 1612 1472 Stephani,
1659 1411 1714 1458 et
1755 1403 1812 1458 S.

226 1489 453 1548 Joannis
495 1495 872 1563 evangelistm,
921 1503 1085 1564 atque
1129 1495 1478 1550 lnnocentum
1524 1505 1586 1551 ut
1630 1511 1816 1550 earum

226 1593 542 1639 octavarum
581 1594 740 1640 cantu
778 1588 1154 1656 perveniamus
1185 1588 1354 1643 ferme
1391 1603 1560 1658 usque
1591 1587 1660 1642 ad
1689 1587 1821 1658 vigi-

228 1674 332 1729 lias
384 1675 763 1745 'I‘hcophanise.
835 1677 909 1730 De
957 1677 1162 1748 jejunio
1215 1678 1361 1748 quod
1412 1677 1641 1733 facimus
1693 1685 1817 1734 ante

227 1769 600 1823 ascensionem
636 1770 866 1836 Domini,
912 1769 1254 1824 manifestum
1287 1779 1371 1825 est
1402 1787 1431 1824 a
1464 1785 1570 1839 quo
1598 1779 1817 1825 auctore

225 1860 427 1915 habeat
451 1862 752 1926 exordium,
789 1863 854 1916 de
888 1877 995 1931 quo
1034 1861 1168 1916 nihil
1206 1861 1338 1916 mihi
1385 1861 1672 1916 dicendum
1712 1870 1816 1928 est,

227 1951 488 2020 quoniam
523 1952 652 2007 dicit
679 1952 819 2006 idem
852 1953 1041 2008 beatus
1071 1951 1402 2022 Augustinus
1426 1970 1438 2006 :
1459 1952 1517 2005 In
1554 1953 1638 2006 his
1669 1952 1815 2006 enim

226 2045 395 2098 rebus
423 2044 488 2097 de
513 2045 708 2113 quibus
735 2044 870 2099 nihil
913 2045 1046 2099 certi
1083 2046 1272 2100 statuit
1302 2044 1580 2114 Scriptura
1611 2045 1814 2110 divina,

227 2151 349 2189 mos
381 2137 558 2206 populi
599 2137 694 2192 Dei
739 2145 794 2190 et
837 2137 1084 2191 instituta
1121 2137 1388 2206 majorum
1432 2153 1530 2210 pro
1575 2137 1692 2209 lege
1735 2147 1814 2194 te-

225 2229 405 2283 nenda
445 2237 586 2282 sunt.
627 2229 831 2284 Tamen
873 2245 980 2284 non
1018 2245 1308 2300 possumus
1346 2232 1524 2287 dicere
1567 2232 1710 2302 quod
1751 2231 1818 2288 de

224 2321 416 2374 laetitia
441 2323 648 2377 dierum
675 2323 1020 2379 Pentecostes
1043 2340 1152 2380 non
1182 2326 1254 2380 sit
1280 2326 1541 2396 scriptum
1562 2342 1594 2380 a
1615 2326 1818 2382 sanctis

224 2411 564 2466 auctoribus.

749 2545 978 2606 CAPUT
1015 2549 1302 2606 XXXVIII.

228 2660 470 2731 Quando
503 2662 832 2718 celebrantur
870 2664 1046 2737 divina
1079 2666 1357 2737 mysteria,
1395 2682 1498 2737 qua
1534 2668 1819 2723 reverentia

569 2743 618 2789 et
645 2742 784 2789 metu
805 2734 1053 2790 standum
1079 2734 1149 2790 sit
1176 2736 1227 2790 in
1252 2734 1490 2792 ecclesia.

301 2868 572 2939 Quoniam
595 2870 662 2926 de
689 2869 948 2926 natalitiis
972 2880 1282 2926 sanctorum
1313 2888 1485 2941 pauca
1517 2873 1819 2944 przelihavi—

225 2979 377 3027 mus,
395 2961 553 3032 juvat
571 2962 892 3018 subnectere
912 2965 1075 3019 verba
1091 2963 1147 3019 S.
1172 2964 1395 3020 Joannis
1423 2965 1817 3039 Chrysostomi,

220 3066 283 3111 ut
310 3057 402 3112 his
429 3058 714 3112 admoneat
736 3058 1003 3128 quomodo
1029 3059 1292 3131 meipsum
1320 3056 1545 3116 debeam
1567 3079 1819 3119 coercere

224 3165 257 3204 a
298 3150 590 3222 superfluis
616 3153 795 3208 verbis
821 3162 874 3208 et
905 3154 1040 3220 risu,
1073 3157 1287 3225 quando
1313 3173 1494 3212 coram
1524 3168 1714 3215 sancto
1746 3159 1820 3214 al-

972 367 1062 426 DE
1101 365 1658 427 ECCLESIASTICIS
1697 366 1985 427 OFFICIIS
2019 363 2202 424 LIBRI
2233 361 2326 422 IV.
2365 395 2437 410 —
2468 365 2602 424 LIB.
2640 367 2733 428 IV.

3341 369 3487 432 1234

2441 483 2668 540 CAPUT
2707 482 2948 540 XXXIX.

2250 575 2452 632 Iterum
2478 577 2543 631 de
2574 586 2794 631 tonsura
2824 577 3154 635 clericorum.

1985 669 2203 724 Memini
2251 684 2338 724 me
2379 668 2582 724 dixisse
2628 670 2681 723 in
2733 669 3105 738 superioribus
3155 670 3492 744 dubitando,

1914 770 2097 818 utrum
2128 777 2330 817 corona
2355 761 2675 817 clericorum
2713 770 3026 816 nostrorum
3059 760 3287 818 formam
3315 765 3495 835 primo

1916 854 2185 921 acciperet
2220 868 2250 907 a
2281 859 2472 908 sancto
2514 853 2698 916 Petro,
2742 867 2810 905 an
2846 868 2878 907 a
2913 854 3319 910 successoribus
3354 852 3491 923 eius,

1916 944 2126 1000 scilicet
2153 945 2422 1015 episcopis
2452 944 2603 1000 urbis
2625 944 2830 999 Romae.
2875 944 3071 1015 Reperi
3095 953 3283 1016 postea
3309 955 3498 1004 aucto-

1916 1039 2134 1093 ritatem
2178 1037 2404 1108 hujusce
2448 1038 2529 1093 rei
2573 1037 2731 1093 Beda:
2773 1036 2960 1092 famuli
3007 1037 3105 1091 Dei
3149 1038 3206 1092 in
3250 1037 3496 1093 Historia

1916 1130 2210 1201 Anglorum
2237 1172 2253 1197 ,
2298 1130 2534 1200 capitulo
2576 1129 2840 1201 vigesimo
2882 1129 3059 1201 primo
3085 1170 3100 1196 ,
3160 1145 3227 1184 ex
3270 1129 3501 1201 epistola

1917 1219 2155 1277 Ceolfrid
2180 1223 2392 1276 abbatis
2417 1223 2483 1275 ad
2508 1220 2779 1294 Aytanum
2824 1235 3010 1292 regem
3050 1220 3350 1276 Pictorum.
3395 1221 3501 1276 Ve-

1918 1331 2038 1370 rum
2081 1316 2186 1371 etsi
2225 1315 2467 1386 proﬁteri
2511 1315 2666 1370 nobis
2709 1313 2938 1369 liberum
2978 1321 3060 1370 est
3098 1314 3223 1383 quia
3264 1324 3502 1368 tonsura:

1919 1407 2215 1462 discrimen
2259 1422 2367 1462 non
2411 1414 2607 1461 noceat
2646 1405 2843 1475 quibus
2885 1419 3022 1475 pura
3065 1405 3120 1458 in
3161 1404 3329 1459 Deum
3367 1402 3504 1458 ﬁdes

1917 1506 1973 1555 et
2013 1497 2254 1554 charitas
2294 1497 2350 1551 in
2385 1497 2691 1566 proximum
2732 1497 2945 1552 sincera
2984 1504 3069 1552 est
3101 1495 3339 1552 maxime
3377 1509 3505 1551 cum

1919 1605 2199 1660 nunquam
2237 1587 2491 1643 Patribus
2530 1587 2813 1645 catholicis
2859 1589 3001 1644 sicut
3045 1589 3110 1643 de
3153 1587 3379 1643 Pascha:
3417 1586 3507 1642 vel

1920 1684 2046 1739 ﬁdei
2088 1683 2406 1738 diversitate
2449 1680 2771 1747 conflictus,
2825 1682 2901 1737 ita
2945 1682 3110 1737 etiam
3155 1679 3222 1735 de
3269 1688 3506 1735 tonsurae

1920 1776 2225 1831 differentia
2261 1774 2469 1846 legatur
2505 1774 2685 1844 aliqua
2727 1773 2897 1829 fuisse
2925 1770 3312 1828 controversia.
3357 1769 3506 1824 Inter

1845 1859 1893 1919 B
1920 1883 2113 1922 omnes
2145 1875 2325 1921 tamen
2365 1880 2502 1935 quas
2532 1864 2617 1920 vel
2656 1865 2712 1920 in
2747 1864 3010 1931 Ecclesia,
3037 1863 3124 1918 vel
3163 1863 3218 1917 in
3250 1861 3506 1916 universo

1918 1960 2199 2014 hominum
2222 1972 2420 2028 genere
2457 1957 2760 2027 reperimus
2801 1965 3073 2020 tonsuras,
3101 1953 3308 2008 nullam
3329 1951 3505 2021 magis

1916 2049 2247 2121 sequendam
2288 2048 2447 2103 nobis
2487 2046 3028 2117 amplectendamque
3070 2044 3193 2115 jure
3234 2043 3504 2108 dixerim,

1918 2157 2080 2214 quam
2125 2142 2179 2195 in
2223 2141 2401 2210 capite
2441 2154 2540 2195 suo
2583 2139 2834 2211 gestabat
2872 2136 2960 2192 ille
3003 2136 3090 2192 cui
3127 2150 3188 2191 se
3223 2131 3508 2189 conﬁtenti

1917 2232 2181 2288 Dominus
2245 2231 2368 2286 ait:
2418 2228 2500 2283 Tu
2542 2246 2595 2283 es
2650 2229 2879 2294 Petrus;
2937 2227 3143 2283 nullam
3185 2226 3360 2296 magis
3402 2223 3504 2279 ab-

1917 2325 2264 2379 ominandam
2287 2323 2769 2392 detestandamque
2801 2321 2998 2376 merito
3023 2319 3233 2376 cunctis
3256 2317 3507 2372 ﬁdelibus

1919 2415 2246 2473 crediderim
2284 2430 2348 2470 ea
2385 2429 2550 2484 quam
2592 2413 2828 2468 habebat
2865 2411 2956 2468 ille
2996 2411 3085 2466 cui
3125 2409 3354 2482 gratiam
3383 2405 3508 2478 Spi-

1917 2509 2058 2565 ritus
2107 2510 2282 2565 sancti
2334 2522 2654 2578 comparare
2696 2506 2899 2561 volenti
2946 2505 3089 2560 idem
3136 2502 3332 2558 Petrus
3381 2499 3502 2554 ait:

1921 2600 2159 2655 Pecunia
2203 2611 2294 2654 tua
2335 2609 2506 2654 tecum
2547 2599 2614 2653 sit
2655 2599 2714 2652 in
2753 2597 3063 2670 perditione,
3113 2593 3364 2666 quoniam
3407 2590 3506 2645 do-

1922 2711 2048 2749 num
2089 2694 2188 2748 Dei
2232 2692 2546 2748 existimasti
2590 2706 2689 2760 per
2727 2689 3014 2762 pecuniam
3056 2684 3312 2759 possideri
3336 2724 3352 2750 ,
3400 2697 3507 2736 non

1921 2799 1998 2843 est
2037 2787 2130 2841 tibi
2169 2803 2294 2858 pars
2329 2802 2492 2857 neque
2514 2801 2628 2838 sors
2653 2784 2710 2837 in
2730 2798 2968 2838 sermone
2992 2781 3110 2835 hoc.
3161 2777 3350 2848 Neque
3372 2787 3506 2830 vero

1921 2880 1990 2934 ob
2030 2879 2082 2933 id
2127 2887 2307 2932 tamen
2350 2878 2408 2932 in
2447 2891 2704 2932 coronam
2738 2874 3105 2938 attondemur,
3151 2870 3278 2942 quia
3310 2869 3506 2924 Petrus

1922 2969 1997 3024 ita
2036 2977 2282 3024 attonsus
2333 2976 2453 3029 est,
2509 2966 2604 3022 sed
2654 2966 2782 3036 quia
2828 2964 3024 3018 Petrus
3074 2963 3131 3018 in
3184 2958 3508 3015 memoriam

1874 3060 1879 3065 ’
1923 3062 2216 3118 Dominicas
2253 3062 2526 3133 passionis
2560 3061 2633 3115 ita
2671 3067 2918 3114 attonsus
2945 3064 3049 3112 est.
3088 3054 3299 3109 Idcirco
3327 3059 3384 3107 et
3407 3065 3509 3105 nos

1923 3157 2014 3227 qui
2057 3171 2155 3226 per
2197 3155 2446 3211 eamdem
2493 3156 2801 3226 passionem
2847 3152 3048 3208 salvari
3091 3149 3505 3213 desideramus,

220 3244 331 3298 tari
361 3245 607 3300 astitero.
645 3245 783 3301 Dicit
807 3246 946 3300 idem
981 3247 1032 3302 in
1061 3255 1288 3304 tractatu
1313 3250 1630 3304 duodecimo
1658 3267 1820 3322 super
1847 3238 1891 3299 C
1924 3249 2092 3318 ipsius
2117 3247 2386 3317 passionis
2411 3247 2624 3316 signum
2666 3259 2789 3298 cum
2827 3243 2922 3296 illo
2961 3243 3015 3296 in
3041 3241 3268 3304 vertice,
3297 3251 3510 3292 summa

217 3333 528 3404 Epistolam
563 3335 631 3388 ad
665 3334 918 3390 Hebraeos
937 3355 949 3389 :
967 3336 1087 3390 Stat
1107 3340 1360 3393 sacerdos
1378 3341 1493 3399 Dei,
1518 3341 1819 3397 orationem

215 3426 463 3482 offerens
487 3435 801 3480 cunctorum
824 3444 838 3485 ;
868 3436 922 3480 tu
945 3436 1128 3481 autem
1153 3429 1317 3492 rides,
1341 3429 1472 3483 nihil
1501 3431 1732 3484 timens?
1755 3431 1823 3485 Et

213 3522 309 3576 ille
336 3520 558 3592 quidem
579 3533 816 3576 tremens
837 3535 934 3592 pro
957 3505 1009 3575 te
1030 3522 1332 3575 orationem
1354 3521 1528 3584 offert,
1558 3533 1613 3576 tu
1639 3533 1821 3578 autem

211 3616 575 3671 contemnis?
611 3615 724 3669 Non
765 3616 964 3670 avertis
1007 3614 1346 3686 Scripturam
1396 3617 1687 3684 dicentem,
1730 3619 1823 3674 Va:

211 3708 747 3776 contemptoribus?
803 3707 918 3763 Non
961 3711 1395 3766 contremiscis?
1448 3710 1565 3767 Non
1613 3712 1822 3785 colligis

211 3798 607 3867 temetipsum?
635 3798 699 3851 Et
728 3799 781 3853 in
812 3799 988 3854 aulam
1014 3799 1231 3870 quidem
1263 3802 1462 3872 regiam
1497 3804 1817 3871 intraturus,

207 3899 268 3944 et
303 3888 518 3951 habitu,
544 3897 596 3942 et
623 3889 813 3954 oculis,
849 3898 902 3944 et
934 3891 1146 3946 incessu
1171 3934 1185 3956 ,
1217 3901 1268 3948 et
1292 3896 1500 3949 cunctis
1530 3895 1652 3950 aliis
1674 3911 1822 3951 com-

207 3979 378 4051 ponis
409 3986 465 4032 et
489 3994 652 4032 ornas
692 3982 1069 4051 temetipsum;
1097 3983 1201 4038 huc
1240 3995 1418 4039 autem
1457 3987 1815 4056 ingressurus,

208 4072 305 4127 ubi
347 4087 480 4125 vere
519 4080 600 4125 est
636 4071 753 4125 aula
788 4075 954 4144 regia,
997 4083 1052 4128 et
1087 4075 1207 4130 talis
1244 4077 1419 4146 qualis
1444 4079 1682 4135 cmlestis
1712 4089 1814 4146 est,

206 4162 412 4220 rides?
452 4161 624 4231 Atque
663 4165 775 4219 scio
812 4166 1027 4235 quidem
1063 4169 1188 4236 quia
1235 4177 1292 4222 tu
1337 4186 1441 4224 non
1483 4171 1650 4238 vides,
1692 4173 1815 4227 audi

205 4265 402 4311 tamen
438 4255 560 4324 quia
591 4255 762 4326 angeli
788 4267 1082 4326 praesentes
1111 4268 1238 4314 sunt
1269 4261 1469 4331 ubique
1500 4273 1554 4318 et
1582 4265 1817 4320 maxime

204 4366 262 4402 in
305 4345 480 4401 domo
513 4344 607 4399 Dei
638 4354 815 4401 astant
847 4347 980 4418 regi,
1011 4355 1067 4402 et
1099 4351 1278 4403 omnia
1308 4351 1467 4421 plena
1491 4362 1617 4408 sunt
1645 4355 1817 4409 incor-

205 4437 403 4510 poreis
426 4437 535 4492 illis
557 4438 866 4493 virtutibus.
929 4437 1034 4493 Iste
1061 4439 1188 4494 mihi
1220 4458 1398 4497 sermo
1419 4445 1582 4499 etiam
1605 4447 1671 4500 ad
1697 4462 1816 4500 mu-

205 4533 376 4587 lieres
411 4529 626 4584 dicitur.
669 4530 736 4584 Et
765 4540 891 4586 ante
927 4533 1070 4586 viros
1108 4535 1322 4603 quidem
1367 4552 1472 4591 non
1521 4539 1681 4593 citius
1709 4539 1812 4596 hoc

207 4621 423 4675 audent
452 4617 652 4683 facere,
679 4635 743 4674 ac
769 4622 814 4675 si
842 4621 1068 4686 faciunt,
1101 4639 1205 4677 non
1235 4633 1412 4680 tamen
1446 4643 1676 4698 semper,
1715 4633 1808 4685 sed

205 4729 258 4768 tn
297 4723 554 4778 tempore
589 4711 939 4764 remissionis.
983 4711 1082 4766 llic
1105 4724 1282 4768 autem
1307 4726 1362 4770 et
1389 4717 1532 4772 velas
1562 4728 1615 4772 et
1639 4721 1810 4775 obnu-

205 4807 292 4860 ois
324 4810 498 4871 caput
524 4809 695 4855 tuum.
721 4802 816 4855 Dic
842 4803 991 4860 mihi.
1015 4804 1176 4867 rides,
1207 4820 1240 4859 ο
1267 4807 1474 4868 mulier,
1505 4809 1557 4859 in
1581 4809 1809 4864 ecclesia

207 4893 468 4953 sedens?
503 4892 741 4963 lngressa
778 4909 837 4947 es
865 4892 1111 4947 conﬁteri
1141 4904 1360 4964 peccata
1389 4905 1498 4960 tua,
1531 4900 1810 4966 procidere

207 4995 348 5052 Deo,
388 4989 668 5058 postulare
702 4996 754 5040 et
785 4986 1062 5055 deprecari
1091 5001 1189 5056 pro
1210 4987 1420 5042 delictis
1450 4989 1577 5054 tuis,
1609 4999 1808 5045 etcum

207 5089 323 5141 risu
355 5080 658 5137 hociacis?
672 5079 950 5147 Quomodo
977 5095 1105 5148 ergo
1120 5096 1240 5134 eum
1260 5083 1553 5151 propitiare
1576 5084 1810 5154 poteris?

207 5187 280 5240 Et
304 5180 446 5251 quid
473 5177 668 5232 malum
693 5185 774 5231 est
797 5177 958 5241 risus,
979 5176 1188 5245 inquit?
1209 5175 1321 5230 Non
1344 5186 1424 5231 est
1447 5178 1619 5232 malus
1647 5178 1806 5233 risus.

207 5277 369 5331 Itane
413 5283 525 5322 non
565 5278 647 5321 est
680 5267 912 5330 malum;
947 5265 1038 5321 sed
1076 5265 1229 5320 valde
1256 5266 1474 5329 malum,
1506 5269 1813 5338 importuno

204 5376 474 5435 tempore
512 5360 908 5432 immoderate?
952 5359 1108 5413 Risus
1139 5358 1282 5413 enim
1319 5360 1458 5414 inest
1503 5361 1656 5415 nobis
1686 5401 1701 5425 ,
1753 5368 1812 5415 ut

206 5455 444 5530 quando
467 5451 667 5504 amicos
696 5450 986 5504 viderimus
1010 5456 1130 5519 post
1152 5449 1377 5525 multum
1401 5451 1676 5519 temporis,
1711 5450 1812 5506 hoc

207 5552 460 5606 facimus
489 5541 700 5612 quando
721 5541 928 5610 aliquos
964 5539 1333 5610 delinquentes
1375 5548 1428 5596 et
1466 5542 1714 5596 timentes
1756 5549 1815 5596 ut

207 5648 513 5703 foveamus
525 5649 618 5690 eos
635 5634 765 5699 risu,
784 5648 889 5688 non
902 5641 959 5687 ut
973 5648 1226 5704 cogamus
1240 5651 1338 5688 nos
1351 5636 1516 5706 ipsos,
1533 5645 1587 5690 et
1599 5651 1812 5706 semper

205 5737 531 5796 rideamus.
565 5727 726 5784 Risus
757 5727 897 5782 inest
930 5725 1120 5780 anima:
1162 5737 1362 5782 nostra:
1413 5737 1473 5782 ut
1529 5727 1806 5782 remissio-

207 5842 352 5890 nem
384 5821 592 5880 habeat
617 5821 905 5893 aliquando
945 5821 1140 5889 anima,
1180 5835 1287 5877 non
1325 5827 1387 5875 ut
1423 5817 1769 5876 diffundatur.

1921 3339 2174 3392 videlicet
2196 3337 2443 3406 corporis
2465 3336 2639 3390 nostri
2661 3342 2838 3404 parte,
2861 3341 3157 3403 gestamus.
3189 3330 3343 3386 Sicut
3362 3329 3508 3384 enim

1922 3431 2102 3486 omnis
2153 3429 2398 3484 Ecclesia
2448 3428 2575 3498 quia
2619 3443 2718 3497 per
2757 3434 2986 3481 mortem
3034 3425 3118 3480 sui
3154 3421 3510 3478 viviﬁcatoris

1923 3509 2165 3578 Ecclesia
2211 3521 2356 3576 facta
2397 3527 2519 3585 est,
2564 3519 2777 3588 signum
2820 3525 3021 3574 sanctae
3068 3516 3248 3572 crucis
3292 3513 3409 3585 ejus
3449 3513 3508 3569 in

1922 3613 2104 3670 fronte
2147 3623 2368 3686 portare
2409 3612 2730 3677 consuevit,
2780 3619 2841 3666 ut
2881 3612 3074 3666 crebro
3115 3609 3300 3664 vexilli
3346 3607 3508 3678 hujus

1921 3705 2224 3761 munimine
2265 3721 2296 3759 a
2341 3705 2698 3776 malignorum
2742 3703 3030 3774 spirituum
3072 3700 3393 3758 defendatur
3425 3701 3509 3756 in-

1922 3796 2205 3860 cursibus,
2257 3795 2657 3865 crebrahujus
2703 3795 3072 3851 admonitione.
3117 3795 3396 3860 doceatur,
3446 3809 3506 3850 se

1921 3904 2138 3959 quoque
2179 3902 2400 3944 carnem
2435 3903 2589 3942 suam
2627 3903 2748 3942 cum
2771 3887 2920 3942 vitiis
2961 3895 3016 3942 et
3053 3885 3507 3957 concupiscentiis

1921 3981 2237 4053 cruciﬁgere
2279 3983 2514 4036 debere:
2562 3982 2638 4035 ita
2679 3981 2846 4035 etiam
2891 3987 3103 4049 oportet
3147 3995 3241 4035 eos
3287 3979 3379 4050 qui
3418 3978 3504 4034 vel

1919 4076 2172 4130 monachi
2214 4083 2398 4130 votum
2426 4116 2440 4141 ,
2490 4075 2575 4128 vel
2622 4075 2847 4144 gradum
2897 4074 3187 4128 clericatus
3242 4073 3505 4127 habentes

1919 4165 2203 4221 altioribus
2238 4182 2296 4221 se
2330 4180 2551 4220 necesse
2588 4166 2789 4219 habent
2825 4179 2924 4234 pro
2963 4163 3190 4218 Domino
3221 4163 3503 4219 continen-

1917 4261 2007 4316 tia:
2042 4259 2211 4316 frenis
2234 4260 2560 4330 astringere,
2585 4259 2814 4313 formam
2838 4272 3054 4328 quoque
3077 4273 3310 4321 coronae,
3338 4271 3504 4326 quam

1917 4353 2035 4424 ipse
2075 4353 2130 4407 in
2173 4353 2425 4423 passione
2468 4352 2711 4422 spineam
2758 4351 3036 4421 portavit,
3083 4350 3138 4404 in
3180 4350 3393 4420 capite,
3442 4357 3504 4403 ut

1917 4443 2106 4514 spinas
2144 4451 2198 4498 et
2241 4441 2468 4497 tribulos
2501 4449 2849 4512 peccatorum
2885 4449 3201 4497 nostrorum
3233 4451 3500 4512 portaret,

1917 4535 1969 4592 id
1991 4543 2090 4600 est,
2133 4544 2447 4606 exportaret
2485 4543 2541 4589 et
2581 4533 2820 4590 auferret
2845 4551 2875 4589 a
2900 4536 3078 4602 nobis,
3105 4550 3204 4590 suo
3229 4550 3501 4606 quemque

1915 4628 1966 4681 in
2008 4628 2186 4697 capite
2224 4643 2322 4697 per
2359 4634 2638 4682 tonsuram
2677 4628 2944 4696 proferre,
2973 4637 3032 4682 ut
3072 4643 3130 4683 se
3167 4629 3331 4684 etiam
3377 4627 3500 4682 irri-

1913 4719 2093 4774 siones
2135 4728 2190 4774 et
2232 4720 2523 4790 opprobria
2572 4734 2673 4794 pro
2724 4720 2816 4774 illo
2862 4721 3096 4774 libenter
3142 4735 3207 4775 ac
3249 4728 3498 4789 prompte

1913 4811 2093 4864 omnia
2134 4809 2360 4864 sufferre
2400 4825 2467 4862 ex
2511 4810 2629 4877 ipso
2667 4810 2831 4862 etiam
2870 4807 3205 4875 frontispicio
3246 4809 3495 4874 doceant,

1915 4908 1973 4953 ut
1999 4916 2259 4955 coronam
2283 4900 2407 4953 vita:
2445 4906 2679 4962 aeterna,
2723 4913 2884 4967 quam
2920 4898 3170 4968 promisit
3194 4898 3337 4953 Deus
3371 4899 3495 4954 dili-

1915 4991 2167 5059 gentibus
2207 5004 2285 5053 se,
2335 5003 2549 5059 semper
2571 4999 2913 5058 exspectare,
2939 5005 3145 5060 proque
3185 4991 3344 5060 hujus
3369 5005 3494 5060 per-

1914 5082 2160 5151 ceptione
2203 5089 2258 5134 et
2301 5081 2526 5135 adversa
2568 5081 2752 5136 mundi
2792 5097 2850 5137 se
2888 5090 2944 5137 et
2977 5097 3234 5152 prospera
3258 5091 3499 5138 contem-1

1914 5187 2047 5226 nere
2071 5171 2369 5242 designent.
2415 5172 2554 5227 Dicit
2581 5173 2720 5227 idem
2745 5172 2890 5227 Beda
2928 5172 2996 5226 de
3022 5180 3245 5227 tonsura
3286 5174 3339 5228 in
3369 5171 3490 5229 Vita

1914 5262 2241 5317 venerabilis
2279 5270 2334 5317 et
2367 5263 2695 5318 sanctissimi
2721 5261 3004 5318 Cuthberti
3029 5263 3262 5333 episcopi
3289 5284 3302 5318 :
3336 5265 3493 5322 Post-

1916 5372 2079 5426 quam
2128 5358 2408 5413 servitutis
2451 5355 2656 5412 Christi
2709 5354 2898 5426 jugum
2954 5364 3296 5427 tonsuraeque
3343 5357 3491 5415 Petri

1917 5447 2148 5504 formam
2199 5451 2252 5504 in
2299 5450 2520 5505 modum
2567 5462 2782 5503 corona:
2828 5448 3029 5518 spinea:
3076 5457 3238 5520 caput
3286 5448 3490 5507 Christi

1913 5540 2198 5613 cingentis,
2237 5542 2463 5596 Domino
2505 5539 2809 5609 adjuvante,
2847 5552 3176 5613 susceperat,
3212 5550 3317 5598 etc.
3364 5543 3486 5600 Suf-

1914 5633 2098 5689 ﬁciant
2149 5634 2266 5689 haec
2317 5635 2387 5690 ad
2437 5635 2914 5692 demonstrandum
2969 5637 3099 5705 quid
3156 5647 3487 5695 memoratus

1909 5723 2004 5780 Dei
2043 5725 2276 5781 famulus
2317 5725 2460 5781 Beda
2499 5727 2567 5784 de
2604 5736 2824 5785 auctore
2859 5742 3074 5784 coronae
3114 5736 3314 5786 nostra:
3356 5744 3486 5786 sen-

1909 5819 2055 5879 tiret.
