4000 6482
471 421 617 483 ηδδ

973 589 978 594 ,
1064 527 1291 585 CAPUT
1331 526 1439 583 XL.

468 628 671 690 Montio
708 626 901 680 iterum
940 637 1052 693 qua
1093 622 1230 675 hora
1270 620 1377 675 diei
1425 619 1589 693 inissa
1636 619 1710 674 sit
1743 618 2057 674 celebranda

964 711 998 748 a
1037 691 1193 746 libere
1233 691 1562 746 vacantibus.

539 817 851 874 Retulinuts
897 813 954 867 in
1000 809 1228 882 hujusce
1273 808 1456 879 operis
1501 807 1686 863 verbis
1727 807 2061 879 prohibitum

468 927 592 972 esse
614 913 682 966 ab
705 907 1016 980 apostolicis
1036 906 1169 960 viris
1191 902 1456 960 celebrari
1481 912 1608 958 ante
1631 903 1822 958 horam
1848 902 2062 957 tertiam

465 1017 532 1064 et
554 1007 800 1069 missam,
833 1011 1015 1057 tamen
1044 999 1211 1054 indidi
1242 999 1386 1070 quod
1409 996 1540 1063 vidi,
1572 997 1674 1053 hoc
1699 1007 1799 1060 est,
1828 995 2063 1050 Leonem

468 1108 646 1172 nuper
686 1099 908 1153 missam
947 1091 1229 1150 celebrare
1269 1090 1526 1147 diluculo.
1576 1089 1834 1144 Additum
1879 1096 1968 1144 est
2007 1086 2065 1142 in

467 1195 656 1251 Cestio
689 1188 1096 1262 pontiﬁcalibus
1122 1200 1228 1256 qua
1259 1185 1330 1240 de
1356 1197 1416 1239 re
1445 1184 1612 1238 missa
1643 1181 1968 1237 celebranda
1995 1179 2068 1234 sit

469 1287 619 1343 circa
647 1286 841 1340 horam
873 1281 1115 1344 tertiam,
1147 1277 1390 1342 scilicet,
1421 1274 1548 1345 quia
1578 1274 1770 1330 eadem
1797 1275 1933 1328 hora
1961 1272 2068 1327 Do-

470 1381 654 1436 minus
698 1374 999 1434 cruciﬁxus
1040 1379 1126 1427 est
1171 1369 1370 1442 linguis
1415 1367 1744 1423 indecorum.
1803 1366 2068 1421 Addimus

467 1473 635 1530 etiam
689 1478 912 1542 propter
964 1473 1210 1521 nostram
1263 1461 1716 1520 consuetudinem
1773 1459 2022 1514 inolitam
2049 1497 2066 1524 ,

470 1570 625 1619 sexta
669 1562 804 1615 hora
849 1555 1251 1612 ratima'bititer
1289 1565 1454 1623 posse
1492 1551 1717 1606 missam
1765 1547 2067 1615 celebrari,

471 1657 600 1728 quia
637 1662 799 1710 sexta
827 1653 964 1706 hora
1003 1649 1114 1704 diei
1150 1647 1414 1702 Dominus
1451 1645 1746 1700 crucifixus
1774 1652 1859 1699 est
1887 1643 2071 1698 mani-

468 1747 576 1805 bus
594 1755 1038 1819 persecutorum;
1073 1737 1325 1795 similiter
1350 1748 1406 1792 et
1430 1739 1564 1793 hora
1590 1751 1754 1803 nona,
1787 1737 1912 1807 quia
1942 1745 2071 1790 tunc

470 1839 656 1896 omisit
684 1838 955 1908 spiritum.
1007 1831 1352 1887 lihnifeﬂum
1400 1837 1485 1886 est
1529 1829 1754 1884 missam
1804 1828 2070 1883 celebrari

1534 408 1870 466 AMALARII
1907 404 2348 464 PRESBYTER]
2383 399 2728 462 METENSIS

2081 529 2136 592 Α
2162 527 2368 582 tivitate
2398 527 2643 593 Domini,
2679 526 2734 580 in
2761 539 2867 597 qua
2900 531 3058 581 nocte
3089 523 3398 581 celebratur
3428 523 3610 580 mis$a
3643 543 3784 599 pro-

3630 405 3785 464 1258

2159 626 2282 689 pter
2309 619 2650 672 nativitatem
2681 617 2840 688 panis
2858 658 2872 682 ,
2911 617 3002 687 qui
3032 631 3177 672 nunc
3204 615 3456 686 quotidie
3486 619 3786 674 manditnr

2160 725 2230 769 ex
2259 711 2415 768 altari
2438 753 2453 778 ,
2485 712 2599 767 sive
2625 717 2849 780 propter
2875 717 3196 765 concentum
3227 708 3555 780 angelorum
3575 751 3592 776 ,
3633 713 3785 779 quod

2157 804 2270 875 jam
2316 805 2617 860 retulimus.
2673 804 2731 859 In
2780 804 2972 859 eodem
3022 816 3183 858 mane
3230 803 3555 858 celebratur
3606 807 3782 861 missa

2164 905 2385 969 propter
2404 903 2655 952 exortum
2677 909 2829 952 novae
2850 895 3006 962 lucis,
3029 911 3121 951 seu
3143 904 3371 966 propter
3393 896 3784 952 visitationem

2164 1001 2442 1066 pastorum
2472 993 2539 1047 ad
2568 1007 2809 1062 praesepe
2835 991 3074 1055 Domini,
3098 991 3151 1046 in
3179 1005 3286 1061 quo
3315 991 3666 1046 invenerunt
3691 1007 3785 1061 pa-

2164 1087 2370 1152 bulum,
2401 1087 2543 1141 undc
2570 1086 2815 1156 quotidie
2841 1094 3158 1140 sanctorum
3189 1084 3392 1140 animat
3422 1083 3780 1139 reﬁciuntur.

2169 1179 2432 1237 Similiter
2472 1181 2738 1236 habemus
2782 1178 2964 1234 ofﬁcia
3010 1179 3311 1234 constituta
3365 1178 3424 1232 in
3477 1177 3783 1233 festivitate

2167 1273 2402 1330 Joannis
2423 1273 2802 1344 evangelistte,
2847 1280 2902 1329 et
2929 1269 3159 1326 Joannis
3187 1269 3457 1340 Baptista:
3489 1271 3677 1340 primo
3706 1270 3785 1325 ti-

2167 1367 2368 1433 iuculo,
2412 1367 2503 1438 qui
2545 1367 2762 1438 utrique
2788 1381 2854 1422 ex
2882 1374 3041 1421 utero
3070 1365 3286 1430 matris,
3319 1363 3377 1420 id
3415 1373 3543 1429 est,
3586 1365 3659 1419 ab
3688 1380 3780 1420 ac-

2171 1468 2327 1530 cepto
2351 1459 2554 1514 lumine
2581 1459 2743 1528 hujus
2772 1457 2978 1524 mundi,
3012 1458 3067 1511 in
3096 1456 3413 1528 semetipsis
3446 1455 3778 1512 sacrificium

2171 1551 2447 1623 singulare
2475 1553 2747 1624 quoddam
2785 1551 2896 1607 Deo
2934 1551 3289 1606 obtulerunt:
3334 1548 3586 1606 Joannes
3610 1567 3774 1604 evan-

2173 1645 2366 1717 gelista
2394 1643 2589 1699 obtulit
2620 1643 2686 1698 ab
2713 1643 2867 1698 initio
2895 1643 3056 1713 hujus
3081 1642 3216 1697 lucis
3239 1641 3591 1714 virginitatis
3620 1642 3780 1697 sacri-

2173 1734 2388 1800 ﬁcium;
2439 1732 2677 1790 Joannes
2720 1733 2969 1805 Baptista
3010 1734 3349 1789 sacriﬁcium
3395 1734 3780 1798 abstinentia,

2175 1833 2268 1902 qui
2302 1847 2402 1890 nec
2430 1831 2619 1886 vinum
2650 1830 2790 1885 bibit
2817 1845 2919 1886 nec
2947 1829 3203 1895 siceram,
3241 1839 3297 1885 et
3329 1829 3630 1887 Nazarazus
3653 1848 3782 1902 per-

467 1932 749 2004 praecipue
791 1928 852 1994 in
901 1924 1288 1982 recordatione
1326 1922 1602 1992 passionis
1642 1921 1855 1976 Domini
1899 1920 2071 1976 nostri
2101 1919 2149 1980 B
2177 1927 2380 1982 mansit
2426 1926 2576 1983 omni
2628 1933 2892 1994 tempore.
2951 1923 3010 1979 In
3059 1931 3219 1980 nocte
3276 1934 3465 1980 sancta
3527 1939 3779 1981 resurreo

469 2023 603 2080 Iesu
631 2021 835 2078 Christi
861 2035 877 2072 :
918 2021 975 2073 in
1002 2018 1154 2086 cuius
1181 2017 1700 2072 commemoratione
1726 2024 1944 2087 agatur,
1995 2027 2066 2073 ex

474 2115 610 2187 ipsis
629 2113 814 2167 verbis
834 2125 956 2182 quae
979 2109 1034 2163 in
1057 2119 1264 2164 canone
1285 2108 1547 2178 leguntur
1567 2108 1854 2163 manifeste
1873 2108 2064 2178 liquet.

475 2204 633 2271 Hec,
663 2204 858 2274 inquit,
891 2201 1300 2273 quotiescunque
1341 2197 1589 2267 feceritis,
1634 2199 1691 2252 in
1729 2198 1832 2252 mei
1868 2214 2068 2253 memo-

471 2299 613 2352 riam
643 2295 871 2366 facietis.
913 2289 1062 2346 Unde
1100 2300 1148 2345 et
1183 2305 1440 2344 memores
1467 2305 1674 2356 sumus,
1700 2289 1943 2355 Domine,
1973 2303 2071 2344 nos

471 2389 554 2443 tui
579 2387 736 2452 servi,
765 2384 862 2439 θεώ
881 2392 934 2438 et
959 2382 1101 2454 plebs
1129 2390 1220 2436 tua
1246 2389 1434 2435 sancta
1459 2381 1656 2435 Christi
1687 2379 1820 2434 Filii
1858 2382 1934 2435 tui
1962 2380 2073 2435 Do-

474 2477 612 2533 mini
636 2477 736 2532 Dei
762 2475 950 2541 nostri,
991 2484 1099 2529 tam
1135 2474 1306 2528 beatte
1329 2473 1614 2544 passionis,
1659 2488 1752 2526 nec
1778 2489 1884 2526 non
1921 2482 1974 2528 et
2006 2472 2076 2526 ab

474 2570 663 2644 inferis
693 2567 1116 2633 resurrectionis,
1145 2565 1243 2621 sed.
1268 2575 1316 2619 et
1345 2567 1402 2618 in
1432 2565 1587 2619 caelos
1617 2563 1860 2635 glorioste
1888 2581 2076 2620 ascen-

472 2663 662 2719 sionis.
725 2659 857 2728 Quae
907 2665 1144 2731 aguntur
1191 2659 1247 2713 in
1303 2659 1670 2712 celebratione
1719 2659 1900 2713 missae
1952 2665 2076 2728 post

473 2753 752 2809 initiatum
781 2763 1078 2817 canonem,
1127 2750 1341 2805 Domini
1379 2750 1687 2819 passionem
1733 2758 1788 2804 et
1829 2759 2077 2804 resurre-

476 2846 739 2913 ctionem,
777 2859 842 2899 ac
870 2845 928 2899 in
953 2844 1125 2899 ctnlos
1150 2841 1527 2898 ascensionem
1555 2841 1826 2907 recolunt,
1858 2841 1924 2896 de
1955 2841 2078 2911 qui-

475 2939 582 2995 bus
608 2937 859 2994 omnibus
880 2951 999 3007 qua:
1022 2935 1154 2990 mihi
1181 2941 1540 2990 occurrerunt
1566 2935 1738 3006 tetigi,
1765 2934 1982 3004 quando
2008 2933 2076 2989 de

475 3031 664 3087 officio
683 3031 865 3086 missae
887 3029 1100 3100 scripsi.
1127 3027 1322 3084 Postea
1341 3028 1658 3083 recordatus
1681 3043 1799 3082 sum
1825 3035 2075 3082 sanctum

485 3123 816 3194 Gregorium
867 3122 1176 3177 insinuasse
1225 3121 1384 3175 nobis
1433 3120 1683 3176 Cassium
1736 3120 2076 3175 Narnensem

481 3216 799 3286 episcopum
843 3213 1104 3268 accedere
1145 3212 1282 3267 hora
1328 3212 1491 3266 tertia
1533 3212 1601 3266 ad
1649 3212 1943 3266 missarum
1982 3227 2074 3268 so-

481 3305 684 3363 lemnia
705 3347 718 3371 ,
753 3305 897 3377 quod
923 3296 1174 3376 diligenti
1201 3319 1332 3360 cura
1362 3304 1545 3359 studui
1575 3304 1664 3359 hic
1692 3305 1932 3359 inserere
1953 3346 1968 3370 ,
2016 3315 2076 3360 ut
2104 3294 2148 3357 C

481 3402 754 3472 meipsum
781 3400 1134 3455 admonerem
1155 3399 1403 3469 quamvis
1425 3399 1681 3454 vidissem
1702 3399 2076 3469 Apostolicum

487 3491 730 3548 Leonem
777 3491 1014 3546 diluculo
1061 3490 1284 3544 missam
1322 3490 1631 3545 celebrasse
1654 3531 1669 3556 ,
1722 3505 1815 3545 seu
1849 3499 2078 3548 eceteros

482 3586 838 3656 presbyteros
879 3584 936 3637 in
966 3583 1216 3636 Romana
1245 3582 1490 3637 Ecclesia
1509 3622 1523 3648 ,
1572 3597 1682 3636 non
1712 3589 1894 3636 tamen
1925 3585 2076 3638 exci-

483 3677 636 3733 disse
677 3692 709 3731 a
750 3673 808 3731 S.
838 3675 1122 3744 Gregorio,
1175 3674 1320 3744 quod
1367 3676 1500 3728 hora
1549 3675 1708 3729 tertia
1755 3676 2078 3733 celebranda

485 3778 636 3827 esset
672 3769 874 3835 missa,
914 3766 1221 3840 praesertim
1260 3783 1382 3822 cum
1425 3768 1565 3822 idem
1605 3783 1742 3839 papa
1783 3768 1986 3826 referat
2024 3771 2079 3826 in

486 3863 718 3920 humilia
770 3875 866 3916 sua
920 3860 1109 3915 habita
1161 3861 1214 3914 in
1261 3860 1488 3915 basilica
1533 3860 1590 3915 S.
1638 3861 1943 3918 Sebastiani
1993 3861 2080 3920 die

487 3952 808 4008 festivitatis
841 3951 1044 4020 ipsius,
1087 3961 1388 4005 memorato
1415 3950 1603 4007 Cassio
1639 3955 1893 4023 episcopo
1921 3969 2080 4009 man-

494 4041 688 4096 datum
721 4053 841 4094 esse
875 4045 935 4093 ut
969 4039 1198 4094 instaret
1235 4042 1386 4110 operi
1417 4043 1560 4112 quod
1589 4046 1936 4114 operabatur,
1982 4061 2083 4114 per

487 4133 871 4206 presbyterum
897 4133 1202 4202 quemdam,
1237 4135 1468 4190 Domino
1495 4145 1683 4190 nostro
1709 4135 1838 4189 Jesu
1864 4135 2082 4191 Christo

493 4226 738 4292 dicente,
769 4225 882 4296 Age
908 4225 1051 4296 quod
1082 4226 1218 4296 agis,
1251 4240 1481 4296 operare
1504 4227 1649 4295 quod
1677 4226 1940 4296 operaris,
1972 4241 2081 4280 non

495 4325 678 4373 cesset
698 4333 892 4374 manus
912 4326 1024 4385 tua,
1048 4333 1160 4372 non
1182 4327 1362 4373 cesset
1379 4333 1478 4388 pes
1501 4326 1640 4383 tuus,
1665 4318 1833 4372 natali
1853 4319 2083 4389 Aposto-

489 4395 673 4465 lorum
696 4411 882 4464 venies
906 4410 973 4464 ad
999 4425 1109 4476 me,
1131 4419 1187 4464 et
1211 4410 1433 4465 reddam
1458 4410 1555 4465 tibi
1576 4410 1882 4464 mercedem
1911 4417 2080 4464 tuam.

487 4503 533 4574 1F
563 4502 704 4569 Quid
747 4503 892 4558 idem
938 4504 1227 4573 episcopus
1271 4511 1458 4573 ageret
1504 4504 1648 4560 idem
1698 4504 1756 4560 S.
1788 4505 2083 4574 Gregorius

491 4594 810 4650 manifestat
836 4595 890 4648 in
921 4598 1108 4650 eadem
1140 4597 1394 4663 homili‘a,
1432 4589 1674 4663 scilicet,
1711 4599 1927 4651 missam
1954 4616 2085 4670 quo-

493 4684 623 4738 tidie
654 4682 952 4738 celebravit.
1000 4687 1068 4739 Et
1097 4699 1201 4755 qua
1230 4688 1367 4742 hora
1406 4690 1471 4742 ad
1513 4691 1739 4743 missam
1773 4691 1876 4745 iret
1906 4693 1960 4744 in
1992 4707 2079 4746 se-
2107 4686 2160 4746 D

493 4775 787 4846 quentibus
817 4778 1010 4847 aperit,
1046 4778 1234 4834 dicens
1262 4798 1274 4833 :
1309 4780 1516 4847 Quibus
1546 4782 1763 4846 auditis,
1796 4785 2082 4855 episcopus

495 4870 553 4927 in
591 4871 840 4927 oratione
880 4885 1066 4928 secum
1109 4887 1302 4945 magna
1349 4876 1534 4930 cordis
1579 4877 1904 4934 contritione
1950 4895 2079 4950 pro-

495 4963 722 5027 stravit;
772 4970 826 5017 et
860 4964 952 5033 qui
993 4965 1279 5020 oblaturus
1300 4966 1630 5021 sacri-ﬁcium
1659 4968 1728 5023 ad
1753 4969 1944 5024 horam
1973 4979 2082 5025 ter-

497 5053 631 5108 tiam
658 5062 921 5119 venerat,
962 5055 1066 5109 boc
1100 5069 1200 5126 pro
1234 5063 1473 5112 extensa:
1507 5059 1770 5115 orationis
1812 5063 2082 5131 magnitu-

497 5148 624 5202 dine
653 5147 720 5200 ad
753 5148 942 5201 horam
973 5163 1170 5202 nonam
1211 5161 1382 5218 usque
1423 5151 1732 5220 protelavit.
1785 5152 1853 5207 Ut
1892 5155 2086 5223 opinor

497 5238 556 5294 S.
586 5237 881 5310 Gregorius
911 5241 1156 5294 eamdem
1187 5240 1379 5295 horam
1409 5241 1578 5296 voluit
1603 5243 1881 5299 celebrare
1914 5246 1966 5299 in
1997 5263 2085 5303 ce-

495 5331 796 5387 lebratione
826 5333 1035 5399 missae,
1070 5348 1232 5403 quam
1258 5334 1515 5403 cognovit
1547 5337 1936 5405 acceptabilem
1967 5354 2086 5394 esse

497 5423 730 5488 Domino
773 5437 872 5494 per
914 5427 1344 5481 exhortationem
1391 5425 1589 5484 factam
1629 5429 1697 5484 ab
1732 5445 1797 5485 eo
1832 5432 1902 5486 ad
1935 5432 2083 5487 illum

497 5518 833 5588 episcopum,
865 5534 1026 5589 quem
1054 5519 1190 5575 dixit
1218 5522 1284 5576 ad
1310 5522 1499 5578 horam
1527 5524 1741 5578 tertiam
1769 5524 1983 5578 venisse
2013 5523 2081 5579 ad

501 5610 1120 5678 missarum-solemnia,
1174 5613 1322 5670 salvo
1368 5625 1548 5671 tamen
1594 5615 1889 5671 constituto
1935 5616 2080 5672 circa

499 5700 694 5754 horam
724 5714 918 5757 nonam
955 5721 1054 5775 per
1079 5707 1194 5762 dies
1230 5709 1589 5763 abstinentiae.
1630 5708 1686 5763 Si
1716 5710 1861 5763 enim
1897 5712 1947 5763 in
1979 5725 2083 5764 caa-

502 5792 636 5847 teris
660 5794 814 5848 horis:
836 5811 904 5850 ex
933 5801 1233 5854 constituto
1259 5802 1436 5870 agitur
1460 5802 1644 5867 missa,
1673 5803 1809 5857 ratio
1834 5804 2080 5872 quaedam

504 5888 658 5943 adest
684 5904 786 5958 qua
818 5890 1135 5948 defendatur
1170 5895 1359 5950 eadem
1393 5897 1524 5951 hora
1547 5938 1560 5963 ,
1597 5897 1761 5952 veluti
1793 5906 1880 5953 est
1909 5898 1964 5953 in
1992 5913 2082 5954 na-

2169 2021 2368 2076 ctionis
2394 2018 2607 2075 Domini
2635 2018 2863 2073 missam
2893 2017 3235 2074 celebramus
3263 2027 3494 2089 propter
3522 2017 3784 2072 eamdem

2171 2113 2630 2171 resurrectionem
2648 2153 2663 2177 ,
2696 2125 2817 2181 quae
2847 2109 2901 2164 in
2929 2125 2995 2165 ea
3024 2109 3292 2179 completa
3318 2119 3430 2172 est,
3460 2118 3519 2165 et
3546 2119 3784 2180 propter

2169 2207 2539 2264 visitationem
2571 2212 2885 2261 sanctarum
2917 2202 3208 2259 mulierum
3231 2203 3298 2258 ad
3318 2203 3637 2274 sepulcrum
3666 2203 3786 2258 Do-

2171 2299 2307 2356 mini

2769 2387 3000 2445 CAPUT
3038 2387 3177 2443 XLI.

2601 2483 2682 2538 De
2715 2483 2973 2553 exsequiis
3009 2491 3356 2537 mortuorum.

2245 2580 2448 2652 Aperte
2482 2580 2736 2636 dominus
2757 2578 2903 2634 Beda
2929 2577 3176 2632 declarat
3203 2579 3256 2632 in
3290 2577 3575 2649 exsequiis
3604 2577 3784 2635 sancti

2175 2675 2463 2732 Cuthberti
2519 2673 2790 2746 quomodo
2852 2674 3043 2728 vestiri
3115 2683 3372 2744 oporteat
3434 2675 3780 2730 sacerdotem

2177 2766 2516 2822 defunctum.
2548 2767 2626 2821 ita
2655 2769 2802 2823 enim
2830 2769 3022 2824 scribit
3047 2770 3117 2824 de
3142 2769 3264 2840 eius
3293 2771 3604 2841 exsequiis.
3631 2770 3787 2826 Post.

2177 2877 2342 2932 quam
2385 2876 2516 2934 ergo
2559 2870 2760 2917 sanctae
2803 2863 3082 2918 memoriae
3117 2862 3464 2920 Cuthbertus
3497 2865 3783 2935 episcopus

2175 2959 2401 3024 peracta
2428 2954 2843 3019 communione,
2873 2953 3099 3010 elevatis
3123 2955 3298 3011 oculis
3336 2965 3394 3010 et
3433 2956 3695 3012 manibus
3721 2955 3780 3012 ad

2128 3099 2130 3102 ,
2179 3046 2371 3112 Deum,
2399 3045 2790 3102 commendans
2819 3045 2869 3100 ei
2900 3045 3137 3100 animam
3169 3061 3350 3112 suam,
3385 3046 3660 3102 emittens
3687 3045 3780 3116 spi-

2181 3138 2380 3204 ritum,
2415 3138 2722 3208 sedensque
2757 3137 2874 3192 sine
2905 3138 3104 3208 gemitu
3133 3138 3274 3192 obiit
3303 3138 3361 3192 in
3393 3138 3513 3192 vita
3540 3149 3777 3208 patrum,

2183 3247 2214 3286 a
2261 3231 2644 3303 navigantibus
2689 3230 2758 3286 ad
2806 3230 3037 3286 insulam
3085 3241 3332 3286 nostram
3381 3230 3620 3295 delatus,
3676 3238 3779 3286 toto

2181 3339 2409 3396 corpore
2446 3323 2656 3389 levato,
2705 3323 2884 3394 capite
2925 3323 3144 3378 sudario
3171 3323 3558 3387 circumdato,
3604 3321 3779 3376 oblata

2183 3435 2346 3490 super
2372 3426 2564 3488 pectus
2588 3427 2835 3473 sanctum
2865 3417 3076 3487 posita,
3100 3416 3440 3471 vestimento
3467 3411 3782 3471 sacerdotali

2183 3512 2406 3566 indutus
2431 3511 2486 3565 in
2517 3509 2733 3566 obviam
2760 3508 2962 3564 Christi
2995 3507 3386 3563 calceamentis
3428 3506 3549 3562 suis
3587 3518 3782 3576 prepa-

2182 3615 2354 3671 ratus,
2389 3607 2442 3660 in
2471 3605 2696 3660 sindone
2725 3613 2942 3659 cereata
2973 3601 3267 3666 involutus,
3299 3600 3556 3656 animum
3587 3600 3787 3653 habens

2182 3711 2307 3752 cum
2336 3694 2555 3750 Christo
2585 3696 2931 3766 gaudentem.
2964 3697 2978 3712 ‘
3002 3692 3119 3748 Non
3149 3701 3233 3748 est
3262 3693 3628 3747 dubitandum
3656 3689 3788 3762 quin

2183 3789 2299 3860 ipse
2335 3804 2452 3844 mos
2482 3797 2631 3844 esset
2658 3788 2802 3858 apud
2829 3787 3124 3842 Romanam
3149 3785 3456 3841 Ecclesiam
3492 3786 3551 3839 in
3579 3784 3682 3838 bac
3709 3796 3789 3846 re,

2185 3880 2274 3950 qui
2305 3880 2447 3949 apud
2468 3878 2669 3951 Anglos
2692 3878 2817 3944 fuit,
2843 3878 3151 3948 praesertim
3180 3893 3305 3932 cum
3331 3893 3398 3934 ex
3424 3876 3521 3931 illa
3551 3875 3792 3946 primum

2185 3972 2499 4042 episcopum
2527 3970 2892 4042 Augustinum
2923 3968 3187 4024 haberent
3222 3968 3384 4037 Angli
3427 3967 3696 4031 Saxones,
3726 3972 3790 4019 et

2185 4077 2251 4117 eo
2291 4071 2534 4133 tempore
2577 4063 2792 4133 quando
2837 4050 3194 4117 celeberrima
3239 4059 3348 4115 fuit
3388 4059 3632 4113 Romana
3673 4057 3787 4113 Ec-

2187 4154 2349 4208 clesia
2383 4162 2605 4224 propter
2633 4154 3018 4209 auctoritatem
3057 4152 3362 4208 doctissimi
3392 4153 3517 4223 ejus
3546 4150 3789 4222 episcopi

2185 4243 2471 4318 Gregorii,
2527 4255 2583 4303 et
2626 4255 2813 4318 postea
2852 4263 2919 4302 ex
2955 4246 3146 4302 eadem
3182 4246 3433 4301 Ecclesia
3480 4246 3788 4300 habuerunt

2188 4338 2655 4409 archiepiscopum
2689 4339 3034 4394 Theodorum
3073 4339 3129 4393 in
3159 4346 3395 4408 utraque
3427 4337 3658 4409 lingua,
3686 4338 3788 4392 sci-

2185 4429 2311 4485 licet
2333 4429 2521 4486 Grarca
2545 4440 2600 4486 et
2619 4431 2833 4495 Latina,
2855 4430 3268 4501 peritissimum.
3300 4429 3410 4485 Sed
3434 4429 3637 4484 mirari
3655 4429 3790 4498 capi

2187 4525 2319 4594 quid
2349 4525 2511 4580 vellet
2541 4526 2796 4580 dominus.
2832 4521 2974 4579 Beda
3017 4525 3234 4588 dicere,
3284 4523 3376 4578 ubi
3432 4522 3612 4586 dixit,
3665 4540 3684 4573 ι
3732 4519 3787 4574 in

2187 4615 2402 4671 obviam
2452 4617 2654 4671 Christi
2711 4616 3098 4673 calceamentis
3159 4617 3272 4672 suis
3330 4624 3723 4686 praeparatos,
3766 4632 3787 4667 ι

2187 4717 2369 4762 utrum
2394 4707 2558 4761 vellet
2587 4709 2768 4762 dicere
2800 4707 2943 4777 quod
2973 4723 3098 4763 cum
3124 4705 3318 4764 eodem
3346 4708 3694 4762 vestimento
3721 4721 3793 4760 re-

2189 4805 2535 4852 surrecturus
2566 4808 2712 4854 esset
2739 4797 3094 4866 Cuthbertus,
3121 4815 3189 4854 an
3217 4800 3472 4856 moribus
3499 4800 3691 4864 bonis,
3709 4797 3798 4869 qui

2188 4889 2541 4960 designantur
2570 4906 2666 4960 per
2694 4892 3042 4947 vestimenta.
3096 4891 3318 4946 Interim
3360 4893 3622 4947 occurrit
3669 4892 3796 4946 mihi

2189 4984 2429 5052 cogitare
2464 4985 2528 5037 de
2558 4982 2794 5046 Christo,
2834 4992 3019 5039 utrum
3058 4985 3146 5039 ille
3176 4985 3408 5040 vestitus
3448 4993 3608 5040 esset
3637 4984 3801 5040 vesti-

2190 5075 2390 5129 mentis
2421 5074 2690 5143 aliquibus
2720 5085 3008 5147 postquam
3048 5077 3351 5132 resurrexit
3378 5092 3414 5132 a
3440 5079 3720 5144 mortuis,
3748 5081 3802 5134 et

2191 5165 2236 5218 si
2267 5163 2396 5228 fuit,
2441 5172 2624 5219 utrum
2655 5181 2776 5221 cum
2821 5168 2951 5238 ipsis
2982 5167 3304 5223 ascenderet
3335 5167 3390 5221 in
3428 5168 3688 5232 caelum,
3735 5182 3802 5221 an

2191 5255 2308 5310 solo
2337 5257 2571 5310 naturali
2603 5273 2849 5328 corpore,
2884 5260 3026 5329 quod
3061 5259 3306 5329 spiritale
3331 5269 3475 5314 erat.
3517 5257 3690 5331 Coepi
3715 5274 3802 5316 co-

2191 5347 2364 5416 gitare
2395 5355 2574 5400 utrum
2607 5347 2714 5403 illis
2744 5348 2952 5404 duobus
2987 5349 3082 5419 qui
3111 5365 3236 5405 eum
3269 5351 3323 5405 in
3351 5351 3437 5405 via
3477 5367 3802 5423 conspexe-

2191 5444 2317 5490 runt
2345 5440 2593 5507 apparuit
2618 5440 2864 5507 vestitus,
2894 5442 3110 5511 quando
3135 5457 3260 5498 eum
3287 5440 3620 5513 cogitabant
3646 5459 3802 5514 perc-

2193 5531 2406 5600 grinum
2445 5545 2598 5597 esse,
2641 5533 2807 5588 etiam
2849 5543 2903 5589 et
2941 5534 3127 5591 Maria:
3152 5535 3520 5608 Magdalene,
3569 5539 3803 5610 quando

2190 5636 2312 5676 eum
2345 5623 2572 5677 credidit
2600 5625 2948 5680 hortulanum
2975 5641 3120 5692 esse,
3145 5628 3393 5682 similiter
3417 5638 3473 5684 et
3498 5629 3802 5699 discipulis

2189 5715 2407 5784 quando
2447 5731 2566 5768 cum
2614 5716 2694 5770 eis
2741 5717 2976 5772 comedit
3024 5727 3078 5772 et
3118 5717 3289 5784 bibit,
3336 5717 3423 5774 vel
3468 5719 3803 5790 ubicunque

2189 5806 2564 5875 apparuiteis.
2621 5807 2881 5866 Similiter
2920 5810 3152 5880 cogitavi
3199 5811 3340 5880 quod
3390 5811 3577 5883 angeli
3620 5829 3801 5884 appa—

2187 5898 2424 5954 ruissent
2474 5899 2674 5955 vestiti.
2746 5899 2894 5957 Unde
2950 5901 3146 5970 legitur
3193 5901 3261 5958 de
3315 5901 3424 5959 illis
3471 5905 3798 5961 secundum
