4000 6358
225 351 378 410 1257

1009 353 1096 406 DE
1134 349 1690 408 ECCLESIASTICIS
1730 347 2017 405 OFFlCllS
2053 347 2232 405 LlBRl
2268 350 2358 407 IV.
2396 382 2470 393 ——
2506 351 2638 406 LIB.
2678 350 2770 405 1V.

3387 345 3528 408 i258

223 463 549 534 Joannem,
588 466 730 523 Vidit
765 467 972 539 angelos
1003 469 1056 522 in
1087 467 1220 522 albis
1251 468 1502 522 sedentes.
1552 465 1620 521 Et
1658 469 1713 522 in
1749 467 1836 522 die
1864 467 1911 526 Α
1941 469 2054 522 suis
2083 469 2399 537 corporibus
2430 469 2554 524 ﬁliis
2585 459 3001 523 mandaverunt.
3046 466 3114 523 Et
3141 465 3342 524 Tobias
3370 483 3528 540 sepe-

223 561 639 632 assumptionis
682 559 798 630 ejus
840 561 905 615 ad
952 562 1119 616 caelos
1160 560 1396 630 legitur:
1437 559 1574 614 Ecce
1602 561 1706 613 duo
1737 559 1834 613 viri

223 653 559 719 astiterunt,
591 654 750 724 juxta
777 653 896 709 illos
934 654 988 707 in
1026 652 1249 708 vestibus
1278 651 1428 716 albis,
1462 651 1551 722 qui
1593 661 1640 705 et
1683 649 1833 705 dixe-

224 753 356 798 runt
381 759 401 796 .·
443 744 552 800 Hic
580 745 736 800 Jesus
765 747 854 817 qui
881 755 1177 816 assumptus
1209 753 1283 798 est
1313 759 1345 797 a
1375 742 1514 796 vobis
1541 742 1595 795 in
1625 740 1830 809 caelum,

219 837 303 889 sic
355 838 572 905 veniet,
629 839 1067 910 quemadmodum
1112 836 1314 891 vidistis
1362 845 1479 889 eum
1527 844 1734 889 euntem
1776 833 1833 888 in

217 927 445 983 emtum.
501 929 569 986 Et
601 932 690 987 hic
725 931 908 987 nescio
943 941 1123 985 utrum
1151 929 1379 984 vestitus
1417 936 1547 983 tunc
1582 937 1727 983 esset
1763 942 1833 982 an

216 1036 358 1074 non.
410 1021 634 1078 Scimus
663 1026 807 1080 enim
837 1025 1042 1080 dixisse
1070 1024 1289 1095 angelos
1317 1039 1440 1078 eum
1474 1022 1528 1077 in
1563 1037 1626 1077 ea
1659 1021 1828 1078 forma

217 1122 538 1172 venturum
564 1133 683 1172 esse
713 1119 780 1172 ad
803 1118 1069 1187 judicium
1099 1159 1112 1184 ,
1163 1131 1269 1188 qua
1311 1125 1440 1173 tunc
1481 1117 1725 1174 ascendit
1765 1118 1833 1172 ad

213 1204 437 1274 caelos;
485 1208 648 1262 simili
677 1209 837 1263 modo
869 1208 1133 1280 cogitavi,
1165 1210 1384 1278 quando
1412 1208 1834 1279 transﬁguratus

210 1302 310 1350 est
340 1289 400 1351 in
434 1307 644 1366 monte,
674 1309 783 1356 non
808 1302 1058 1356 amisisse
1088 1316 1212 1357 eum
1240 1303 1566 1358 vestimenta
1590 1319 1711 1369 sua,
1737 1305 1833 1359 sed

210 1397 288 1448 ea
315 1391 476 1450 facta
509 1399 630 1450 esse
657 1397 777 1452 aiba
809 1396 952 1451 sicut
981 1397 1095 1450 nix.
1131 1396 1261 1452 Post
1290 1399 1394 1452 hoc
1420 1399 1664 1454 occurrit
1690 1398 1833 1468 quod

207 1485 401 1557 primi.
423 1488 700 1554 homines,
731 1488 904 1543 Adam
934 1495 988 1544 et
1017 1489 1128 1544 Eva
1147 1531 1162 1555 ,
1192 1491 1322 1545 nudi
1355 1488 1511 1547 erant
1540 1497 1832 1562 antequam

208 1586 563 1649 peccarent;
603 1581 676 1635 ad
697 1573 930 1650 quorum
966 1583 1334 1638 conditionem
1374 1599 1472 1639 nos
1501 1585 1651 1639 venit
1678 1599 1834 1640 revo-

207 1690 352 1731 care
378 1676 724 1749 Redemptor
748 1681 960 1746 noster,
987 1680 1082 1735 sed
1104 1680 1274 1737 multo
1296 1681 1596 1737 meliorem.
1626 1681 1832 1748 Quibus

207 1771 524 1840 postquam
555 1780 944 1842 peccaverunt,
977 1771 1105 1829 fecit
1132 1774 1276 1830 Deus
1304 1775 1518 1832 tunicas
1553 1774 1827 1846 pelliceas.
1859 1821 1882 1846 _.

1939 559 2118 613 liendo
2157 567 2398 614 mortuos
2441 561 2606 615 Deum
2649 561 3056 630 promeruisse,
3108 567 3249 614 teste
3293 561 3526 632 angelo,

1938 653 2371 706 commendatur.
2424 652 2543 722 ipse
2581 660 2795 722 quoque
2823 651 3088 708 Dominus
3113 651 3200 705 die
3239 651 3401 708 tertio
3435 667 3527 710 re-

1940 752 2305 811 surrecturus,
2349 745 2615 817 religiosae
2652 745 2896 800 mulieris
2921 745 3123 800 bonum
3153 759 3291 815 opus
3325 743 3527 815 praedi-

1937 843 2056 902 cat,
2090 836 2600 908 prmdicandumque
2630 837 2994 900 commendat,
3023 835 3168 906 quod
3194 844 3530 906 unguentum

1935 928 2248 997 pretiosum
2280 943 2446 999 super
2474 929 2720 983 membra
2751 926 2867 996 ejus
2896 927 3179 992 eliuderit,
3223 937 3388 996 atque
3428 929 3531 984 hoc

1938 1020 2006 1076 ad
2032 1037 2153 1076 eum
2184 1021 2552 1092 sepeliendum
2581 1019 2790 1076 fecerit.
2827 1021 2896 1074 Et
2923 1020 3267 1075 laudabiliter
3293 1034 3532 1076 comme-

1935 1121 2223 1169 morantur
2257 1115 2312 1168 in
2342 1114 2656 1185 Evangelia,
2705 1113 2795 1182 qui
2846 1125 3045 1182 corpus
3090 1112 3209 1183 ejus
3255 1111 3321 1168 de
3369 1126 3532 1194 cruce

1939 1214 2224 1276 acceptum
2257 1205 2546 1276 diligenter
2580 1215 2744 1274 atque
2781 1203 3082 1259 honoriﬁce
3119 1203 3412 1274 tegendum
3445 1219 3532 1260 se-

1937 1298 2353 1371 peliendumque
2399 1305 2686 1354 curarunt.
2749 1297 2954 1352 Verum
3008 1297 3127 1351 istae
3178 1293 3531 1352 auctoritates

1936 1408 2042 1448 non
2073 1383 2174 1448 hoc
2201 1391 2494 1447 admonent
2522 1391 2668 1462 quod
2697 1389 2828 1445 insit
2853 1389 2994 1444 ullus
3021 1389 3382 1445 cadaveribus
3409 1402 3534 1448 sen-

1937 1501 2054 1553 sus,
2079 1485 2171 1540 Sed
2201 1488 2266 1541 ad
2297 1486 2390 1556 Dei
2419 1485 2818 1556 providentiam
2849 1484 2936 1538 cui
2965 1484 3180 1554 placent
3209 1483 3373 1538 etiam
3401 1484 3533 1539 talia

1937 1580 2159 1649 pietatis
2180 1555 2383 1645 ofﬁcia:
2405 1595 2635 1650 corpora
2658 1593 2873 1648 quoque
2894 1586 3236 1632 mortuorum
3256 1577 3532 1648 pertinere

1939 1670 2244 1741 signiﬁcant
2268 1679 2490 1742 propter
2513 1671 2673 1725 ﬁdem
2703 1671 3124 1726 resurrectionis
3151 1671 3528 1725 astruendam.

1940 1763 2043 1820 Ubi
2066 1774 2121 1819 et
2146 1763 2275 1819 illud
2300 1765 2590 1820 saltthriter
2611 1765 2855 1828 discitur,
2888 1772 3090 1835 quanta
3112 1766 3288 1836 possit
3311 1781 3433 1821 esse
3453 1779 3537 1819 re-

209 1857 392 1916 sa‘lva
427 1841 571 1928 ﬁde,
609 1863 857 1933 quamvis
885 1865 1126 1921 nesciam
1162 1870 1346 1920 utrum
1377 1867 1451 1921 ita
1479 1841 1664 1922 mimi
1693 1880 1827 1923 ven-
1857 1841 1907 1904 Β
1935 1857 2245 1913 muneratio
2272 1871 2370 1926 pro
2397 1856 2758 1928 eleemosynis'
2784 1873 2920 1926 quas
2942 1857 3251 1912 viventibus
3276 1866 3331 1912 et
3358 1857 3535 1912 scien-
3578 1865 3582 1874 '

205 1953 331 2006 tuti
372 1953 494 2008 sint
526 1953 775 2010 homines
814 1963 873 2010 ut
909 1955 1158 2012 Christus
1197 1958 1448 2028 apparuit
1483 1969 1607 2029 post
1646 1960 1828 2015 resur-

203 2044 532 2100 rectionem
573 2052 630 2100 et
667 2046 844 2116 angeli
872 2047 972 2102 visi
1006 2057 1162 2112 sunt,
1204 2065 1272 2103 an
1311 2049 1383 2103 ita
1423 2051 1554 2104 nudi
1582 2059 1642 2105 ut
1665 2051 1827 2121 primi

203 2131 484 2190 homines
504 2135 752 2201 fuerunt,
786 2139 948 2193 credo
979 2138 1160 2194 tamen
1189 2139 1391 2194 nullam
1423 2125 1824 2197 deformitatem

206 2225 337 2281 ﬁeri
380 2227 441 2281 in
481 2228 816 2298 spiritalibus
842 2232 1163 2300 corporibus
1192 2243 1315 2303 quis
1350 2235 1524 2304 possit
1550 2235 1826 2292 oll'endere

203 2313 300 2374 vel
353 2318 624 2375 nauseam
673 2320 851 2377 facere
902 2323 1237 2392 spiritalibus
1284 2324 1477 2379 oculis.
1534 2324 1681 2380 Inter
1728 2327 1827 2382 has

205 2411 617 2481 ambiguitates
651 2413 890 2469 occurrit
925 2415 1057 2469 mihi
1096 2421 1158 2469 ut
1193 2414 1430 2486 legerem
1460 2416 1826 2488 Augustinum

204 2501 280 2560 de
305 2503 554 2562 Civitate
576 2505 691 2571 Dei,
723 2509 778 2561 et
806 2509 874 2562 ad
900 2507 1188 2564 Paulinum
1216 2507 1282 2564 de
1308 2525 1441 2565 cura
1469 2526 1569 2581 pro
1595 2513 1826 2568 mortuis

208 2596 487 2668 gerenda.
535 2599 713 2656 Pauca
748 2601 872 2656 inde
901 2603 1180 2672 excerpsi,
1223 2604 1420 2674 quibus
1451 2611 1634 2661 tamen
1666 2606 1827 2660 intel-

207 2687 308 2760 ligi
336 2691 527 2760 potest
546 2691 836 2762 eXseqnias
861 2709 960 2748 nos
983 2693 1183 2750 debere
1205 2694 1388 2750 facere
1411 2697 1556 2751 circa
1585 2706 1826 2755 mortuos

207 2780 450 2840 nostros
478 2783 664 2855 potius
698 2802 796 2858 pro
827 2789 1016 2843 nostra
1044 2788 1216 2843 salute
1245 2804 1408 2860 quam
1444 2804 1544 2860 pro
1574 2790 1790 2846 morum
1809 2831 1824 2856 ,

205 2880 273 2930 et
320 2873 376 2929 si
419 2889 533 2931 non
571 2875 777 2932 fuerint
813 2876 1115 2950 exsequias,
1164 2881 1325 2950 ipsis,
1370 2881 1462 2951 qui
1507 2882 1564 2937 in
1607 2881 1826 2938 Christo

209 2969 430 3023 mortui
467 2977 630 3037 sunt,
678 2971 822 3026 nihil
854 2969 1085 3038 obesse,
1135 2981 1191 3028 et
1234 2973 1378 3044 quod
1430 2974 1524 3045 qui
1571 2975 1652 3030 eis
1695 2974 1826 3030 facit

209 3061 554 3130 exsequias,
598 3065 668 3119 ob
696 3079 940 3118 amorem
968 3065 1114 3118 illius
1142 3063 1274 3120 facit
1302 3065 1394 3134 qui
1423 3067 1676 3136 promisit
1704 3060 1825 3121 cor-

209 3166 354 3222 pora
402 3163 801 3209 resurrectura.
854 3154 997 3209 Dicit
1041 3155 1182 3209 idem
1233 3155 1289 3210 in
1338 3157 1515 3227 primo
1567 3157 1707 3212 libro
1757 3159 1823 3213 de
1858 3197 1877 3227 λ

211 3239 462 3300 Civitate
512 3243 647 3312 Dei,
701 3247 940 3316 capitulo
991 3247 1360 3303 duodecimo:
1417 3249 1583 3305 Multa
1635 3252 1822 3320 itaque

213 3350 458 3404 corpora
487 3335 921 3390 Christianorum
955 3347 1102 3391 terra
1141 3347 1249 3392 non
1280 3340 1445 3404 texit;
1487 3343 1580 3395 sed
1615 3343 1826 3396 nullum

212 3435 418 3483 eorum
453 3427 743 3498 quisquam
776 3446 804 3482 a
844 3429 983 3484 coelo
1021 3438 1075 3484 et
1114 3437 1258 3484 terra
1298 3433 1608 3500 separavit,
1660 3449 1826 3503 quam

215 3528 401 3574 totam
431 3518 619 3589 implet
645 3521 932 3590 prrcsentia
962 3521 1044 3576 sui
1073 3522 1164 3592 qui
1193 3524 1344 3578 novit
1370 3525 1510 3578 unde
1535 3527 1828 3582 resuscitet

217 3612 374 3681 quod
406 3612 633 3668 creavit.
670 3609 880 3667 Dicitur
908 3613 1126 3684 quidem
1158 3616 1211 3668 in
1241 3615 1486 3685 psalmo:
1521 3615 1823 3673 Posuerunt

217 3702 511 3756 morticina
559 3720 827 3758 servorum
876 3707 1083 3759 tuorum
1133 3722 1278 3762 escas
1323 3706 1621 3762 volatilibus
1670 3709 1821 3775 coeli,

219 3810 420 3848 carnes
459 3804 762 3848 sanctorum
802 3803 1012 3849 tuorum
1059 3795 1234 3851 bestiis
1271 3805 1443 3851 terrm.
1503 3787 1824 3867 Effuderunt

217 3885 538 3956 sanguinem
566 3903 748 3940 eorum
772 3895 1024 3958 tanquam
1054 3887 1107 3941 in
1135 3888 1360 3942 circuitu
1391 3885 1748 3953 Hierusalem,
1775 3899 1823 3944 et

215 3994 328 4033 non
355 3987 472 4033 erat
497 3981 589 4050 qui
613 3980 872 4052 sepeliret.
907 3980 973 4036 Et
999 3981 1162 4052 paulo
1189 3990 1312 4053 post
1337 4001 1350 4036 :
1393 3983 1652 4050 Quamvis
1678 3983 1821 4038 enim

213 4069 339 4126 hate
369 4071 426 4126 in
453 4083 749 4143 conspectu
769 4075 1065 4150 hominum
1097 4076 1230 4132 dura
1270 4084 1325 4132 et
1364 4076 1482 4132 dira
1512 4077 1817 4146 videantur,

218 4166 318 4223 sed
354 4168 595 4238 pretiosa
633 4177 718 4223 est
752 4169 808 4223 in
846 4179 1141 4240 conspectu
1180 4169 1393 4225 Domini
1426 4183 1576 4227 mors
1604 4180 1822 4228 sancto-

217 4275 348 4315 rum
377 4257 515 4328 ejus.
557 4257 791 4316 Proinde
820 4262 1002 4316 omnia
1034 4262 1157 4329 ista,
1191 4263 1400 4318 curatio
1433 4257 1662 4330 funeris,
1694 4281 1823 4320 con-

217 4351 360 4406 ditio
404 4351 731 4422 sepulturae,
776 4369 969 4424 pompa
1017 4356 1432 4425 exsequiarum,
1477 4356 1655 4426 magis
1697 4365 1822 4412 sunt

211 4441 467 4497 virorum
501 4444 695 4500 solatia
727 4462 890 4516 quam
922 4445 1165 4502 subsidia
1204 4455 1566 4502 mortuorum.
1618 4447 1819 4502 Iterum

1932 1946 2080 2004 tibus
2099 1949 2440 2014 exhibemus,
2473 1950 2519 2005 si
2546 1947 2722 2020 neque
2743 1951 2848 2005 hoc
2869 1951 3011 2021 perit
3032 1952 3172 2022 apud
3197 1951 3366 2006 Deum
3388 1953 3533 2022 quod

1932 2040 2202 2096 exanimis
2257 2041 2539 2096 hominum
2589 2041 2852 2096 membris
2901 2042 3080 2098 oﬂicia
3132 2042 3534 2115 diligentiaeque

1930 2135 2338 2205 persolvuntur.
2378 2135 2460 2189 Ex’
2490 2135 2614 2190 istis
2638 2135 2820 2190 verbis
2849 2135 3024 2190 Sancti
3049 2134 3342 2207 Augustini
3371 2149 3535 2206 appa-

1933 2235 2019 2282 ret
2057 2228 2200 2297 quod
2242 2237 2533 2298 propterea
2574 2228 2871 2283 debeamus
2913 2229 3205 2298 exsequias
3251 2229 3532 2284 celebrare

1935 2318 2079 2374 circa
2113 2328 2454 2376 mortuorum
2487 2321 2772 2376 hominum
2805 2337 3062 2392 corpora,
3096 2322 3226 2392 quia
3253 2321 3398 2378 Deus
3421 2321 3537 2378 vult

1933 2426 1998 2467 ea
2028 2412 2376 2469 resuscitare.
2425 2413 2566 2470 Ecce
2593 2413 2898 2470 manifestae
2933 2421 3060 2470 sunt
3085 2415 3359 2485 exsequiae
3390 2430 3534 2470 mor-

1934 2510 2153 2559 tuorum
2179 2548 2193 2572 ,
2245 2505 2733 2578 manifestatusque
2777 2518 2861 2563 est
2904 2507 3132 2564 affectus
3174 2508 3412 2564 hominis
3441 2507 3534 2578 qui

1935 2595 2098 2651 debet
2119 2611 2239 2652 esse
2267 2598 2413 2652 circa
2445 2600 2732 2668 exsequias
2765 2607 3128 2654 mortuorum.
3161 2599 3319 2654 Nunc
3347 2599 3536 2654 dicen-

1935 2687 2063 2744 dum
2094 2696 2176 2744 est
2201 2689 2270 2746 de
2295 2689 2492 2747 ofﬁciis
2515 2692 2992 2763 vespertinalibus,
3021 2699 3078 2748 et
3100 2690 3536 2760 nocturnalibus,

1934 2789 2098 2854 atque
2126 2784 2562 2840 matutinalibus".

2421 2952 2427 2958 _
2511 2875 2741 2932 CAPUT
2775 2875 2936 2932 xm.

2403 2964 2478 3019 De
2509 2965 2688 3036 oﬂiciis
2725 2975 3076 3023 mortuorum.

2002 3049 2279 3111 Habemus
2300 3056 2561 3126 scriptum
2585 3059 2640 3111 in
2662 3057 2898 3128 quodam
2917 3058 3365 3118 Sacramentario
3382 3061 3533 3134 quod

1930 3145 2109 3205 ofﬁcia
2139 3153 2480 3205 mortuorum
2513 3151 2721 3222 agenda
2755 3159 2882 3206 sunt
2912 3152 3059 3207 circa
3094 3155 3312 3210 tertiam
3343 3155 3488 3211 diem
3513 3197 3533 3225 ,

1927 3249 1985 3295 et
2015 3243 2320 3311 septimam,
2355 3249 2409 3294 et
2437 3242 2790 3296 tricesimam.
2832 3243 2990 3308 Quod
3015 3260 3123 3298 non
3156 3246 3231 3300 ita
3262 3247 3528 3317 intelligo,

1931 3332 2086 3401 quasi
2115 3332 2206 3386 ille
2227 3332 2318 3400 qui
2344 3335 2504 3386 tertia
2529 3333 2616 3387 die
2637 3348 2800 3404 agere
2821 3334 2938 3388 vult
2963 3335 3146 3390 ofﬁcia
3170 3345 3530 3405 mortuorum,

1931 3423 2125 3479 debeat
2163 3423 2582 3493 praetermittere
2611 3425 2824 3494 priores
2851 3427 2986 3481 duos
3018 3427 3137 3482 dies
3174 3428 3293 3483 sine
3331 3430 3507 3500 suppli

1929 3513 2269 3578 eationibus;
2310 3521 2404 3567 aut
2431 3514 2520 3582 qui
2554 3515 2606 3568 in
2637 3517 2868 3586 septimtt
2895 3517 3006 3583 die,
3032 3533 3129 3572 sex
3159 3519 3530 3590 superioribus

1931 3605 2126 3663 debeat
2154 3614 2342 3661 tenere
2366 3607 2420 3661 in
2445 3606 2658 3674 ofﬁcio;
2692 3611 2787 3664 aut
2814 3610 2907 3679 qui
2937 3610 2990 3664 in
3019 3609 3316 3677 tricesima,
3339 3611 3530 3682 viginti

1928 3709 1985 3756 et
2013 3717 2207 3756 novem
2237 3717 2434 3757 vacare
2463 3703 2574 3758 otio
2602 3722 2614 3756 :
2651 3704 2749 3759 sed
2777 3705 2918 3774 quod
2960 3705 3120 3760 tertia
3152 3707 3239 3761 die
3274 3707 3529 3764 dicuntur

1929 3793 2196 3849 celebrari
2232 3793 2413 3851 ollicia
2446 3805 2822 3863 mortuorum,
2865 3798 3076 3853 duobus
3112 3800 3286 3855 modis
3324 3800 3500 3870 possit

1928 3885 1983 3941 id
2013 3896 2118 3953 est,
2153 3896 2210 3942 ut
2241 3889 2401 3943 tertia
2435 3889 2520 3944 die
2553 3889 2694 3943 infra
2728 3889 2933 3961 septem
2954 3932 2967 3957 ,
3002 3891 3230 3962 septima
3261 3892 3401 3948 infra
3434 3895 3522 3950 tri-

1927 3986 2076 4057 ginta
2130 3987 2399 4043 cclebrius
2459 3996 2696 4058 aguntur
2743 3989 2888 4043 circa
2950 3989 3136 4044 ofﬁcia
3187 3999 3526 4045 mortuorum

1928 4092 2090 4146 quam
2123 4078 2176 4130 in
2211 4078 2424 4133 caeteris
2457 4079 2669 4144 diebus,
2703 4075 2818 4134 slve
2846 4077 2912 4134 ut
2935 4081 3098 4135 tertia
3127 4081 3212 4136 die
3245 4090 3526 4138 consumet

1927 4168 2039 4221 illa.
2085 4167 2259 4223 Simili
2294 4170 2454 4224 modo
2485 4171 2720 4225 dicimus
2755 4169 2821 4225 de
2858 4173 3092 4242 septima
3128 4182 3184 4227 et
3225 4174 3527 4245 trigesima.

1926 4258 2003 4314 De
2053 4261 2138 4314 his
2183 4261 2357 4315 tribus
2392 4262 2642 4316 terminis
2672 4277 2940 4332 ponemus
2969 4263 3352 4319 auctoritatem
3397 4280 3527 4319 san-

1927 4361 2138 4408 ctarum
2183 4353 2612 4425 Scripturarum.
2674 4347 2885 4411 Dicitur
2932 4357 2987 4411 in
3038 4356 3178 4412 libro
3231 4355 3524 4429 Sapientia:

1929 4447 1993 4502 de
2029 4448 2305 4518 exsequiis
2334 4467 2346 4502 :
2389 4447 2497 4503 Fili
2527 4491 2541 4515 ,
2579 4449 2634 4503 in
2668 4459 2936 4505 mortuum
2977 4449 3177 4522 produc
3221 4450 3484 4522 lacrymas
3507 4493 3526 4521 ,

215 4536 274 4591 in
303 4536 496 4592 eodem
528 4537 685 4601 libro,
719 4553 837 4609 cap.
867 4539 1080 4595 decimo
1111 4540 1289 4594 tertio.
1343 4540 1454 4596 Nec
1484 4541 1604 4596 ideo
1636 4549 1900 4635 tamenD
1926 4549 1973 4594 et
2012 4540 2163 4610 quasi
2206 4539 2324 4594 dira
2369 4553 2554 4610 passus
2583 4583 2596 4607 ,
2648 4542 2820 4612 incipe
2859 4541 3103 4613 plorare,
3149 4553 3200 4597 et
3239 4546 3529 4601 secundum

214 4632 621 4685 contemnenda
653 4640 708 4686 et
737 4632 1039 4700 abjicienda
1086 4643 1214 4690 sunt
1258 4650 1489 4705 corpora
1533 4635 1818 4692 defuncto-

217 4733 374 4786 rum,
411 4721 647 4776 maxime
674 4723 941 4794 justorum
972 4734 1134 4794 atque
1166 4725 1406 4780 ﬁdelium
1428 4767 1442 4792 ,
1475 4727 1669 4797 quibus
1700 4736 1821 4782 tan-

218 4829 385 4884 quam
415 4814 635 4884 organis
662 4822 716 4870 et
741 4816 888 4870 vasis
919 4816 985 4869 ad
1015 4817 1197 4870 omnia
1228 4818 1368 4871 bona
1403 4833 1567 4887 opera
1598 4830 1818 4875 sanctus

221 4921 354 4961 usus
375 4914 463 4960 est
484 4903 739 4977 Spiritus.
780 4905 836 4962 Si
860 4908 1004 4963 enim
1034 4917 1259 4978 paterna
1284 4910 1452 4964 vestis
1479 4918 1533 4964 et
1561 4911 1814 4978 annulus,

222 5011 287 5050 ac
327 4997 373 5052 si
420 4998 548 5066 quid
591 4999 898 5068 hujusmodi
929 5041 942 5066 ,
996 5009 1149 5055 tanto
1195 5001 1416 5055 cbarius
1465 5011 1547 5056 est
1581 5003 1817 5072 posteris

224 5099 429 5160 quanto
467 5108 595 5164 erga
640 5105 896 5163 parentes
940 5093 1114 5164 major
1156 5091 1414 5162 allectus,
1464 5095 1612 5150 nullo
1654 5097 1814 5150 modo

225 5180 340 5251 ipsa
391 5185 695 5253 spernenda
747 5194 873 5240 sunt
920 5201 1188 5255 corpora,
1242 5203 1361 5256 quae
1409 5188 1597 5257 utique
1645 5188 1816 5242 multo

225 5271 548 5328 familiarius
585 5286 746 5346 atque
785 5278 1129 5346 conjunctius
1156 5293 1323 5350 quam
1359 5280 1611 5349 quaelibet
1655 5283 1814 5335 indu-

226 5375 410 5420 menta
451 5379 744 5439 gestamus.
802 5372 926 5426 llaec
973 5373 1118 5426 enim
1167 5389 1271 5427 non
1318 5374 1384 5427 ad
1430 5386 1813 5430 ornamentum

225 5457 312 5512 vel
347 5457 701 5528 atljutorium,
732 5464 878 5532 quod
907 5463 1193 5517 adhibetur
1223 5465 1586 5528 extrinsecus,
1616 5466 1706 5519 sed
1746 5467 1812 5521 ad

227 5550 401 5622 ipsam
433 5562 684 5608 naturam
712 5557 948 5610 hominis
978 5558 1270 5627 pertinent.
1308 5557 1460 5613 Unde
1487 5568 1540 5612 et
1566 5559 1812 5628 antiquo-

229 5660 348 5699 rum
380 5647 652 5716 justorum
683 5648 872 5704 funera
909 5649 1153 5706 ofﬁciosa
1194 5651 1393 5720 pietate
1429 5659 1615 5707 curata
1654 5660 1810 5720 sunt,

231 5743 499 5812 exsequiae
537 5744 854 5811 celebratae,
901 5753 958 5799 et
1000 5744 1275 5814 sepultura
1314 5745 1562 5815 provisa,
1608 5745 1816 5816 ipsique

229 5843 355 5888 cum
381 5837 648 5907 viverent,
672 5839 739 5896 de
765 5838 1092 5910 sepeliendis
1117 5838 1202 5894 vel
1233 5838 1396 5896 etiam
1422 5838 1815 5897 transferendis

1916 4633 2185 4704 judicium
2237 4635 2476 4705 continge
2527 4633 2716 4706 corpus
2772 4635 2948 4703 illius,
3006 4643 3058 4690 et
3109 4651 3212 4691 non
3268 4637 3527 4710 despicias

1923 4725 2250 4794 sepulturam
2290 4725 2455 4779 illius.
2511 4723 2739 4798 Pr0pter
2778 4721 3082 4781 delaturam'
3126 4737 3301 4782 autem
3345 4745 3524 4787 amare

1922 4817 2004 4887 fer
2047 4817 2245 4872 luctum
2293 4817 2437 4871 illius
2481 4835 2585 4871 uno
2629 4820 2733 4883 die,
2780 4829 2830 4872 et
2869 4819 3144 4873 consolare
3180 4831 3394 4892 propter
3429 4821 3524 4877 tt‘i—

1922 4912 2161 4976 stitiam,
2224 4921 2271 4965 et
2333 4909 2419 4980 fac
2476 4911 2669 4966 lactant
2727 4913 3013 4966 secundum
3073 4911 3319 4967 meritum
3378 4913 3525 4970 illius

1922 5019 2029 5056 uno
2073 5003 2180 5068 die,
2223 5002 2301 5056 vel
2342 5002 2545 5058 duobus
2588 5015 2797 5076 propter
2838 5005 3230 5061 detractionem.
3276 5005 3379 5063 Ubi
3411 5010 3523 5079 pri-

1925 5108 2015 5148 mo
2057 5094 2227 5160 dixit,
2273 5106 2484 5167 propter
2513 5096 2811 5152 delaturam
2851 5084 2956 5153 uno
2997 5099 3082 5154 die
3123 5099 3261 5170 ferre
3297 5099 3518 5169 luctum,

1923 5196 1978 5241 et
2034 5196 2264 5258 postea,
2326 5200 2536 5261 propter
2595 5191 2968 5245 detractionem
3023 5209 3130 5247 uno
3187 5191 3264 5246 vel
3317 5192 3520 5249 duobus

1921 5283 2148 5350 diebus,
2205 5292 2319 5339 tres
2380 5284 2494 5338 dies
2554 5283 2850 5338 introducit
2906 5284 2959 5337 in
3025 5285 3249 5340 luctum.
3316 5285 3518 5340 Possu-

1922 5390 2044 5429 mus
2099 5390 2199 5445 per
2253 5376 2472 5430 tertiam
2513 5373 2652 5427 diem
2708 5375 3072 5429 commendati
3119 5375 3356 5429 defuncti
3405 5383 3518 5431 ter-

1924 5466 2056 5519 tiam
2111 5467 2318 5521 dierum
2358 5463 2776 5519 resurrectionis
2834 5465 3047 5520 Domini
3083 5465 3152 5520 ad
3199 5467 3518 5523 memoriam

1926 5559 2203 5621 reducere,
2240 5566 2301 5610 ut
2334 5556 2525 5610 eodem
2559 5567 2789 5610 numero
2819 5555 3174 5626 deprecemur
3200 5571 3298 5626 pro
3328 5564 3517 5613 nostro

1926 5649 2201 5714 defuncto,
2231 5656 2500 5717 quatenus
2529 5647 2810 5703 mereatur
2840 5657 2938 5717 per
2982 5647 3358 5704 remissionem
3387 5661 3515 5719 pec-

1923 5753 2172 5801 catorum
2219 5743 2494 5813 particeps
2530 5739 2646 5797 fieri
2698 5739 3120 5798 resurrectionis
3151 5731 3375 5799 Ch‘ris’ti.
3407 5737 3514 5798 Pi‘o

1923 5837 2340 5909 quatriduanum
2364 5835 2632 5907 jejunium
2662 5819 2914 5894 Niniv‘iw':
2941 5835 3194 5895 fecerunt
3209 5837 3508 5894 secundum
