4000 6522
485 372 630 435 usa
1518 351 1856 417 suumn
1895 332 2330 409 pensamur
2362 335 2713 402 METENSIS
3641 329 3803 391 tm

479 482 857 561 septuaginta,
875 487 938 537 ut
968 476 1254 536 in.Christi
1302 473 1697 550 gloriﬁcatione
1740 485 1839 542 per
1882 480 2068 523 resur-
2090 464 2147 529 Α
2168 460 2313 532 cepit
2356 457 2597 561 Ecclesia
2619 473 2641 561 ,ε
2673 459 2738 510 ut
2777 449 2977 561 quibus
3029 447 3087 507 in
3141 448 3249 506 ista
3278 448 3396 503 vita
3433 447 3654 561 desunt
3690 464 3795 555 .

482 541 784 639 rectionem
832 541 902 628 ex
950 571 1182 629 mortuis
1246 541 1557 626 delerentur
1609 541 1832 636 peccata
1859 573 2069 616 eorum.
2176 563 2383 623 rentes,
2420 561 2513 609 aut
2538 552 2659 618 ﬁlii,
2687 556 2783 606 aut
2810 546 3215 620 qualescunque
3242 542 3492 614 cognati,
3522 541 3628 596 vel
3653 544 3793 597 arui.

484 635 646 732 Unde
689 669 823 725 dicit
868 665 1205 740 Augustinus
1231 663 1286 719 in
1321 662 1461 718 libro
1499 635 1872 728 Quaestionum
1895 653 2072 711 Gene-
2173 653 2246 720 ci,
2286 650 2357 706 ab
2391 663 2501 706 una
2524 648 2607 703 eis
2659 643 2992 702 exhibeatur
3045 640 3137 711 pia
3166 645 3344 693 matre
3374 637 3707 692 communi.
3737 635 3797 693 Si

483 730 562 822 sis
593 783 607 819 :
642 761 755 818 Nec
775 730 1501 831 septuavginta‘lnterpretes,
1548 764 1686 822 quos
1735 747 1916 820 legere
1944 760 2076 803 con-
2175 752 2354 801 autem
2376 744 2628 800 deessent
2657 739 2778 799 ista:
2805 734 3234 808 supplicationes
3293 747 3418 803 quae
3447 730 3604 786 ﬁunt
3636 740 3800 786 recta

487 856 670 914 suevit
716 825 998 917 Ecclesia,
1034 864 1249 905 errasse
1284 845 1543 903 credendi
1572 849 1720 909 sunt,
1751 850 1811 896 ut
1840 855 1950 896 non
1986 838 2073 894 di-
2176 850 2233 897 et
2253 840 2343 912 pia
2379 837 2484 894 ﬁde
2514 852 2581 893 ac
2624 834 2830 906 pietate
2878 846 2981 903 pro
3005 828 3257 893 mortuis,
3287 835 3422 899 puto
3458 827 3620 898 quod
3654 825 3801 881 nihil

484 954 678 1004 eerent
699 943 1055 1017 quadraginta
1078 941 1212 1004 dies,
1243 940 1338 995 sed
1361 937 1617 1001 triduum,
1643 943 1690 988 et
1720 932 1912 988 Niniue
1933 946 2075 985 ever-
2174 931 2460 1009 prodesset
2485 928 2767 1002 spiritibus
2805 938 3022 989 eorum,
3054 922 3101 977 si
3135 919 3442 991 quamlibet
3473 918 3626 975 locis
3654 933 3793 975 an.

486 1016 719 1094 teretur.
739 1036 808 1090 Et
833 1042 957 1105 post
977 1047 1154 1103 pauca
1187 1049 1201 1086 :
1246 1029 1506 1085 Triduum
1531 1016 1848 1098 posuerunt,
1884 1036 2075 1093 quam-
2177 1026 2283 1084 etis
2310 1024 2565 1081 exanima
2587 1034 2820 1092 corpora
2847 1022 3205 1088 ponerentur.

484 1133 574 1186 Vis
595 1147 703 1187 non
721 1132 1031 1202 ignorarent
1057 1126 1204 1198 quod
1228 1125 1339 1181 dies
1366 1122 1723 1196 quadraginta
1747 1119 1803 1175 in
1832 1116 2077 1173 Hebraeis
2735 1130 2966 1189 CAPUT
3011 1126 3192 1185 XLII],

480 1208 778 1281 codicibus
810 1222 1139 1292 legerentur,
1172 1227 1233 1273 ut
1254 1218 1309 1272 in
1333 1215 1544 1272 Domini
1569 1212 1742 1269 nostri
1768 1210 1895 1267 Jesu
1918 1208 2078 1266 Chri-

2326 1230 2588 1305 Repetitio
2616 1229 2681 1284 de
2733 1226 2903 1281 tribus
2932 1222 3152 1296 psalmis
3182 1219 3619 1293 baptismalibus.

490 1315 566 1372 sti
599 1312 988 1370 clariﬁcatione
1032 1310 1463 1379 intelligerentur
1508 1303 1731 1362 dissolvi
1763 1302 2079 1372 abolerique
2251 1302 2503 1383 Diximus
2532 1324 2586 1379 in
2619 1318 2996 1393 superioribus
3041 1323 3157 1370 "es
3183 1312 3431 1385 psalmos
3482 1311 3792 1383 mpm

486 1413 734 1480 peccata.
764 1404 841 1459 De
874 1418 982 1474 quo
1010 1402 1214 1459 dictum
1258 1409 1379 1456 est:
1419 1397 1523 1465 Qui
1580 1397 2081 1490 traditusAest-pro-
2181 1420 2263 1476 les
2284 1433 2385 1490 per
2421 1424 2611 1473 ηοοιθε
2673 1412 2833 1469 nobis
2878 1409 2949 1465 ad
2997 1406 3328 1463 memoriam
3384 1403 3648 1461 reducem
3674 1405 3792 1461 ιι-ἱε

486 1507 613 1573 pter
638 1497 834 1554 delicta
865 1504 1080 1557 nostra,
1134 1501 1189 1550 et
1225 1491 1525 1548 resurrexit
1560 1486 2080 1585 propter-iustiﬁca-
2182 1486 2348 1585 (mea
2370 1509 2599 1576 Christi,
2625 1508 2734 1565 hoc
2757 1510 2863 1571 est,
2897 1500 3270 1574 repulsionem
3292 1498 3627 1564 dammam,
3648 1498 3794 1555 εεε,

488 1591 696 1647 tionem
718 1596 984 1645 nostram.
1020 1585 1351 1643 Clariﬁcatio
1378 1591 1558 1639 autem
1597 1580 1811 1637 Domini
1833 1588 1888 1635 et
1913 1578 1968 1633 in
1992 1591 2080 1634 re-
2186 1578 2333 1661 cium
2358 1603 2677 1667 saniumm’
2714 1607 2773 1654 ει
2801 1594 3269 1654 resurrectionem
3291 1600 3570 1655 nostram,
3593 1590 3789 1646 simi,

489 1681 852 1748 surrectione,
879 1688 934 1735 et
964 1679 1018 1734 in
1041 1678 1210 1734 ctelos
1237 1676 1559 1733 ascensione
1584 1673 1946 1745 cognoscitur.
1980 1670 2082 1725 Se-
2185 1711 2292 1767 que
2332 1695 2640 1750 "magnam
2684 1682 3019 1762 sepulturam
3050 1684 3300 1750 Domini;
3334 1692 3506 1753 “qua
3547 1682 3655 1737 auo
3680 1698 3799 1738 mo,

490 1776 670 1831 cunda
695 1775 862 1845 igitur
897 1772 1193 1829 celebratio
1228 1786 1329 1842 pro
1354 1767 1626 1826 defunctis
1657 1766 1714 1826 in
1742 1765 1972 1836 septimo
1994 1763 2082 1819 die

2200 1763 2278 1856 do,
2316 1788 2502 1844 ofﬁcia
2552 1787 2763 1842 dierum
2829 1778 3264 1854 baptismalium,
3322 1775 3569 1847 Spiritus
3614 1775 3797 1833 sancti

421 1890 428 1898 δ
472 1867 664 1925 habet
718 1837 1101 1921 auctoritatem
1157 1863 1211 1919 in
1229 1837 1443 1919 ’ϐεηεεὶ
1498 1866 1821 1917 memorato.
1882 1855 2083 1912 Habuit
2112 1837 2161 1900 Β
2189 1837 2868 1937 Ᾰῶυξίίᾶιξωωίξιέτη
2902 1837 3101 1938 ’καθ’
3168 1876 3225 1925 ει
3412 1868 3663 1940 Psallam
3692 1884 3797 1923 πο,

488 1978 717 2035 quoque,
759 1960 954 2029 inquit,
983 1957 1181 2029 Ioseph
1209 1958 1267 2011 in
1290 1957 1542 2024 comitatu
1582 1969 1771 2009 currus
1792 1960 1838 2006 et
1864 1951 2080 2022 equites,
2196 1976 2389 2040 etiam,
2426 1973 2613 2039 ﬁdem,
2656 1986 2833 2042 spem,
2885 1974 2941 2022 ει
2960 1966 3323 2022 Charinum:
3352 1970 3413 2018 at
3462 1977 3612 2018 nunc
3636 1963 3799 2018 addi,

487 2065 540 2112 et
569 2054 714 2126 facta
733 2063 807 2109 est
828 2053 983 2107 turba
1016 2068 1121 2105 non
1147 2051 1376 2104 modica.
1423 2047 1786 2118 Veneruntque
1811 2046 1881 2100 ad
1904 2060 2086 2098 aream
2194 2081 2320 2123 mus
2353 2065 2410 2120 in
2438 2063 2697 2134 operibus
2732 2059 3087 2116 tenebrarum
3110 2071 3208 2111 seu
3253 2057 3309 2111 in
3342 2064 3507 2111 nocte
3532 2054 3643 2110 uia
3677 2068 3801 2111 esse

490 2146 659 2213 Atad,
692 2164 810 2219 qua:
851 2148 955 2201 sita
1003 2154 1079 2201 est
1104 2154 1253 2200 trans
1298 2143 1610 2209 Iordanem,
1650 2142 1739 2196 ubi
1769 2140 2086 2196 celebrantes
2190 2158 2330 2214 vina
2359 2154 2672 2228 originalia,
2703 2153 2758 2209 id
2786 2158 2889 2216 εει,
2918 2150 3324 2221 suggestionem
3351 2146 3578 2210 diaboli,
3607 2146 3806 2201 carni,

495 2240 769 2311 exsequias
795 2239 1013 2311 planctu
1054 2255 1246 2310 magno
1297 2245 1454 2308 atque
1494 2234 1804 2299 vehementi,
1835 2230 2083 2303 impleve-

472 2339 621 2395 rrunt
679 2341 871 2402 septem
922 2330 1051 2386 dies.
1112 2329 1267 2386 Unde
1297 2334 1631 2384 memoratus
1657 2324 1995 2397 Augustinus
2030 2322 2086 2376 in

471 2432 802 2478 ,memorato
823 2421 964 2476 libro
992 2420 1365 2488 Quzestionum
1391 2417 1584 2474 scribit
1610 2434 1623 2469 :
1654 2413 1727 2469 Et
1748 2414 1869 2481 fecit
1887 2411 2089 2465 luctum

492 2515 637 2587 patri
666 2531 763 2569 suo
789 2524 981 2586 septem
1004 2514 1136 2568 dies.
1166 2513 1363 2568 Nescio
1389 2520 1572 2565 utrum
1597 2506 1905 2562 inveniatur
1927 2501 2091 2558 alicui

498 2619 816 2667 sanctorum
874 2611 931 2666 in
976 2607 1278 2678 Scripturis
1311 2605 1645 2662 celebratum
1708 2615 1830 2657 esse
1881 2600 2091 2655 luctum

499 2715 697 2758 novem
721 2701 860 2767 dies,
885 2701 1030 2771 quod
1054 2699 1195 2769 apud
1230 2696 1454 2752 Latinos
1480 2692 1750 2749 novendia
1776 2689 2087 2763 appellant.

500 2792 660 2851 Unde
716 2794 850 2849 mihi
899 2774 1154 2847 videntur
1207 2789 1276 2844 ab
1303 2788 1407 2843 hac
1459 2783 1857 2857 consuetudine
1900 2781 2091 2852 prohi-

504 2888 688 2953 bendi,
739 2887 786 2942 si
817 2885 909 2955 qui
962 2881 1398 2938 Christianorum
1426 2879 1590 2934 istum
1625 2876 1680 2931 in
1708 2874 1940 2931 mortuis
1975 2873 2091 2929 suis

502 2995 794 3038 numerum
825 2985 1068 3042 servant,
1105 2975 1198 3047 qui
1242 2973 1417 3046 magis
1443 2980 1527 3028 est
1573 2971 1629 3026 in
1661 2968 1942 3043 gentilium
1967 2982 2096 3023 con-

506 3073 817 3130 suetudine.
849 3069 1125 3139 Septimus
1162 3082 1295 3123 vero
1316 3066 1434 3121 dies
1456 3063 1837 3120 auctoritatem
1861 3061 1916 3117 in
1943 3057 2093 3115 Scri-

503 3165 684 3237 pturis
712 3163 900 3218 habet.
934 3160 1088 3217 Unde
1136 3160 1243 3215 alio
1289 3158 1410 3215 loco
1437 3157 1701 3228 scriptum
1732 3163 1816 3210 est
1843 3173 1856 3208 :
1891 3151 2089 3207 Luctus

503 3256 702 3311 mortui
728 3262 920 3326 septem
947 3253 1174 3318 dierum,
1212 3251 1349 3322 fatui
1391 3259 1567 3305 autem
1605 3263 1782 3302 omnes
1831 3245 1943 3300 dies
1971 3245 2091 3300 vita:

504 3447 934 3504 sacramentum,
974 3438 1246 3509 praecipue
1272 3435 1471 3505 quietis
1502 3432 1762 3488 indicium
1806 3439 1907 3486 est.
1942 3429 2097 3487 Unde

505 3532 704 3587 merito
742 3532 974 3587 mortuis
1035 3540 1294 3600 tanquam
1349 3518 1831 3598 requiescentibus'
1865 3523 2095 3578 exhibe-

506 3632 617 3680 tur.
657 3626 697 3695 σι-
733 3624 920 3679 Tertia
984 3624 1163 3696 agitur
1217 3621 1494 3677 tricesimo
1556 3619 1665 3685 die,
1727 3633 1888 3688 quam
1939 3616 2095 3672 nobis

504 3715 687 3772 Aaron
733 3724 789 3772 et
836 3714 1046 3788 Moyses
1098 3715 1152 3769 in
1192 3713 1577 3769 auctoritatem
1629 3710 1856 3774 ducunt,
1883 3707 1950 3764 de
1982 3722 2092 3778 quo

508 3810 714 3865 dictum
773 3818 859 3863 est
908 3809 961 3864 in
1013 3807 1309 3878 scriptione
1354 3804 1422 3859 de
1462 3804 1675 3860 missa:
1713 3802 1981 3870 Quoniam
2017 3802 2096 3858 sic

506 3910 784 3955 certamus
814 3914 916 3969 pro
966 3899 1171 3953 nostris
1217 3895 1511 3959 defunctis,
1564 3902 1832 3964 quatenus
1879 3892 2095 3964 possint

2119 3201 2168 3268 C

509 3347 647 3418 ejus.
684 3344 1040 3415 Septenarius
1060 3352 1243 3399 autem
1278 3356 1562 3407 numerus,
1611 3346 1838 3410 propter
1883 3337 2096 3393 sabbati
2180 3404 2187 3421 ἡ

2191 2248 2637 2313 delectationem,
2686 2252 2741 2300 et
2789 2253 3118 2300 consensum
3176 2238 3344 2294 animi.
3393 2237 3806 2309 Propterhrc

2194 2341 2299 2396 tria
2330 2340 2464 2395 vitia
2492 2338 2613 2394 vice
2640 2335 2807 2390 trium
2854 2333 3145 2417 virtutum,
3177 2329 3371 2385 scilicet
3398 2327 3556 2393 ﬁdei,
3583 2326 3713 2399 spei
3732 2332 3807 2382 et

2181 2433 2511 2499 .charitatis,
2562 2440 2677 2487 tres
2702 2412 3290 2502 psalmoscantamus,
3334 2422 3535 2494 quibus
3582 2434 3805 2478 metuo-

2194 2535 2319 2582 rata
2343 2526 2470 2580 vitia
2503 2522 2838 2595 repellantur
2866 2519 2934 2576 de
2954 2518 3159 2574 nostris
3183 2513 3632 2572 catechumenis.
3662 2511 3804 2581 Qua-

2194 2619 2322 2675 liter
2361 2616 2748 2674 celebrandum
2786 2613 2859 2670 sit
2911 2611 3152 2668 officium
3203 2610 3257 2664 in
3296 2607 3589 2664 Dominica
3616 2616 3796 2674 nocte,

2194 2726 2319 2784 quae
2347 2717 2432 2765 est
2467 2717 2656 2765 octava
2692 2714 2816 2778 post
2842 2696 3056 2760 Pascha
3106 2700 3349 2766 Domini,
3378 2714 3455 2754 ex
3506 2697 3796 2771 superiori-

2193 2804 2299 2860 bus
2331 2801 2515 2857 verbis
2541 2805 2894 2862 monstratur,
2942 2795 3001 2850 in
3028 2794 3229 2865 quibus
3276 2799 3549 2847 narratur
3583 2790 3651 2845 de
3675 2798 3797 2845 octo

2194 2892 2646 2956 beatitudinibus,
2713 2897 2770 2945 et
2832 2888 2899 2943 de
2946 2899 3113 2959 opere
3156 2881 3505 2955 septiformis
3568 2879 3795 2951 Spiritus

2196 2996 2362 3058 atque
2390 2984 2509 3054 ejus
2534 2981 2893 3057 perfectione,
2926 2994 2992 3036 ac
3040 2979 3110 3034 de
3141 2984 3272 3034 octo
3302 2974 3470 3032 feriis
3495 2969 3791 3046 regesta-sti

2196 3080 2456 3140 hominis.

2764 3166 3019 3235 CAPUT,
3046 3164 3231 3222 XLIV.

2202 3263 2464 3339 Repetitio
2490 3226 2559 3318 hae
2586 3260 2902 3339 antiphona_,
2926 3230 3192 3339 Fluminis
3243 3254 3517 3339 impetus,
3535 3266 3646 3324 qua
3666 3266 3790 3305 can-

2701 3328 2846 3386 tatur
2868 3331 2924 3386 in
2954 3328 3320 3399 Theophania.

2274 3429 2465 3486 Solent
2496 3425 2791 3483 mussitare
2850 3423 2917 3480 de
2963 3418 3196 3495 psalmo,
3254 3419 3407 3474 Deus
3449 3428 3633 3475 noster
3658 3416 3792 3487 refu-

2201 3526 2368 3597 gium,
2405 3536 2575 3594 ignare
2626 3524 2964 3591 praepostero
3011 3515 3204 3572 ordine
3248 3522 3499 3584 ponatur
3550 3514 3609 3568 in
3638 3510 3790 3567 tertia

2202 3614 2479 3686 periocha.
2513 3614 2589 3668 De
2611 3626 2719 3682 qua
2744 3625 2803 3665 re
2834 3609 2913 3663 ita
2942 3607 3196 3672 dicimus,
3227 3615 3533 3676 sequentes
3558 3603 3791 3659 ordinent

2202 3706 2502 3778 Evangelii.
2534 3704 2692 3760 Prius
2738 3708 3005 3758 venerunt
3052 3698 3190 3771 Magi
3229 3696 3465 3754 adorare
3515 3698 3796 3753 Dominum

2202 3813 2365 3869 quam
2394 3796 2700 3868 baptizatus
2725 3801 2892 3859 esset,
2935 3790 3059 3847 ideo
3088 3788 3269 3845 ofﬁcia
3296 3803 3421 3858 qua:
3451 3788 3793 3843 celebrantur

2202 3894 2257 3949 in
2300 3892 2478 3965 prima
2533 3888 2793 3962 periocha
2828 3886 3119 3959 designant
3176 3882 3544 3946 Christianos,
3580 3891 3636 3936 et
3669 3895 3799 3952 quo-

505 3990 802 4064 participes
845 3988 960 4043 ﬁeri
1020 4004 1208 4044 eorum
1256 4003 1394 4057 quos
1444 3985 1692 4041 Christus
1750 3983 2028 4039 revocavit
2065 3998 2097 4037 a
2202 3982 2491 4042 dammodo
2514 3981 2795 4038 imitantur
2840 3993 3068 4034 munera
3101 3983 3158 4031 et
3182 3974 3444 4046 obsequia
3473 3972 3796 4044 Magorum;

509 4082 767 4138 claustris
800 4078 1022 4146 inferni,
1060 4080 1115 4135 in
1145 4094 1209 4134 ea
1254 4077 1776 4134 commemoratione
1798 4074 1961 4130 simili
1987 4089 2119 4141 mox
2202 4076 2346 4148 Magi
2391 4074 2706 4131 obtulerunt
2762 4086 2976 4136 aurum,
3036 4070 3163 4125 thus
3191 4076 3249 4125 et
3300 4067 3580 4140 myrrham
3607 4083 3629 4119 ι
3661 4065 3801 4122 sicut

505 4171 578 4227 do
612 4172 955 4228 celebramus
980 4169 1159 4226 ofﬁcia
1197 4185 1299 4241 pro
1339 4169 1490 4240 ipsis,
1513 4166 1786 4237 quomodo
1811 4164 2097 4221 celebran-
2203 4170 2348 4226 enim
2379 4166 2714 4238 praecipuum
2743 4162 3024 4220 metallum
3059 4170 3145 4218 est
3171 4175 3392 4227 aurum,
3441 4160 3521 4215 ita
3553 4158 3664 4214 hoc
3686 4171 3798 4212 mu-

509 4271 601 4319 tur
627 4264 678 4318 in
706 4263 812 4319 illis
848 4263 1039 4318 diebus
1068 4262 1287 4333 quando
1326 4258 1578 4315 Christus
1606 4258 1886 4314 descendit
1923 4258 1992 4313 ad
2019 4257 2102 4312 in-
2202 4281 2307 4323 nus
2338 4264 2683 4333 mancipatur
2707 4260 2984 4333 praecipuo
3013 4258 3220 4325 ofﬁcio,
3268 4258 3323 4313 id
3354 4264 3441 4312 est
3473 4253 3675 4326 regali.
3700 4251 3797 4307 Per

508 4354 663 4410 fcrna
713 4364 767 4411 et
827 4354 880 4408 in
945 4355 1165 4424 quibus
1206 4351 1447 4407 creditur
1477 4359 1743 4406 mortuus.
1789 4348 1906 4404 Non
1952 4347 2098 4404 enim
2201 4359 2307 4416 hoc
2336 4372 2534 4413 munus
2562 4354 2783 4411 Christo
2813 4353 3055 4410 oblatum
3091 4358 3271 4423 potest
3298 4348 3586 4420 designari
3609 4345 3794 4419 mli;

513 4464 806 4518 possumus
837 4447 1142 4517 intelligere
1172 4448 1237 4502 de
1268 4444 1520 4501 omnibus
1552 4444 1646 4515 qui
1676 4444 1808 4510 sint,
1840 4443 1932 4513 qui
1953 4441 2098 4497 illico
2201 4457 2444 4524 potestas
2506 4462 2629 4504 cum
2685 4445 2938 4503 omnibus
3000 4442 3116 4499 suis
3163 4440 3397 4498 subditis
3452 4448 3687 4496 ventura
3728 4438 3793 4492 ad

508 4551 797 4611 postquam
819 4540 1149 4630 recesserint
1171 4540 1238 4593 de
1256 4552 1487 4607 corpore
1508 4543 1973 4608 penetrentregna
1990 4547 2098 4588 cce-
2120 4569 2175 4630 Β
2203 4539 2506 4597 Christum.
2536 4538 2664 4594 Haec
2696 4538 2844 4593 enim
2871 4537 3087 4607 signant
3112 4533 3364 4590 secundae
3390 4533 3677 4604 periochae
3700 4546 3793 4585 an-

507 4629 706 4689 lorum,
739 4637 835 4681 aut
863 4629 955 4697 qui
984 4631 1039 4682 in
1074 4628 1196 4682 aliis
1232 4628 1494 4683 custodiis
1524 4629 1878 4697 recipiantur.
1927 4624 2098 4697 Igitur

506 4737 619 4777 uno
634 4720 795 4775 modo
820 4704 1059 4775 facimus
1069 4726 1402 4775 mortuorum
1419 4717 1619 4773 ofﬁcia.
1651 4718 1962 4773 Suntetiam
1981 4718 2098 4773 loca

506 4810 565 4868 in
601 4809 797 4882 quibus
854 4810 1179 4882 generaliter
1229 4825 1330 4880 pro
1364 4808 1616 4866 omnibus
1650 4808 1920 4865 defunctis
1950 4809 2098 4864 omni

510 4913 776 4975 tempore,
800 4914 1028 4975 excepto
1054 4904 1407 4961 Pentecostes
1429 4913 1486 4961 et
1510 4904 1661 4961 festis
1692 4905 1906 4971 diebus,
1934 4905 1987 4960 in
2018 4905 2099 4961 of-

505 4997 635 5054 ﬁcio
663 4999 1008 5070 vespertinali
1046 5008 1102 5053 et
1143 4999 1449 5054 matutinali
1493 5008 1701 5054 oratur.
1753 4996 1890 5053 Sunt
1911 5006 1968 5054 et
1993 4998 2098 5053 alia

503 5088 559 5145 in
588 5089 788 5160 quibus
813 5090 977 5143 missa
1003 5076 1103 5160 pro
1128 5087 1319 5145 iisdem
1342 5090 1582 5160 quotidie
1603 5090 1927 5159 celebratur.
1961 5089 2100 5146 Sunt

480 5176 483 5181 ’
506 5180 675 5234 etiam
693 5188 749 5235 et
768 5179 872 5234 alia
899 5181 952 5234 in
971 5180 1166 5251 quibus
1189 5181 1244 5234 in
1267 5180 1422 5235 initio
1442 5182 1646 5237 mensis
1665 5197 1859 5238 novem
1880 5181 2095 5254 psalmi,

476 5344 481 5347 _
507 5288 702 5327 novem
731 5272 996 5327 lectiones
1034 5272 1366 5343 totidemque
1387 5273 1718 5344 responsorii
1745 5288 1844 5342 pro
1866 5273 1945 5328 eis
1970 5288 2098 5329 can-

509 5373 717 5419 tantur.
743 5361 884 5431 Quid
916 5364 1018 5419 hoc
1048 5364 1246 5427 valeat,
1262 5364 1599 5436 Augustinus
1629 5365 1683 5418 in
1704 5364 1842 5419 libro
1872 5365 1941 5420 ad
1963 5365 2099 5421 Pau-

506 5454 677 5511 linum
720 5457 785 5513 de
816 5473 943 5512 cura
972 5459 1208 5529 gerenda
1252 5472 1352 5528 pro
1376 5459 1609 5514 mortuis
1639 5465 1943 5513 monstrat:
1974 5456 2091 5513 Non

2200 4629 2459 4700 tiphonae.
2491 4627 2642 4683 Thus
2700 4627 2822 4699 igne
2874 4626 3129 4681 adustum
3169 4622 3382 4681 redolet
3433 4626 3713 4689 suaviter,
3745 4631 3794 4678 et

2200 4722 2436 4794 pertinet
2492 4721 2559 4775 ad
2615 4719 2980 4775 ministerium
3029 4718 3402 4775 sacerdotum.
3440 4717 3604 4773 Thus
3658 4715 3793 4789 quod

2201 4822 2332 4871 tunc
2361 4813 2464 4869 fuit
2487 4812 2727 4884 oblatum
2773 4811 2993 4868 Christo
3022 4820 3204 4883 potest
3236 4810 3453 4883 signare
3485 4810 3797 4865 sacerdota

2182 4896 2259 4963 et
2283 4907 2568 4978 religiosos
2615 4904 2893 4960 ministros
2927 4903 3207 4970 Ecclesiae,
3239 4903 3332 4975 qui
3360 4917 3431 4958 ex
3460 4903 3594 4975 igne
3622 4894 3798 4959 cordis

2204 5001 2330 5056 thus
2367 4999 2675 5055 orationum
2731 4997 2973 5055 oblaturi
3020 5006 3177 5053 erant
3207 4995 3452 5053 Christo.
3508 4995 3625 5053 Per
3655 5011 3799 5067 myr-

2201 5093 2359 5148 rham
2405 5099 2585 5161 potest
2628 5089 2902 5162 designari
2968 5088 3148 5146 omnis
3202 5104 3415 5145 summa
3467 5089 3795 5147 electorum.

2201 5181 2418 5253 Myrrha
2453 5190 2537 5237 est
2561 5182 2899 5254 pigmentum
2952 5179 3187 5237 fervens.
3251 5180 3585 5253 Quicunque
3619 5181 3797 5255 parati

2199 5285 2327 5335 sunt
2354 5277 2537 5333 animo
2565 5276 2635 5334 ad
2685 5276 3151 5334 commoriendum
3183 5292 3285 5348 pro
3310 5275 3518 5332 Christi
3550 5280 3795 5343 nomine,

2197 5369 2479 5441 myrrham
2516 5367 2772 5424 offerunt.
2803 5369 2860 5423 in
2889 5383 2996 5440 qua
3052 5383 3264 5424 summa
3310 5366 3595 5441 colligitur
3646 5370 3797 5441 plebs

2199 5471 2257 5518 et
2282 5462 2510 5533 populus
2539 5461 2632 5532 qui
2658 5462 2831 5518 notati
2855 5469 2982 5517 sunt
3004 5461 3060 5517 in
3081 5460 3428 5533 antipbonis:
3460 5462 3679 5532 Alcm
3697 5462 3797 5517 Do-

508 5555 658 5610 suut,
716 5546 919 5616 inquit,
988 5548 1467 5618 praetermittenda
1531 5548 1953 5621 supplicationes
1994 5565 2093 5621 pro
2192 5557 2360 5622 mino,
2383 5553 2483 5625 ﬁlii
2509 5554 2631 5621 Dei,
2661 5563 2739 5621 et,
2786 5552 2979 5610 Omnes
3004 5565 3181 5626 gentes
3225 5571 3571 5626 quascunque
3597 5554 3792 5625 fecisti,

507 5636 792 5708 spiritibus
836 5645 1196 5706 mortuorum,
1222 5654 1361 5710 quas
1408 5639 1685 5697 faciendas
1714 5655 1814 5712 pro
1841 5640 2097 5699 omnibus
2196 5664 2283 5715 ac,
2317 5646 2523 5715 Venite,
2547 5648 2852 5705 adoremus.
2889 5646 3063 5704 Porro
3092 5647 3256 5703 tertia
3290 5646 3554 5717 periocha
3583 5644 3791 5704 Christi

505 5725 593 5831 in.
619 5724 929 5831 Christiana
955 5730 1221 5831 societate
1268 5730 1540 5831 defunctis
1568 5733 1734 5790 etiam
1778 5735 1961 5793 tacitis
1989 5750 2093 5793 no-
2180 5739 2527 5814 baptismum
2551 5741 2829 5809 celebrat;
2868 5739 3015 5796 unde
3040 5728 3099 5796 et
3118 5739 3529 5812 responsorium
3556 5756 3575 5794 :
3607 5739 3680 5797 In
3700 5755 3789 5795 eo-

492 5816 756 5899 suinibns
778 5832 1010 5891 quorum
1041 5823 1146 5884 sub
1168 5824 1410 5897 generali
1434 5828 1949 5888 commemoratione
1974 5844 2095 5887 sus-
2192 5832 2387 5891 tumba
2415 5835 2607 5907 specie,
2628 5841 2707 5909 et,
2733 5832 2905 5892 Hodie
2925 5833 2982 5889 in
3004 5829 3266 5901 Iordane,
3292 5831 3349 5889 in
3372 5844 3440 5888 ea
3467 5839 3784 5893 manus.
