2000 3522
124 181 189 210 ηις

492 177 537 206 DE
554 176 832 208 ECCLESIASTICIS
850 178 994 209 OFFICIIS
1012 178 1104 208 LIBRI
1122 178 1167 209 IV.
1187 194 1224 202 -
1240 178 1306 209 LIB.
1325 178 1371 208 IV.

1683 181 1757 209 1242

123 235 282 270 Antiphona,
310 232 442 261 Fluminis
468 234 589 270 impetus,
616 236 798 271 apostolorum
825 236 908 264 corda
922 242 949 272 Α
962 236 1108 264 novissima
1121 237 1182 265 ideo
1191 238 1372 265 communiter
1384 236 1538 266 celebratur
1549 237 1577 266 in
1588 238 1750 274 novissimo,

124 280 221 316 repleta
232 280 264 307 de
283 279 384 314 Spiritu
400 284 494 308 sancto
511 281 538 308 in
563 281 607 309 die
632 282 804 310 Pentecostes
830 289 908 310 mon-

124 331 200 360 strat,
214 327 258 361 qui
272 331 367 362 postea
382 334 490 362 semper
508 332 535 356 et
548 328 648 364 ubique
660 328 824 364 baptismum
838 337 909 364 prae-

124 375 285 403 dicaverunt.
303 373 395 402 Tertia
420 375 548 410 periocha
571 383 620 412 per
638 383 701 403 suos
713 376 832 411 psalmos
846 384 911 404 con-

124 421 188 448 tinet
214 424 339 448 eventum
355 420 431 448 illum
454 422 500 457 qui
516 421 567 449 fuit
593 430 625 450 eo
652 427 785 458 tempore,
802 424 910 458 quando

123 467 233 503 apostoli
247 467 463 502 praedicaverunt
477 469 652 504 baptismum,
666 470 710 497 cui
726 471 833 498 eventui
845 478 911 498 con—

121 514 192 547 gruit
216 513 345 548 psalmus,
371 514 442 542 Deus
469 520 557 542 noster
582 516 724 551 refugium.
753 517 908 552 Antiphona

121 564 253 587 monstrat
264 561 398 595 quomodo
411 561 530 596 Spiritus
547 567 658 590 sanctus
680 563 828 591 laztilicavit
847 571 910 599 apo-

120 606 212 637 stolos,
233 610 262 633 ut
289 607 491 635 sanetiflcarcnt
514 608 718 636 tabernaculum
739 610 846 637 Domini
863 618 911 646 per

119 651 292 686 baptismum.
318 652 413 680 Caneri
441 661 536 681 versus
563 659 662 681 sonant
690 656 761 690 quod
788 656 911 683 homines

120 698 210 724 mutuli
227 703 319 725 contra
329 700 380 726 hoc
391 704 514 735 agerent,
527 700 606 727 sicuti
619 706 681 728 sunt
698 701 753 733 isti,
764 701 910 737 Propterea

119 742 169 770 no’n
198 744 346 771 timebimus
362 745 424 771 dum
450 746 600 772 turbabitur
614 751 695 779 terra,
708 752 731 774 et
747 748 910 782 transferen-

118 793 162 815 tur
175 795 274 816 montes
290 790 315 817 in
331 799 376 817 cor
394 792 486 818 maris.
507 791 659 819 Sonuerunt
673 798 697 820 et
725 793 836 821 turbatw
850 799 911 821 sunt

118 843 193 870 aqua:
207 844 308 868 eorum,
337 837 486 864 ronturbati
513 842 575 865 sunt
591 843 690 866 montes
712 839 739 866 in
757 840 912 874 fortitudine

117 880 185 915 ejus.
202 881 335 913 Psalmus,
355 881 466 910 Cantate
483 883 606 917 Domino,
624 890 757 913 monstrat
769 887 839 921 quod
852 895 911 914 om-

962 288 993 311 ut
1016 283 1200 318 unusquisque
1231 283 1276 311 tali
1299 288 1387 317 scuto,
1418 284 1445 312 id
1460 289 1512 317 est,
1528 286 1665 313 communi
1688 293 1751 314 ora-

963 329 1045 361 tione,
1061 329 1170 356 rediens
1187 330 1221 356 ad
1237 337 1294 361 sua,
1322 330 1460 358 muniatur
1482 335 1578 358 contra
1596 332 1688 359 omnia
1703 332 1752 360 ad-

962 383 1051 403 versa.
1070 375 1146 403 Hanc
1168 375 1318 403 orationem
1336 377 1443 404 vocavit
1466 381 1577 405 sanctus
1593 377 1753 407 Ambrosius

962 421 1175 457 postulationem.
1205 421 1419 450 Postulationem
1439 431 1556 459 namque
1586 423 1753 459 Augustinus

963 469 1073 503 deputat
1088 469 1115 496 in
1128 469 1250 496 oratione
1263 469 1364 502 missae,
1379 477 1459 504 quam
1486 470 1555 498 solet
1571 471 1697 498 sacerdos
1712 471 1754 499 di-

964 521 1024 542 cere
1038 519 1099 549 post
1119 515 1346 542 communionem.
1376 515 1463 549 Quam
1489 517 1638 543 orationem
1654 516 1755 552 ubique

963 560 1140 595 subsequitur
1168 560 1321 588 benedictio
1351 565 1378 588 et
1412 561 1561 595 gratiarum
1589 562 1683 589 actio:
1704 563 1755 590 hoc

963 606 1034 633 enim
1049 610 1145 633 sonant
1167 606 1260 638 verba,
1287 606 1477 634 Benedicamus
1498 607 1623 640 Domino,
1642 612 1679 640 et,
1699 608 1754 635 Deo

962 654 1073 689 gratias.
1089 652 1152 680 Haec
1165 653 1237 680 enim
1263 657 1379 687 utraque
1394 654 1427 680 ad
1455 654 1603 689 gratiarum
1620 654 1754 682 actionem

963 696 1104 724 referenda
1118 702 1190 728 sunt.
1204 705 1256 733 qua
1270 698 1393 725 oratione
1412 698 1511 726 Paulus
1524 699 1661 728 concludit.
1673 704 1754 727 caete-

963 751 1008 771 ras
1024 743 1171 770 orationes.

1236 778 1351 807 CAPUT
1375 779 1468 807 XLVI.

1178 824 1307 860 Repetitio
1323 825 1355 852 de
1368 825 1532 853 Pentecoste.

999 870 1064 898 Post
1078 870 1220 906 superiora
1236 872 1372 905 descripta
1390 872 1479 898 inveni
1508 872 1605 899 iterum
1621 871 1756 899 authenti-

118 934 165 953 nes
181 927 215 954 dii
230 928 349 962 gentium
368 933 430 956 sunt
444 930 587 957 daemonia.
604 930 638 957 Et
651 931 748 958 iterum
763 917 796 958 de
812 932 913 960 atroci-
926 928 949 958 Β
964 924 1025 944 cum
1055 917 1229 952 perspicuum
1260 917 1470 945 AmbmSianum
1502 918 1534 945 de
1560 918 1756 953 qninquaginta

118 979 143 1001 ta
157 983 172 1001 e
184 975 322 1008 gentilium
338 976 485 1004 infidelium
496 982 523 1004 et
535 977 628 1005 lzetitia
640 979 810 1006 credentium
826 979 891 1007 dicit
903 989 909 1007 :

117 1019 320 1048 Commoveatur
350 1030 422 1049 mare
444 1028 468 1049 et
493 1023 628 1058 plenitudo
654 1024 711 1059 ejus
730 1032 739 1050 :
763 1026 913 1059 gaudebunt

116 1067 214 1101 campi,
229 1071 252 1093 et
267 1067 355 1094 omnia
377 1076 436 1103 qua:
450 1068 478 1095 in
502 1069 539 1095 eis
555 1074 627 1100 sunt,
643 1073 670 1096 et
687 1070 800 1104 reliqua.
818 1070 912 1097 Domi-

116 1118 166 1137 nus
187 1112 312 1147 regnavit,
329 1112 439 1139 exsultet
458 1117 540 1146 terra,
558 1113 681 1141 [retentur
699 1115 794 1142 insulto
809 1116 911 1149 multa’,

120 1156 342 1190 praedicationem
358 1158 543 1192 apostolorum
558 1164 720 1193 monstrant,
737 1161 913 1189 nihilominus

116 1206 144 1229 et
158 1202 362 1231 subversionem
376 1204 520 1232 idolorum.
537 1205 577 1232 Ita
591 1206 681 1242 inquit
694 1214 788 1234 versus
807 1216 813 1234 :
835 1207 912 1234 Allu-

115 1254 211 1277 xeruut
231 1250 336 1286 fulgura
349 1252 407 1287 ejus
418 1252 487 1279 orbis
505 1257 592 1286 terrae,
604 1254 668 1280 vidit
686 1258 710 1281 et
724 1259 853 1281 commota
864 1259 911 1281 est.

116 1295 221 1323 Montes
242 1297 309 1323 sicut
324 1306 384 1324 cera
408 1299 542 1333 fluxerunt
555 1307 572 1325 α
585 1298 654 1334 facie
678 1299 797 1332 Domini,
814 1309 829 1326 a
846 1300 914 1334 facie

114 1343 223 1371 Domini
237 1345 321 1372 omnis
335 1350 425 1378 terra;
443 1350 471 1373 et
485 1346 512 1373 in
521 1346 701 1381 sequentibus
714 1356 721 1374 :
738 1346 914 1382 Confundan-

115 1392 160 1415 tur
173 1397 265 1417 omnes
277 1391 323 1425 qui
338 1390 451 1418 adorant
464 1390 607 1427 sculptilia.

412 1455 525 1484 CAPUT
543 1456 623 1484 XLV.

152 1513 191 1540 De
206 1521 284 1540 versu
298 1514 429 1549 repetitio,
441 1519 465 1541 et
478 1515 510 1541 de
522 1513 686 1547 Pentecoste,
698 1518 724 1541 et
735 1514 768 1541 de
782 1513 874 1542 calice.

153 1571 255 1598 Versus
271 1572 322 1599 hoc
337 1571 418 1598 habet
443 1571 579 1607 singulare
594 1576 624 1599 ut
637 1572 738 1599 excitet
750 1572 831 1599 corda
848 1579 912 1599 can-

965 963 1061 991 diehus
1075 968 1137 998 post
1163 964 1277 991 Pascha.
1295 964 1372 997 Quod
1399 965 1481 992 malui
1510 965 1554 992 hic
1570 965 1756 999 introducere,

965 1009 1089 1043 quamvis
1107 1016 1160 1036 non
1175 1009 1202 1036 in
1218 1017 1271 1037 suo
1284 1009 1354 1042 loco,
1382 1018 1464 1045 quam
1479 1011 1587 1046 pigritia
1603 1012 1754 1046 prmterire.

965 1055 1034 1082 Dicit
1049 1055 1209 1083 Ambrosius
1222 1056 1249 1083 in
1268 1060 1387 1084 tractatu
1402 1064 1484 1091 super
1498 1056 1597 1084 Lucam
1614 1064 1621 1083 :
1643 1056 1756 1091 Maiores

964 1101 1043 1128 nobis
1059 1102 1204 1133 tradidere,
1236 1102 1412 1130 Pentecostes
1438 1110 1532 1130 omnes
1561 1102 1755 1138 quinquaginta

965 1146 1023 1174 dies
1036 1151 1066 1173 ut
1090 1146 1202 1174 Paschm
1217 1147 1403 1175 celebrandos.
1430 1149 1464 1175 Et
1477 1153 1536 1184 post
1561 1156 1648 1183 pauca
1662 1157 1669 1175 :
1685 1149 1757 1184 Ergo

966 1200 1014 1227 per
1027 1193 1077 1219 hos
1092 1193 1288 1228 quinquaginta
1304 1194 1362 1221 dies
1373 1193 1505 1228 jejunium
1520 1194 1607 1222 nescit
1623 1194 1755 1228 Ecclesia,

965 1239 1035 1266 sicut
1050 1238 1191 1267 Dominica
1203 1248 1256 1274 qua
1270 1240 1400 1268 Dominus
1413 1241 1572 1274 resurrexit,
1586 1245 1614 1269 et
1627 1245 1690 1269 sunt
1701 1248 1757 1269 om-

965 1292 1014 1312 nes
1027 1285 1085 1312 dies
1098 1289 1227 1320 tanquam
1243 1286 1393 1314 Dominica.

1243 1343 1358 1371 CAPUT
1370 1344 1473 1372 XLVII.

1181 1388 1309 1424 Repetitio
1332 1390 1363 1416 de
1384 1389 1541 1418 Pentecoste.

1000 1432 1161 1469 Nuperrime
1190 1439 1370 1463 monstratum
1393 1441 1435 1463 est
1459 1437 1535 1469 mihi,
1550 1441 1580 1464 ut
1593 1440 1659 1472 puto
1672 1438 1707 1464 ab
1720 1444 1752 1465 eo

964 1478 1011 1513 qui
1041 1480 1112 1514 quod
1127 1480 1223 1515 aperit,
1252 1489 1326 1507 nemo
1345 1481 1455 1514 claudit,
1471 1482 1535 1517 quid
1560 1483 1759 1511 rationabiliter

965 1525 1053 1560 possit
1068 1525 1121 1553 dici
1134 1525 1167 1555 de
1179 1534 1295 1561 corpore
1309 1527 1416 1554 Domini
1431 1528 1519 1562 posito
1535 1528 1561 1555 in
1577 1529 1669 1561 altari,
1684 1534 1711 1556 et
1724 1529 1756 1557 de

964 1570 1049 1597 calice
1061 1577 1093 1597 ex
1114 1570 1199 1598 latere
1217 1571 1287 1606 ejus,
1314 1572 1388 1599 salvo
1415 1573 1570 1608 magisterio
1597 1581 1691 1601 eorum
1709 1574 1756 1609 qui

114 1616 233 1643 tantium
250 1617 284 1643 ad
298 1617 488 1650 requirendam
503 1617 601 1645 faciem
611 1617 717 1645 Domini
732 1618 759 1645 in
774 1618 908 1645 oratione.
926 1611 948 1643 C
963 1617 1031 1644 alias
1056 1621 1084 1644 et
1102 1617 1200 1645 melius
1228 1618 1294 1645 mihi
1325 1619 1418 1646 volunt
1446 1621 1552 1655 aperire
1576 1620 1711 1654 quomodo
1730 1625 1757 1648 et

112 1663 218 1691 Idcirco
235 1663 383 1698 saepissime
397 1668 460 1691 ante
481 1665 633 1698 orationem
649 1664 787 1698 praecedit.
806 1664 912 1691 Versus

114 1710 160 1744 qui
176 1710 279 1737 dicitur
291 1709 318 1736 in
327 1709 480 1736 nocturnali
494 1709 591 1739 ollicio,
608 1713 671 1736 ante
685 1708 839 1735 orationem
851 1716 912 1743 qua:

113 1755 246 1791 praecedit
259 1755 415 1788 lectionem,
435 1755 537 1782 intenta
553 1755 611 1782 vult
638 1755 729 1782 facere
743 1755 824 1782 corda
839 1763 911 1790 prte-

114 1801 235 1830 sentium
250 1800 285 1828 ad
296 1800 450 1829 lectionem.
480 1800 579 1829 Notum
593 1804 635 1828 est
663 1801 735 1835 quod
749 1801 834 1829 sessio
849 1801 910 1837 plus

114 1847 300 1883 pertinet,ad
328 1847 500 1875 securitatem
534 1854 615 1882 quam
645 1847 736 1874 statio.
773 1846 913 1875 Securitas

115 1894 190 1922 enim
206 1893 279 1928 parit
294 1893 485 1929 negligentiam
500 1893 571 1921 inter
586 1893 707 1929 ignavos.
724 1893 787 1920 Ideo
803 1900 908 1928 praece-

115 1940 157 1968 dit
169 1940 257 1967 oratio
272 1943 335 1967 ante
363 1940 523 1973 sessionem,
539 1944 570 1967 ut
582 1939 688 1967 Domini
715 1940 850 1975 proiectio
867 1947 913 1966 no-

115 1991 175 2015 stra
190 1985 273 2014 corda
291 1985 389 2021 eripiat
400 1986 434 2013 ab
459 1985 534 2013 omni
562 1985 709 2013 securitate
726 1985 826 2013 fallaci.
843 1985 913 2013 Ante

115 2031 234 2067 hymnos
260 2030 428 2066 Magniﬁcat,
455 2034 482 2058 et
500 2030 658 2057 Benedictus
684 2030 813 2058 Dominus
842 2030 913 2057 Deus

116 2079 217 2111 Israel,
231 2079 362 2114 praecedit
375 2086 481 2112 versus,
509 2079 637 2114 quoniam
653 2078 693 2106 sic
708 2079 838 2106 debemus
853 2085 913 2105 esse

116 2125 264 2160 vigilantes
279 2128 307 2151 et
319 2123 414 2151 intenti
428 2125 462 2151 ad
475 2124 557 2151 verba
571 2124 734 2159 hymnorum
746 2127 912 2151 memorato-

116 2179 179 2199 rum
199 2175 230 2198 ut
243 2170 270 2198 in
286 2170 417 2198 oratione.
434 2170 462 2197 In
478 2170 584 2197 caeteris
607 2170 732 2197 cursibus
742 2173 805 2206 ante
824 2169 914 2197 novis-

116 2217 216 2244 simam
244 2215 394 2244 orationem
421 2215 559 2251 prtecedit.
589 2215 682 2243 Oratio
706 2218 735 2242 et
761 2214 913 2242 benedictio

116 2270 228 2297 semper
241 2262 267 2289 in
284 2261 336 2289 ﬁne
350 2265 422 2293 sunt,
452 2265 596 2296 antequam
611 2260 801 2296 disjungantur
813 2260 913 2288 fratres

117 2309 218 2343 singuli
233 2309 264 2334 ad
282 2308 402 2343 prppria.
432 2307 533 2335 Morem
548 2311 620 2335 tenet
646 2307 698 2334 iste
712 2315 779 2334 usus
793 2307 913 2342 antiquae

118 2354 256 2382 Evt-Isim.
290 2354 327 2380 lla
361 2354 458 2388 legitur
473 2353 499 2380 in
531 2353 643 2380 Actibus
675 2353 859 2387 apostolorum
880 2352 914 2380 de

117 2400 212 2427 Paulo.
228 2399 336 2433 quando
351 2398 463 2426 recessit
477 2398 512 2425 ab
529 2398 647 2432 Epheso,
661 2402 689 2424 et
703 2398 828 2433 Ephesiis
842 2404 912 2432 prae-

116 2447 187 2473 dixit
199 2446 256 2480 jam
272 2444 369 2472 facient
385 2452 461 2471 suam
477 2451 529 2471 non
552 2443 657 2470 visuros
668 2450 715 2470 eos
730 2443 846 2478 amplius
861 2451 868 2475 ;
885 2446 914 2469 et

117 2501 179 2520 cum
193 2492 251 2519 hzec
279 2492 402 2523 dixisset,
426 2489 523 2525 positis
548 2488 661 2525 genibus
677 2488 733 2516 suis
748 2496 809 2515 cum
824 2487 914 2514 omni-

117 2539 169 2566 bus
182 2538 235 2564 illis
260 2537 356 2564 oravit.
379 2536 509 2564 Similiter
523 2535 631 2570 quando
646 2534 679 2561 de
702 2534 775 2569 Tyro
788 2532 911 2565 recessit,

117 2583 313 2611 Deducentibus
339 2591 385 2609 nos
411 2582 529 2609 omnibus
555 2590 615 2608 cum
641 2579 768 2607 uxoribus
798 2584 822 2606 et
848 2578 912 2613 ﬁliis

117 2639 202 2665 usque
229 2630 301 2665 foras
326 2630 467 2661 civitatem,
494 2633 518 2655 et
535 2628 626 2663 positis
654 2626 761 2663 genibus
784 2626 812 2653 in
825 2625 912 2652 littore

117 2677 287 2704 orabamus:
304 2681 327 2702 et
342 2684 402 2702 cum
422 2674 630 2710 oalefccissemus
651 2673 772 2704 invicem,
792 2671 912 2699 ascendi-

118 2731 179 2753 mus
199 2722 226 2750 in
242 2723 348 2755 navim;
376 2721 416 2749 illi
441 2726 529 2749 autem
545 2721 680 2749 redierunt
695 2719 730 2747 ad
744 2727 803 2746 sua.
817 2717 912 2746 Oratio

963 1670 1049 1697 quare
1065 1663 1144 1689 aliter
1169 1663 1247 1697 panis
1278 1664 1419 1698 ponendus
1431 1665 1467 1691 sit
1494 1665 1520 1691 in
1537 1665 1627 1697 altari,
1642 1670 1669 1693 et
1684 1666 1756 1693 calix

961 1706 1039 1741 juxta
1053 1716 1125 1734 eum.
1140 1708 1233 1735 Altare
1259 1716 1324 1735 crux
1340 1708 1441 1736 Christi
1456 1715 1507 1740 est.
1533 1710 1568 1737 ab
1582 1718 1614 1737 eo
1640 1710 1698 1737 loco
1711 1710 1758 1738 ubi

965 1753 1097 1788 scriptum
1126 1757 1168 1781 est
1195 1753 1222 1780 in
1237 1761 1363 1781 canone:
1384 1753 1457 1781 Unde
1468 1760 1492 1781 et
1503 1764 1629 1782 memores
1655 1764 1757 1790 sumus,

965 1800 1117 1835 usquedum
1134 1800 1279 1828 involvitur
1298 1801 1367 1828 calix
1391 1801 1423 1828 de
1449 1802 1560 1828 sudario
1575 1802 1681 1829 diaconi
1697 1802 1756 1830 vice

964 1847 1076 1884 Ioseph,
1100 1848 1146 1883 qui
1163 1848 1275 1876 involvit
1286 1856 1385 1883 corpus
1410 1848 1516 1876 Domini
1542 1848 1659 1876 sindone
1673 1853 1701 1876 et
1713 1857 1758 1876 su-

965 1893 1051 1920 dario.
1074 1894 1111 1921 De
1125 1902 1178 1928 quo
1191 1894 1271 1921 altari
1287 1894 1353 1921 dicit
1368 1894 1440 1921 Beda
1455 1894 1574 1922 secundo
1590 1895 1659 1922 libro
1674 1902 1755 1929 super

963 1940 1143 1976 Apocalypsin
1160 1950 1166 1967 :
1184 1940 1244 1967 Alia
1275 1940 1357 1968 editio
1391 1939 1483 1973 habet,
1517 1948 1596 1975 super
1623 1948 1709 1973 aram,
1723 1947 1756 1968 eo

964 1987 1036 2022 quod
1053 1994 1135 2022 super
1149 1987 1236 2015 altare
1252 1988 1342 2015 crucis
1355 1987 1522 2015 thuribulum
1539 1983 1618 2015 suum
1631 1995 1755 2021 aureum,

964 2033 991 2060 id
1004 2037 1055 2065 est,
1070 2041 1169 2068 corpus
1183 2033 1398 2065 immaculatum,
1425 2036 1453 2060 et
1471 2032 1573 2067 Spiritu
1588 2037 1681 2060 sancto
1694 2040 1757 2060 con-

964 2084 1072 2114 ceptum
1085 2078 1214 2106 obtulerit
1222 2078 1294 2105 Patri
1307 2086 1357 2112 pro
1370 2078 1458 2105 nobis.
1473 2077 1556 2105 Panis
1570 2081 1700 2104 extensus
1710 2085 1757 2104 su-

964 2133 1013 2161 per
1040 2124 1126 2152 altare
1157 2131 1255 2159 corpus
1269 2124 1375 2151 Domini
1410 2128 1545 2151 monstrat
1567 2127 1709 2151 extensum
1729 2123 1756 2150 iu

965 2177 1058 2202 cruce,
1075 2169 1146 2204 quod
1161 2177 1210 2196 nos
1225 2170 1430 2196 manducamus.
1462 2168 1560 2195 Vinum
1575 2172 1603 2196 et
1616 2176 1715 2203 aquam
1729 2168 1757 2195 in

966 2214 1050 2242 calice
1061 2219 1212 2242 monstrant
1230 2218 1412 2247 sacramenta,
1427 2221 1488 2249 quae
1503 2214 1535 2241 de
1552 2213 1636 2241 latere
1651 2213 1757 2240 Domini

967 2260 994 2288 in
1009 2267 1090 2288 cruce
1119 2259 1267 2291 fluxerunt,
1284 2259 1310 2286 id
1340 2263 1392 2292 est,
1423 2259 1584 2294 sanguinem
1598 2262 1625 2285 et
1648 2265 1756 2293 aquam,

966 2306 1065 2342 quibus
1080 2313 1130 2333 nos
1143 2309 1220 2340 potat
1236 2305 1366 2333 Dominus
1382 2309 1484 2332 noster.
1501 2305 1539 2332 De
1552 2313 1606 2340 quo
1620 2309 1685 2340 potu
1699 2312 1758 2340 my-

965 2352 1034 2380 stice
1051 2352 1117 2379 dicit
1144 2355 1311 2379 memoratus
1336 2351 1496 2378 Ambrosius
1522 2350 1550 2377 in
1575 2350 1643 2377 libro
1656 2356 1759 2377 memo-

964 2402 1044 2425 rato:
1059 2397 1156 2430 Quer
1173 2397 1255 2424 etiam
1271 2404 1320 2423 cur
1335 2400 1397 2423 ante
1422 2400 1539 2423 mortem
1567 2403 1620 2422 non
1634 2395 1758 2421 invenia-

965 2452 1026 2472 mus
1043 2451 1103 2471 esse
1116 2449 1285 2478 percussum,
1303 2446 1364 2476 post
1379 2445 1494 2468 mortem
1510 2440 1689 2472 inveniamus,
1704 2439 1757 2467 nisi

965 2489 1036 2517 forte
1049 2492 1079 2515 ut
1093 2492 1172 2522 potus
1187 2487 1245 2522 ejus
1258 2486 1343 2513 fuisse
1368 2486 1507 2518 doceatur,
1520 2488 1548 2512 et
1561 2484 1684 2512 ordinem
1699 2492 1758 2520 my-

966 2534 1062 2562 sticum
1078 2532 1254 2564 noverimus;
1270 2531 1334 2566 quia
1350 2538 1404 2558 non
1416 2534 1478 2558 ante
1493 2529 1586 2557 altaris
1600 2536 1756 2556 sacramen-

966 2583 1004 2611 ta,
1030 2582 1091 2614 post
1113 2578 1288 2612 baptismum,
1315 2576 1362 2604 sed
1387 2576 1551 2611 baptismum
1577 2578 1649 2606 ante,
1673 2578 1702 2601 et
1718 2573 1758 2601 sic

965 2625 1102 2660 poculum.
1130 2624 1163 2651 Et
1192 2623 1271 2660 paulo
1300 2627 1362 2659 post
1379 2632 1385 2650 :
1402 2622 1479 2657 Aqua
1505 2621 1579 2649 enim
1597 2625 1625 2648 et
1647 2619 1757 2656 sanguis

966 2671 1045 2699 exit.
1063 2670 1106 2698 illa
1131 2678 1191 2706 quae
1214 2670 1309 2701 diluat,
1327 2669 1378 2696 iste
1402 2667 1449 2702 qui
1476 2667 1601 2695 redimat.
1627 2665 1757 2693 Bibamus

965 2724 1030 2753 ergo
1043 2717 1162 2753 pretium
1176 2719 1311 2749 nostrum,
1327 2718 1359 2742 ut.
1371 2714 1487 2743 bibendo
1501 2713 1677 2742 redimamur.

799 2847 1068 2864 -———I—
