4000 6558
485 303 629 361 ηδε

1335 394 1342 401 ⁸
1434 330 1435 333 η
1515 304 1857 365 ᾹΙΞΔΙΔἩῙΙ
1890 305 2327 366 PRESBYTER!
2365 306 2713 369 HETENSB

530 438 559 473 ﬂ
650 438 655 470 i
692 440 697 447 .
860 436 907 470 rli
934 434 949 443 Α
1266 440 1301 470 ,Ι
1454 444 1459 449 ,
1890 444 1895 449 ,
2206 444 2213 449 ι
2452 448 2463 451 _
2736 448 2741 453 ι
2926 444 2933 451 ι
3062 432 3069 437 ι
3156 430 3165 439 -
3214 434 3223 439 ς
3368 431 3381 471 ³

1103 602 2061 729 ετωηοει]

2178 605 3150 737 AnAn-ll“!

1374 808 1721 880 METENSIS
1766 813 2209 876 PRESBYTERI
2248 817 2339 875 ET
2375 810 2870 880 CHOREPISCOPI

673 896 781 1007 ί
748 989 1218 1121 LIBER
1310 980 1509 1119 DE
1606 983 2199 1118 OBDINE‘
2284 977 3535 1182 ANTIPHONARII/

1067 1286 1458 1356 PROLOGUS.

905 1378 985 1447 De
1027 1382 1212 1447 ordine
1239 1388 1634 1462 Antiphonarii.

556 1480 694 1539 Cum
721 1480 885 1555 longo
912 1491 1159 1554 tempore
1195 1483 1365 1538 tedio
1385 1479 1610 1539 adiectus
1638 1474 2067 1550 essem'prOpter

483 1574 912 1648 Antiphonarios
967 1574 1345 1633 discordantes
1371 1573 1514 1629 inter
1556 1587 1619 1628 se
1646 1572 1703 1627 in
1730 1581 1914 1627 nostra
1940 1585 2067 1641 pro-

481 1666 685 1733 vincia,
740 1665 989 1727 moderli
1034 1665 1183 1727 enim
1207 1665 1313 1720 alio
1347 1664 1539 1723 ordine
1579 1662 1876 1721 currebant
1900 1677 2066 1733 quam

482 1760 704 1829 vetusti,
734 1769 790 1819 et
813 1760 949 1832 quid
969 1760 1095 1833 plus
1138 1759 1482 1819 retinendum
1512 1765 1676 1823 esset,
1710 1756 2020 1813 nesciebam
2045 1771 2065 1822 ;

483 1852 689 1925 placuit
713 1853 769 1909 ei
790 1852 884 1925 qui
913 1852 1153 1911 omnibus
1178 1852 1360 1907 tribuit
1386 1853 1673 1924 afﬂuenter,
1704 1849 1772 1904 ab
1798 1850 1901 1905 hoc
1916 1864 2067 1905 scru-

481 1945 617 2017 pulo
651 1946 891 2003 liberare
935 1960 1045 2013 quo,
1082 1946 1301 2002 iuventa
1340 1944 1496 2017 copia
1546 1942 2066 2015 Antiphonariorum

480 2038 548 2097 in
565 2038 899 2097 monasterio
929 2036 1262 2103 Cerbeiensi,
1315 2037 1371 2093 id
1395 2045 1501 2104 est,
1534 2037 1638 2092 tria
1689 2034 1962 2092 volumina
1998 2034 2067 2091 de

482 2126 796 2184 nuntianti
844 2126 1051 2195 ofﬁcio,-
1075 2134 1131 2184 et
1183 2134 1483 2199 quartum,
1526 2126 1672 2197 quod
1723 2124 2064 2181 solummodo

476 2218 799 2283 continebat
841 2220 1105 2286 diurnalo,
1165 2218 1372 2277 certavi
1429 2234 1462 2275 a
1516 2218 1707 2291 pelago
1732 2217 2064 2274 curiositatis

476 2316 708 2375 cum
760 2316 987 2375 maere
1048 2317 1123 2375 ad
1173 2326 1395 2389 portum
1444 2315 1873 2389 tranquillitatis.
1923 2314 2065 2371 Nam

478 2411 703 2481 φωὸ
720 2409 807 2468 fui
828 2412 1031 2469 missu
1080 2411 1311 2467 Romam
1337 2426 1370 2464 a
1394 2418 1584 2466 salicto
1618 2418 1676 2468 et
1708 2408 2062 2465 Christianis-

482 2501 622 2559 simo
670 2502 999 2574 imperatore
1044 2502 1323 2559 Ludovico
1359 2503 1431 2559 ad
1458 2509 1709 2559 sanctum
1730 2511 1789 2558 et
1809 2515 2063 2557 reveren-

481 2593 767 2650 dissimum
816 2610 1012 2666 papam
1064 2594 1388 2665 Gregorium
1440 2594 1507 2651 de
1560 2593 1878 2649 memoratis
1905 2590 2061 2646 volu-

2088 1294 2143 1356 Α
2167 1287 2510 1359 astipulatur,
2545 1292 2653 1342 non
2682 1285 2923 1342 dubitavi
2970 1286 3127 1359 sequi
3154 1288 3211 1344 in
3259 1296 3463 1346 nostro
3517 1288 3777 1365 Antipho.

2169 1378 2326 1437 nario
2364 1394 2428 1434 ea
2455 1379 2636 1451 potius
2665 1394 2786 1449 qua).
2813 1378 3057 1435 historiae
3085 1387 3140 1436 et
3168 1381 3371 1438 rationi
3396 1383 3578 1440 istius
3609 1403 3689 1442 νοτ
3716 1388 3769 1444 il—

2167 1473 2272 1529 lius
2302 1470 2613 1528 festivitatis
2639 1471 2756 1528 visa
2806 1480 2936 1528 sunt
2995 1486 3316 1546 congruere.
3358 1475 3473 1534 Ubi
3502 1479 3771 1539 ordinabi-

2167 1552 2273 1619 iius
2293 1563 2471 1619 visum
2500 1571 2604 1638 -est
2635 1562 2771 1618 mihi
2816 1564 3084 1635 scriptum
3112 1566 3311 1622 haberi
3340 1568 3399 1624 in
3427 1570 3767 1645 Antiphon:-

2166 1658 2249 1714 rio
2285 1656 2533 1713 Romano
2561 1656 2724 1728 quam
2752 1656 2807 1712 in
2838 1658 3047 1725 nostro,
3099 1659 3181 1715 ibi
3213 1661 3415 1733 scripsi
3440 1664 3505 1719 in
3534 1670 3768 1737 margine

2168 1749 2234 1804 Β.
2274 1756 2497 1821 propter
2529 1749 2717 1805 orbem
2763 1750 2914 1806 urbis
2964 1750 3152 1829 Romae
3184 1769 3200 1821 ;
3239 1752 3295 1810 et
3325 1757 3423 1812 ubi
3483 1758 3544 1814 in
3582 1772 3760 1820 nostro

2165 1840 2236 1896 Μ.
2268 1848 2491 1913 propter
2519 1839 2814 1897 Meterisem
2841 1842 3147 1910 civitatem;
3188 1846 3282 1901 ubi
3313 1856 3579 1906 nostrum
3621 1854 3763 1927 inge-

2165 1934 2317 1991 nium
2356 1936 2617 2008 cegitavi‘t
2661 1934 2861 2007 ahquid
2893 1952 3055 2009 posse
3078 1939 3458 2000 rationabilius
3492 1944 3608 2002 illis
3627 1949 3770 2003 ordi-

2165 2040 2328 2095 nare,
2368 2026 2410 2084 Ι.
2437 2025 2498 2085 (ε.
2539 2038 2764 2102 prepter
2793 2029 3185 2102 indulgentiam
3209 2032 3264 2088 et
3289 2034 3649 2094 charitatem.
3687 2038 3769 2096 ld-

2165 2123 2315 2179 Circo
2348 2136 2545 2193 precor
2575 2129 2832 2178 cantores
2854 2132 2913 2178 ut
2934 2131 3044 2178 nun
3074 2124 3224 2194 prius
3250 2126 3555 2198 despiciant
3580 2140 3775 2190 nostra

2165 2230 2330 2289 quam
2360 2215 2657 2271 discutiant
2678 2230 2743 2271 ea
2760 2214 2919 2287 juxta
2941 2202 3188 2274 ordinem
3207 2219 3457 2278 librorum
3485 2234 3545 2280 et
3568 2237 3776 2284 rotun-

2166 2308 2392 2365 ditatem
2432 2308 2680 2364 rationis.
2731 2306 2800 2364 Et
2824 2309 2871 2365 si
2918 2309 3219 2367 invenerint
3238 2313 3411 2370 minus
3438 2330 3771 2391 congruere

2162 2415 2229 2457 ea
2255 2400 2431 2455 ordini
2459 2400 2724 2456 librorum
2759 2407 2813 2457 et
2850 2402 3049 2457 rationi
3079 2403 3271 2473 alicui,
3307 2405 3438 2462 dent
3463 2407 3769 2482 indulgen-

2164 2492 2297 2548 tiam
2345 2502 2481 2548 m'ea:
2526 2491 2841 2564 imperitia};
2890 2490 2975 2549 sin
3018 2503 3199 2551 autem
3224 2538 3242 2563 ,
3300 2513 3414 2553 non
3458 2499 3772 2571 despiciant

2163 2585 2328 2642 edere
2362 2594 2550 2642 nosmi
2577 2585 2726 2641 olera
2746 2628 2760 2652 ,
2794 2592 2915 2658 qua:
2939 2586 3102 2645 rubra
3133 2592 3275 2645 testa
3316 2590 3429 2648 illis
3468 2596 3764 2651 ministrat.

477 2685 735 2752 minibus,
768 2686 955 2743 retulit
1003 2674 1138 2743 mihi
1173 2685 1252 2742 ita
1298 2674 1447 2742 idem
1496 2700 1637 2763 papa
1672 2704 1685 2739 :
1724 2683 2067 2753 Antiphona-
2094 2668 2145 2731 B
2171 2676 2231 2732 tn
2259 2678 2508 2734 versibus
2533 2688 2671 2749 quos
2693 2692 2832 2752 pene
2858 2676 3098 2738 diutinos
3120 2679 3380 2755 reperiet,
3412 2686 3460 2742 si
3484 2684 3622 2745 forte
3641 2691 3767 2760 quis

476 2777 623 2833 rium
644 2793 755 2835 non
782 2779 958 2836 habeo
982 2793 1144 2851 quem
1177 2779 1382 2850 possim
1435 2778 1652 2834 mittere
1684 2776 1794 2832 tilio
1819 2791 1943 2832 meo
1970 2775 2067 2831 ἀοι

478 2867 629 2925 mino
678 2868 1023 2940 imperatori,
1087 2870 1346 2941 quoniam
1402 2869 1503 2926 hos
1571 2860 1708 2941 quos
1774 2866 2064 2923 habuimus

478 2960 637 3015 Wala
664 2961 881 3031 quando
926 2961 1144 3018 functus
1169 2970 1253 3019 est
1284 2962 1390 3018 huc
1418 2961 1684 3034 legatione
1730 2956 1930 3029 aliqua,
1964 2957 2065 3013 ab-

478 3053 634 3113 duxit
657 3069 750 3115 eos
770 3054 901 3110 hine
925 3068 1111 3110 secum
1162 3055 1219 3109 in
1245 3054 1555 3109 Franciam.
1606 3053 1737 3121 Quae
1763 3058 2066 3108 memorata

474 3144 753 3202 volmnina
800 3144 1007 3203 contuli
1056 3161 1179 3201 cum
1214 3145 1419 3201 nostris
1443 3144 1877 3217 Antiphonariis,
1908 3143 2063 3199 inve-

477 3238 645 3311 nique
668 3253 733 3294 ea
785 3237 1095 3313 discrepare
1118 3253 1153 3293 a
1178 3237 1380 3293 nostris
1407 3253 1515 3292 non
1562 3237 1737 3295 solum
1766 3235 1821 3291 in
1848 3235 2061 3302 ordine,

475 3344 673 3391 verum
692 3329 863 3385 etiam
886 3329 943 3384 in
989 3328 1170 3386 verbis
1203 3336 1261 3385 et
1304 3323 1653 3384 multitudine
1686 3326 2065 3398 responsoriu-

472 3436 599 3479 rum
623 3428 678 3477 et
701 3421 1153 3492 antiphonarum,
1177 3436 1315 3493 quas
1336 3436 1435 3478 nos
1455 3436 1566 3476 non
1592 3428 1902 3476 cantamus.
1927 3416 2063 3472 Nam

473 3512 539 3571 in
567 3513 752 3571 multis
799 3514 1176 3571 rationabilius
1230 3520 1432 3570 statuta
1467 3512 1645 3583 reperi
1696 3519 1884 3567 nostra
1914 3508 2065 3565 volu-

473 3603 628 3660 mina
666 3619 830 3677 quam
863 3613 1047 3673 essent
1102 3604 1212 3660 illa.
1252 3603 1486 3658 Mirabar
1539 3600 1809 3672 quomodo
1859 3599 2064 3655 factum

469 3696 543 3752 sit
577 3697 725 3769 quod
765 3706 941 3753 mater
994 3704 1049 3753 et
1076 3696 1186 3752 ﬁlia
1227 3705 1441 3752 tantum
1482 3713 1515 3750 a
1554 3710 1613 3751 se
1667 3694 2059 3766 discreparent.

467 3786 659 3845 Inveni
705 3788 763 3844 in
801 3803 912 3845 uno
937 3788 1214 3844 volumine
1250 3794 1677 3844 memoratorum
1722 3787 2059 3858 Antiphonta-

468 3877 680 3948 riorum
713 3893 784 3934 ex
808 3880 894 3934 his
927 3894 1049 3951 quae
1085 3878 1226 3933 infra
1278 3878 1727 3944 continebantur,
1777 3891 1900 3932 esse
1932 3874 2063 3933 illud

467 3967 781 4024 ordinatum
824 3970 1007 4041 prisco
1057 3971 1393 4040 temporeab
1422 3968 1665 4025 Adriano
1714 3968 2049 4040 Apostolico.

2169 2769 2393 2840 dignum
2445 2770 2667 2827 duxerit
2694 2776 2939 2842 praesens
2966 2770 3227 2831 voiun'ren
3263 2772 3623 2849 frequentare
3649 2823 3664 2847 ,
3687 2781 3767 2837 la~

2168 2860 2386 2916 boravit
2423 2870 2480 2916 et
2506 2862 2739 2935 ,sudavit
2766 2865 3023 2921 saccum
3055 2865 3159 2922 Dei
3191 2866 3520 2941 Elisagarus
3541 2871 3761 2944 [Helisa-

2168 2951 2325 3025 char]
2357 2954 2600 3025 apprime
2629 2955 2877 3013 eruditus
2896 2995 2913 3022 ,
2942 2964 3000 3011 et
3036 2958 3484 3018 studiosissimus
3514 2964 3573 3019 in
3593 2964 3759 3021 lectio-

2167 3057 2239 3099 ne
2278 3051 2334 3098 et
2378 3028 2560 3100 divino
2604 3045 2774 3113 cultu,
2816 3063 3027 3104 necnon
3063 3058 3119 3105 et
3155 3045 3305 3107 inter
3324 3055 3551 3125 priores
3571 3058 3758 3129 primus

2166 3134 2356 3206 palatii
2401 3132 2844 3194 excellentissimi
2903 3139 3165 3197 Ludovici
3220 3143 3597 3216 imperatoris.
3652 3148 3758 3205 Non

2167 3227 2341 3283 solum
2368 3227 2490 3294 ille,
2522 3229 2617 3285 sed
2659 3226 2715 3286 et
2756 3245 3109 3303 quoscunque
3148 3233 3216 3290 de
3258 3238 3501 3294 eruditis
3533 3240 3655 3295 viris
3687 3241 3755 3296 ad

2166 3330 2225 3376 se
2247 3320 2425 3391 potuit
2445 3334 2771 3391 convocare,
2809 3326 2862 3379 in
2886 3328 3143 3397 praesenti
3165 3330 3393 3401 negotio
3422 3332 3755 3391 sudavean

2168 3410 2431 3479 Quamvis
2491 3414 2929 3472 enucleatissi‘mc‘
2994 3420 3189 3475 mutati
3243 3436 3453 3480 versus
3505 3425 3756 3495 conjuncti

2166 3507 2275 3561 sint
2333 3509 2690 3578 responsoriis
2733 3511 2876 3576 suis,
2938 3519 3118 3568 tamen
3168 3528 3309 3584 quos
3361 3526 3529 3589 aptos
3571 3520 3758 3593 repeti.

2167 3599 2595 3655 transcurrendo
2623 3600 2676 3655 in
2699 3601 2974 3672 prioribus
2994 3603 3442 3677 Antiphonariis,
3479 3624 3583 3668 non
3615 3613 3759 3668 dubi-

2166 3689 2279 3744 tavi
2310 3690 2555 3748 inserere
2597 3693 2650 3748 in
2684 3702 2871 3750 nostro
2898 3695 3330 3768 Antiphonario,
3370 3690 3440 3757 ut
3470 3704 3647 3761 inveni
3684 3705 3759 3761 in-

2165 3792 2361 3840 sertos.
2411 3783 2722 3842 Notandum
2773 3795 2858 3844 est
2906 3793 3281 3849 necessarium
3333 3798 3499 3853 nobis
3544 3815 3663 3856 esse
3705 3808 3763 3855 ut

2164 3876 2369 3936 alteros
2413 3882 2605 3937 versus
2655 3882 2854 3939 habeat
2907 3895 3095 3942 noster
3131 3885 3567 3959 Antiphonarins
3603 3909 3761 3965 quam

2164 3964 2477 4039 Romanus,
2512 3975 2771 4044 quoniam
2798 3975 2971 4034 altero
3009 3976 3203 4036 ordine
3231 3991 3516 4039 cantamus

465 4057 709 4131 Cognovi
732 4068 919 4118 nostra
942 4060 1214 4119 volumina
1253 4061 1559 4132 antiquiora
1604 4076 1726 4118 esse
1777 4050 2053 4133 aliquanto
2080 4042 2126 4105 (ἶ
2161 4062 2542 4137 responsoribs
2584 4068 2749 4140 quam
2786 4067 3037 4128 Romani.
3094 4072 3175 4129 liii
3218 4091 3249 4130 a
3282 4077 3458 4148 capite
3491 4079 3764 4151 incipiunt

464 4158 709 4223 tempore
738 4153 1009 4221 volumine
1034 4153 1126 4211 illo
1158 4154 1418 4211 Romana:
1446 4150 1619 4210 urbis.
1652 4153 1712 4209 in
1743 4153 1943 4225 quibus
1969 4160 2053 4208 ta-

464 4256 590 4299 men
616 4244 814 4303 alicubi
847 4246 1078 4318 cognovi
1103 4246 1303 4319 corrigi
1338 4262 1499 4317 posse
1528 4254 1715 4301 nostra
1742 4245 1812 4301 ab
1841 4244 1969 4313 illis,
1999 4248 2056 4301 et

463 4336 803 4411 inaliquibus
813 4349 1003 4397 nostra
1019 4355 1140 4397 esse
1155 4341 1532 4399 rationabilius
1548 4349 1604 4397 et
1627 4340 1796 4396 satius
1823 4347 2050 4408 statuta,

462 4436 525 4485 ut
550 4429 761 4501 wmtuli
798 4444 820 4483 ε
860 4431 1067 4501 arripui
1089 4432 1327 4491 medium
1357 4431 1500 4488 inter
1525 4440 1780 4502 utraque,
1817 4439 1925 4485 uta
1955 4447 2054 4486 no-

463 4520 623 4585 stris.
640 4521 733 4579 ubi
756 4522 955 4585 melius
981 4536 1141 4597 erant
1163 4528 1439 4594 ordinata,
1465 4544 1575 4584 non
1599 4528 1963 4592 discederem;
1998 4536 2059 4583 et

466 4611 557 4667 ιιὼί
577 4618 834 4682 νοιωταυι
855 4616 1054 4688 corrigi
1070 4618 1481 4675 avoluminibus
1498 4619 1673 4686 urbis,
1690 4633 1799 4675 non
1820 4619 2054 4692 neglige-

2162 4161 2568 4231 responsoriui‘n
2585 4203 2599 4225 ,
2648 4160 2741 4217 fini
2751 4168 2802 4218 to
2828 4174 2990 4220 versu
3011 4207 3025 4233 ,
3053 4182 3153 4223 nos
3177 4170 3401 4225 versum
3436 4171 3653 4227 ﬁnitum
3683 4173 3763 4227 in-

2157 4249 2461 4307 formamus
2489 4254 2899 4325 responsorium
2927 4273 3026 4329 per
3050 4250 3226 4316 latera
3249 4260 3392 4333 ejus,
3421 4279 3492 4319 ac
3513 4266 3594 4320 sic
3628 4264 3756 4319 faci-

2156 4359 2279 4399 mus
2306 4344 2375 4401 de
2417 4344 2626 4403 duobus
2671 4352 2992 4424 corporibus
3031 4358 3199 4411 unum
3246 4371 3481 4428 corpus.
3520 4359 3646 4416 ideo
3665 4374 3759 4415 ne-

2157 4450 2310 4492 cesse
2349 4436 2435 4493 est‘
2474 4446 2536 4493 ut
2571 4440 2673 4497 hos
2699 4458 2892 4499 versus
2925 4448 3269 4517 quaeramus,
3302 4458 3549 4521 quorum
3574 4466 3755 4508 sensus

2156 4542 2278 4583 cum
2305 4529 2496 4587 mediis
2525 4534 2995 4603 responsoriorum
3023 4540 3315 4595 conveniat
3334 4582 3351 4608 ,
3403 4551 3472 4598 ut
3507 4544 3593 4599 ﬁat
3620 4560 3756 4601 unus

2156 4636 2347 4677 sensus
2389 4639 2457 4679 ex
2495 4626 2679 4683 verbis
2720 4630 3053 4700 responsorii
3088 4641 3146 4688 et
3173 4634 3360 4692 verbis
3387 4653 3616 4695 versus.
3650 4638 3760 4697 Hoc

462 4720 602 4773 rem,
619 4720 721 4763 seu
746 4706 803 4762 in
820 4708 1142 4777 ordine,seu
1170 4710 1233 4773 in.
1252 4712 1575 4769 verbis.Ubi
1602 4714 1775 4768 nostri
1803 4714 2048 4770 moderni
2152 4714 2436 4782 prospexit
2475 4726 2811 4774 memoratus
2838 4719 2924 4774 vir
2948 4724 3007 4778 et
3032 4722 3300 4795 gloriosus
3328 4729 3635 4802 presbyter
3662 4730 3759 4788 II-

460 4808 715 4863 cantores
743 4803 1121 4867 rationabilius
1165 4806 1497 4864 authenticis
1526 4806 1709 4863 verbis
1741 4813 2050 4865 statuerunt
2152 4817 2419 4875 sagarus;
2451 4821 2559 4877 qua
2600 4807 2667 4864 de
2714 4824 2773 4864 re
2822 4813 3055 4868 certavit
3096 4821 3155 4868 ut
3205 4830 3273 4871 ex
3329 4817 3581 4880 diversis
3614 4823 3759 4879 libi-'5

461 4894 652 4953 ofﬁcia
674 4907 794 4962 seu,
827 4897 1123 4955 (Hvidendo
1146 4899 1475 4971 antiphonas
1497 4915 1595 4973 per
1620 4899 1811 4968 ferias,
1836 4916 2047 4967 necnon
2154 4905 2511 4966 congregaret
2550 4912 2747 4955 versus
2795 4904 3181 4961 convenientes
3211 4913 3562 4979 responsorii
3582 4955 3600 4979 ,
3630 4928 3761 4986 quos

458 4994 521 5043 et
545 4990 1027 5060 νοερωιεορὶοειιθι
1049 4991 1115 5046 in.
1146 4992 1539 5050 festivitatibus
1561 5002 1877 5051 sanctorum
1905 4995 2046 5051 anxi-
2151 5005 2252 5045 nos
2288 5003 2345 5047 et
2386 4992 2477 5047 alii
2521 4994 2675 5049 multi
2717 4996 2945 5067 cupiunt
2970 4997 3320 5071 frequentare
3350 5005 3406 5059 in
3443 5008 3761 5065 nocturnali

458 5077 679 5150 phonas'
717 5081 1101 5141 εὔεινῦωώ
1142 5084 1370 5156 singulis
1410 5085 1615 5158 vigiliis
1657 5102 1803 5152 suas,
1850 5087 2047 5158 scripsi
2150 5082 2346 5140 cilicio.
2387 5084 2446 5139 In
2478 5087 2731 5143 omnibus
2762 5089 2883 5144 istis
2906 5106 3164 5149 assensus
3184 5109 3271 5149 me
3292 5094 3528 5165 adjuvat
3560 5100 3761 5156 summi

456 5177 923 5247 prinoordim
943 5179 1277 5248 Romanum,-
1330 5181 1455 5237 (ἰείη
1492 5192 1808 5241 nostrorum
1850 5193 2043 5241 canto-
2150 5196 2217 5236 ac
2243 5181 2574 5239 sanctissimi
2621 5183 2921 5255 Apostolici
2962 5176 3257 5262 Gregorii,
3300 5192 3396 5261 qui
3446 5194 3765 5267 interroga-

458 5280 602 5326 mus.
635 5268 706 5327 Et
734 5272 834 5327 ubi
857 5272 1020 5330 talem
1074 5275 1322 5333 ordinem
1350 5276 1528 5347 repori
1571 5276 1806 5337 deﬁcere
1835 5277 2044 5349 addidi-
2148 5273 2286 5329 tioni
2314 5276 2488 5331 sancti
2510 5275 2797 5349 Augustini
2826 5278 3115 5348 satisfecit,
3140 5288 3201 5335 ut
3229 5283 3615 5358 undecunque
3651 5285 3759 5343 vd—

458 5378 581 5419 mus
632 5364 787 5420 illum
829 5380 899 5421 ex
926 5366 1177 5438 om
1221 5369 1606 5436 volumhipus,
1639 5377 1698 5426 ut
1727 5386 1789 5427 se
1818 5371 2041 5428 demon-

458 5457 698 5479 -._-L___.
745 5457 889 5479 ..ηιμ
934 5460 1343 5479 _.
1411 5478 1418 5479 ,
1477 5471 1488 5479 .
1938 5464 1978 5479 τι

2164 5372 2225 5420 et
2249 5365 2503 5439 colligere
2525 5368 3117 5437 ecclesiasticaiotiicia,
3150 5371 3355 5429 addere
3374 5390 3485 5432 seu
3513 5380 3761 5435 inserere

2164 5458 2389 5479 5mm
2432 5458 2555 5479 ηρ
2605 5462 2616 5473 .
2694 5461 2729 5479 ..
2841 5472 2853 5479 ,
3211 5476 3222 5479 ,
3306 5476 3315 5479 Α
3476 5472 3493 5479 ,

456 5457 707 5512 strabunt
744 5457 894 5514 feriae
926 5467 979 5514 et
1006 5460 1354 5517 hebdomadm
1402 5471 1526 5518 ante
1576 5462 1913 5518 nativitatem
1938 5464 2043 5519 Do-
2068 5457 2121 5479 ν
2147 5458 2397 5515 Romano
2429 5458 2656 5530 ordini,
2693 5461 2923 5520 licenter
2951 5464 3229 5538 colligeret
3266 5476 3324 5522 et
3361 5472 3495 5526 usui
3529 5488 3759 5528 suorum

457 5548 612 5613 mini,
660 5559 716 5606 et
765 5552 1103 5609 hebdomada
1141 5552 1441 5610 Paschalis.
1486 5556 1590 5613 Ubi
1624 5556 1759 5611 ordo
1815 5571 2041 5627 respon-
2149 5549 2430 5606 tribueret.
2472 5551 2626 5607 Unde
2655 5555 2921 5625 scriptum
2941 5562 3029 5639 est
3058 5557 3111 5611 in
3144 5556 3387 5613 Historia
3414 5560 3757 5633 Anglorum.

457 5640 733 5698 coriorum
787 5653 839 5699 et
878 5646 1295 5717 antiphonarum
1351 5648 1405 5701 in
1451 5649 1753 5719 perspectis
1814 5649 2059 5704 votum?!
2145 5641 2506 5712 libroprimo,
2545 5644 2725 5714 capite
2759 5647 2974 5716 quinto.
3012 5648 3376 5722 Interrogatio
3403 5651 3759 5724 Augustini:

456 5730 620 5787 nibus
648 5728 929 5791 dissonare
970 5736 1258 5792 videbatur
1307 5737 1375 5791 ab
1419 5737 1609 5793 ordine
1660 5739 1948 5804 librorum,
1976 5739 2042 5795 de
2146 5734 2282 5790 Cum
2304 5750 2409 5789 una
2435 5736 2505 5791 sit
2537 5736 2671 5793 ﬁdes
2700 5748 2827 5793 sunt
2847 5739 3216 5797 Ecclesiarum
3244 5740 3486 5801 diversa:
3512 5760 3763 5802 consnec

459 5824 660 5895 quibus
710 5835 926 5900 sumpta
962 5840 1110 5897 sunt,
1148 5839 1204 5888 et
1227 5845 1258 5887 a
1281 5829 1638 5887 consonantia
1664 5845 1787 5901 qua:
1832 5830 2042 5888 ratione
2146 5827 2384 5894 tudines,
2410 5836 2467 5884 et
2496 5828 2669 5887 altera
2707 5833 3042 5890 consuetudo
3077 5832 3373 5891 missarum
3395 5833 3461 5892 in
3490 5834 3761 5895 Roma
