2000 3519
129 191 206 221 ηιδ

129 248 267 281 Ecclesia,
282 253 364 285 atque
386 248 470 276 altera
493 247 520 275 in
539 246 625 275 Gallia
637 250 754 275 tenetur.
774 246 924 282 Respondit

129 297 282 332 Gregorius
297 295 369 330 Papa
383 305 390 322 :
408 294 486 321 Novit
501 293 657 321 fraternitas
671 296 716 320 tua
730 291 859 320 Romana
874 292 924 321 Ec-

129 342 225 370 clesi:e
237 341 458 370 consuetudinem
475 340 501 367 in
518 347 569 375 qua
592 347 621 367 se
634 338 760 366 meminit
772 337 903 365 nutritam
915 346 923 372 ;

128 389 179 416 sed
194 388 264 416 mihi
285 387 372 422 placet
393 390 425 413 ut
437 387 495 414 sive
513 387 539 414 in
556 386 693 418 Romana‘,
712 385 769 413 sive
782 385 808 412 in
823 384 924 412 Gallia-

128 442 203 467 rum,
220 442 267 462 seu
282 435 308 461 in
323 433 444 469 qualibet
457 433 578 461 Ecclesia
594 432 697 467 aliquid
711 431 837 459 invenisti
853 431 925 466 quod

125 481 192 517 plus
202 480 381 515 omnipotenti
397 480 452 507 Deo
466 479 552 515 possit
566 478 687 514 placere,
701 478 815 505 sollicite
829 477 923 513 eligas,

125 532 156 555 et
168 528 197 554 in
214 527 361 562 Anglorum
374 526 497 553 Ecclesia
508 546 515 559 ,
538 532 597 560 quae
613 525 701 552 adhuc
717 524 841 552 ad-tidem
855 531 924 551 nova

125 578 181 605 est,
200 573 370 601 institutione
384 572 529 607 praecipua,
546 579 606 606 quae
619 570 652 598 de
673 570 765 598 multis
779 570 925 598 Eccclesiis

125 619 261 655 colligere
274 618 396 654 potuisti,
413 615 557 648 infundas;
574 622 627 643 non
644 617 716 643 enim
729 622 779 651 pro
790 615 857 643 locis
868 622 923 648 res,

123 666 177 694 sed
192 669 244 701 pro
262 665 342 692 bonis
353 664 433 691 rebus
448 664 507 691 loca
527 663 643 690 amanda
662 667 734 691 sunt.
755 662 795 690 Ex
811 662 924 698 singulis

124 718 194 748 ergo
215 712 369 747 quibusque
391 711 521 739 Ecclesiis
544 714 604 746 quae
624 710 683 746 pia,
707 717 767 746 qua;
787 710 923 745 religiosa,

123 765 190 794 qua:
217 761 292 786 recta
312 760 377 785 sunt
399 757 485 792 elige,
509 759 535 783 et
555 755 612 784 haec
629 756 705 791 quasi
723 756 751 783 in
764 755 923 783 fasciculum

122 805 255 837 collecta,
268 797 342 839 apud;
356 803 505 838 Anglorum
526 807 633 830 mentes
652 802 681 829 in
701 802 923 830 consuetudinem

123 853 244 889 depone.
274 851 419 887 Hucusque
443 851 517 879 beati
540 850 674 886 Gregorii.
700 848 730 877 ln
751 848 842 877 multis
857 848 924 876 locis

121 899 277 934 prmnot‘avi
287 898 314 926 in
320 898 410 933 primo
420 896 515 925 ordine
526 898 639 925 nomina
651 896 886 932 responsoriorum
897 900 925 924 et

122 944 339 979 antiphonarum
350 943 429 978 juxta
443 943 567 971 ordinem
577 943 766 979 Antiphonarii
782 942 873 976 Urbis,
894 946 921 970 et

120 989 293 1028 coniunctim
315 990 343 1017 in
363 988 484 1017 secundo
501 989 579 1024 juxta
599 989 722 1017 ordinem
737 992 837 1016 nostrae
857 992 921 1015 con-

120 1036 304 1066 suetudinis:
328 1039 358 1064 ut
385 1037 501 1071 utraque
523 1035 635 1063 haberet
653 1035 739 1070 psalta
753 1042 809 1069 pra:
824 1034 918 1067 oculis,

120 1087 151 1111 et
167 1083 236 1110 illud
250 1086 361 1111 caneret
372 1082 447 1117 quod
459 1080 563 1116 judicio
578 1080 678 1108 mentis
691 1081 781 1116 potius
798 1080 919 1115 eligeret.

120 1127 281 1156 Notandum
295 1132 337 1156 est
350 1127 475 1155 volumen
494 1127 569 1163 quod
584 1134 633 1155 nos
650 1134 779 1155 vocamus
791 1127 920 1162 Antipho-

119 1175 233 1202 narium
258 1175 309 1201 tria
329 1174 429 1201 habere
452 1173 560 1200 nomina
584 1170 657 1208 apud
678 1172 834 1200 Romanos:
850 1173 921 1207 quod

119 1219 243 1247 dicimus
255 1217 381 1252 Gradale,
395 1217 433 1246 illi
446 1222 547 1246 vocant
560 1217 760 1250 Cantatorium;
775 1218 820 1253 qui
833 1218 921 1246 adhuc

117 1265 203 1302 juxta
229 1272 334 1294 morem
349 1265 491 1300 antiquum
513 1264 583 1299 apud
608 1263 667 1291 illos
681 1264 709 1291 in
723 1263 858 1298 aliquibus
871 1263 921 1291 Ec-

119 1311 217 1339 clesiis
249 1312 276 1338 in
307 1319 360 1338 uno
384 1310 522 1338 volumine
560 1310 724 1337 continetur.
754 1308 921 1344 sequentem

118 1361 231 1394 partem
252 1356 377 1384 dividunt
399 1357 427 1384 in
452 1356 555 1384 duobus
580 1355 734 1383 nominibus
753 1365 759 1382 :
783 1363 846 1391 pars
860 1363 920 1391 quze

120 1404 249 1431 continet
260 1402 447 1437 responsorios
462 1405 574 1429 vocatur
584 1401 805 1436 Responsoriale;
819 1405 846 1428 ct
857 1409 920 1436 pars

120 1455 185 1483 qua:
209 1448 328 1475 continet
353 1447 530 1483 antiphonas,
564 1451 679 1474 vocatur
700 1447 918 1482 Antiphonarius.

120 1491 182 1529 Ego
208 1498 315 1521 secutus
338 1501 398 1521 sum
417 1498 539 1521 nostrum
563 1501 642 1521 usum
666 1497 693 1520 et
715 1493 792 1528 posui
813 1493 919 1520 mixtim

120 1541 300 1576 responsoria
315 1544 344 1568 et
364 1540 527 1575 antiphonas
545 1540 693 1568 secundum
712 1540 834 1567 ordinem
849 1544 918 1567 tem-

120 1592 233 1622 porum,
246 1586 273 1613 in
287 1587 384 1621 quibus
396 1587 581 1615 solemnitates
592 1590 692 1614 nostrae
705 1586 889 1614 celebrantur.

119 1667 165 1697 De
176 1668 219 1695 his
233 1675 291 1702 qua:
305 1675 366 1694 meo
384 1667 560 1702 interrogata?
578 1672 703 1701 responsa
726 1669 787 1693 sunt
807 1673 823 1693 α
838 1666 919 1701 magi-

347 1703 409 1729 stris
424 1702 552 1729 Romamn
565 1702 704 1729 Eaclm'ce.

160 1767 330 1804 Interrogavi
364 1767 585 1795 archidiaconum
619 1767 791 1795 Theodorum
820 1771 921 1796 sanctae

122 1814 257 1844 Romana:
270 1814 400 1842 Ecclesize
410 1835 417 1847 ,
439 1822 518 1850 quem
534 1814 639 1851 rogavit
652 1815 777 1843 dominus
792 1815 921 1851 apostoli-

123 1869 177 1890 cus
192 1865 222 1889 ut
235 1869 278 1888 me
299 1861 446 1889 instrueret
466 1861 544 1896 juxta
570 1861 812 1897 interrogationem
831 1869 921 1890 meam
960 1870 965 1876 ‘

126 1911 162 1939 de
176 1910 272 1938 ordine
289 1909 405 1937 Romani
423 1908 504 1937 ollicii
528 1913 594 1944 quot.
617 1917 711 1937 versus
731 1914 854 1938 cantaret
868 1909 922 1937 Ro-

124 1964 208 1985 mana
231 1951 352 1983 Ecclesia
380 1955 406 1982 in
430 1955 627 1990 Rcsponsorio,
652 1955 787 1990 Aspiciens
802 1955 919 1991 alonge,

124 2002 287 2037 respondit:
302 2001 384 2028 Duos.
403 2000 566 2028 Sciscitatus
585 2007 643 2028 sum
660 2008 709 2028 cur
723 2001 789 2029 duos
810 2004 921 2028 cantas-

124 2053 169 2078 set
181 2053 257 2076 extra
268 2049 377 2076 solitum
393 2055 496 2075 morem
506 2048 533 2075 in
546 2047 591 2074 illo
604 2048 786 2082 responsorio,
798 2047 921 2082 Respon-

126 2095 168 2123 dit
190 2104 196 2122 ε
222 2093 336 2130 Propter
356 2096 486 2122 honorem
508 2101 613 2131 magnae
632 2094 798 2122 festivitatis.
820 2093 920 2130 Repeti

126 2144 223 2177 postea
239 2147 292 2167 non
313 2139 400 2168 solum
420 2140 447 2167 in
466 2140 528 2172 isto,
544 2140 572 2167 id
584 2144 635 2173 est,
655 2139 790 2175 Aspiciens
804 2149 819 2167 a
834 2140 920 2176 longe,

128 2189 187 2216 tres
207 2195 320 2220 versus,
345 2191 375 2215 ut
394 2188 421 2215 in
436 2191 529 2215 nostro
548 2187 738 2224 antiphonario
755 2187 923 2221 continetur,

123 2234 176 2264 sed
196 2235 278 2262 etiam
299 2235 327 2262 in
350 2234 410 2262 aliis
431 2234 523 2262 multis
544 2234 570 2261 in
587 2232 709 2262 Romano
724 2234 920 2270 Antiphouario

126 2286 175 2309 aut
190 2282 267 2315 duos,
280 2287 327 2309 aut
341 2285 396 2309 tres
409 2281 534 2317 scriptos.
555 2280 650 2308 Visum
668 2284 710 2309 est
727 2280 793 2308 mihi
807 2284 836 2308 ut
851 2281 920 2309 ratio

126 2327 191 2355 talis
207 2326 280 2354 reddi
295 2326 383 2362 possit
404 2326 438 2353 de
463 2329 503 2353 tot
524 2326 657 2354 versibus.
679 2325 792 2362 Quando
807 2326 921 2363 contigit

126 2375 171 2403 bis
190 2377 236 2401 aut
250 2378 291 2400 ter
303 2382 387 2401 unum
401 2374 602 2408 responsorium
617 2373 722 2401 cantari
739 2373 766 2400 iu
783 2380 837 2400 una
851 2372 919 2400 heb-

128 2420 256 2454 domada,
273 2424 319 2447 aut
334 2420 361 2447 in
375 2419 550 2447 hebdomadis
563 2439 572 2452 ,
594 2420 637 2447 cui
658 2418 771 2447 subnexi
787 2422 849 2446 sunt
864 2422 922 2446 tres

131 2476 230 2497 versus
246 2472 291 2496 aut
313 2468 366 2495 duo
390 2466 600 2495 convenientes:
613 2470 642 2494 ut
665 2475 735 2494 unus
753 2470 878 2494 cantetur
892 2467 922 2495 in

128 2522 184 2542 una
197 2518 287 2547 nocte,
301 2514 369 2541 alter
382 2513 408 2540 in
429 2512 523 2545 altera,
537 2513 632 2541 tertius
647 2512 673 2541 in
689 2512 778 2540 tertia.
803 2512 921 2540 Interro-

130 2560 192 2595 gavi
218 2564 317 2595 quotus
336 2559 403 2586 ordo
426 2558 660 2593 responsoriorum
683 2558 870 2586 celebraretur
894 2557 925 2585 in.

131 2607 273 2634 Dominica
294 2610 387 2639 nocte,
412 2613 492 2640 quam
513 2605 631 2632 solemus
650 2604 791 2632 nominare
805 2604 925 2632 Octavas

130 2651 251 2678 Paschaa.
272 2650 443 2685 Responsum
456 2653 508 2682 est,
530 2659 539 2675 ι
554 2649 731 2682 Novenarius,
746 2649 773 2676 in
785 2657 816 2676 ea
828 2653 922 2677 canta-

131 2705 193 2725 mus
218 2696 252 2724 de
273 2697 446 2726 auctoritate.
461 2706 470 2722 ι
498 2695 630 2724 Similiter
650 2695 814 2730 interrogavi
833 2694 921 2722 ollioio

132 2733 317 2770 Pentecostes.
333 2740 502 2777 Responsum
514 2746 565 2774 est,
584 2750 593 2766 t
608 2740 710 2768 Novem
721 2745 875 2773 cantamus,
891 2745 921 2769 ut

133 2788 160 2816 in
177 2788 282 2817 caeteris
297 2788 444 2823 Dominicis
466 2788 493 2815 in
514 2788 648 2816 motibus.
665 2787 850 2823 ilnterrogavi
865 2795 921 2816 me-

134 2839 267 2862 moratum
291 2834 511 2862 archidiaconum
523 2854 531 2867 ,
555 2841 609 2869 quo
622 2833 716 2862 ordine
733 2833 922 2869 responsorios

134 2882 276 2907 cantarent
289 2883 350 2915 post
361 2882 471 2906 octavas
481 2878 655 2907 Pentecostcs
669 2886 754 2919 usque
767 2878 802 2906 ad
815 2878 922 2907 Adven-

136 2918 193 2950 tum
208 2923 316 2953 Domini
331 2931 491 2959 responsum
506 2929 547 2953 est
560 2933 566 2951 ε
580 2920 610 2952 In
625 2924 729 2953 octavis
745 2923 921 2952 Pentecostes

650 187 753 217 LIBER
771 186 817 217 BE
836 187 965 217 ORDlNE
984 178 1241 216 ANTIPBONARH.

1698 191 1769 221 1246

936 245 1120 280 Aineipimus
1140 245 1230 281 legere
1252 244 1351 273 librum
1374 243 1496 282 Regum;
1517 248 1546 276 in
1565 248 1661 277 eadem
1679 250 1768 285 prima

977 292 1145 320 hebdomada
1164 296 1307 320 cantamus
1329 294 1518 328 responsorios
1540 294 1574 323 de
1594 296 1722 331 psalmis;
1739 296 1768 325 in

977 338 1152 374 sequentibus
1173 339 1350 367 hebdomadis
1372 347 1458 375 usque
1474 340 1502 368 in
1523 341 1674 379 Augustum
1692 351 1769 372 men-

977 392 1033 412 sem
1045 385 1078 412 de
1091 385 1203 413 historia
1216 385 1330 421 Regum.
1351 385 1379 413 In
1391 386 1478 421 prima
1494 387 1662 416 hebdomada
1673 389 1767 425 Augu-

976 432 1012 459 sti
1026 432 1139 467 legimus
1152 431 1337 465 Salomonem,
1345 436 1373 460 et
1385 434 1571 468 responsorios
1583 440 1724 464 cantamus
1734 437 1768 464 de

975 477 1099 505 Psalmis.
1110 477 1325 517 insequentibus
1340 485 1426 513 usque
1446 478 1473 505 in
1488 478 1676 514 Septembrem
1691 489 1767 509 men-

976 531 1033 552 sem
1049 523 1081 551 de
1098 522 1252 551 Salomone.
1275 523 1303 550 ln
1314 523 1402 558 prima
1419 524 1585 552 hebdomada
1598 526 1766 561 Septembris

975 570 1089 605 legimus
1096 570 1155 603 Job,
1168 575 1341 599 eteantamus
1355 572 1540 606 responsorios
1549 572 1581 600 de
1592 566 1708 601 Psalmis
1718 582 1725 606 ;
1739 573 1768 601 in

975 617 1080 644 duabus
1095 617 1270 652 sequentibus
1285 617 1317 644 de
1328 616 1394 650 Job;
1418 618 1445 645 in
1459 618 1605 646 novissima
1618 619 1767 647 hebdoma-

976 663 1009 690 da
1023 663 1125 690 mensis
1149 663 1311 696 memorati,
1336 663 1368 691 de
1383 659 1484 698 Tobia;
1508 664 1534 692 'rn
1552 665 1647 700 primis
1664 665 1769 695 duabus

974 709 1153 737 hebdomadis
1168 710 1271 737 mensis
1287 709 1424 743 Octobris,
1438 710 1472 738 de
1481 709 1574 738 ludith
1585 714 1613 738 et
1627 711 1659 738 de
1670 710 1769 739 Esther

975 759 1002 782 et
1016 754 1119 788 Esdra;
1136 755 1163 782 in
1179 756 1284 783 duabus
1299 756 1455 784 novissimis
1471 757 1572 784 mensis
1590 757 1768 792 suprascripti

975 801 1008 828 de
1020 801 1199 834 Machabmis;
1216 801 1245 829 ln
1258 802 1345 837 prima
1359 802 1528 830 hebdomada
1543 803 1645 831 mensis
1656 803 1769 834 Novem-

974 847 1033 874 bris
1055 847 1169 883 legimus
1192 848 1225 876 de
1250 848 1408 884 Prophetis,
1426 850 1612 884 responsorios
1626 854 1768 879 cantamus

976 894 1009 922 de
1020 894 1145 922 Psalmis.
1167 895 1195 922 In
1212 895 1319 923 caeteris
1332 897 1509 931 sequentibus
1523 905 1609 933 usque
1623 898 1649 925 in
1664 897 1769 926 Adven-

934 935 958 964 Β
973 945 1032 968 tum
1053 941 1160 968 Domini
1187 942 1220 969 de
1243 942 1396 978 Prophetis.
1413 943 1598 980 )Iuterrogavi
1619 945 1642 972 si
1665 945 1767 981 aliquid

971 988 1093 1016 dicerent
1121 989 1242 1025 Magistri
1270 990 1457 1019 Romanorum
1483 993 1555 1020 inter
1585 993 1764 1021 interstitium

970 1035 1141 1062 noctumalis
1163 1035 1244 1063 ollicii
1270 1040 1298 1063 et
1321 1037 1499 1065 matutinalis.
1533 1038 1703 1074 Responsum
1724 1042 1767 1067 est

970 1080 1050 1113 mihi,
1070 1089 1080 1106 ‹
1094 1080 1178 1114 Nihil,
1196 1081 1242 1109 sed
1257 1082 1387 1110 continuo
1406 1088 1467 1118 post
1478 1084 1637 1112 nocturnale
1647 1084 1765 1113 oﬂicium

971 1126 1065 1154 dicunt
1079 1125 1175 1160 :Deus‘,
1188 1128 1215 1154 in
1229 1127 1393 1163 adjutorium
1410 1137 1496 1156 meum
1509 1130 1625 1157 intende.
1640 1141 1648 1156 ι
1658 1129 1764 1158 Oratio-

970 1179 1034 1199 nem
1046 1172 1215 1199 Dominicam
1224 1180 1278 1200 non
1288 1177 1400 1201 cantant
1413 1178 1476 1209 post
1486 1175 1606 1210 psalmos
1622 1181 1767 1204 nocturna-

970 1217 1023 1250 les,
1040 1217 1087 1245 sed
1106 1218 1202 1245 dicunt
1223 1218 1332 1253 aliquod
1356 1219 1503 1254 capitulum
1528 1220 1581 1248 tale
1598 1221 1676 1256 quale
1694 1221 1765 1249 istud

971 1267 1033 1290 est:
1051 1262 1233 1290 Interredente
1252 1264 1326 1291 beato
1345 1265 1462 1300 principe
1477 1266 1655 1302 apostolorum
1674 1265 1765 1302 Petro,

971 1308 1053 1336 saltet
1077 1314 1101 1335 et
1125 1309 1256 1336 custodiat
1278 1318 1326 1337 nos
1349 1310 1490 1338 Dominus.
1513 1312 1589 1348 Saepe
1606 1312 1632 1340 in
1646 1317 1708 1340 octo
1723 1321 1766 1341 re-

971 1355 1120 1390 sponsoriis
1141 1359 1169 1383 et
1184 1363 1280 1382 novem
1302 1356 1464 1385 lectionibus
1485 1358 1583 1386 liniunt
1604 1359 1765 1388 nocturnale

970 1402 1099 1430 ollicium.
1129 1402 1298 1439 Interrogavi
1326 1403 1350 1431 si
1378 1408 1509 1432 canerent
1533 1413 1583 1441 per
1610 1404 1766 1436 Dominicas

970 1453 1066 1477 noctes
1085 1448 1121 1476 Te
1140 1449 1225 1477 Deum
1237 1450 1388 1478 laudamus.
1402 1451 1573 1487 Responsum
1588 1458 1646 1485 est;
1667 1463 1677 1479 ‹
1693 1454 1765 1482 Tan-

971 1501 1028 1525 tum
1045 1498 1073 1524 in
1096 1498 1227 1525 natalitiis
1251 1497 1431 1533 pontificum,
1463 1499 1498 1527 Te
1519 1500 1603 1527 Deum
1624 1500 1766 1528 laudamus

971 1545 1104 1572 canimus.
1121 1554 1131 1570 )
1149 1543 1198 1571 Hic
1210 1545 1357 1572 inserimus
1375 1547 1510 1580 quomodo
1533 1546 1684 1575 invenimus
1699 1546 1768 1575 seri-

970 1594 1046 1625 ptum
1069 1590 1102 1617 de
1122 1590 1287 1617 auctoritate
1300 1590 1413 1618 Adriani
1430 1591 1577 1627 Apostolici
1595 1601 1602 1619 :
1617 1592 1651 1620 In
1663 1593 1767 1620 nomine

970 1635 1080 1663 Domini
1105 1637 1190 1663 nostri
1211 1637 1275 1663 Jestt
1292 1635 1390 1663 Christi
1412 1637 1503 1672 incipit
1521 1638 1713 1673 responsoriale
1732 1638 1765 1666 de

971 1681 1071 1708 circulo
1093 1681 1157 1707 anni
1174 1682 1333 1716 temporibus
1352 1687 1391 1708 ter
1411 1683 1554 1710 beatissimi
1574 1689 1598 1710 et
1619 1683 1766 1719 Apostolici

972 1725 1072 1752 domini
1099 1725 1213 1752 Adriani
1241 1735 1316 1761 papa:
1346 1736 1393 1762 per
1419 1727 1590 1755 indictioncm
1615 1730 1765 1764 septimam.

971 1769 1037 1799 Item
1059 1771 1086 1798 in
1105 1770 1158 1799 line
1177 1780 1183 1798 :
1199 1770 1257 1799 Hoc
1277 1780 1345 1807 opus
1368 1781 1490 1802 summus
1513 1779 1623 1810 reparat
1642 1775 1766 1811 pontifex

973 1819 1099 1847 dominus
1109 1818 1244 1846 Adrianus
1259 1817 1311 1846 sibi
1324 1820 1482 1847 memoriale
1494 1828 1543 1857 per
1556 1821 1644 1849 saecla.

1008 1862 1159 1891 Praenotavi
1172 1863 1250 1891 obelo
1265 1864 1391 1897 Alleluia,
1408 1864 1480 1900 quod
1493 1866 1616 1900 sequitur
1629 1865 1766 1896 Psalmum

972 1910 1122 1945 Conﬁtebor
1135 1911 1193 1943 tibi,
1208 1911 1331 1945 Domine,
1346 1912 1373 1939 in
1388 1908 1492 1940 Pascha
1508 1912 1614 1941 Domini
1629 1913 1664 1941 ad
1674 1921 1767 1949 vespe-

972 1964 1043 1984 rum.
1073 1956 1175 1992 Scripsi
1197 1957 1261 1984 illud
1289 1962 1319 1985 ut
1343 1958 1432 1986 inveni
1458 1960 1486 1987 in
1509 1959 1632 1988 Romam
1653 1959 1766 1994 Ordine,

972 2003 1043 2038 quod
1063 2006 1154 2031 tamen
1178 2003 1249 2038 apud
1271 2008 1394 2032 nostrum
1409 2006 1531 2033 ordinem
1548 2007 1655 2034 videtur
1674 2015 1768 2043 super-

971 2048 1055 2076 lluum
1069 2056 1140 2077 esse.
1163 2048 1265 2085 Scripsi
1277 2050 1342 2077 olim
1365 2051 1392 2078 in
1413 2051 1506 2079 libello
1525 2052 1572 2087 qui
1585 2057 1699 2080 vocatur
1710 2051 1768 2080 olli-

972 2095 1059 2129 cialis,
1078 2095 1112 2123 de
1135 2099 1257 2131 tempore
1280 2097 1504 2132 septuagesima,
1526 2102 1554 2125 et
1574 2099 1607 2126 de
1628 2098 1763 2134 mysterio

972 2138 1091 2176 ejusdem
1107 2142 1224 2175 numeri,
1238 2147 1266 2170 et
1283 2142 1316 2170 de
1334 2143 1442 2171 caeteris
1457 2142 1551 2172 ciliciis
1566 2152 1627 2179 quas
1647 2148 1765 2179 aguntur

972 2188 1001 2216 in
1016 2189 1136 2217 Ecclesia
1155 2197 1205 2224 per
1227 2197 1326 2217 annum
1339 2210 1347 2223 ,
1368 2190 1426 2218 sive
1440 2191 1495 2218 sint
1509 2190 1692 2224 nocturnalia,
1709 2191 1768 2220 sive

973 2234 1123 2268 diurnalia;
1139 2243 1211 2263 nunc
1226 2235 1357 2270 dicturus,
1376 2236 1433 2264 Deo
1451 2237 1610 2270 miserante,
1622 2237 1656 2265 de
1670 2237 1769 2265 ordine

933 2280 1182 2330 laltntiphonarii,
1216 2281 1295 2316 cupio
1321 2281 1477 2309 summatim
1505 2282 1608 2317 aliquid
1635 2282 1767 2315 scribere,

973 2327 1052 2363 quasi
1067 2327 1203 2363 quoddam
1216 2327 1341 2355 manuale
1360 2327 1393 2355 de
1411 2328 1476 2356 solis
1490 2326 1697 2357 nocturnalibus
1708 2328 1766 2356 olli-

973 2374 1033 2407 ciis,
1047 2378 1074 2402 et
1089 2374 1122 2401 de
1139 2374 1182 2402 his
1195 2380 1255 2409 qua:
1271 2378 1403 2402 vocantur
1414 2374 1507 2411 vulgo,
1523 2373 1634 2402 Cursus.
1664 2375 1723 2409 Quo
1734 2374 1768 2403 ad

973 2421 1133 2449 memoriam
1146 2420 1274 2453 reducto,
1298 2425 1443 2448 renovetur
1463 2428 1541 2448 mens
1554 2421 1588 2447 ad
1603 2420 1768 2448 desiderium

974 2467 1094 2495 caelestis
1117 2467 1234 2502 patrias,
1257 2467 1471 2501 recordeturque
1494 2465 1630 2501 quomodo
1657 2466 1691 2493 ad
1705 2474 1768 2494 eam

975 2516 1102 2540 revocata
1126 2512 1177 2545 sit,
1200 2516 1228 2539 et
1257 2512 1392 2547 quomodo
1415 2512 1536 2547 quotidie
1563 2516 1717 2545 revocetur,
1740 2517 1769 2541 et

974 2558 1046 2592 quod
1062 2565 1110 2592 per
1122 2557 1243 2593 singulas
1258 2558 1341 2585 horas
1354 2559 1441 2586 noctis
1456 2562 1485 2586 et
1497 2559 1550 2587 diei
1564 2558 1651 2593 possit
1664 2558 1769 2586 servire

973 2602 1090 2630 Domino
1103 2611 1151 2638 per
1172 2604 1280 2631 eosdem
1305 2612 1403 2632 cursus
1424 2608 1505 2638 atque
1520 2604 1546 2631 in
1560 2603 1707 2631 novissimo
1723 2603 1768 2632 die

973 2652 1036 2676 vota
1053 2656 1101 2676 sua
1116 2649 1229 2677 reddere
1240 2656 1289 2685 pro
1302 2656 1335 2676 eo
1356 2648 1425 2684 quod
1442 2649 1561 2684 quinque
1576 2656 1671 2676 sensus
1684 2648 1768 2684 virgi-

973 2695 1067 2722 nitatis
1096 2702 1151 2722 sua:
1178 2703 1254 2722 suam
1286 2694 1519 2730 pulchritudinem
1543 2695 1713 2722 servaverint
1738 2697 1768 2723 et

974 2744 1051 2769 s'uum
1076 2741 1198 2768 habitum
1222 2747 1322 2776 sponso
1346 2748 1405 2768 suo.
1435 2740 1547 2774 Quando
1562 2740 1703 2768 affectibus
1723 2739 1768 2769 his

975 2787 1116 2823 attingitur
1139 2787 1244 2813 animus
1267 2793 1361 2819 meus,
1384 2794 1452 2821 quos
1472 2786 1565 2814 subter
1578 2790 1673 2814 notare
1686 2786 1767 2821 cupio

974 2840 1022 2868 per
1035 2832 1156 2869 singulos
1175 2839 1287 2864 cursus,
1311 2830 1414 2859 aﬂieior
1432 2839 1527 2867 nempe
1544 2831 1685 2860 dulcedine
1699 2831 1765 2859 dile—

975 2879 1072 2907 ctionis
1087 2879 1156 2911 Dei,
1181 2882 1209 2906 et
1233 2878 1388 2906 dilectionis
1408 2879 1525 2914 proximi
1545 2883 1707 2913 mter-nmque
1718 2886 1765 2913 pa-

977 2925 1045 2959 triae,
1063 2929 1090 2953 et
1101 2924 1251 2960 prmsentiae
1271 2924 1420 2953 Salvatori’s
1439 2924 1535 2953 nostri.
1556 2924 1700 2959 Simulque
1714 2930 1764 2950 no—
