4000 6520
528 303 694 364 12η·

1567 307 1905 369 AMALARH
1940 306 2378 368 passuram
2413 293 2763 370 METENSIS

3691 313 3830 372 {148

523 427 750 484 tandum
799 426 944 499 quod
1001 426 1186 484 deﬁcit
1241 427 1453 484 animus
1502 443 1657 484 meus
1715 429 1785 484 ab
1833 430 2102 500 adjutorio
2130 427 2321 496 Asuis
2364 427 2744 497 responsoriis.
2803 424 2996 483 Merito
3025 433 3216 486 nostra
3239 425 3492 486 Ecclesia
3530 439 3674 502 post
3711 434 3829 488 cul-

525 521 799 587 bumano,
827 530 880 575 et
917 521 1205 576 conﬁrmat
1236 537 1294 577 se
1325 523 1378 576 in
1401 521 1727 590 adjutorium
1755 522 1990 589 Domini,
2024 539 2109 580 se-

520 620 854 684 paraturque
883 628 911 666 a
943 614 1175 669 terrenis
1201 621 1255 669 et
1275 613 1515 681 caducis,
1545 624 1601 670 et
1619 612 1964 688 conjungitur
1992 629 2105 670 cce-

491 773 498 778 .
523 703 750 762 lestibus
773 713 829 761 et
852 706 1212 776 spiritalibus.

1031 817 1257 874 CAPUT
1297 819 1591 875 PRIMUM.

521 905 716 978 Incipit
741 907 1016 984 adnotatio
1047 911 1112 964 de
1135 912 1532 984 nocturnalibus
1559 914 1738 984 officiis
1766 923 1814 969 et
1842 913 2107 969 diurnali-

834 979 947 1044 bus,
975 999 1091 1052 qua:
1113 982 1266 1052 vulgo
1300 1001 1486 1038 cursus
1511 979 1783 1040 vocantur.

589 1069 936 1127 Restauratio
983 1081 1037 1127 et
1078 1075 1359 1128 renovatio
1400 1083 1575 1130 status
1609 1085 1811 1132 nostrm
1840 1077 2102 1132 innocen-

516 1160 610 1218 tia:
648 1163 701 1217 in
749 1161 953 1217 Christi
998 1165 1396 1220 resurrectione
1439 1166 1648 1221 reddita
1677 1177 1761 1221 est
1793 1168 1966 1222 nobis.
2023 1167 2106 1222 ld-

515 1254 665 1314 circo
688 1255 942 1321 locuturi,
968 1257 1110 1326 quod
1133 1257 1395 1312 Dominus
1425 1258 1653 1323 dederit,
1690 1259 1754 1313 de
1781 1259 2104 1314 nocturnali—

514 1349 617 1404 bus
641 1357 694 1403 et
721 1348 1057 1404 diurnalibus
1085 1348 1295 1415 ciliciis,
1347 1365 1378 1403 a
1410 1349 1692 1405 Dominica
1723 1359 1907 1416 nocte,
1937 1366 2101 1420 quam

513 1439 776 1496 Dominus
825 1457 922 1498 sua
954 1442 1358 1498 resurrectione
1400 1443 1640 1512 praetulit
1685 1444 1895 1498 caeteris
1927 1444 2101 1498 nocti-

489 1530 635 1597 bus,
681 1518 1053 1602 incipiendum
1093 1540 1194 1588 est.
1246 1533 1304 1587 In
1339 1533 1618 1589 Dominica
1660 1543 1816 1590 nocte
1840 1550 2098 1605 congrue,

506 1619 658 1692 iuxta
701 1625 1154 1680 consuetudinem
1203 1626 1464 1681 Romanae
1524 1627 1782 1684 Ecclesiae
1830 1644 1862 1683 a
1911 1644 2099 1685 somno

507 1722 815 1784 surgentes,
841 1715 1070 1770 dicimus
1098 1715 1297 1786 primo,
1347 1716 1624 1789 [Domine,
1657 1718 1797 1772 labia
1834 1736 1949 1773 mea
1976 1737 2098 1790 ape-

2212 526 2326 574 tum
2368 519 2599 595 Abrahae
2624 519 2825 576 transit
2852 521 2922 576 ad
2950 521 3198 577 scholam
3226 522 3560 595 disciplinae.
3596 524 3741 580 Abel
3771 536 3824 584 et

2207 612 2394 668 Enoch
2435 592 2608 668 sancti
2654 623 2709 669 et
2745 613 2880 684 justi
2925 616 3030 671 viri
3063 615 3315 684 fuerunt;
3355 592 3458 674 sed
3492 634 3612 674 non
3641 623 3822 679 vocati

2206 715 2388 776 patres
2409 707 2672 778 gentium,
2699 723 2878 777 neque
2897 718 3086 778 patres
3106 709 3331 778 Christi,
3356 727 3543 782 neque
3573 715 3636 768 in
3669 716 3820 787 signo

2207 801 2368 870 positi
2397 810 2525 856 sunt
2551 801 2677 857 ﬁdei
2704 803 2922 872 gentilis
2940 805 3144 876 papuli.
3176 806 3464 862 Abraham
3499 825 3532 864 a
3555 809 3820 868 Matthan

2208 893 2537 963 evangelista
2590 895 2815 965 ponitur
2883 897 2940 951 in
2999 899 3178 967 primo
3226 900 3417 954 ordine
3474 903 3816 974 genealogia:

2207 985 2441 1053 Christi;
2479 987 2754 1043 Abraham
2779 990 2980 1046 dicitur
3001 1000 3158 1062 pater
3184 993 3490 1048 multarum
3529 998 3811 1065 gentium;

2205 1077 2480 1132 Abraham
2513 1080 2722 1150 accepit
2751 1081 2964 1153 signum
3000 1082 3125 1138 ﬁdei
3155 1100 3274 1154 quze
3314 1095 3402 1140 est
3428 1086 3489 1140 in
3521 1091 3812 1158 praeputio.

2205 1169 2352 1224 Talis
2386 1171 2640 1241 agricolae
2687 1173 3009 1242 excipienda
3051 1184 3135 1230 est
3173 1176 3428 1231 doctrina
3464 1187 3526 1234 et
3556 1182 3810 1234 tenenda.

2205 1259 2340 1316 Nam
2366 1270 2421 1316 et
2450 1270 2626 1318 status
2655 1265 2915 1334 temporis
2960 1266 3214 1322 admonet
3260 1283 3366 1323 nos
3410 1269 3486 1322 ab
3529 1272 3808 1327 Abraham

2204 1351 2466 1408 lectiones
2497 1361 2552 1408 et
2579 1357 2953 1424 responsorios
2981 1359 3282 1427 celebrare.
3327 1359 3506 1416 Sexta
3538 1363 3647 1417 diei
3675 1364 3809 1418 hora

2203 1443 2407 1516 legitur
2450 1448 2505 1502 in
2549 1447 2844 1521 Evangelio
2873 1451 3109 1508 Mattbaai
3151 1455 3439 1509 Abraham
3475 1456 3706 1513 intrasse
3734 1459 3806 1512 ad

2204 1540 2628 1611 agriculturam;
2658 1559 2757 1599 nos
2799 1560 2928 1600 vero
2969 1547 3161 1602 mediae
3207 1550 3392 1603 noctis
3433 1559 3679 1620 tempore
3707 1551 3806 1607 ad-

2203 1645 2492 1687 monemur
2534 1635 2835 1704 procedere
2883 1647 3008 1692 ante
3039 1637 3332 1694 Dominum
3375 1643 3634 1712 exemplo
3659 1642 3804 1697 Psal—

2201 1724 2506 1795 mographi,
2534 1723 2765 1782 dicentis
2799 1743 2814 1780 :
2853 1723 3179 1783 Prteveniin
3204 1733 3545 1796 maturitate,
3569 1735 3671 1788 hoc
3695 1742 3802 1799 est,

506 1801 632 1874 ries]
657 1813 712 1858 et
739 1812 863 1874 post
891 1805 1034 1860 hunc
1059 1821 1274 1861 versum
1310 1808 1678 1879 glorificamus
1700 1820 1945 1866 sanctam
1975 1812 2098 1866 Tri-
2128 1807 2176 1866 B
2205 1811 2262 1866 in
2303 1813 2481 1868 media
2522 1825 2702 1870 nocte.
2763 1816 2917 1883 Quod
2958 1818 3253 1888 aliquando
3279 1809 3472 1877 nostra
3516 1823 3805 1881 inﬁrmitas

504 1893 756 1961 nitatem,
784 1911 905 1966 qua:
931 1897 1283 1968 gloriﬁcanda
1311 1909 1395 1956 est
1431 1910 1485 1955 et
1529 1901 1596 1958 de
1622 1905 2006 1974 praeteritis,et
2032 1907 2098 1961 de

503 1992 882 2060 praesentibus,
919 2002 973 2047 et
1004 1995 1068 2048 de
1098 1994 1314 2050 futuris.
1359 1996 1555 2050 Postea
1580 1997 1672 2050 dat
1705 1999 1831 2052 tuba
1859 2000 2098 2055 cantoris

508 2080 723 2150 signum
751 2097 850 2151 per
879 2085 1234 2152 antiphonam
1278 2079 1669 2154 invitatoriam,
1709 2098 1768 2141 ut
1789 2090 2098 2146 excitentur

504 2171 804 2228 Christiani
835 2176 1283 2248 circumquaque,
1320 2186 1375 2234 et
1403 2189 1732 2235 concurrant
1755 2185 1822 2237 ad
1854 2183 2093 2239 scholam

504 2263 791 2320 doctorum
827 2276 884 2322 et
912 2276 1191 2338 pastorum
1218 2271 1604 2327 Ecclesiarum.
1659 2274 1816 2330 Unde
1845 2276 2096 2334 dominus

499 2353 647 2412 Beda
676 2358 729 2412 in
767 2366 1003 2415 tractatu
1034 2377 1134 2418 suo
1154 2377 1318 2433 super
1349 2365 1551 2420 Lucam
1576 2367 1641 2421 de
1667 2369 1902 2437 quodam
1934 2386 2094 2426 versu

498 2450 695 2522 psalmi
719 2452 1015 2510 invitatorii
1047 2455 1127 2511 sic
1151 2475 1164 2510 :
1203 2457 1294 2523 At,
1324 2458 1519 2528 inquit,
1544 2475 1669 2514 cum
1692 2460 1936 2531 ejusdem
1965 2478 2096 2533 ope-

499 2543 580 2598 ris
601 2559 882 2616 compares
905 2565 1091 2618 quaero
1115 2553 1361 2608 canendo
1382 2568 1506 2608 cum
1537 2554 1811 2626 PrOphcta
1837 2577 1850 2611 :
1890 2556 2090 2628 Venite,

499 2635 778 2692 adoremus
819 2648 867 2693 et
907 2642 1246 2710 procidamus
1286 2653 1406 2699 ante
1457 2645 1742 2701 Dominum
1768 2690 1781 2714 ,
1828 2647 2094 2719 ploremus

497 2741 677 2780 coram
712 2727 959 2796 Domino,
1014 2733 1106 2802 qui
1153 2733 1273 2801 fecit
1322 2751 1448 2801 nos,
1500 2736 1782 2792 columbas
1823 2740 1889 2793 ad
1920 2739 2092 2796 altare

496 2814 743 2884 deporto.
795 2819 925 2874 Post
954 2821 1097 2876 hanc
1127 2823 1484 2894 antiphonam
1508 2837 1781 2884 canuntur
1807 2831 2092 2886 duodecim

495 2911 692 2980 psalmi
717 2921 844 2968 ante
875 2915 1140 2974 lectiones
1186 2929 1240 2974 et
1277 2924 1691 2991 responsorios:
1723 2925 2090 2982 duodenarius

497 3017 757 3058 numerus
792 3006 1202 3064 universitatem
1240 3015 1502 3082 temporis
1540 3023 1596 3069 et
1637 3031 1819 3070 rerum
1849 3018 2092 3074 continet

494 3087 551 3141 in
579 3105 658 3143 se.
712 3091 772 3144 ln
799 3094 1081 3150 duodecim
1113 3100 1336 3168 psalmis
1371 3103 1634 3159 imbuitur
1662 3107 1803 3174 apud
1827 3109 2089 3164 ecclesia-

2201 1905 2338 1961 solet
2378 1907 2698 1977 protrahere
2735 1925 2908 1980 usque
2946 1910 3015 1965 ad
3057 1911 3415 1982 gallicinium.
3460 1915 3667 1970 Merito
3693 1933 3802 1972 me-

2200 1998 2373 2053 moria
2395 2014 2582 2055 eorum
2615 2011 2952 2058 mortuorum
2982 2005 3077 2075 qui
3111 2007 3166 2060 in
3194 2007 3418 2064 Christo
3441 2012 3650 2065 mortui
3680 2023 3802 2068 sunt

2198 2092 2459 2147 recolitur
2505 2109 2603 2164 per
2645 2103 2882 2161 noctem,
2927 2099 3184 2169 quoniam
3226 2117 3414 2157 eorum
3447 2105 3727 2161 transitus
3753 2117 3802 2160 et

2197 2182 2352 2250 quies
2397 2183 2542 2238 nocti
2583 2195 2952 2256 comparatur,
2997 2189 3211 2245 dicente
3226 2191 3522 2261 Evangelia
3547 2214 3564 2247 :
3615 2193 3804 2249 Veniet

2199 2283 2373 2327 autem
2416 2291 2537 2339 nox,
2582 2277 2796 2347 quando
2825 2295 2974 2332 nemo
3005 2282 3193 2350 poterit
3215 2285 3437 2352 operari.
3502 2284 3616 2339 Per
3643 2286 3807 2354 psal-

2196 2379 2316 2420 mos
2352 2381 2490 2436 opus
2519 2368 2942 2436 praedicatorum
2987 2381 3320 2432 monstratur
3339 2413 3354 2437 ,
3394 2387 3497 2442 per
3520 2373 3803 2431 lectiones

2196 2453 2468 2510 doctrina.
2539 2456 2597 2511 ln
2641 2458 2748 2514 isto
2791 2459 2982 2515 ordine
3035 2463 3317 2534 sequimur
3367 2474 3591 2519 textum
3640 2465 3799 2523 Lm

2195 2544 2578 2615 evangelistte,
2630 2547 2861 2602 dicentis
2900 2567 2912 2602 :
2959 2547 3200 2605 Primum
3246 2553 3466 2624 quidem
3506 2573 3796 2612 sermonem

2194 2632 2295 2702 feci
2317 2634 2382 2687 de
2411 2636 2670 2701 omnibus,
2703 2654 2733 2691 ο
2769 2637 3071 2710 Theophila,
3102 2659 3220 2713 qua:
3241 2646 3403 2714 coepit
3436 2644 3602 2700 Iesus
3627 2649 3798 2716 facere

2197 2732 2247 2777 et
2277 2725 2482 2779 docere.
2544 2729 2801 2784 Doctrina
2837 2746 3073 2802 namque
3121 2736 3560 2803 praedicatorum
3603 2741 3793 2810 quaerit

2199 2815 2526 2874 imitatores.
2564 2820 2646 2875 Ad
2691 2821 2795 2876 hoc
2839 2823 2984 2878 enim
3033 2826 3210 2898 surgit
3242 2839 3451 2884 cantor
3495 2845 3529 2884 a
3575 2832 3723 2896 sede,
3747 2841 3796 2888 et

2195 2907 2405 2961 exaltat
2425 2923 2613 2964 vocem
2640 2911 2695 2965 in
2723 2916 3091 2984 responsorio,
3123 2925 3186 2971 ut
3207 2919 3424 2973 excitet
3449 2931 3670 2977 mentes
3688 2938 3794 2992 quae

2195 3004 2486 3060 audierunt
2529 3007 2832 3063 doctrinam
2889 3011 2957 3065 ad
3004 3013 3248 3069 actiones
3292 3015 3500 3071 bonas.
3570 3017 3796 3090 Surgunt

2194 3108 2433 3165 namque
2480 3095 2689 3152 devotae
2730 3108 2941 3156 mentes
2982 3117 3080 3172 per
3133 3105 3498 3163 devotionem
3540 3108 3794 3165 bonorum

495 3181 665 3236 sticos
706 3183 852 3239 viros
887 3190 1150 3244 memoria
1193 3202 1504 3248 sanctorum
1550 3195 1770 3252 Patrum
1793 3240 1808 3265 ,
1840 3200 1932 3269 qui
1963 3211 2085 3257 ante

2194 3201 2421 3256 operum
2451 3188 2504 3243 in
2534 3195 2902 3262 responsorio,
2942 3205 3002 3250 ut
3032 3199 3414 3267 respondeant
3439 3201 3789 3256 exhortatori.

494 3269 673 3342 legem
704 3275 1059 3333 excoluerunt
1085 3282 1299 3337 vineam
1330 3283 1562 3340 Domini.
1601 3286 1707 3342 Per
1733 3280 1876 3344 hunc
1903 3306 2090 3347 nume-

493 3380 612 3420 rum
644 3370 1008 3435 instruuntur,
1040 3373 1132 3441 qui
1168 3374 1236 3428 ad
1276 3377 1593 3432 nocturnale
1630 3376 1866 3435 ollicium
1897 3397 2088 3436 occur-

494 3465 642 3521 runt,
678 3459 744 3514 de
792 3475 857 3514 eo
903 3463 1045 3532 quod
1080 3465 1341 3523 Dominus
1369 3470 1438 3524 ab
1478 3470 1634 3525 initio
1673 3473 1859 3526 mundi
1898 3473 2088 3530 habuit

492 3552 883 3622 praedicatores
912 3555 966 3608 in
994 3571 1092 3611 sua
1120 3557 1396 3626 Ecclesia,
1441 3563 1534 3632 qui
1568 3565 1823 3634 populum
1858 3567 1954 3622 Dei
1989 3584 2082 3622 co-

493 3640 712 3697 luerunt
748 3645 871 3699 suis.
893 3646 1188 3714 laboribus,
1219 3660 1279 3705 ut
1310 3651 1541 3707 reditum
1565 3665 1834 3724 quaereret
1865 3658 1930 3711 ad
1958 3676 2082 3729 pro-

493 3736 670 3804 priam
709 3739 940 3807 patriam
976 3755 1073 3809 per
1107 3741 1313 3797 Christi
1346 3748 1823 3804 resurrectionem.
1861 3751 2082 3810 Primus

490 3830 762 3898 psalmus,
816 3830 1012 3888 Beatus
1054 3837 1153 3900 vir,
1219 3840 1457 3894 concinit
1500 3844 1898 3911 quodammodo
1945 3847 2082 3904 Abel

486 3913 637 3984 justo
659 3919 897 3986 homini,
935 3924 1090 3992 cujus
1127 3927 1346 3996 sanguis
1375 3927 1578 3986 eﬁ‘usus
1605 3943 1690 3987 est
1716 3933 1770 3986 in
1797 3944 1923 4005 typo
1953 3953 2082 3992 san-

490 4009 670 4079 guinis
695 4010 917 4067 Christi.
956 4015 1023 4069 Et
1047 4017 1288 4086 psalmus
1307 4019 1554 4091 [Domine
1579 4023 1723 4078 Deus
1750 4042 1916 4092 meus,
1947 4029 2002 4083 in
2031 4040 2081 4085 te

488 4103 756 4177 speravi,j
800 4103 912 4162 Noe
957 4117 1014 4163 et
1043 4109 1185 4166 ﬁlius
1210 4113 1346 4183 ejus,
1384 4125 1548 4184 atque
1574 4119 1838 4175 uxoribus
1867 4137 2076 4191 eorum,

489 4209 610 4264 qua:
643 4195 805 4250 salvae
850 4197 1006 4256 facta:
1054 4213 1182 4258 sunt.
1217 4220 1315 4273 per
1349 4222 1563 4276 aquam.
1612 4210 1696 4274 Et,
1729 4210 1968 4283 [Salvum
2000 4233 2080 4270 me

489 4282 597 4353 fac,
630 4285 865 4351 Domine,
893 4294 1139 4362 quoniam
1177 4297 1366 4366 defecit
1403 4302 1674 4374 sanctus,]
1701 4282 1956 4371 Abrahae,
1983 4308 2077 4377 qui

487 4375 637 4431 solus
666 4381 865 4436 restitit
893 4400 961 4438 ne
988 4387 1242 4442 adoraret
1262 4389 1425 4457 idola,
1457 4394 1669 4448 caeteris
1697 4375 2078 4456 corruentibus

486 4466 544 4523 in
586 4483 670 4523 ea.
708 4472 916 4529 Dehinc
955 4479 1200 4547 sequitur
1237 4497 1450 4538 versus.
1509 4485 1711 4542 Versus
1751 4489 1950 4545 dicitur
1985 4491 2077 4546 ille

2189 3275 2334 3333 Ordo
2383 3281 2619 3350 postulat
2666 3285 3054 3343 exhortatoria:
3095 3287 3405 3348 functionis
3437 3302 3502 3347 ut
3543 3294 3657 3349 tale
3697 3294 3792 3350 ali-

2188 3369 2318 3438 quid
2360 3374 2634 3440 praicedat
2671 3377 3104 3435 exhortationem
3137 3383 3283 3452 quod
3324 3384 3612 3440 intentum
3637 3386 3790 3442 faciat

2189 3462 2500 3518 audientem
2528 3475 2583 3520 et
2609 3467 2806 3524 alliciat
2835 3471 2902 3526 ad
2929 3465 3266 3543 sequendum
3287 3516 3304 3541 ,
3343 3486 3411 3531 ut
3445 3479 3505 3534 in
3541 3489 3786 3551 promptu

2187 3547 2528 3608 monstratur
2551 3557 2642 3611 ubi
2674 3559 2884 3616 utilitas
2912 3561 3161 3620 lectionis
3186 3566 3513 3624 divinarum

2186 3659 2368 3699 rarum
2399 3651 2659 3716 praecedit
2698 3655 3131 3713 exhortatoriam
3169 3675 3362 3716 vocem
3410 3666 3684 3720 cantoris.
3727 3665 3794 3721 Et

2184 3743 2245 3789 ut
2271 3737 2587 3796 nullatenus
2619 3758 2773 3798 mens
2810 3747 3178 3806 exhortatoris
3217 3754 3395 3822 possit
3421 3770 3528 3824 per
3554 3756 3788 3826 aliquam

2185 3833 2555 3902 arrogantiam
2596 3845 2819 3906 prepter
2871 3839 3095 3896 citatam
3145 3847 3569 3914 responsionem
3607 3850 3789 3918 subje-

2183 3931 2398 3978 ctorum
2425 3925 2650 3994 elevari,
2683 3932 3074 4002 constringitur
3101 3951 3260 3992 versu
3284 3939 3343 3993 in
3371 3954 3478 4009 quo
3505 3942 3659 3996 solus
3689 3944 3788 3998 de-

2183 4013 2274 4068 bet
2305 4013 2572 4072 laborare.
2613 4017 2729 4085 Quo
2761 4019 2906 4076 facto
2957 4023 3283 4082 admonetur
3320 4044 3384 4083 ex
3421 4032 3670 4102 propriis
3702 4031 3788 4088 la-

2180 4103 2404 4162 boribus
2431 4116 2488 4162 ct
2510 4125 2573 4165 ex
2601 4113 2819 4182 propria
2845 4117 3198 4184 conscientia,
3221 4134 3281 4174 se
3311 4123 3458 4176 scire
3481 4139 3608 4180 esse
3628 4141 3782 4181 men-

2181 4198 2477 4254 surandum
2522 4209 2648 4255 ante
2701 4204 2934 4260 tribunal
2981 4206 3223 4276 Christi,
3267 4226 3379 4267 non
3424 4229 3496 4269 ex
3526 4217 3784 4287 Opinione

2179 4289 2361 4359 pepuli
2387 4300 2443 4346 et
2470 4292 2880 4363 discipulorum.
2917 4298 3121 4356 Priscis
3145 4305 3497 4372 temporibus
3524 4323 3636 4363 non
3664 4325 3782 4365 can-

2179 4381 2400 4436 tabatur
2431 4382 2616 4438 Gloria
2642 4396 2767 4456 post
2790 4404 3032 4459 versum,
3065 4394 3159 4448 sed
3183 4399 3550 4465 repetebatm
3571 4415 3780 4471 respon-

2179 4473 2377 4529 sorius.
2421 4475 2568 4532 Ordo
2599 4480 2796 4535 rationi
2845 4498 3116 4554 congruus
3156 4495 3219 4542 ut
3259 4489 3355 4558 qui
3385 4493 3780 4562 capitalior-

487 4567 682 4612 cantus
703 4575 803 4627 per
834 4578 992 4629 quem
1023 4543 1315 4624 revertitur
1345 4572 1574 4628 intentio
1600 4578 1796 4632 mentis
1828 4579 1881 4632 in
1910 4579 2070 4636 aliam
2097 4543 2152 4603 Β
2178 4569 2323 4618 “to”
2366 4564 2484 4620 ﬁeri
2526 4578 2748 4638 propter
2796 4573 3030 4628 reditum
3084 4576 3153 4630 ad
3200 4577 3498 4637 εωίθεῑθω
3545 4585 3777 4653 Patria“

488 4646 848 4703 intentionem
874 4691 889 4714 ,
931 4655 1086 4721 quasi
1137 4659 1382 4725 quaedam
1440 4666 1762 4732 compositio
1805 4660 2075 4737 ollicialis,

486 4736 778 4808 disponens
811 4739 915 4796 iter
940 4745 1138 4799 mentis
1168 4749 1319 4802 suavi
1349 4752 1616 4806 cantilena
1648 4755 1712 4809 de
1739 4773 1848 4812 uno
1871 4759 2070 4816 affectu

483 4831 551 4886 ad
599 4830 867 4888 alterum:
899 4837 1048 4891 verbi
1093 4840 1270 4908 gratia
1295 4883 1310 4908 ,
1355 4844 1422 4898 de
1451 4846 1747 4914 psalmodia
1787 4852 1855 4906 ad
1879 4852 2070 4910 lectio-

482 4937 639 4988 nem;
686 4925 754 4979 de
801 4927 1094 4986 solitudine
1141 4935 1382 4990 omnium
1429 4938 1797 5001 Ecclesiarum
1840 4947 1909 5000 ad
1937 4963 2064 5017 pro-

481 5013 655 5082 priam
699 5017 1130 5088 conscientiam,
1177 5039 1298 5094 quae
1341 5031 1626 5087 conversio
1673 5035 1973 5091 addiscitur
2008 5039 2064 5095 in

482 5107 881 5174 responsoriis;
926 5110 1125 5167 iterum
1157 5114 1224 5170 de
1258 5118 1556 5186 psalmodia
1589 5123 1657 5178 ad
1688 5127 2064 5198 evangelicum

481 5201 762 5272 hymnum,
792 5205 907 5261 sive
935 5208 1003 5263 ad
1025 5211 1328 5268 orationem
1359 5215 1724 5284 Dominicam,
1758 5221 1912 5291 cujus
1937 5240 2064 5294 pro-

478 5292 634 5364 logus
663 5295 803 5350 solet
829 5312 948 5353 esse
979 5298 1052 5372 [Κ
1055 5305 1166 5372 yrie
1189 5305 1405 5374 eleison,
1425 5319 1480 5364 et
1503 5308 1708 5367 Christe
1725 5292 1955 5389 eleison]_
1966 5333 2060 5374 seu

480 5381 550 5436 ad
579 5386 880 5441 orationem
902 5429 917 5454 ,
957 5405 1121 5466 quam
1161 5395 1299 5452 solet
1327 5400 1574 5468 proferre
1600 5404 1748 5460 solus
1781 5410 2056 5466 sacerdos.

478 5473 585 5531 Iste
613 5487 787 5535 status
818 5484 1015 5539 mentis
1055 5486 1109 5539 in
1145 5489 1334 5545 multis
1370 5493 1627 5551 Ecclesiis
1656 5497 2063 5561 demonstratur

478 5578 577 5637 per
602 5578 804 5626 statum
829 5575 1217 5633 membrorum.
1257 5580 1313 5635 ln
1338 5586 1524 5641 multis
1545 5587 1802 5646 Ecclesiis
1830 5591 1883 5646 in
1908 5595 2059 5662 prin-

2176 4667 2489 4724 perseveret
2525 4660 2582 4714 in
2617 4677 2684 4716 eo
2723 4677 2896 4734 usque
2936 4665 2991 4720 in
3019 4666 3205 4724 ﬁnem.
3252 4670 3299 4724 A
3330 4676 3625 4730 modernis
3650 4691 3780 4733 vero

2173 4744 2500 4814 Apostolicis
2527 4751 2744 4808 additus
2766 4763 2850 4810 est
2875 4756 3130 4827 hymnus,
3157 4757 3374 4831 [Gloria
3406 4760 3595 4832 Patri,
3623 4777 3676 4820 et
3689 4766 3776 4821 Fi-

2171 4836 2340 4903 lio,-et
2375 4839 2600 4911 Spiritui
2627 4845 2833 4918 sancto]
2860 4857 2984 4916 post
3006 4865 3244 4918 versum,
3271 4869 3384 4924 quo
3406 4857 3779 4916 admonemur

2174 4935 2237 4982 ut
2265 4944 2329 4984 ex
2361 4933 2613 4989 omnibus
2653 4936 2808 4992 donis
2851 4947 3014 5010 atque
3054 4943 3195 4999 datis
3229 4961 3454 5017 semper
3482 4950 3777 5010 laudemus

2172 5019 2505 5079 Creatorem.
2535 5026 2617 5080 Ad
2649 5044 2810 5098 quam
2841 5033 3076 5102 patriam
3105 5045 3162 5090 et
3187 5038 3513 5096 societatem
3550 5059 3657 5098 nos
3687 5045 3775 5100 in-

2171 5119 2342 5168 tentet
2399 5115 2676 5174 exhortari
2716 5122 2914 5178 chorus
2979 5136 3289 5184 sanctorum
3336 5133 3774 5201 praedicatorum

2168 5220 2268 5275 per
2311 5205 2513 5264 Christi
2558 5216 3033 5282 resurrectionem,
3084 5235 3342 5274 numerus
3374 5221 3691 5280 lectionum
3719 5236 3772 5282 et

2166 5299 2639 5366 responsoriorum
2690 5304 2782 5373 qui
2832 5306 3140 5364 celebratur
3169 5311 3223 5364 in
3253 5311 3543 5369 Dominica
3573 5328 3769 5382 nocte,

2165 5387 2448 5445 evidenter
2472 5393 2805 5464 manifestat,
2837 5399 3046 5455 scilicet
3074 5403 3142 5456 ad
3165 5403 3447 5460 caelestem
3491 5407 3764 5467 Hierusa-

2162 5477 2269 5536 lem
2311 5491 2367 5536 et
2408 5500 2598 5540 novem
2644 5489 2863 5546 ordines
2909 5493 3248 5564 angelorum.
3304 5495 3407 5563 Qui
3453 5502 3672 5557 rectius
3709 5511 3770 5560 et

2161 5573 2369 5642 aequius
2400 5589 2507 5630 non
2552 5591 2780 5647 possunt
2806 5581 2969 5638 dividi
2995 5624 3011 5649 ,
3059 5600 3220 5655 quam
3251 5588 3500 5645 ternario
3524 5607 3766 5648 numero

480 5663 624 5733 cipio
648 5674 838 5724 cantus
865 5671 959 5741 qui
988 5682 1217 5730 vocatur
1237 5691 1455 5745 versus,
1487 5682 1651 5738 vertit
1675 5699 1734 5740 se
1762 5686 1962 5744 chorus
1988 5688 2058 5744 ad
2158 5681 2256 5738 Ρθτ
2281 5667 2572 5726 intersum
2593 5673 2924 5742 Psalmomm
2953 5676 3116 5732 "ium
3157 5678 3488 5750 νίῧίίίπυωι
3534 5682 3591 5737 ί¹¹
3625 5684 3762 5753 qui‘

481 5754 670 5812 altare.
705 5757 837 5816 Post
862 5777 1081 5822 versum
1122 5778 1426 5840 sequuntur
1470 5780 1583 5831 tres
1625 5775 1889 5838 lectiones
1929 5795 2054 5838 cum

2189 5775 2260 5816 lus
2286 5761 2601 5821 recoluntur
2622 5766 2731 5823 tria
2757 5775 3003 5842 tempora
3031 5771 3310 5828 nominata
3334 5771 3396 5829 in
3421 5773 3766 5846 Evangelio,

3511 6369 4000 6520 ‘l
