4000 6548
212 428 349 488 {249

1242 424 1448 484 LIBER
1488 424 1578 482 DE
1615 423 1873 486 0RDINE
1909 425 2423 486 ANTIPHONARII.

3343 430 3484 488 1250

211 546 266 602 id
299 551 401 610 est,
443 541 622 615 prima
658 539 862 614 vigilia,
909 550 966 599 et
1009 541 1247 599 secunda
1276 543 1491 614 vigilia,
1539 549 1595 598 et
1634 543 1794 597 tertia
1821 541 1871 602 Α
1900 557 1989 596 nes
2040 541 2214 611 justas
2279 539 2496 595 tentatio
2544 539 2917 597 tribulationis.
2981 542 3284 602 Tribulatio
3338 549 3485 613 enim

209 637 406 710 vigilia.
450 636 587 692 Nam
615 636 689 693 in.
700 635 875 706 prima
902 635 1086 706 vigilia
1111 635 1369 692 recolitur
1399 651 1588 690 eorum
1612 650 1793 691 resur-

209 731 378 786 rectio
409 728 590 784 futura
638 728 692 783 in
723 727 965 792 Christo,
1015 729 1107 798 qui
1148 738 1271 784 ante
1305 729 1476 800 legem
1508 729 1794 784 coluerunt

208 823 423 875 vineam
449 819 697 886 Domini;
730 821 783 874 in
825 821 1083 882 secunda,
1123 836 1312 876 eorum
1343 820 1433 890 qui
1463 828 1586 891 post
1617 820 1794 888 legem

209 915 387 970 datam
417 930 588 985 usque
615 915 670 968 in
699 914 992 968 adventum
1022 913 1258 979 Christi;
1289 915 1345 968 in
1377 915 1554 977 tertia,
1587 913 1791 970 Christi

211 1009 619 1079 discipulorum.
664 1007 836 1078 Hujus
870 1009 1017 1064 enim
1057 1009 1377 1064 excellentia
1409 1008 1461 1062 in
1495 1009 1667 1062 tribus
1696 1022 1794 1063 no-

205 1101 448 1157 vissimis
473 1101 697 1172 psalmis
746 1101 962 1156 canitur
1002 1100 1250 1155 Alleluia.
1316 1099 1520 1156 Horum
1557 1101 1793 1170 psalmo-

203 1208 324 1248 rum
350 1194 547 1248 divisio
577 1194 656 1248 sic
685 1208 743 1247 se
767 1193 932 1247 habet
977 1209 990 1246 :
1036 1190 1333 1262 [Conserva
1363 1209 1464 1257 me,
1494 1191 1789 1264 Domine;]

204 1293 478 1340 memorat
500 1285 841 1354 quiescentes
879 1284 932 1337 in
962 1281 1180 1339 Christo
1222 1284 1288 1338 de
1321 1283 1538 1338 levitico
1566 1298 1788 1354 genere.

207 1375 472 1450 [Ea-audi,
504 1376 761 1442 Domine,
805 1377 1075 1447 justitiam
1108 1374 1338 1447 meam],
1382 1375 1626 1444 requiem
1649 1375 1794 1445 judi-

203 1484 358 1534 cum;
392 1468 648 1542 [Diligam
690 1479 772 1535 te,
800 1467 1097 1540 Domine,]
1138 1484 1328 1540 regum
1360 1469 1575 1523 Veteris
1602 1467 1815 1523 TeSta-.

203 1561 373 1617 menti
420 1561 656 1632 palmam
705 1579 718 1615 :
779 1558 954 1633 [Caeli
1005 1559 1324 1634 enarrant,]
1370 1559 1791 1631 praedicatorum

199 1656 338 1713 Novi
369 1656 709 1713 Testamenti
736 1675 750 1712 :
782 1655 1078 1728 [Exaudiat
1126 1666 1174 1711 te
1214 1656 1473 1711 Dominus
1501 1657 1556 1710 in
1581 1655 1666 1709 die
1693 1655 1792 1709 tri-

199 1747 535 1820 bulationis,]
579 1758 881 1819 martyrum
923 1747 1359 1803 Christianorum
1404 1747 1739 1817 triumphum
1773 1764 1787 1800 :

199 1839 492 1912 [Domine,
537 1841 595 1894 in
628 1842 818 1894 virtute
847 1838 990 1912 tua,]
1020 1854 1248 1910 regnum
1279 1853 1505 1894 manens
1534 1838 1792 1909 spiritua-

196 1930 330 1986 lium
357 1947 568 2003 regum.
611 1931 705 1988 Han
731 1947 976 2002 persona:
1000 1931 1244 1986 membra
1276 1940 1403 1986 sunt
1427 1931 1620 2000 capitis
1643 1931 1788 1987 illius

193 2025 351 2094 cujus
419 2039 648 2096 regnum
708 2033 1042 2080 memoratur
1099 2025 1154 2078 in
1220 2023 1429 2094 psalmo
1457 2063 1474 2089 ,
1525 2022 1786 2076 Dominus

194 2118 454 2186 regnavit,
496 2118 737 2172 decorem
781 2119 972 2172 induit.
1015 2116 1132 2172 Hoc
1163 2116 1343 2172 differt
1375 2117 1520 2170 inter
1548 2123 1660 2170 tres
1684 2129 1784 2169 no-

196 2207 422 2264 ctu'rnas
453 2209 816 2264 Dominicales
843 2219 898 2264 et
931 2217 1043 2263 tres
1073 2223 1192 2279 quae
1221 2223 1321 2279 per
1343 2215 1570 2263 caeteras
1595 2206 1787 2262 noetes

193 2308 486 2366 canuntur,
534 2301 752 2371 quando
806 2300 1074 2356 festivitas
1120 2308 1202 2356 est
1237 2307 1586 2364 sanctorum,
1635 2297 1786 2368 quod

193 2394 299 2452 illa;
335 2396 588 2451 recolunt
617 2396 1076 2451 resurrectionem
1107 2409 1414 2464 corporum,
1457 2392 1577 2447 ista;
1602 2397 1785 2444 autem

194 2485 594 2542 beatitudinem
622 2488 927 2542 animarum
955 2494 1288 2550 sanctarum,
1317 2499 1480 2553 quam
1506 2490 1636 2536 tunc
1659 2495 1787 2550 per-

194 2579 406 2649 cipiunt
453 2579 671 2650 quando
717 2578 854 2634 ﬁunt
883 2579 1034 2634 cives
1077 2577 1370 2648 spirituum
1393 2573 1697 2632 caelestium
1731 2579 1786 2627 et

192 2670 483 2728 bonorum.

832 2741 1058 2799 CAPUT
1082 2742 1144 2798 ll.

346 2834 427 2891 De
458 2834 758 2890 matutinalt
783 2836 948 2907 ofﬁcio
973 2852 1068 2906 per
1094 2834 1400 2890 Dominicas
1433 2845 1630 2890 noctes.

263 2950 516 3008 Oilicium
563 2951 880 3006 matutinale
929 2950 1348 3006 Dominiealium
1399 2951 1640 3006 noctium
1688 2948 1782 3005 ad-

186 3049 378 3098 monet
402 3041 972 3097 ecclesiasticos-viros
1015 3041 1349 3112 prospicere,
1378 3041 1650 3112 quomodo
1670 3039 1783 3110 pri-

187 3147 279 3188 mo
306 3140 434 3203 post
463 3132 668 3189 Christi
697 3133 1156 3189 resurrectionem
1204 3133 1404 3204 fugatis
1426 3133 1664 3188 tenebris
1693 3148 1784 3190 er-

189 3237 376 3278 rorum
406 3233 461 3280 et
505 3225 784 3292 vitiorum,
834 3225 1110 3297 primitiva
1139 3224 1383 3281 Ecclesia
1423 3225 1664 3281 surrexit
1711 3225 1781 3281 ad

187 3319 368 3378 lucem
394 3337 540 3377 verte
569 3321 716 3388 ﬁdei,
745 3339 866 3392 quae
904 3331 988 3378 est
1016 3323 1072 3377 in
1100 3320 1252 3377 Novo
1303 3321 1672 3386 Testamento,
1726 3328 1784 3377 et

189 3414 464 3484 quomodo
493 3413 549 3468 in
577 3415 882 3485 posteriore
924 3423 1168 3484 tempore
1205 3412 1522 3484 adjungeret
1549 3413 1652 3468 sibi
1680 3414 1783 3469 Ec-

188 3505 415 3562 clesiam
445 3505 512 3560 de
543 3505 794 3576 gentibus
813 3546 829 3570 ,
860 3513 1024 3575 atque
1050 3505 1246 3559 iterum
1276 3504 1331 3558 in
1362 3521 1531 3559 unum
1557 3516 1782 3562 cunctas

188 3596 327 3653 duas
353 3597 627 3653 Ecclesias
652 3605 902 3668 oporteat
925 3613 1048 3653 eam
1075 3597 1516 3655 tribulationibus
1536 3599 1776 3669 probari,

186 3698 244 3745 et
266 3705 368 3760 per
389 3690 705 3760 patientiam
729 3692 1013 3761 probatam
1058 3691 1311 3759 inveniri,
1348 3706 1559 3746 necnon
1600 3699 1656 3746 et
1683 3707 1783 3762 per

185 3780 565 3851 probationem
605 3782 673 3836 ad
712 3798 1004 3854 supernam
1045 3782 1442 3838 beatitudinem
1471 3783 1777 3854 pervenire.

184 3872 405 3930 Primus
431 3892 621 3932 versus
647 3877 810 3948 primi
855 3877 1050 3948 psalmi
1102 3870 1438 3932 matutinalis
1485 3875 1669 3941 cilicii,
1695 3877 1784 3930 de-

186 3975 462 4023 monstrat
518 3968 800 4025 Christum
847 3983 1106 4042 regnasse
1153 3979 1277 4040 post
1325 3971 1780 4026 resurrectionem

187 4070 364 4124 suam,
393 4067 450 4113 et
471 4059 713 4114 induisse
760 4075 820 4116 se
857 4059 1111 4117 decorem
1152 4070 1207 4116 et
1253 4061 1649 4118 fortitudinem.
1683 4060 1782 4116 Se-

185 4152 396 4206 cundus
425 4163 616 4206 versus
644 4161 913 4208 monstrat
941 4153 1216 4208 ﬁrmatum
1240 4169 1358 4209 esse
1380 4155 1571 4209 orbem
1599 4161 1775 4218 terrae,

181 4243 440 4300 videlicet
491 4245 766 4314 apostolos
815 4247 1103 4301 rohoratos
1131 4245 1336 4301 Christi
1378 4246 1782 4301 resurrectione

184 4344 353 4405 atque
376 4336 698 4392 ascensione
718 4337 786 4391 ad
813 4337 1003 4404 caelos,
1037 4353 1138 4394 nec
1162 4352 1268 4392 non
1298 4346 1353 4392 et
1373 4337 1636 4394 effusione
1659 4337 1782 4407 Spi-

183 4427 325 4483 ritus
379 4429 577 4485 sancti.
640 4428 922 4486 Secundus
969 4430 1210 4500 psalmus
1257 4439 1527 4486 monstrat
1591 4446 1778 4487 eorum

184 4517 564 4589 intentionem,
593 4538 758 4593 quam
781 4522 1110 4588 habuerunt,
1132 4532 1190 4578 ut
1212 4524 1409 4580 multos
1429 4523 1532 4580 sibi
1554 4523 1781 4595 conjun-

182 4619 374 4708 gerent
393 4626 459 4708 ex
489 4611 696 4680 Judaea,
727 4623 782 4668 et
809 4621 868 4670 ut
896 4630 1006 4670 una
1033 4616 1335 4688 eademque
1382 4617 1517 4673 ﬁdes
1544 4625 1689 4673 esset
1719 4618 1773 4672 in
1800 4646 1855 4708 Β

182 4700 463 4771 magistris
489 4710 545 4757 et
571 4705 824 4771 subditis,
852 4713 909 4760 et
929 4723 1038 4761 una
1067 4707 1296 4764 salvatio
1316 4718 1482 4780 atque
1507 4725 1612 4764 una
1655 4708 1773 4780 glo-

181 4790 437 4848 rificatio.
489 4791 707 4850 Tertius
746 4795 988 4866 psalmus
1035 4801 1308 4868 admonet,
1357 4810 1418 4856 ut
1460 4801 1776 4858 intendatur

181 4883 326 4952 quod
373 4892 498 4954 post
540 4882 854 4942 Iudaeorum
909 4887 1140 4942 salutem
1169 4892 1360 4946 eadem
1413 4893 1560 4948 salus
1583 4909 1778 4964 perve-

179 4973 324 5029 niret
362 4976 429 5031 ad
461 4984 668 5048 gentes.
708 4977 789 5032 Ex
813 4993 1044 5050 persona
1076 4982 1319 5050 gentium
1357 4992 1610 5040 cantatur
1628 4986 1775 5056 psal-

179 5081 303 5123 mus
334 5067 520 5141 [Deus,
545 5071 689 5128 Deus
709 5089 876 5139 meus,
913 5075 984 5128 ad
1004 5083 1052 5129 te
1086 5074 1151 5130 de
1178 5075 1292 5130 luce
1317 5076 1522 5150 vigilo].
1553 5078 1774 5135 interim

179 5161 393 5231 repulsa
421 5161 626 5232 Judaea,
674 5165 958 5238 colligetur
992 5176 1048 5224 et
1092 5169 1208 5240 ipsa
1237 5168 1431 5224 iterum
1459 5183 1558 5239 per
1581 5171 1775 5241 prmdi-

179 5255 450 5312 cationem
480 5257 667 5314 Enoch
714 5268 771 5315 et
820 5259 1006 5327 Heliae,
1059 5270 1114 5316 et
1145 5261 1239 5316 fiet
1264 5277 1370 5316 una
1421 5262 1662 5319 Ecclesia
1705 5279 1773 5320 ex

179 5345 388 5403 duobus
413 5349 641 5419 populis.
665 5351 872 5407 idcirco
889 5361 1188 5422 praesentes
1214 5353 1322 5410 duo
1348 5355 1562 5424 psalmi,
1589 5356 1642 5412 id
1665 5365 1770 5423 est,

181 5434 368 5510 [Deus,
393 5440 532 5495 Deus
576 5457 741 5510 meus,
773 5445 842 5498 ad
876 5455 924 5499 te
949 5446 1013 5499 de
1039 5445 1154 5502 luce
1197 5446 1353 5518 vigilo
1379 5448 1434 5522 :]
1477 5458 1553 5516 et,
1604 5450 1770 5522 [Deus

162 5528 488 5584 misereatur
507 5531 719 5604 nostri,]
745 5549 852 5588 non
882 5535 1215 5602 dividuntur,
1244 5545 1307 5592 ut
1331 5539 1441 5593 sint
1469 5539 1523 5593 in
1553 5540 1766 5611 signum

180 5616 322 5677 illius
373 5624 658 5694 temporis,
713 5627 933 5696 quando
982 5629 1128 5684 nulla
1175 5630 1431 5686 distantia
1465 5632 1567 5687 erit
1622 5632 1768 5687 inter

180 5707 336 5768 ﬁdem
389 5716 606 5787 gentilis
636 5720 818 5790 populi
852 5729 906 5775 et
947 5719 1155 5777 Judaici
1190 5742 1203 5777 :
1237 5722 1487 5779 Adunata
1523 5723 1766 5781 Ecclesia

179 5813 247 5856 ex
288 5806 493 5864 duobus
536 5809 751 5880 populis
775 5814 1190 5884 prosperabitur
1217 5828 1318 5885 per
1338 5815 1676 5886 patientiam,
1707 5826 1768 5872 ut

174 5891 461 5977 Scriptura
487 5903 618 5964 dicit
645 5923 658 5963 ε
707 5903 844 5966 Vasa
864 5906 1016 5982 ﬁguli
1054 5908 1242 5983 probat
1261 5909 1484 5985 fornax,
1512 5918 1560 5971 et
1584 5909 1766 5972 homi-

111 6434 3630 6548 ——i_____

1897 636 2214 706 patientiam
2252 643 2528 705 Operatur.
2569 635 2703 691 Tres
2733 637 2887 706 pueri
2916 638 2970 692 in
2997 641 3270 697 caminum
3304 644 3484 712 missi,

1899 743 2127 797 quorum
2170 728 2405 798 hymnus
2433 728 2644 782 canitur
2669 728 2722 782 iu
2749 730 2938 798 quinto
2992 733 3180 788 ordine
3227 733 3476 790 Psalmo-

1897 836 2042 886 rum,
2094 819 2148 874 in
2192 819 2539 875 tribulatione
2579 821 2904 876 exstiterunt
2928 823 3218 891 patientes,
3273 835 3328 880 et
3375 843 3482 882 non

1897 920 2181 966 cesserunt
2211 911 2373 967 minis
2405 911 2901 968 Nabuchodonosor
2930 915 3094 984 regis,
3121 924 3175 970 et
3203 918 3480 974 ministro-

1897 1017 2016 1056 rum
2044 1002 2180 1073 ejus.
2204 1003 2261 1056 in
2285 1019 2380 1058 sua
2411 1005 2720 1062 constantia
2745 1005 3095 1076 prmﬁgurant
3114 1012 3479 1071 constantiam

1897 1092 2112 1148 illorum
2138 1103 2468 1160 sanctorum,
2498 1096 2589 1166 qui
2640 1097 2695 1151 in
2735 1105 2979 1169 tempore
3021 1100 3340 1158 Antichristi
3373 1120 3480 1157 non

1898 1189 2094 1244 cedent
2136 1188 2350 1244 insidiis
2389 1198 2445 1244 et
2475 1189 2639 1244 minis
2667 1189 2803 1259 ejus,
2832 1191 2928 1246 sed
2972 1196 3398 1262 perseverabunt
3434 1195 3486 1249 in

1896 1281 2004 1336 ﬁde
2053 1283 2340 1338 catholica.
2370 1284 2476 1354 lpsi
2508 1294 2668 1339 erunt
2698 1285 2974 1355 patientes
3005 1287 3059 1340 in
3114 1287 3485 1354 tribulatione,

1896 1383 1951 1428 et
1972 1388 2069 1444 per
2101 1375 2416 1444 patientiam
2442 1377 2656 1447 probati
2685 1378 3050 1443 invenientur,
3090 1387 3145 1434 et
3169 1395 3266 1448 per
3292 1382 3487 1450 proba-

1896 1467 2096 1522 tionem
2136 1483 2231 1539 spe
2270 1470 2436 1536 beati,
2491 1471 2559 1525 de
2608 1471 2804 1540 quibus
2853 1472 3117 1542 scriptum
3173 1480 3297 1526 est:
3337 1471 3488 1527 Beati

1895 1560 1984 1631 qui
2013 1571 2313 1631 exspectant
2360 1572 2406 1616 et
2437 1565 2746 1634 perveniunt
2779 1581 2941 1636 usque
2963 1565 3032 1620 ad
3057 1565 3169 1620 dies
3214 1564 3358 1619 mille
3386 1575 3488 1620 trc-

1896 1661 2070 1707 centos
2127 1655 2605 1726 trigintaquinque,
2662 1654 2799 1727 Spes
2855 1667 3036 1712 autem
3094 1673 3200 1713 non
3249 1665 3332 1713 est
3374 1659 3490 1713 sine

1894 1741 2002 1797 lide
2051 1752 2108 1799 et
2146 1745 2432 1800 cliaritate.
2481 1747 2688 1802 Idcirco
2738 1749 2792 1803 in
2845 1758 3031 1805 nostra
3084 1749 3327 1806 Ecclesia
3377 1760 3488 1806 tres

1893 1835 2088 1904 psalmi
2144 1848 2414 1894 canuntur
2437 1840 2791 1911 conjunctim,
2821 1844 2915 1913 qui
2955 1843 3142 1898 referti
3173 1853 3297 1900 sunt
3328 1845 3489 1900 laude

1816 1912 1865 1972 Β
1893 1926 2012 1983 Dei.
2047 1928 2253 1985 Docent
2283 1932 2430 1986 enim
2454 1933 2547 1988 isti
2574 1943 2689 1990 tres
2731 1912 2950 2006 psalmi,
2980 1946 3199 1993 sanctos
3244 1939 3487 1994 victuros

1891 2027 2015 2091 post
2043 2021 2476 2078 interfectionem
2511 2025 2837 2081 Antichristi
2871 2028 2925 2081 in
2953 2028 3214 2084 firmitate
3251 2029 3396 2095 ﬁdei,
3429 2039 3486 2085 et

1890 2113 2226 2169 beatitudine
2257 2117 2392 2185 spei,
2417 2126 2471 2171 et
2497 2118 2700 2173 laetitiae
2729 2119 3056 2186 dilectionis,
3087 2131 3252 2192 atque
3287 2123 3486 2177 unani—

1893 2205 2087 2262 mitate
2129 2207 2498 2278 insoparabili.
2539 2209 2670 2266 Post
2706 2212 2806 2268 hos
2846 2213 3084 2282 psalmos
3124 2215 3340 2270 canitur
3379 2215 3478 2270 ali-

1892 2313 1999 2368 qua
2044 2298 2224 2353 lectio.
2257 2299 2373 2354 Non
2402 2301 2574 2356 deerit
2601 2305 2746 2358 enim
2794 2305 2885 2359 illo
2916 2314 3161 2377 tempore
3188 2309 3342 2363 cibus
3373 2308 3486 2377 spi-

1893 2391 2138 2447 ritalisin
2153 2392 2418 2459 Ecclesia,
2439 2397 2530 2464 qui
2549 2397 3003 2466 augeatlzetitiam
3029 2400 3195 2454 semel
3227 2408 3485 2469 emptam.

1889 2481 2021 2537 Post
2071 2498 2232 2552 quam
2265 2483 2556 2540 lectionem
2597 2487 2802 2542 dicitur
2831 2503 3022 2543 versus
3070 2487 3352 2560 [Dominus
3405 2506 3487 2544 re-

1890 2577 2088 2648 gnavit,
2111 2578 2348 2634 decorem
2375 2579 2590 2653 induit].
2626 2580 2732 2636 lste
2760 2597 2952 2638 versus
2978 2597 3076 2638 nos
3102 2582 3261 2639 docet
3280 2583 3480 2639 iterum

1889 2668 2094 2726 electos
2118 2670 2445 2726 recitaturos
2476 2671 2812 2743 triumphum
2833 2673 3058 2739 Christi,
3088 2681 3210 2745 post
3250 2671 3479 2730 interfe-

1887 2762 2123 2818 ctionem
2150 2762 2491 2829 Antichristi,
2526 2765 2617 2834 qui
2649 2763 2766 2833 ejus
2792 2774 3037 2836 tempore
3063 2766 3216 2837 quasi
3252 2767 3307 2821 in
3347 2765 3476 2820 lati-

1887 2853 2032 2910 bulis
2076 2854 2328 2910 silebant.
2385 2855 2537 2911 Sicut
2593 2867 2718 2928 post
2769 2859 3050 2914 tristitiam
3094 2858 3486 2930 discipulorum

1889 2943 2096 3001 Christi
2151 2944 2218 3001 de
2265 2944 2382 3014 ejus
2428 2956 2623 3015 morte,
2681 2957 2938 3006 renovata
2983 2957 3068 3005 est
3098 2965 3254 3005 mens
3291 2953 3482 3004 eorum

1887 3035 2075 3091 laetitia
2099 3037 2164 3093 de
2187 3040 2584 3096 resurrectione
2609 3040 2743 3112 ejus,
2772 3049 2833 3096 ut
2858 3041 3200 3098 ruminarent
3234 3059 3474 3107 versum,

1892 3127 2173 3200 [Dominus
2196 3131 2475 3204 regnavit],
2502 3132 2579 3187 ita
2601 3142 2656 3188 et
2683 3141 2806 3204 post
2832 3134 3113 3189 tristitiam
3143 3135 3504 3191 Christianoo.

1888 3234 2010 3274 rum
2063 3220 2130 3277 de
2176 3221 2554 3292 persecutione
2594 3222 2953 3290 Antichristi,
2996 3234 3292 3282 renovatur
3330 3241 3486 3284 mens

1885 3325 2077 3366 eorum
2105 3311 2294 3366 laetitia
2342 3313 2410 3368 de
2440 3311 2557 3381 ejus
2588 3313 2990 3380 interfectione,
3022 3325 3083 3370 ut
3114 3325 3314 3371 canant
3359 3316 3487 3388 [Do-

1885 3405 2060 3458 minus
2105 3405 2358 3474 regnavit,
2412 3405 2651 3460 decorem
2704 3406 2922 3478 induit.]
2957 3406 3088 3462 Post
3115 3407 3218 3463 hoc
3269 3416 3482 3477 tempus

1887 3497 2131 3566 sequitur
2178 3505 2237 3551 ut
2285 3497 2520 3569 hymnus
2563 3498 2775 3554 dicatur
2833 3499 3171 3573 [Benedictus
3226 3501 3482 3558 Dominus

1885 3589 2029 3645 Deus
2059 3587 2251 3655 Israel,
2273 3592 2400 3662 quia
2424 3593 2654 3648 visitavit
2683 3603 2730 3648 et
2760 3595 2883 3664 fecit
2907 3595 3314 3666 redemptionem
3366 3596 3478 3668 ple-

1887 3686 1966 3740 bis
1995 3683 2158 3756 suae].
2193 3684 2346 3740 Sicut
2399 3701 2465 3741 eo
2497 3693 2763 3757 tempore,
2808 3686 3024 3764 quando
3052 3687 3199 3743 hunc
3247 3687 3485 3743 cantavit

1885 3778 2205 3842 Zacharias,
2232 3779 2285 3832 in
2306 3779 2557 3848 proximo
2581 3788 2700 3834 erat
2719 3777 2922 3834 Christi
2945 3779 3212 3836 adventus
3229 3778 3440 3850 primus
3460 3797 3477 3835 :

1886 3873 1961 3928 ita
2011 3880 2068 3928 et
2114 3873 2166 3926 in
2193 3873 2490 3928 novissimo
2539 3883 2802 3943 tempore,
2833 3873 2899 3928 de
2927 3888 3038 3943 quo
3062 3873 3309 3943 superius
3339 3874 3474 3940 dixi,

1885 3964 1941 4019 in
1968 3965 2217 4034 proximo
2239 3966 2344 4022 erit
2369 3966 2640 4023 secundus
2663 3966 2931 4021 adventus
2957 3966 3074 4036 ejus
3096 3965 3149 4020 in
3178 3981 3284 4036 quo
3305 3965 3482 4022 sancti

1887 4057 2129 4114 servient
2155 4058 2386 4114 Domino
2424 4059 2541 4114 sine
2571 4058 2786 4123 timore,
2817 4057 2884 4114 de
2913 4071 3078 4113 manu
3129 4057 3482 4113 inimicorum

1885 4149 2125 4217 liberati,
2151 4151 2205 4205 in
2237 4151 2528 4206 sanctitate
2554 4160 2608 4206 et
2631 4149 2842 4219 justitia
2867 4165 3052 4205 coram
3087 4150 3203 4218 ipso
3231 4150 3482 4204 omnibus

1887 4243 2100 4309 tiebus,
2137 4250 2194 4298 et
2213 4251 2411 4298 caztera
2436 4244 2576 4299 bona
2601 4243 2972 4298 attribuentur
2997 4241 3185 4297 electis
3211 4241 3328 4305 Dei,
3362 4259 3482 4312 qum

1885 4335 1941 4389 in
1972 4335 2226 4404 prresenti
2266 4335 2468 4406 hymno
2496 4343 2787 4389 canuntur.
2817 4333 3002 4404 Usque
3030 4335 3097 4388 ad
3126 4349 3339 4400 versus,
3387 4335 3479 4404 qui

1884 4424 2106 4496 proprie
2132 4423 2398 4480 resultant
2419 4423 2486 4479 de
2517 4422 2750 4493 Joanne,
2789 4424 2844 4480 id
2881 4432 2984 4491 est,
3039 4422 3122 4478 Ta
3171 4441 3302 4503 puer
3343 4424 3480 4480 Pro-

1883 4517 2059 4589 pheta,
2085 4525 2143 4573 et
2177 4517 2450 4589 deinceps.

2508 4607 2739 4666 CAPUT
2774 4610 2862 4666 ΙΙΙ.

1984 4698 2065 4754 De
2099 4698 2399 4754 nocturnali
2430 4700 2595 4771 ofﬁcio
2638 4701 3069 4772 quotidianarum
3113 4704 3366 4758 noctium.

1950 4792 2221 4850 Numerus
2252 4793 2586 4864 psalmorum
2626 4795 2719 4864 qui
2765 4796 2936 4850 currit
2980 4810 3079 4864 per
3128 4795 3480 4862 quotidianae

1880 4892 2071 4939 noctes
2091 4883 2399 4939 nocturnali
2426 4883 2622 4948 ofﬁcio,
2656 4884 2712 4938 id
2736 4891 2840 4948 est,
2871 4883 3260 4948 duodenarius,
3301 4890 3479 4938 certat

1877 4992 1978 5047 per
2003 4977 2211 5032 clerum
2256 4975 2687 5031 ecclesiasticum
2731 4989 2893 5030 orare
2925 4989 3026 5045 pro
3053 4975 3292 5046 propriis
3341 4989 3476 5045 pec-

1881 5070 2039 5136 catis,
2079 5077 2136 5124 et
2171 5084 2270 5138 pro
2297 5084 2486 5124 eorum
2514 5083 2745 5139 quorum
2786 5067 3153 5124 oblationi.=us
3198 5075 3476 5124 sustenta-

1884 5171 1973 5218 tur
2021 5162 2280 5218 Ecclesia.
2316 5161 2588 5232 Scriptum
2617 5172 2702 5219 est
2746 5164 2800 5218 in
2858 5162 3152 5232 Evangelio
3201 5161 3471 5218 Joannis.

1883 5255 2074 5311 Nonne
2099 5257 2372 5310 duodecim
2397 5257 2542 5311 liora:
2567 5266 2689 5312 sunt
2713 5257 2818 5310 diei
2833 5256 2858 5309 ?
2883 5255 2944 5311 Si
2971 5256 3088 5326 quis
3125 5253 3472 5309 ambulaverit

1876 5351 1933 5404 in
1958 5350 2064 5415 die,
2095 5366 2198 5404 non
2245 5351 2483 5421 offendit,
2526 5351 2651 5420 quia
2688 5349 2857 5404 lucem
2886 5349 3047 5420 hujus
3075 5349 3259 5404 mundi
3292 5349 3428 5403 videt

1877 5443 1967 5513 qui
1991 5453 2163 5497 autem
2187 5443 2530 5499 ambulaverit
2551 5444 2606 5496 in
2630 5452 2800 5510 nocte,
2825 5444 3064 5514 offendit,
3095 5443 3220 5515 quia
3249 5441 3342 5497 luto
3367 5459 3471 5497 non

1875 5543 1952 5587 est
1999 5534 2053 5589 in
2099 5551 2178 5589 eo.
2216 5534 2321 5589 Per
2375 5535 2657 5590 duodecim
2704 5535 2940 5606 psalmos
2991 5533 3470 5607 comprehenditur

1873 5626 2198 5681 universalis
2232 5626 2532 5682 admonitio
2567 5629 2633 5682 ad
2659 5629 2882 5692 clerum,
2917 5637 2975 5683 ut
3001 5629 3343 5684 intercedant
3368 5642 3470 5698 pro

1873 5720 2094 5776 oifensis
2120 5719 2464 5791 populorum,
2500 5736 2620 5789 quo
2648 5721 2700 5774 in
2737 5730 2892 5774 nocte
2919 5728 3236 5791 operantur.
3271 5719 3340 5774 Et
3365 5733 3467 5790 per

1872 5823 2072 5870 statum
2105 5815 2279 5869 noctis
2309 5814 2788 5884 comprehenditur
2813 5813 3048 5882 qualitas
3089 5819 3464 5882 peccatorum,

1873 5911 2087 5975 dicente
2115 5909 2283 5975 Paulo
2308 5910 2366 5970 in
2387 5910 2627 5984 Epistola
2650 5910 2718 5968 ad
2743 5909 2856 5970 The
2865 5907 3300 5994 ssalonicensesg
3330 5901 3478 5986 9y
