4000 6558
494 429 627 492 ηδ(

1519 423 1856 491 AMALA‘RI!
1887 418 2332 484 ranarum!
2363 417 2713 479 MEI‘EISIB

3670 412 3814 478 4‘1

489 571 584 612 nea
612 554 749 610 enim
773 565 865 606 uos
905 543 1006 622 ﬁlii
1043 539 1175 606 lucis
1201 551 1345 616 estis,
1372 557 1424 605 et
1461 549 1561 620 ﬁlii
1587 549 1693 604 diei
1728 566 1745 604 :
1775 563 1882 603 non
1933 546 2068 602 estis
2096 545 2150 606 Α
2171 539 2415 596 vicissim
2451 537 2728 594 dormiunt
2775 532 3004 598 milites,
3030 537 3087 588 et
3121 528 3366 596 vidulo
3747 534 3808 590 In

491 648 659 706 noctis
687 661 850 718 neque
869 645 1230 699 tenebrarum.
1255 643 1285 699 'l
1291 645 1432 714 gitur
1456 658 1560 696 non
1586 641 1913 696 dormiamus
1936 639 2072 692 sicut

492 752 542 799 et
571 740 769 804 ceteri,
809 737 898 793 sed
947 738 1216 808 vigilemus
1259 745 1306 791 et
1343 735 1503 790 sobrii
1549 735 1733 788 simus.
1785 731 1890 797 Qui
1933 733 2074 785 enim

492 838 780 901 dormiunt,
827 843 975 888 nocte
1018 833 1316 897 dormiunt;
1347 840 1394 886 et
1422 831 1510 903 qui
1555 829 1685 884 ebrii
1735 837 1877 893 sunt,
1930 835 2076 881 nocte

493 930 621 986 ebrii
645 937 788 983 sunt.
827 925 939 980 Nos
978 935 1157 980 autem
1192 926 1280 996 qui
1311 925 1416 978 diei
1457 939 1659 986 sumus,
1687 921 1848 974 sobrii
1887 919 2071 972 simus.

492 1024 776 1080 Debitores
797 1021 940 1074 enim
971 1033 1155 1074 sumus
1179 1031 1297 1083 nos,
1321 1017 1415 1087 qui
1445 1032 1513 1071 ex
1539 1013 1902 1070 oblationibus
1943 1010 2076 1066 ﬁde-

493 1117 625 1171 lium
655 1114 901 1178 vivimus,
923 1121 1041 1166 tam
1069 1126 1170 1180 pro
1213 1123 1403 1164 eorum
1432 1108 1671 1178 peccatis
1715 1104 2072 1168 intercedere,

493 1224 654 1279 quam
684 1222 784 1277 pro
813 1204 1033 1260 nostris.
1081 1202 1157 1257 De
1189 1216 1296 1272 qua
1327 1217 1386 1256 re
1412 1199 1601 1255 scribit
1632 1208 1852 1253 sanctus
1875 1196 2076 1265 Grego-

496 1301 610 1356 rius
658 1299 712 1352 in
749 1297 975 1354 hom-ilia
998 1311 1093 1350 sua
1131 1313 1143 1347 :
1182 1294 1480 1349 Pensemus
1515 1289 1667 1359 cujus
1712 1287 2075 1344 damnationis

493 1391 584 1456 sit,
633 1389 750 1444 sine
796 1389 983 1442 labore
1021 1387 1110 1442 hic
1159 1387 1442 1455 percipere
1491 1383 1799 1438 mercedem
1855 1381 2073 1436 laboris.

493 1481 632 1536 Ecce
680 1496 748 1534 ex
796 1478 1070 1532 oblatione
1103 1478 1339 1531 fidelium
1386 1474 1656 1530 vivimus:
1693 1475 1788 1528 sed
1835 1472 2077 1541 nunquid

492 1589 592 1645 pro
643 1571 926 1627 animabus
952 1570 1189 1626 ﬁdelium
1217 1570 1561 1625 laboramus?
1603 1567 1691 1621 illa
1730 1568 1785 1621 in
1832 1574 2076 1622 nostrum

491 1666 816 1736 stipendium
858 1663 1143 1726 sumimus,
1175 1677 1293 1731 quae
1336 1676 1434 1731 pro
1466 1658 1794 1714 redimendis
1839 1656 2078 1728 peccatis

490 1759 603 1812 suis
656 1757 842 1811 ﬁdeles
891 1755 1238 1818 obtulerunt,
1269 1767 1369 1808 nec
1415 1762 1600 1807 tamen
1637 1761 1825 1807 contra
1849 1759 2076 1820 peccata

490 1851 680 1906 eadem
705 1849 788 1904 vel
810 1848 1074 1904 orationis
1103 1847 1304 1912 studio,
1335 1846 1419 1900 vel
1445 1844 1869 1914 praedicationis,
1902 1851 1962 1897 ut
2005 1842 2081 1896 di-

2175 632 2610 690 Ghristianorum
2628 643 2762 684 vero
2790 626 2991 682 militia
3015 625 3219 681 dictum
3241 632 3332 684 est
3353 624 3420 682 in
3471 623 3806 695 Evangelia

2175 725 2342 781 Marci
2372 743 2384 779 :
2429 723 2583 790 Quod
2603 731 2780 778 autem
2797 720 2942 774 vobis
2971 719 3112 784 dico,
3153 717 3393 774 omnibus
3430 716 3610 782 dico,
3663 715 3806 790 Vigi-

2174 817 2297 873 late.
2340 816 2473 870 Tres
2493 815 2756 870 lectiones
2783 820 2840 868 et
2857 820 2975 868 tres
3014 802 3348 879 responsorii
3371 824 3487 880 per
3517 812 3807 881 quotidia-

2175 929 2274 968 nas
2285 919 2470 968 noctes
2481 910 2762 968 insinuant
2773 915 2974 962 sanctae
2990 905 3152 977 plebi,
3167 905 3688 962 clerusz
3709 907 3802 964 Dei

2177 1007 2246 1060 ad
2279 1006 2383 1060 hoc
2402 1018 2524 1060 esse
2563 1003 2835 1058 nitentum
2867 1009 2929 1054 ut
2975 1000 3262 1054 admoneat
3281 1015 3387 1070 per
3447 1000 3798 1068 lectionem,

2176 1100 2280 1155 hoc
2315 1107 2422 1164 est,
2450 1113 2604 1153 suam
2647 1096 2951 1152 doctrinam
2981 1103 3036 1151 et
3063 1110 3162 1165 per
3191 1097 3658 1165 responsoriu,
3691 1101 3798 1154 hoc

2175 1199 2276 1260 est,
2333 1192 2630 1246 clamorem
2679 1205 2790 1245 non
2821 1206 3047 1260 parvum
3073 1190 3277 1245 mentis
3319 1190 3700 1259 praedicando
3739 1199 3797 1246 et

2177 1286 2512 1343 exhortando
2535 1283 2800 1355 populum
2823 1283 2918 1339 Dei
2943 1283 3012 1338 ad
3037 1283 3272 1354 vigilias,
3309 1282 3361 1336 si
3385 1282 3678 1338 Dominus
3699 1285 3792 1339 do-

2177 1397 2297 1436 mus
2333 1387 2557 1450 repente
2583 1378 2814 1443 venerit,
2865 1391 2990 1432 sero
3014 1391 3084 1431 an
3113 1377 3293 1438 media
3323 1386 3518 1442 nocte,
3553 1393 3630 1432 an
3653 1378 3789 1446 galli

2179 1483 2364 1538 cantu,
2403 1489 2472 1526 an
2521 1486 2700 1536 mane,
2731 1483 2800 1524 ne
2833 1469 3078 1525 inveniat
3107 1483 3245 1523 cum
3287 1469 3686 1524 domientem.

2177 1565 2322 1620 enim
2355 1563 2564 1619 venerit
2583 1562 2848 1618 Dominus
2874 1561 3065 1616 dotatis
3095 1561 3404 1615 secundum
3451 1561 3688 1626 Lucam,
3715 1563 3785 1616 in

2179 1654 2416 1712 secunda
2449 1655 2654 1726 vigil-ia,
2706 1663 2760 1709 et
2792 1653 2838 1708 si
2871 1652 2930 1706 in
2961 1651 3127 1706 tertia
3180 1651 3371 1722 vigilia
3423 1654 3677 1716 mnsit,
3727 1662 3786 1709 et

2178 1747 2411 1818 pulsanti
2453 1745 2741 1800 confestim
2783 1744 3056 1814 aperitur,
3105 1741 3250 1798 beati
3295 1752 3431 1797 sunt
3487 1745 3643 1800 servi
3679 1744 3782 1799 illi.

2183 1840 2311 1895 Haec
2337 1848 2423 1894 est
2449 1839 2683 1893 intentio
2728 1837 2858 1892 cieri
2883 1835 3003 1901 Dei,
3038 1844 3099 1890 ut
3123 1836 3171 1890 si
3218 1836 3346 1904 quis
3371 1837 3536 1906 gravi
3585 1851 3782 1892 somno

489 1959 656 2014 gnum
685 1952 790 2008 est,
819 1942 1155 1997 insudamus.
1189 1941 1299 1996 Nos
1317 1938 1519 1995 fratres
1549 1946 1826 1993 cantemus
1867 1937 1923 1991 in
1977 1952 2075 1991 no-
2102 1921 2150 1981 Β
2176 1933 2443 1998 addictus,
2485 1932 2545 1990 in
2597 1931 2773 2001 prima
2811 1930 2998 2000 vigilia
3043 1929 3323 2000 negligens
3373 1931 3680 1995 exstiterit,
3723 1932 3780 1984 in

491 2037 727 2092 cturnali
753 2035 926 2090 cilicio
951 2035 1178 2089 totidem
1213 2035 1476 2104 psalmos,
1513 2042 1642 2102 quot
1677 2034 1824 2087 hora:
1865 2040 1994 2086 sunt
2015 2033 2074 2086 in

490 2135 651 2183 nocte
693 2126 1055 2195 aequinoctiali
1090 2144 1102 2178 :
1129 2135 1182 2180 et
1213 2139 1278 2178 ex
1303 2133 1446 2178 statu
1477 2126 1736 2192 temporis
1756 2166 1769 2188 ,
1801 2125 2075 2183 discamus

494 2217 768 2274 debitores
798 2232 896 2270 nos
921 2230 1064 2282 esse,
1100 2233 1198 2287 pro
1227 2217 1468 2286 peccatis
1502 2233 1689 2272 eorum
1717 2217 2074 2282 intercedere,

489 2323 720 2378 quorum
741 2307 1109 2363 oblationibus
1136 2316 1526 2362 sustentamur.
1572 2307 1637 2360 Et
1666 2323 1734 2362 ex
1764 2307 1911 2362 senis
1936 2306 2077 2359 anti-

490 2399 705 2470 pbonis,
771 2414 905 2469 quas
954 2398 1196 2452 vicissim
1257 2399 1412 2452 chori
1462 2413 1561 2468 per
1610 2397 1850 2469 singulos
1885 2412 2077 2451 versus

487 2499 762 2562 repetunt,
790 2493 1167 2558 admonemur,
1197 2500 1258 2546 ut
1301 2499 1493 2546 nostra
1527 2491 1758 2545 intentio
1786 2491 1972 2545 tendat
2011 2490 2076 2545 ad

488 2584 876 2656 perfectionem
928 2584 1195 2639 bonorum
1241 2598 1466 2653 operum
1486 2624 1501 2649 ,
1554 2583 1648 2653 qui
1692 2597 1793 2654 pro
1846 2582 2076 2637 aliorum

488 2676 731 2746 peccatis
756 2674 1027 2729 debitores
1071 2688 1261 2728 sumus
1287 2673 1648 2728 intercedere.
1680 2671 1736 2727 Si
1766 2670 2074 2737 fecerimus,

495 2783 603 2822 non
633 2768 739 2822 erit
768 2765 1070 2836 periculosa
1117 2773 1172 2820 et
1220 2766 1663 2836 reprehensibilis
1690 2774 1937 2837 suscepta
1981 2767 2078 2821 ob-

488 2858 620 2916 latio
660 2859 899 2915 ﬁdelium
927 2875 959 2914 a
992 2859 1174 2924 nobis,
1221 2859 1436 2916 dicente
1484 2859 1774 2930 Evangelio
1815 2878 1828 2914 :
1873 2857 2078 2930 Dignus

489 2960 563 3006 est
609 2953 746 3005 enim
803 2951 1075 3022 operarius
1122 2952 1236 3006 cibo
1279 2969 1392 3007 suo.
1441 2951 1913 3022 Recordemurque
1949 2965 2080 3006 seu-

491 3043 672 3098 tentias
699 3041 886 3097 Jacobi
919 3043 1146 3112 apostoli
1166 3083 1181 3109 ,
1215 3044 1448 3098 dicentis
1474 3062 1488 3097 :
1519 3041 1852 3113 Conﬁtemini
1875 3043 2078 3097 alteru-

491 3141 631 3186 trum
650 3142 862 3202 peccata
890 3143 1077 3198 uestra,
1107 3145 1254 3188 orate
1271 3151 1369 3204 pro
1396 3137 1639 3201 irwiceat,
1672 3146 1729 3189 ut
1753 3136 2024 3191 αἰνοπήηὶ
2057 3152 2076 3192 :

492 3224 715 3280 multum
751 3227 888 3279 enim
917 3225 1052 3280 valet
1073 3226 1368 3298 deprecatio
1386 3228 1524 3299 justi
1549 3229 1785 3283 assidua.
1832 3229 2075 3297 Qualita-

2177 2025 2414 2082 secunda
2457 2024 2636 2095 vigilia
2683 2024 2867 2079 solerti
2899 2037 3028 2078 cura
3057 2032 3337 2092 exspectet
3361 2023 3669 2079 Dominum
3699 2035 3782 2077 re-

2175 2125 2474 2171 vertentem
2499 2130 2531 2168 a
2551 2115 2756 2185 nuptiis
2780 2131 2793 2168 :
2832 2113 2988 2180 Quod
3014 2113 3062 2169 si
3087 2115 3252 2168 etiam
3275 2115 3332 2168 in
3361 2115 3610 2170 secunda
3645 2116 3782 2185 vigi-

2176 2207 2248 2263 lia
2308 2208 2586 2278 negligens
2633 2207 2924 2274 exstiterit,
2981 2206 3179 2261 saltem
3219 2206 3272 2261 iu
3313 2207 3474 2262 tertia
3528 2207 3783 2277 vigilans

2178 2303 2504 2358 inveniatur.
2541 2301 2849 2357 Notandum
2881 2311 2984 2367 est,
3016 2301 3164 2372 quod
3192 2316 3517 2372 unaquaque
3566 2302 3780 2355 anima

2177 2395 2354 2452 ﬁdelis
2377 2409 2698 2466 quacunque
2717 2396 2806 2451 die
2826 2404 2989 2452 exuta
3014 2393 3180 2449 fuerit
3201 2408 3447 2464 corpore,
3463 2393 3780 2463 septimm

2180 2490 2393 2546 sabbati
2417 2491 2628 2560 recipit,
2657 2500 2716 2545 et
2739 2490 3072 2546 resurrectio
3115 2498 3431 2545 sanctorum
3468 2503 3771 2558 corporum

2177 2592 2424 2638 octavam
2459 2584 2606 2637 diem
2631 2591 2916 2652 exspectat
2941 2583 3055 2636 vita
3085 2597 3424 2653 quintamque

2179 2675 2430 2748 gilaverit
2458 2691 2488 2729 a
2521 2677 2667 2747 gravi
2707 2691 2900 2731 somno
2937 2676 3278 2748 negligentiae
3309 2691 3414 2746 per
3443 2691 3636 2730 curam
3679 2689 3772 2730 oc-

2179 2766 2566 2830 clesiasticam,
2599 2765 2712 2820 sive
2739 2766 2791 2820 in
2817 2765 2993 2835 prima
3033 2765 3236 2836 vigilia,
3265 2767 3382 2820 sive
3415 2766 3473 2819 in
3511 2765 3766 2828 secunda,

2180 2859 2294 2914 sive
2322 2858 2375 2912 in
2397 2858 2579 2923 tertia,
2613 2858 2793 2913 statim
2823 2859 3041 2930 attingit
3070 2859 3410 2912 matutinum
3453 2868 3672 2928 tempus
3713 2859 3764 2912 in

2181 2958 2374 3021 quarta
2398 2950 2598 3020 vigilia.
2632 2950 2702 3006 U-t
2725 2964 2870 3017 reor,
2895 2959 3082 3007 sancta
3110 2950 3358 3008 Romam
3381 2949 3639 3006 Eccluia
3667 2951 3765 3006 hoc

2179 3042 2464 3114 speciatim
2501 3042 2660 3100 nobis
2693 3043 2940 3098 insinuat
2959 3059 3057 3114 per
3093 3057 3244 3098 suam
3291 3044 3761 3100 mandi-cn.

2179 3134 2297 3205 Ipsa
2347 3134 2494 3190 enim
2527 3141 2914 3206 quamcunque
2939 3135 3134 3190 ordine
3183 3133 3271 3190 vel
3323 3150 3563 3190 numero
3586 3135 3762 3190 lectio-

2181 3241 2311 3282 num
2335 3227 2531 3281 uiderit
2550 3235 2826 3282 maturam
2849 3226 3169 3298 procedere,
3211 3234 3274 3292 ut
3297 3227 3509 3288 audivi,

473 3325 600 3372 .tcm
629 3326 995 3388 peccatorum,
1026 3287 1148 3388 qure
1173 3328 1282 3373 tam
1307 3287 1464 3373 facile
1495 3320 1810 3388 remittitur,
1833 3287 1903 3376 ex
1941 3322 2080 3376 scri—
2105 3287 2150 3350 Ο
2182 3318 2494 3374 noctumaie
2513 3317 2776 3383 ndicium,
2797 3287 3076 3388 etuinuipit
3116 3287 3471 3383 matutinale,
3497 3318 3761 3389 pericii»

492 3411 599 3482 ptis
619 3412 789 3466 sancti
812 3412 986 3482 patris
1014 3413 1186 3468 nostri
1207 3412 1368 3468 Beda;
1397 3413 1485 3468 hic
1509 3413 1858 3472 inseruimus.
1892 3415 1950 3470 ln
1969 3416 2077 3472 hac

493 3514 674 3562 autem
695 3507 961 3561 sententia
988 3507 1150 3562 debet
1187 3523 1308 3562 esse
1349 3508 1625 3576 discretio,
1675 3517 1736 3563 ut
1763 3510 2078 3580 quotidiana

494 3596 741 3669 leviaque
783 3607 1011 3669 peccata
1049 3599 1372 3656 alterutrum
1414 3601 1778 3670 coaequalibus
1821 3602 2079 3658 confitea-

494 3705 634 3756 ntur,
674 3705 844 3760 eaque
885 3691 1196 3760 quotidiana
1237 3693 1544 3758 credamus,
1571 3695 1819 3749 oratione
1853 3695 2074 3751 salvari.

494 3780 560 3836 Et
594 3790 813 3838 sanctus
836 3782 1166 3853 Augustinus
1191 3783 1246 3836 in
1269 3783 1364 3839 lib.
1395 3783 1747 3840 Enchiridion
1779 3803 1791 3838 :
1829 3785 1908 3840 De
1937 3801 2078 3856 quo-

496 3873 716 3928 tidianis
758 3882 939 3930 autem
983 3875 1240 3930 brevibus
1281 3876 1599 3946 levibusque
1641 3878 1882 3947 peccatis
1904 3918 1918 3945 ,
1959 3879 2080 3936 sine

497 3965 690 4032 quibus
731 3966 850 4019 hare
885 3966 997 4019 vita
1031 3981 1139 4020 non
1164 3967 1383 4022 ducitur
1409 3986 1421 4021 :
1447 3967 1764 4038 quotidiana
1794 3968 1972 4025 oratio
2013 3968 2080 4032 ti.-

498 4053 695 4111 delium
719 4054 1041 4111 satisfaciat.

1111 4118 1340 4207 CAPUT
1374 4151 1466 4208 tv.

496 4236 574 4294 De
597 4256 812 4296 numero
837 4239 1112 4297 lectionum
1133 4252 1183 4298 et
1211 4245 1659 4327 responsoriorum
1687 4245 2079 4316 suprascripta-

1086 4331 1200 4368 rum
1233 4327 1368 4370 nocti
1377 4333 1461 4370 um
1470 4358 1482 4370 .

571 4423 726 4495 Saepe
773 4425 1105 4481 inculcatum
1145 4435 1229 4482 est
1257 4426 1633 4498 responsorios
1681 4426 1836 4498 sequi
1886 4427 2078 4482 lectio-

499 4534 596 4573 nes
654 4527 876 4587 propter
932 4519 1270 4589 disciplinam
1312 4520 1769 4585 ecclesiasticam,
1805 4535 1928 4589 qua:
1971 4533 2078 4575 non

2180 3419 2301 3466 sum
2329 3418 2412 3466 est
2435 3412 2580 3467 enim
2619 3411 2930 3481 transgredi
2951 3411 3220 3468 terminos
3243 3420 3503 3480 patrum,
3532 3410 3632 3468 hoc
3657 3419 3760 3474 est,

2177 3503 2286 3559 nisi
2308 3511 2402 3559 aut
2424 3503 2484 3558 in
2523 3504 2856 3570 maturitate,
2883 3504 3040 3575 juxta
3077 3503 3473 3562 auctoritatem
3499 3503 3760 3573 propth

2181 3596 2349 3652 David
2397 3605 2714 3668 surgamus,
2749 3605 2849 3653 aut
2867 3597 3025 3668 juxta
3063 3597 3526 3655 cmmetudinetn
3571 3603 3767 3654 ωειηι

2181 3691 2513 3764 fragilitatis,
2552 3693 2613 3748 in
2646 3691 2942 3764 gallicinio.

2805 3783 3036 3840 CAPUT
3073 3784 3140 3841 ν.

2302 3873 2381 3930 De
2399 3872 2704 3932 matutina“
2727 3873 2894 3944 ofﬁcio
2927 3874 3360 3945 quotidianam

2249 3968 2516 4036 Quoniam
2545 3969 2708 4024 homo
2719 3982 2856 4037 pars
2889 3974 2974 4024 est
3003 3967 3212 4033 mundi,
3247 3968 3390 4036 apud
3423 3965 3643 4024 Grues
3668 3977 3767 4031 ap-

2179 4058 2413 4130 pellatur
2439 4059 2803 4134 μικρόκοσμος,
2831 4057 2889 4112 id
2907 4065 3016 4123 est,
3044 4059 3224 4112 minor
3250 4057 3477 4114 mundus
3506 4073 3520 4110 :
3551 4064 3610 4112 et
3637 4055 3764 4110 ideo

2181 4165 2291 4208 non
2355 4150 2630 4206 immerito
2677 4149 2840 4206 statui
2897 4158 3203 4220 temporum
3249 4157 3603 4220 comparatur
3655 4157 3765 4204 tota

2182 4244 2351 4300 series
2381 4243 2682 4298 nativitatis
2709 4244 2978 4298 humanae.
3005 4242 3124 4298 Nox
3143 4244 3290 4300 enim
3324 4245 3476 4306 diota
3505 4250 3595 4300 est
3629 4241 3764 4313 quod

2179 4345 2374 4391 noceat
2415 4335 2723 4405 aspectibus
2757 4334 2842 4389 vel
2890 4335 3122 4405 negotiis
3167 4335 3455 4399 humanis,
3493 4336 3614 4391 sive
3645 4335 3760 4404 quia

2180 4426 2329 4483 fures
2382 4427 2730 4495 latronesque
2777 4425 2831 4481 in
2876 4441 2941 4481 ea
2989 4426 3220 4482 nocendi
3251 4427 3374 4482 aliis
3427 4429 3761 4483 occasionem

2182 4519 2584 4577 nanciscantur.
2616 4517 2923 4588 Ignorantia
2950 4519 3172 4583 mentis,
3217 4534 3338 4588 qua:
3369 4518 3519 4574 solet
3551 4518 3760 4572 evenire

502 4608 618 4660 vult
650 4609 924 4662 auditores
977 4610 1112 4678 legis
1157 4619 1368 4664 tantum
1417 4611 1621 4665 habere
1669 4611 1722 4664 in
1747 4626 1842 4664 sua
1873 4611 2077 4676 schola,
2105 4651 2159 4710 Β
2184 4625 2251 4668 ex
2281 4610 2524 4666 tenebris
2552 4615 2922 4679 peccatorum,
2961 4618 3306 4679 comparatur
3333 4611 3514 4664 nocti.
3545 4609 3616 4663 De
3659 4621 3762 4677 quo

501 4699 596 4754 sed
622 4697 874 4763 factores,
907 4701 1173 4754 scribente
1214 4711 1403 4758 sancto
1445 4702 1711 4772 Gregorio
1742 4703 1797 4755 in
1827 4703 1942 4757 suis
1987 4718 2078 4757 re-

501 4791 734 4861 sponsis,
784 4791 851 4850 ad
883 4791 1239 4863 Augustinum
1264 4792 1336 4846 ita
1390 4808 1404 4847 :
1453 4792 1590 4847 Nam
1637 4793 1692 4848 in
1742 4794 1874 4863 ipsis
1917 4794 2080 4852 rebus

501 4883 856 4954 spiritalibus,
907 4891 970 4938 ut
1013 4884 1291 4954 sapienter
1338 4893 1394 4940 et
1439 4893 1651 4940 mawre
1701 4885 2078 4955 disponantur,

501 4977 804 5046 exemplum
831 4977 1051 5034 trahere
1074 4992 1104 5030 a
1128 4977 1290 5032 rebus
1337 4979 1500 5032 etiam
1531 4977 1837 5033 carnalibus
1888 4993 2079 5049 possu—

503 5081 642 5124 mus.
698 5069 1040 5124 Addisciurua
1077 5083 1142 5122 ex
1195 5069 1396 5139 vigiliis
1439 5069 1786 5136 militaribus,
1835 5071 1903 5126 ad
1949 5069 2080 5139 quid

503 5160 837 5214 instruamur
859 5173 927 5213 ex
947 5159 1123 5218 tribus
1162 5158 1483 5214 lectionibus
1501 5168 1559 5220 et
1583 5160 1961 5230 responsoriis.
1992 5161 2100 5216 Di-.

502 5253 577 5307 cit
597 5260 819 5307 sanctus
839 5250 1158 5307 Ambrosius
1183 5270 1196 5304 :
1225 5251 1443 5306 imitare
1469 5251 1666 5307 milites
1693 5251 1850 5308 istius
1873 5253 2079 5319 saeculi,

503 5354 558 5400 et
583 5355 640 5400 te
675 5344 904 5400 militum
949 5359 1071 5400 esse
1116 5343 1317 5400 Christi
1346 5342 1619 5402 existima.
1668 5342 2082 5404 Armiductores

505 5435 900 5494 constituerunt
925 5434 982 5492 in
1020 5433 1210 5495 militia
1243 5451 1348 5494 sua
1377 5433 1772 5496 dormientibus
1815 5435 2082 5495 militibus

505 5535 682 5582 castra
717 5526 854 5585 tueri
876 5541 978 5596 per
1002 5534 1112 5583 tres
1133 5526 1344 5597 vigilias
1361 5525 1422 5582 in
1453 5533 1630 5582 nocte.
1664 5525 1869 5592 Quarta
1897 5535 2080 5584 autem

506 5624 591 5673 αι
619 5619 674 5672 in
717 5618 1021 5678 matutinali
1063 5628 1324 5689 tempore,
1375 5620 1590 5688 quando
1635 5633 1736 5674 nos
1785 5619 2082 5676 matutinos

508 5716 809 5768 mutamus.
853 5712 913 5768 lu
939 5713 1254 5769 memoratis
1278 5712 1450 5768 tribus
1479 5712 1681 5783 vigiliis
1707 5713 1900 5785 vigiles
1944 5729 2079 5770 con-

511 5802 687 5862 stituti
728 5815 874 5872 sunt,
915 5808 1007 5878 qui
1053 5807 1363 5863 custodiunt
1411 5806 1644 5862 militum
1695 5807 2079 5864 dormientium

501 5911 760 5986 ροινοη,
783 5908 843 5956 et
865 5901 1248 5972 supellectilem
1272 5916 1486 5959 eorum.
1522 5900 1585 5958 ln
1612 5901 1808 5964 militia
1837 5901 2084 5960 sweulari

2183 4710 2407 4775 peccato
2459 4701 2594 4758 dicit
2634 4709 2853 4758 sanctus
2883 4702 3218 4772 Augustinus
3247 4702 3299 4758 in
3339 4701 3489 4758 libro
3521 4702 3764 4763 haud.

2183 4795 2308 4854 dion
2350 4793 2610 4854 :Duabus
2633 4807 2700 4847 ex
2728 4793 2908 4850 causis
2929 4807 3223 4862 peccamus
3249 4807 3263 4846 :
3295 4802 3392 4850 aut
3417 4794 3673 4849 nondum
3697 4792 3769 4845 vi-

2183 4885 2356 4942 dendo
2383 4885 2514 4956 quid
2536 4883 2718 4941 facere
2757 4885 3070 4951 debeamus,
3099 4893 3191 4940 aut
3214 4899 3320 4942 non
3347 4883 3613 4942 faciendo
3633 4881 3766 4954 quod

2183 4980 2379 5036 debere
2427 4979 2543 5036 ﬁeri
2574 4975 2690 5046 jam
2742 4976 3008 5034 videmus.
3055 4977 3297 5044 Quorum
3347 4978 3592 5040 datorum
3653 4975 3770 5037 illud

2181 5070 2497 5143 ignorantiae
2520 5069 2720 5134 malum
2734 5077 2834 5133 est,
2861 5068 2964 5126 hoc
2977 5068 3336 5133 inﬁrmitatis.
3362 5067 3473 5124 Pro
3494 5069 3582 5126 bis
3603 5071 3769 5132 enim,

2187 5177 2416 5231 quorum
2445 5175 2599 5216 mens
2621 5161 2896 5216 obcaacata
2932 5167 3015 5224 est
3063 5159 3372 5230 ignorantia
3407 5170 3772 5229 peccem

2185 5261 2345 5310 orant
2369 5253 2729 5311 ecclesiastici
2756 5255 2881 5322 viri,
2913 5263 2974 5312 ut
2996 5262 3051 5314 et
3074 5254 3179 5326 ipsi
3210 5254 3562 5323 resipiscam,
3587 5264 3656 5309 et
3689 5268 3773 5310 co-

2185 5357 2444 5420 gnoscant
2469 5364 2566 5409 sua
2593 5357 2831 5419 peccata.
2863 5349 3075 5414 Talium
3101 5357 3308 5408 tuentes
3332 5349 3473 5410 solet
3519 5349 3774 5408 Christus

2184 5449 2403 5512 propter
2427 5456 2576 5504 suam
2601 5441 3033 5506 misericordiam
3047 5441 3541 5504 intorvenimtilnn
3559 5441 3773 5498 meritis

2186 5541 2519 5599 sanctarum,
2568 5532 2792 5597 visitare
2843 5531 3241 5604 quodammodo
3289 5533 3427 5588 hora
3467 5534 3768 5592 matutina.

2187 5625 2508 5681 Matutinum
2559 5633 2644 5678 est
2690 5639 2940 5689 secessus
2994 5625 3363 5688 tenebrarum,
3393 5631 3453 5678 et
3501 5623 3776 5680 adventu

2187 5731 2415 5772 aurorae.
2445 5715 2522 5770 Eo
2543 5725 2791 5786 tempore
2817 5716 2896 5772 sol
2938 5717 3334 5787 appropinquat
3361 5715 3431 5771 ad
3455 5716 3774 5785 superiora,

2186 5819 2246 5864 ut
2271 5808 2505 5879 expellat
2535 5809 2785 5863 tenebras
2805 5823 2835 5864 a
2875 5808 3163 5879 superficie
3193 5817 3372 5863 terra.
3423 5806 3778 5861 Adveniente

2188 5900 2324 5968 sole,
2336 5914 2485 5966 vero,
2499 5897 2783 5970 expellitur
2794 5899 2972 5973 caligo
2983 5899 3302 5972 ignorantia:
3317 5914 3348 5952 a
3360 5905 3546 5954 metite
3573 5898 3776 5952 huma-
