4000 6530
481 390 622 450 ηδε

1512 395 1849 455 AMALARII
1884 394 2323 456 PRESBYTER]
2361 393 2702 456 METENSIS

3623 397 3797 469 14256

477 505 697 563 versum
735 506 946 581 Περιειὶ
985 508 1172 567 sumus
1218 528 1374 569 mane
1423 515 1785 571 misericordia
1842 524 1955 571 tua.
2003 516 2064 571 In
2089 528 2140 587 Α
2168 513 2386 571 Etenim
2410 515 2670 587 psalmus,
2690 510 2843 569 Beati
2861 510 3212 583 immaculati,
3227 513 3428 588 plenus
3449 523 3546 574 est
3566 518 3788 575 sanctis

477 597 728 656 Romano
772 617 901 658 vero
930 603 1326 675 Antiphonario
1374 607 1553 663 inveni
1602 609 1803 680 plures.
1858 609 2064 665 Idcirco

477 692 646 760 coepit
689 708 755 747 ex
795 692 900 750 hoc
929 711 1126 752 canere
1153 714 1371 755 versum
1402 702 1456 756 in
1486 705 1787 759 matutinis.
1818 705 2060 774 Domine,

477 785 769 839 meditabor
807 788 862 842 in
904 799 974 856 te,
1023 809 1123 862 per
1168 795 1463 850 secundam
1507 796 1698 854 feriam
1738 809 1793 855 et
1824 802 2058 857 tertiam.

477 872 679 944 Repleti
731 894 912 934 sumus
960 882 1325 939 misericordia
1374 897 1506 954 tua,
1562 905 1660 958 per
1699 901 1946 960 quartam
2006 900 2062 948 et

473 965 718 1032 quintam
777 967 999 1036 feriam,
1065 973 1340 1044 [Auditum
1388 979 1474 1047 fac
1523 963 1651 1036 mihi
1705 982 1902 1054 mane],
1963 1000 2061 1054 per

473 1065 686 1111 sextam
731 1068 786 1115 et
842 1064 1146 1132 septimam.
1198 1066 1398 1124 Omnes
1430 1071 1519 1126 isti
1549 1086 1738 1128 versus
1765 1082 2060 1143 precantur

470 1148 610 1202 bona
642 1150 852 1206 Domini
882 1169 1002 1223 quae
1029 1161 1337 1215 necessaria
1367 1171 1494 1218 sunt
1523 1175 1706 1220 mente
1731 1181 2057 1222 conversum

471 1240 708 1297 retinere
741 1244 796 1298 in
840 1249 1109 1303 matutina
1147 1251 1281 1306 hora
1320 1269 1784 1327 unumquemque,
1811 1258 1924 1314 sive
1955 1274 2056 1328 pro

467 1337 723 1404 praesenti
779 1343 1159 1409 conversione,
1199 1346 1315 1401 sive
1347 1363 1448 1418 pro
1475 1347 1659 1405 futuro
1691 1366 1872 1416 mane,
1911 1351 2057 1421 quod

467 1437 810 1498 exspectatur
830 1432 884 1486 in
909 1437 1332 1494 resurrectione.
1365 1440 1498 1496 Post
1523 1442 1623 1498 hos
1648 1445 1848 1514 gradus
1870 1459 2056 1500 ascen-

467 1515 612 1572 ditur
634 1521 702 1575 atl
731 1522 906 1592 ipsum
935 1524 1222 1582 Dominum
1259 1539 1506 1586 nostrum
1538 1531 1722 1589 Iesum
1753 1533 2050 1602 Christum,

464 1608 557 1678 qui
587 1610 832 1668 visitavit
855 1622 911 1670 et
935 1615 1064 1671 fecit
1089 1619 1517 1692 redemptionem
1545 1624 1720 1694 plebis
1749 1641 1879 1681 sum.
1908 1626 2052 1698 Apo-

464 1703 687 1771 stropha
734 1703 795 1759 ﬁt
843 1707 910 1763 de
953 1723 1218 1767 converso
1261 1714 1478 1770 homine
1526 1732 1624 1787 per
1670 1720 2050 1788 ptenitentiam

463 1791 532 1846 ad
572 1796 941 1867 evangelicum
984 1802 1186 1867 virum,
1231 1807 1324 1876 qui
1371 1807 1691 1865 exhortatus
1715 1819 1798 1867 est
1828 1812 2052 1868 laudare

2167 608 2430 675 moribus,
2459 624 2557 680 per
2591 623 2727 677 quos
2753 613 2970 678 oportet
2999 607 3284 666 ambulare
3312 623 3784 681 unumquemque

2167 703 2259 774 qui
2309 703 2483 775 legem
2525 703 2739 758 Domini
2793 711 2971 758 certat
3010 703 3253 776 implere.
3305 703 3598 771 Psalmus,
3632 704 3784 760 Deus

2165 800 2223 854 in
2259 801 2466 854 nomine
2491 809 2581 854 tuo
2603 798 2808 853 salvum
2837 815 2919 852 me
2950 798 3057 867 fac,
3093 799 3188 870 qui
3213 799 3567 870 praeponitur
3591 810 3784 855 cente

2166 891 2305 947 simo
2349 901 2542 948 octavo
2581 891 2817 957 decimo,
2845 906 2954 946 non
2999 900 3083 947 est
3117 892 3196 947 ita
3230 894 3572 964 pratpositus
3617 894 3783 964 quasi

2164 987 2504 1041 necessarius
2568 985 2640 1040 sit
2703 993 2920 1039 tantum
2965 984 3060 1039 uni
3125 985 3269 1054 parti
3322 985 3438 1040 diei
3489 1000 3625 1057 qua
3690 1000 3782 1040 vo-

2162 1086 2320 1132 catur
2370 1078 2567 1148 prima,
2609 1079 2706 1134 sed
2760 1081 2857 1135 toti
2905 1081 3081 1152 spatio
3125 1079 3255 1136 diei.
3303 1079 3487 1137 Homo
3540 1081 3644 1151 qui
3693 1080 3780 1134 in-

2162 1168 2293 1239 cipit
2342 1170 2627 1227 ambulare
2672 1171 2728 1226 in
2789 1172 2906 1244 lege
2958 1173 3194 1237 Domini,
3237 1172 3382 1228 sciat
3425 1187 3491 1229 se
3541 1186 3619 1226 ex
3665 1188 3776 1228 una

2158 1271 2314 1331 parte
2343 1262 2545 1318 habere
2570 1262 2803 1330 leonem,
2836 1273 2891 1318 et
2917 1279 2982 1319 ex
3020 1265 3192 1321 altera
3225 1273 3386 1336 parte
3418 1266 3730 1321 draconem
3757 1277 3773 1318 ε

2159 1351 2371 1409 leonem
2397 1354 2453 1408 in
2486 1355 2691 1424 apertis
2725 1357 3219 1427 persecutionibus,
3254 1358 3552 1412 draconem
3591 1361 3651 1411 in
3683 1359 3776 1413 in-

2158 1443 2334 1500 sidiis.
2367 1445 2597 1513 Quando
2629 1448 2869 1504 insidiati
2909 1459 3038 1505 sunt
3074 1450 3244 1504 David
3283 1450 3509 1519 Ziphaai,
3540 1459 3599 1505 ut
3627 1467 3764 1506 eum

2158 1538 2704 1606 comprehenderent,
2753 1548 2806 1595 et
2854 1541 3129 1596 traderent
3161 1541 3216 1596 in
3249 1558 3450 1599 manus
3479 1543 3632 1606 Saul,
3663 1545 3762 1614 qui

2157 1643 2283 1684 eum
2321 1629 2541 1686 volebat
2569 1633 2844 1699 occidere,
2872 1635 3111 1689 cantavit
3137 1634 3411 1704 psalmum
3459 1637 3666 1702 istum;
3712 1647 3768 1692 et

2155 1737 2255 1778 nos
2282 1725 2500 1794 quando
2547 1725 2867 1782 inchoamus
2915 1727 2970 1782 in
3013 1727 3188 1798 prima
3238 1730 3373 1783 hora
3424 1730 3539 1785 diei
3587 1731 3765 1786 vitare

2154 1815 2561 1884 persecutiones
2590 1824 2646 1872 et
2673 1817 2898 1873 insidias
2925 1818 3145 1883 diaboli,
3172 1828 3458 1876 cantemus
3484 1821 3761 1891 psalmum

462 1897 708 1943 sanctam
728 1889 1053 1950 Trinitatem
1074 1913 1173 1967 pro
1193 1898 1472 1957 beneﬁciis
1489 1904 1746 1972 praestitis
1760 1920 2049 1974 converso,
2080 1898 2129 1958 B
2156 1923 2257 1978 pro
2285 1915 2399 1964 toto
2421 1908 2616 1963 itinere
2644 1910 2772 1977 diei,
2804 1909 2968 1978 Deus,
3004 1912 3059 1965 in
3089 1914 3299 1967 nomine
3320 1923 3413 1968 tuo
3439 1889 3655 1970 salsum
3683 1933 3764 1969 me

461 1985 517 2032 et
543 1979 704 2034 dicit:
731 1981 1046 2042 Benedictus
1081 1987 1340 2046 Dominus
1380 1992 1522 2049 Deus
1545 1994 1740 2063 Israel,
1775 1999 1901 2069 quia
1932 2000 2053 2054 visi-

460 2071 590 2124 tavi:
613 2073 879 2130 miseriam
901 2079 1212 2150 humanam,
1239 2095 1286 2138 et
1310 2086 1432 2155 fecit
1457 2089 1861 2160 redemptionem
1884 2091 2047 2160 illius,

458 2159 594 2215 sicut
623 2162 827 2222 locutus
868 2180 944 2224 est
984 2189 1077 2242 per
1121 2191 1177 2229 os
1224 2187 1548 2232 sanctorum.
1601 2159 1706 2234 Per
1752 2197 1941 2236 eorum
1988 2159 2051 2240 os

459 2254 735 2322 promisit,
773 2258 827 2313 in
864 2277 1188 2336 quacunque
1215 2267 1302 2323 die
1329 2269 1525 2339 impius
1568 2287 1864 2328 conversus
1905 2282 2050 2328 esset

456 2345 526 2401 ab
577 2347 855 2419 impietate
897 2365 1015 2422 sua,
1063 2360 1208 2428 quod
1231 2377 1422 2418 manes
1464 2363 1743 2434 injustitire
1773 2366 1890 2436 ejus
1916 2366 2051 2422 obli-

454 2437 604 2493 vioni
645 2443 1010 2501 traderentur.
1056 2449 1418 2522 Reddiditque
1458 2453 1864 2524 jusjurandum,
1904 2459 2049 2528 quod

446 2531 654 2602 juravit
699 2535 977 2596 Abraham
1020 2545 1161 2612 patri
1207 2554 1417 2612 nostro,
1468 2549 1720 2604 daturum
1768 2563 1828 2606 se
1867 2553 2044 2620 nobis,

455 2623 560 2680 hoc
585 2638 686 2695 est,
713 2639 774 2684 ut
803 2632 920 2688 sine
953 2635 1149 2690 timore
1175 2636 1243 2692 de
1270 2653 1432 2694 manu
1461 2640 1804 2698 inimicorum
1835 2655 2048 2701 nostro-

456 2732 580 2774 rum
623 2720 838 2780 liberati
876 2728 1185 2787 serviamus
1225 2731 1455 2790 Domino
1495 2735 1551 2790 in
1587 2736 1798 2806 justitia
1832 2747 1888 2794 et
1922 2755 2048 2794 san-

451 2812 667 2880 ctitate;
698 2833 763 2873 ac
791 2819 836 2874 si
873 2821 1020 2876 dicat
1055 2824 1462 2883 ecclesiasticus
1492 2827 1576 2882 vir
1602 2847 1615 2881 :
1640 2828 1747 2884 lste
1774 2830 1865 2899 qui
1894 2831 2045 2886 inﬁr-

451 2917 574 2958 mus
603 2903 724 2973 fuit,
757 2911 1004 2978 profecto
1039 2914 1262 2970 sanitati
1291 2916 1534 2974 redditus
1561 2928 1665 2974 est.
1695 2919 1894 2976 Omnes
1921 2936 2046 2991 par-

447 3001 533 3048 tes
560 2999 753 3062 noctis,
800 3001 954 3070 cujus
979 3005 1211 3076 caligine
1257 3007 1360 3064 iste
1401 3009 1724 3068 obscuratus
1752 3021 1894 3078 erat,
1948 3028 2043 3068 re-

446 3082 618 3152 pulsa:
652 3097 796 3143 sunt.
838 3090 1080 3162 Agamus
1107 3096 1218 3150 Deo
1245 3099 1450 3166 gratias
1480 3101 1736 3168 quoniam
1767 3117 1912 3157 nunc
1939 3118 2031 3172 po-

449 3175 582 3230 terit
609 3177 861 3252 deinceps
890 3184 1097 3240 servire
1128 3185 1359 3244 Domino
1389 3199 1444 3245 et
1473 3192 1700 3248 honeste
1730 3195 2039 3263 ambulare,

2152 1999 2263 2068 Tac,
2297 2009 2345 2054 et
2370 2000 2428 2053 in
2446 2003 2637 2055 virtute
2664 2011 2756 2057 tua
2791 2001 2956 2056 libera
2985 2020 3086 2058 me.
3121 2005 3302 2071 Quare
3329 2007 3471 2062 hoc?
3499 2010 3762 2078 quoniam

2155 2089 2315 2146 alieni
2345 2093 2745 2148 insurrexerunt
2790 2095 3071 2150 adversum
3107 2113 3212 2162 me,
3253 2106 3307 2153 et
3339 2108 3562 2154 cetera.
3611 2099 3762 2166 Quid

2155 2185 2299 2238 enim
2322 2185 2511 2240 volunt
2535 2188 2749 2258 precari
2777 2189 3123 2244 ambulantes
3148 2205 3246 2262 per
3268 2193 3424 2257 viam,
3457 2194 3573 2248 nisi
3598 2193 3762 2262 quod

2155 2294 2389 2350 sequens
2425 2297 2617 2337 versus
2653 2291 2944 2350 monstrat,
2992 2285 3216 2340 dicens:
3243 2287 3416 2341 Averte
3444 2286 3597 2341 mala
3635 2288 3755 2340 ini-

2151 2375 2301 2428 micis
2341 2376 2492 2440 meis,
2517 2385 2577 2430 -et
2618 2375 2673 2429 in
2717 2376 2932 2431 veritate
2977 2386 3071 2431 tua
3112 2377 3346 2448 disperde
3371 2378 3517 2432 illos.
3543 2377 3759 2434 lnisto

2150 2464 2360 2535 psalno
2411 2475 2626 2520 oratum
2675 2475 2762 2521 est
2801 2483 2901 2538 pro
2951 2468 3200 2524 custodia
3243 2469 3530 2540 utriusque
3573 2472 3759 2540 partis

2151 2557 2272 2612 vite.
2305 2557 2363 2612 In
2393 2558 2568 2627 prima
2613 2567 2772 2628 parte
2816 2558 3031 2629 psalmi,
3081 2559 3235 2614 Beati
3278 2559 3638 2626 inmaculati,
3675 2561 3759 2615 in-

2150 2656 2357 2705 tramus
2405 2650 2461 2706 in
2501 2651 2645 2705 viam
2688 2649 2924 2710 Domini.
2973 2651 3104 2719 Qua:
3148 2651 3219 2706 sit
3267 2651 3501 2706 intentio
3558 2653 3752 2706 ambu—

2149 2742 2317 2808 landi,
2347 2760 2450 2815 per
2471 2745 2632 2800 istum
2654 2745 2921 2816 psalmum
2947 2760 3012 2800 ex
3037 2743 3221 2800 verbis
3247 2748 3428 2800 sancti
3463 2746 3754 2815 Augustini

2149 2834 2459 2890 edocemur.
2500 2836 2641 2891 Dicit
2685 2836 2827 2891 inter
2867 2843 3065 2890 caetera
3098 2836 3149 2889 in
3181 2843 3420 2892 tractatu
3459 2837 3752 2906 praesentis

2146 2928 2385 2998 psalmi:
2419 2928 2555 2984 Nam
2597 2927 2846 3000 profecto
2886 2930 2975 3000 qui
3005 2930 3357 2994 exhortatur,
3411 2931 3467 2985 id
3521 2931 3656 3000 agit,
3695 2939 3754 2984 ut

2147 3020 2419 3076 excitetur
2443 3019 2694 3075 voluntas
2725 3019 2843 3089 ejus
2867 3036 2992 3075 cum
3031 3035 3138 3089 quo
3181 3021 3316 3090 agit,
3348 3020 3422 3074 ad
3452 3019 3590 3074 illud
3629 3037 3751 3089 pro-

2146 3121 2270 3182 pter
2307 3113 2452 3184 quod
2492 3113 2890 3169 exhortationis
2939 3113 3228 3169 adhibetur
3293 3113 3620 3183 alloquium.
3680 3112 3750 3169 Ut

2146 3202 2275 3272 quid
2326 3219 2455 3275 ergo
2505 3206 2788 3261 nobiscum
2825 3205 3024 3275 agitur,
3063 3215 3124 3260 ut
3150 3206 3388 3262 velimus
3438 3209 3567 3276 quid
3611 3206 3743 3262 velle

447 3263 593 3320 sicut
618 3267 772 3324 decet
797 3270 852 3326 in
882 3272 990 3368 die.
1023 3274 1176 3330 Dona
1213 3278 1308 3333 Dei
1335 3295 1456 3349 qua:
1483 3282 1536 3337 in
1563 3283 1666 3339 isto
1688 3284 1889 3355 hymno
1930 3302 2043 3342 me-
2070 3282 2116 3347 C
2148 3263 2254 3351 non
2278 3263 2568 3366 possumus
2595 3298 2699 3353 nisi
2729 3263 3072 3368 quiavomnes
3100 3299 3323 3368 quidem
3347 3263 3750 3357 beatitudinem

448 3369 736 3416 morantur
763 3366 960 3433 partim
991 3369 1228 3439 percipit
1265 3380 1453 3426 sancta
1497 3373 1742 3432 Ecclesia
1776 3378 1829 3431 in
1862 3380 2041 3448 primo

451 3450 688 3510 adventu
729 3454 966 3526 Domini,
1013 3461 1108 3516 sed
1147 3461 1362 3531 plenius
1401 3465 1630 3537 accipiet
1675 3468 1731 3523 in
1776 3471 2035 3527 secundo.

1066 3550 1298 3609 CAPUT
1353 3554 1441 3610 Vl.

977 3640 1058 3697 De
1102 3644 1343 3700 cursibus
1383 3645 1508 3703 dici.

522 3744 748 3820 Proprie
787 3751 983 3824 vulgus
1035 3768 1252 3810 omnem
1297 3757 1463 3825 diem,
1514 3760 1644 3816 solis
1692 3764 2037 3832 praesentiam

341 3839 350 3844 “
445 3853 610 3908 supra
652 3850 846 3909 terras,
883 3845 1136 3915 appellat.
1167 3847 1248 3902 Ex
1277 3850 1379 3905 hac
1410 3850 1728 3910 definitione
1765 3856 1927 3911 datur
1957 3859 2037 3913 in-

448 3931 620 4003 telligi
667 3935 810 3989 diem
852 3937 1144 3994 duodecim
1191 3942 1450 3998 horarum
1479 3944 1722 4003 inchoari
1751 3950 1946 4006 debere
1967 3951 2036 4006 ab

445 4031 570 4078 ortu
595 4024 746 4092 solis,
778 4036 834 4082 et
861 4028 1005 4084 ﬁniri
1037 4031 1092 4085 in
1123 4031 1239 4101 ejus
1267 4049 1484 4091 occasu.
1519 4035 1679 4094 Mane
1699 4049 1784 4096 cst
1811 4043 2032 4111 quidam

443 4117 672 4188 angulus
719 4122 896 4177 noctis
947 4132 1001 4178 et
1049 4125 1178 4181 diei.
1227 4127 1536 4186 Diluculum
1567 4142 1622 4188 et
1653 4143 1875 4191 exortus
1906 4138 2035 4195 solis

444 4221 606 4264 mane
633 4220 916 4278 vocantur,
951 4223 1012 4268 ut
1039 4217 1275 4286 prmtuli,
1329 4220 1383 4274 in
1428 4220 1741 4293 Evangelio.
1791 4223 1912 4281 Jam
1958 4228 2038 4283 di-

441 4306 590 4355 ctum
615 4310 697 4357 est
720 4304 787 4359 de
818 4321 976 4360 mane
1010 4307 1063 4360 in
1103 4309 1494 4379 superioribus,
1522 4312 1653 4369 Cum
1681 4317 1856 4371 adhuc
1894 4327 2035 4373 tene-

444 4390 552 4447 bra:
595 4406 783 4450 essent.
825 4397 892 4452 Et
929 4398 1127 4454 iterum
1166 4403 1387 4470 dicitur,
1443 4415 1491 4458 et
1530 4405 1682 4461 valde
1725 4425 1881 4463 mane
1925 4426 2033 4464 una

440 4483 778 4538 sabbatorum
817 4489 1026 4544 veniunt
1052 4491 1122 4544 ad
1149 4479 1566 4561 monumentum,
1603 4509 1716 4553 orto
1753 4499 1860 4566 iam
1901 4501 2029 4557 sole.

444 4572 514 4628 Et
544 4575 744 4630 iterum
774 4596 786 4630 :
821 4577 1003 4636 Simile
1027 4593 1104 4637 est
1128 4601 1344 4653 regnum
1371 4586 1618 4643 caelorum
1643 4593 1844 4646 homini
1865 4594 2033 4663 patri-

446 4665 702 4738 familias,
731 4671 821 4739 qui
850 4672 979 4725 exiit
998 4674 1168 4743 primo
1189 4692 1343 4730 mane
1367 4679 1658 4734 conducere
1683 4685 1951 4752 operarios
1973 4687 2030 4741 in

440 4763 649 4818 vineam
673 4781 825 4819 suam
851 4783 869 4821 :
893 4765 1245 4825 Conventione
1267 4781 1443 4827 autem
1466 4773 1608 4843 facta
1633 4793 1750 4830 cum
1775 4781 2027 4849 operariis

441 4874 506 4912 ea:
526 4858 747 4914 denario
797 4861 1010 4917 diurno.
1066 4863 1145 4918 Ex
1197 4865 1307 4921 isto
1351 4867 1549 4923 diurno
1601 4868 1919 4942 intelligitur
1971 4872 2026 4928 in

430 4946 581 5016 justo
618 4950 737 5007 loco
768 4967 926 5008 mane
961 4957 1238 5024 pertinere
1265 4959 1332 5012 ad
1362 4959 1526 5014 diem.
1557 4959 1831 5032 Scriptum
1859 4970 1943 5019 est
1970 4963 2026 5019 in

438 5042 610 5098 altero
661 5045 952 5116 Evangelio
983 5062 998 5101 :
1031 5047 1092 5102 Si
1131 5051 1247 5120 quis
1281 5051 1625 5109 ambulaverit
1673 5055 1730 5109 in
1765 5055 1873 5122 die,
1920 5074 2024 5112 non

438 5134 676 5204 o/fendit.
707 5135 1018 5193 Conventus
1045 5148 1358 5196 sanctorum
1388 5142 1638 5209 fratrum,
1671 5147 1764 5216 qni
1793 5163 2023 5220 congre-

436 5236 595 5296 gatur
629 5230 805 5298 prima
839 5231 996 5297 hora,
1031 5233 1192 5288 tertia
1220 5249 1284 5289 ac
1311 5243 1487 5300 sexta,
1519 5245 1681 5308 atque
1710 5254 1872 5306 nona,
1904 5240 2024 5298 illo-

435 5335 554 5377 rum
582 5330 786 5378 statum
817 5324 869 5378 in
896 5339 995 5381 suo
1023 5325 1200 5382 oﬂicio
1241 5328 1453 5395 recolit,
1495 5331 1590 5399 qui
1628 5339 1754 5399 post
1791 5332 2024 5391 ablutio-

437 5428 563 5468 nem
615 5430 788 5486 aquas,
821 5416 936 5473 sive
977 5429 1101 5490 post
1147 5421 1439 5476 sanitatem
1481 5430 1756 5494 receptam
1783 5440 1882 5495 per
1905 5440 2022 5496 pte-

434 5506 740 5578 nitentiam,
774 5513 892 5570 sine
921 5516 1312 5572 retractatione
1339 5526 1566 5574 currunt
1596 5536 1694 5590 per
1725 5521 1868 5575 viam
1909 5521 2018 5578 Do-

435 5597 589 5664 mini,
635 5601 739 5657 hoc
787 5614 889 5673 est,
940 5622 1040 5679 per
1083 5607 1257 5680 legem
1303 5608 1421 5678 ejus
1473 5611 1686 5667 scilicet
1733 5627 1906 5684 usque
1951 5612 2018 5668 ad

438 5703 743 5760 vesperum,
770 5695 823 5749 id
853 5707 958 5766 est,
990 5715 1165 5771 usque
1194 5702 1260 5756 ad
1296 5700 1456 5757 finem
1485 5705 1609 5759 vitae
1637 5721 1766 5760 suae.
1804 5705 1879 5760 De
1912 5721 2021 5776 quo

436 5795 598 5837 cursu
651 5783 847 5844 Paulus
892 5791 1107 5848 dicebat
1155 5793 1209 5848 in
1254 5795 1568 5850 novissimis
1615 5797 1729 5852 suis
1780 5797 2016 5853 diebus:

438 5869 718 5962 Cgrtamen
737 5884 950 5955 certari,
973 5889 1591 5963 cursumyonsummavi,
1619 5888 1777 5964 [idem
1797 5891 2022 5973 servavi.

2145 3387 2556 3458 concupiscunt.
2589 3389 2683 3444 sed
2714 3404 2953 3458 quonam
2995 3389 3157 3444 modo
3199 3388 3268 3443 ad
3297 3404 3425 3444 eam
3458 3391 3747 3460 pervenia-

2146 3489 2253 3547 tur,
2293 3481 2512 3551 plurimi
2556 3481 2841 3536 nesciunt?
2877 3481 3112 3552 ideoque
3157 3479 3264 3537 hoc
3307 3481 3476 3538 docet
3515 3483 3628 3538 iste
3657 3481 3746 3554 qui

2143 3577 2298 3643 dicit,
2328 3576 2482 3630 Beati
2515 3575 2844 3631 immaculati
2885 3577 2944 3631 in
2983 3576 3087 3642 via,
3125 3577 3217 3648 qui
3245 3575 3530 3631 ambulant
3555 3577 3614 3630 in
3643 3576 3749 3647 lege

2140 3666 2376 3722 Domini.
2421 3667 2704 3738 Tanquam
2732 3667 2941 3722 diceret
2969 3686 2982 3722 :
3016 3665 3141 3723 Scio
3161 3668 3294 3738 quid
3321 3668 3485 3735 velis,
3511 3668 3748 3724 beatitu-

2142 3759 2323 3815 dinem
2363 3761 2596 3830 qumris;
2640 3760 2685 3815 si
2716 3775 2846 3831 ergo
2879 3774 3000 3816 esse
3036 3760 3121 3816 vis
3149 3761 3363 3826 beatus,
3395 3768 3521 3817 esto
3556 3762 3750 3818 imma-

2141 3851 2374 3907 cuiatus.
2412 3852 2546 3907 Illud
2573 3853 2721 3908 enim
2748 3867 2959 3920 omnes,
2986 3853 3090 3909 hoc
3117 3860 3300 3909 autem
3333 3855 3494 3926 pauci
3525 3855 3745 3923 volunt,

2141 3946 2256 4000 sine
2287 3961 2395 4015 quo
2434 3960 2539 4000 non
2571 3946 2891 4016 pervenitur
2927 3946 2995 4002 ad
3035 3946 3168 4003 illud
3208 3949 3354 4018 quod
3396 3964 3589 4005 omnes
3639 3965 3744 4006 vo-

2138 4037 2278 4093 lunt.
2317 4036 2424 4093 Sed
2451 4038 2541 4094 ubi
2573 4039 2678 4094 erit
2705 4039 2936 4110 quisque
2960 4039 3367 4106 immaculatus,
3389 4041 3494 4095 nisi
3518 4041 3577 4096 in
3605 4041 3742 4096 via?

2136 4131 2195 4186 In
2217 4148 2321 4202 qua
2352 4132 2460 4199 via,
2489 4133 2593 4188 nisi
2618 4133 2673 4188 in
2703 4132 2822 4205 lege
2843 4133 3094 4190 Domini?
3133 4133 3604 4191 Sermocinationi
3636 4135 3742 4191 hu-

2132 4222 2223 4293 jus
2248 4223 2382 4294 legis
2403 4225 2778 4281 commisimus
2807 4241 2906 4282 nos
2928 4242 3026 4298 per
3045 4227 3277 4297 primam
3305 4236 3520 4298 partem
3543 4228 3743 4298 psalmi

2137 4315 2317 4372 octavi
2366 4317 2561 4372 decimi
2605 4317 2659 4371 in
2690 4317 2866 4386 prima
2917 4318 3056 4373 hora
3102 4317 3230 4372 diei.
3279 4317 3386 4372 Per
3438 4319 3744 4374 secundam

2134 4417 2348 4479 partem
2377 4411 2742 4481 anticipamus
2767 4405 3064 4467 secundam
3091 4419 3302 4483 partem
3328 4412 3438 4467 diei
3468 4429 3484 4466 :
3514 4413 3661 4469 sicut
3688 4414 3741 4468 in

2135 4503 2308 4574 prima
2341 4513 2517 4575 parte,
2561 4504 2637 4559 ita
2679 4505 2733 4559 in
2763 4519 2827 4560 ea
2868 4503 3098 4560 facimus
3133 4504 3477 4560 mentionem
3520 4506 3582 4561 de
3620 4504 3737 4576 lege

2137 4596 2373 4651 Domini.
2403 4595 2595 4652 Revela
2621 4596 2804 4653 oculos
2829 4615 2988 4660 meos,
3017 4608 3065 4652 et
3088 4598 3432 4652 considerabo
3469 4599 3737 4653 mirabilia

2139 4685 2206 4739 de
2252 4683 2364 4755 lege
2404 4694 2515 4740 tua.
2563 4686 2632 4741 Et
2680 4689 2921 4742 iterum:
2966 4685 3117 4742 Viam
3147 4687 3446 4754 iniquitatis
3487 4707 3676 4744 amove
3707 4707 3738 4742 a

2132 4778 2258 4843 me,‘
2281 4785 2327 4831 et
2343 4775 2452 4849 lege
2467 4787 2558 4831 tua
2578 4779 2826 4833 miserere
2848 4780 2970 4834 mei.
2990 4779 3188 4835 Versus
3205 4779 3296 4848 qui
3323 4779 3608 4849 sequitur,
3633 4780 3741 4834 Ex-

2130 4882 2316 4938 surge,
2356 4866 2600 4936 Domine,
2635 4869 2832 4940 adjuva
2875 4886 2990 4936 nos,
3023 4870 3163 4926 sicut
3193 4879 3247 4925 et
3266 4869 3539 4938 psalmus,
3569 4870 3736 4936 Deus,

2129 4961 2186 5015 in
2214 4962 2424 5015 nomine
2462 4972 2553 5017 tuo
2597 4962 2800 5018 salvum
2848 4980 2931 5019 me
2969 4964 3078 5035 fac,
3119 4965 3360 5036 pertinet
3390 4964 3460 5019 ad
3494 4966 3736 5036 spatium

2130 5052 2299 5108 totius
2346 5053 2523 5108 diurni
2566 5054 2804 5122 itineris,
2837 5057 2915 5112 sic
2950 5058 3137 5113 et-iste
3169 5073 3357 5112 versus
3386 5060 3640 5128 pertinet
3667 5057 3738 5114 ad

2133 5144 2461 5210 orationem,
2509 5153 2570 5200 ut
2617 5147 2881 5204 Dominus
2923 5149 2996 5204 sit
3042 5149 3125 5204 sui
3181 5150 3362 5222 gregis
3404 5163 3508 5219 per
3557 5159 3733 5205 totum

2132 5251 2352 5293 cursum
2378 5237 2593 5295 itineris
2634 5238 2866 5309 adjutor,
2913 5249 2970 5297 et
3009 5241 3271 5298 liberator
3305 5250 3538 5314 propter
3569 5259 3732 5298 suam

2131 5328 2589 5387 misericordiam.
2641 5330 2825 5388 Tertia
2867 5349 2995 5404 pars
3041 5334 3328 5390 memorati
3356 5333 3559 5405 psalmi
3584 5336 3734 5392 cele-

2128 5425 2324 5482 bratur
2353 5426 2407 5482 in
2438 5427 2575 5483 hora
2610 5430 2774 5484 tertia
2816 5429 2944 5497 diei,
2990 5446 3202 5488 necnon
3229 5439 3286 5487 et
3315 5430 3391 5488 ibi
3420 5433 3638 5488 mentio
3671 5430 3733 5486 tit

2132 5518 2198 5575 de
2244 5518 2362 5591 lege
2415 5519 2533 5586 Dei,
2585 5519 2814 5577 dicendo
2844 5541 2856 5576 :
2889 5520 3078 5594 Legem
3109 5540 3242 5594 pone
3288 5523 3440 5590 mihi,
3471 5522 3730 5590 Domine,

2126 5614 2267 5668 viam
2298 5613 2745 5684 justiﬁcationum
2788 5626 3020 5672 tuarum.
3062 5618 3130 5674 Et
3165 5618 3365 5674 iterum
3401 5631 3418 5672 :
3463 5615 3552 5672 Da
3593 5617 3734 5671 mihi

2127 5704 2465 5771 intellectum,
2514 5716 2564 5761 et
2609 5709 2886 5764 scrutabor
2939 5708 3101 5782 legem
3154 5719 3332 5775 tuam,
3390 5717 3449 5765 et
3494 5717 3728 5766 cetera.

2131 5796 2335 5866 Quarta
2385 5815 2512 5871 pars
2553 5800 2746 5870 psalmi
2781 5809 3037 5859 cantatur
3056 5819 3158 5875 pro
3185 5812 3377 5876 quarta
3406 5802 3547 5860 hora
3585 5803 3726 5858 diei.

2130 5891 2202 5970 Et
2233 5893 2330 5978 ibi
2350 5894 2576 5972 .meutio
2603 5894 2668 5960 tit
2695 5896 2763 5959 de
2786 5895 2906 5977 lege
2932 5899 3148 5966 Domini
3173 5917 3192 5979 ξ
3217 5897 3422 5976 Portis
3445 5913 3566 5961 mea
3597 5894 3724 5959 ους
