4000 6564
477 368 613 427 1259

1509 357 1841 417 AMALARH
1875 349 2319 411 PRESBYTER!
2353 339 2696 405 METENSIS

3605 334 3763 396 me

472 485 657 539 tollens
678 480 920 553 quaedam
942 477 1131 533 mulier
1150 495 1323 535 vocem
1343 479 1406 534 de
1432 479 1607 545 turba,
1629 480 1762 534 dixit
1784 476 1864 534 illi
1880 493 1899 532 :
1918 473 2058 531 Bea-
2157 476 2348 527 nostro
2362 474 2649 525 versentur
2663 463 2833 520 verba
2858 458 3059 534 psallnl
3488 470 3607 528 quo
3624 462 3762 516 scri-

471 585 557 628 tus
586 546 759 626 uenter
784 570 874 641 qui
904 577 954 623 te
986 570 1232 640 portavit,
1280 578 1331 624 et
1365 568 1527 623 ubera
1561 584 1679 640 qua:
1718 567 1911 623 auxisti
1936 581 1954 621 :
1983 564 2049 621 At
2100 546 2109 551 ’
2149 569 2303 634 ptum
2332 568 2418 615 est
2442 576 2456 613 :
2488 556 2774 627 Susceptor
2798 568 2948 608 metu
2977 566 3032 607 es
3055 558 3133 617 tu,
3161 559 3209 605 st
3252 546 3527 620 refugus
3552 564 3762 615 manu,

468 665 629 721 Iesus
664 661 800 718 dixit
836 661 881 715 ei
907 675 926 713 :
950 659 1221 727 Quinimo,
1272 660 1409 715 beati
1451 662 1542 734 qui
1584 660 1811 716 audiunt
1840 657 2051 714 verbum

470 755 595 821 Dei,
625 761 673 808 et
705 749 1007 808 custodiunt
1036 750 1191 806 illud.
1222 750 1389 806 Beata
1415 750 1617 806 dicitur
1646 758 1835 806 sancta
1862 746 2051 811 Maria,

474 848 604 920 quia
656 846 863 902 audivit
912 843 1291 900 salutationem
1346 843 1562 916 angeli;
1621 843 1814 898 beatus
1857 832 2058 896 dicitur

475 940 679 996 chorus
706 937 999 1011 virginum,
1027 937 1153 1006 quia
1181 936 1387 993 audivit
1416 952 1447 992 a
1475 935 1704 991 Domino
1729 932 2058 990 sententiam

476 1032 849 1105 evangelicam
890 1045 1054 1104 supra
1102 1031 1385 1103 scriptam,
1435 1038 1493 1085 et
1550 1027 1842 1085 custodivit
1888 1025 2056 1081 illam.

476 1126 673 1183 Cantet
715 1124 915 1182 chorus
952 1122 1230 1194 virginum
1276 1123 1558 1195 hymnum,
1610 1134 1772 1190 quem
1822 1116 2063 1175 cantavit

477 1220 644 1291 Virgo
685 1218 978 1291 virginum,
1030 1224 1087 1272 et
1127 1215 1277 1272 omni
1311 1216 1433 1271 nisu
1468 1215 1596 1272 illuc
1625 1212 1933 1289 contendat
1977 1211 2061 1266 in-

478 1321 627 1367 trare
649 1326 757 1382 quo
780 1309 1033 1383 pervenit
1059 1314 1250 1364 sancta
1287 1306 1479 1362 Maria.

1054 1398 1285 1458 CAPUT
1338 1397 1450 1455 VII.

1037 1491 1115 1547 De
1152 1490 1511 1562 completorio.

554 1590 774 1661 Septem
821 1585 1018 1643 ofﬁciis
1066 1583 1530 1647 commemoratis,
1583 1581 1649 1638 de
1694 1580 1892 1652 quibus
1937 1576 2073 1635 dicit

482 1682 775 1754 Propheta,
825 1677 1026 1750 Septies
1056 1678 1112 1731 in
1137 1675 1224 1730 die
1252 1674 1465 1729 laudem
1494 1673 1607 1728 dixi
1646 1673 1774 1739 tibi;
1800 1680 1856 1727 et
1882 1672 1938 1726 in
1966 1669 2073 1725 alio

485 1760 626 1841 loco,
659 1770 981 1828 Benedicam
1017 1767 1305 1823 Dominum
1336 1767 1393 1821 in
1418 1766 1560 1821 omni
1592 1775 1842 1837 tempore,
1874 1779 2078 1834 semper

2157 654 2300 711 Deus
2321 668 2467 708 meus
2486 667 2506 707 :
2549 648 2765 722 sperabo
2791 649 2850 704 in
2881 662 3028 715 eum,
3071 647 3325 718 quem
3347 645 3467 716 ipso
3504 642 3773 700 “erit

2156 765 2241 804 me
2265 748 2332 803 de
2358 746 2546 820 laqueo
2586 744 2910 808 sonantium,
2932 748 2989 796 et
3008 757 3043 796 ι
3062 739 3219 795 verbo
3240 753 3454 808 upon.
3522 737 3589 792 In
3615 738 3773 793 initio

2162 839 2602 909 Quadragesimaa
2638 836 2839 908 legitur
2862 831 3239 905 Evangelia,
3269 831 3329 887 in
3360 844 3479 902 quo
3505 830 3771 886 Dominus

2166 940 2408 989 tentatus
2433 936 2538 997 est,
2562 928 2657 1000 qui
2683 941 2785 984 sua
2812 925 3116 982 tentatieue
3132 932 3384 979 nostram
3405 921 3769 978 nutatio-c-

2164 1024 2363 1082 devicit
2384 1023 2409 1077 ἲ
2431 1030 2495 1076 ut
2517 1022 2907 1077 admoneamur
2925 1032 2993 1073 ex
3010 1030 3100 1083 eo,
3124 1013 3577 1087 quodpmcipue
3596 1013 3659 1068 in
3681 1012 3773 1069 ila

2170 1127 2416 1189 tempore
2440 1130 2501 1172 se
2538 1113 2704 1169 infert
2751 1111 3002 1169 diabolus
3019 1111 3089 1169 ad
3110 1109 3409 1169 tentando:
3423 1107 3641 1164 (inisti
3658 1123 3771 1171 sco-

2165 1224 2266 1267 vos
2292 1227 2307 1262 :
2339 1215 2549 1263 tractus
2565 1220 2699 1262 vero
2722 1211 2993 1263 monstrat
3020 1203 3201 1269 nobis,
3244 1216 3413 1274 quem
3434 1217 3661 1257 nuru-
3680 1202 3773 1259 ds-

2165 1301 2395 1358 beamus
2411 1311 2687 1373 opponere
2699 1302 2891 1354 contra
2913 1296 3034 1368 eius
3053 1295 3437 1351 tentationen.
3491 1292 3627 1350 Post
3642 1310 3773 1366 qu-

2172 1394 2427 1466 draginta
2472 1391 2613 1459 dies,
2659 1390 2720 1447 id
2764 1397 2868 1457 est,
2905 1389 2965 1445 in
3005 1388 3313 1445 Parosceve
3360 1387 3585 1444 canitur
3623 1388 3771 1444 id-

2171 1490 2383 1540 tractus
2416 1482 2576 1553 juxta
2603 1496 2815 1539 morem
2859 1482 3145 1552 antiquum
3180 1479 3455 1537 Romana
3496 1479 3759 1537 ιω

2175 1574 2279 1644 Qui
2309 1581 2484 1630 status
2498 1573 2692 1631 recolit
2709 1572 2956 1630 ordinem
2973 1581 3284 1643 temporum
3310 1579 3373 1627 et
3397 1587 3607 1629 rerum.
3623 1570 3770 1627 Pest-

2175 1682 2340 1739 quam
2365 1665 2511 1721 enim
2536 1665 2800 1721 Dominus
2828 1664 3095 1736 fetuva
3148 1664 3526 1735 quadraginta
3570 1663 3774 1729 ﬁebat,

2180 1758 2350 1830 coepit
2373 1772 2498 1813 eum
2528 1746 2774 1813 diabolus
2792 1763 3031 1823 tentare,
3060 1763 3118 1812 et
3144 1756 3392 1812 cantavit
3420 1756 3477 1811 ei
3501 1755 3781 1812 mdo

487 1868 606 1923 laus
634 1867 749 1941 ejus
782 1865 839 1919 in
870 1878 959 1918 ore
989 1876 1104 1917 meo
1120 1877 1141 1926 ;
1165 1869 1224 1916 et
1251 1859 1355 1914 alia
1385 1856 1696 1929 Scriptura,
1745 1855 1946 1941 Septies
1977 1871 2072 1909 ca-
2099 1844 2151 1905 Β
2172 1849 2429 1924 praesenti
2453 1858 2649 1906 tractu.
2687 1849 2757 1905 Et
2774 1848 3007 1906 secessit
3027 1847 3302 1941 vietussd
3322 1857 3565 1919 tempus,
3587 1862 3779 1918 aqua.

487 1959 566 2013 dit
588 1958 769 2028 justus
803 1955 861 2009 in
889 1952 996 2017 die,
1023 1960 1070 2006 et
1095 1949 1335 2023 resurgit,
1362 1956 1608 2004 remanet
1632 1957 1907 2012 octavum,
1931 1946 2076 2017 quod

488 2055 716 2104 vocatur
756 2044 1186 2115 completorium.
1232 2041 1292 2096 ln
1321 2057 1386 2097 eo
1418 2055 1627 2095 summa
1682 2039 1944 2111 perfectio
1994 2044 2079 2092 est

491 2150 812 2198 eseterorum
842 2135 1166 2192 ofﬁciorum.
1195 2132 1327 2201 Qua:
1355 2133 1502 2189 enim
1531 2139 1740 2202 septem
1770 2129 2077 2185 ofﬁciorum

487 2234 691 2310 gradus
718 2228 1048 2304 proﬁciendo
1079 2233 1395 2298 operantur,
1441 2226 1559 2281 haec
1594 2232 1819 2280 octavus
1850 2221 2077 2278 demon-

492 2331 632 2381 strat
679 2318 1003 2395 perfectum,
1056 2317 1109 2372 id
1150 2324 1254 2381 est,
1298 2323 1755 2371 consummatum.
1784 2312 1932 2368 Istud
1959 2309 2081 2367 ofﬁ-

492 2416 635 2470 cium
666 2412 735 2467 ad
769 2417 986 2466 noctem
1019 2407 1276 2478 pertinet,
1318 2406 1415 2466 sed
1453 2414 1678 2478 propter
1710 2404 1962 2461 effectum
1995 2405 2079 2459 sui

496 2507 756 2572 nominis,
798 2505 855 2559 in
886 2502 992 2559 ﬁne
1030 2510 1354 2558 cancrorum
1396 2499 1701 2555 ofﬁciorum
1739 2498 1979 2570 ponitur.
2020 2496 2080 2551 In

493 2599 601 2657 isto
640 2597 979 2654 consumitur
1020 2610 1166 2662 esus,
1214 2602 1396 2666 potus,
1448 2600 1503 2648 et
1554 2591 1790 2656 collatio,
1831 2599 1886 2646 et
1919 2605 2081 2645 omne

494 2702 785 2748 commune
824 2699 978 2757 opus,
1022 2682 1206 2740 omnia
1259 2683 1502 2738 membra
1555 2682 2003 2751 derelinquuntur
2051 2696 2081 2735 a

495 2780 729 2854 aufugio
775 2779 1016 2836 humano
1039 2795 1054 2832 :
1080 2776 1179 2833 soli
1226 2776 1360 2841 Deo,
1386 2774 1478 2845 qui
1507 2789 1616 2830 non
1643 2774 1862 2841 dormit,
1904 2787 2083 2845 neque

496 2874 780 2940 dormitat,
823 2872 1261 2928 committuntur.
1304 2868 1543 2926 Somnus
1590 2868 1735 2924 enim
1777 2876 1859 2923 est
1901 2868 2082 2940 imago

500 2969 713 3026 mortis.
739 2967 950 3023 Idcirco
971 2956 1181 3036 aliquos
1207 2964 1446 3036 psalmos
1473 2963 1528 3019 in
1559 2962 1662 3019 isto
1690 2962 1870 3018 ofﬁcio
1893 2970 2081 3018 canta-

496 3076 641 3126 mus,
664 3073 803 3130 quos
827 3058 1066 3114 solemus
1088 3064 1314 3112 cantare
1340 3055 1394 3109 in
1421 3062 1580 3111 nocte
1604 3053 1841 3120 sabbati,
1865 3054 2081 3124 quando

491 3153 756 3218 Dominus
784 3150 1076 3235 requievit}
1096 3150 1151 3205 in
1192 3147 1461 3219 sepulcro,
1492 3156 1549 3202 et
1578 3162 1715 3219 quos
1750 3149 1863 3217 ipse
1891 3155 2079 3202 canta-

2180 1946 2311 2001 dum
2334 1944 2532 1998 iterum
2555 1949 2946 2008 reverteretur,
2963 1956 3073 2003 non
3084 1939 3203 2011 jam
3214 1942 3289 1997 ad
3305 1941 3663 2007 tantum
3689 1942 3779 1997 sed

2181 2038 2251 2094 ad
2290 2038 2725 2110 persequendum
2748 2054 2849 2111 per
2870 2038 3119 2094 membra
3146 2052 3267 2103 sua,
3309 2038 3455 2093 sicut
3474 2036 3681 2105 legitur
3726 2036 3781 2090 in

2180 2132 2432 2203 passione
2479 2131 2695 2199 fecisse,
2734 2148 2857 2202 qua:
2895 2132 3143 2203 sequitur
3168 2138 3299 2202 post
3346 2139 3609 2191 incutit.
3674 2127 3785 2185 Pius

2180 2237 2314 2278 vero
2336 2224 2553 2294 quando
2596 2226 2985 2294 persequimur
3006 2238 3037 2278 a
3064 2222 3323 2279 membris
3353 2222 3557 2279 diaboli
3605 2236 3785 2291 usque

2183 2321 2253 2376 ad
2264 2321 2610 2399 martyrium,
2625 2320 2981 2375 nihilominus
3002 2319 3575 2390 Frequentareoportet
3597 2318 3776 2372 verba

2186 2421 2412 2479 tractus,
2442 2428 2563 2484 qua:
2583 2412 2772 2468 dicunt
2802 2430 2816 2466 :
2845 2412 2967 2483 Ipse
2992 2410 3237 2469 libauit
3276 2427 3361 2465 me
3378 2409 3445 2463 de
3471 2409 3669 2479 laqueo
3693 2425 3783 2464 uo-

2183 2506 2446 2570 nantium,
2471 2513 2521 2559 et
2542 2521 2573 2558 a
2602 2504 2751 2559 verba
2774 2519 2983 2575 aspero,
3001 2521 3033 2557 a
3054 2504 3250 2574 sagitta
3270 2500 3483 2557 solm
3508 2502 3779 2572 perdia,

2187 2612 2221 2650 a
2244 2585 2458 2666 negotio'
2474 2594 2871 2667 perambulante
2897 2595 2956 2649 in
2983 2595 3224 2657 tenebris,
3254 2612 3294 2649 α
3313 2594 3475 2651 ruins
3505 2603 3559 2648 et
3593 2594 3787 2649 deus-

2189 2686 2279 2740 nio
2314 2686 2630 2740 meridiano.
2681 2684 3130 2741 Cantatnretiam
3158 2692 3397 2756 quartus
3437 2685 3693 2755 pauitans
3734 2687 3785 2741 in

2188 2779 2561 2851 completorio,
2593 2790 2814 2851 propter
2835 2780 3002 2835 verba
3035 2779 3091 2834 in
3120 2779 3323 2850 quibus
3364 2779 3711 2843 continetur,
3737 2780 3789 2835 is

2189 2872 2431 2927 noctibus
2451 2870 2683 2927 extoltite
2697 2879 2887 2927 manus
2908 2881 3104 2927 vestras
3128 2872 3187 2926 in
3202 2879 3417 2937 sancta,
3431 2881 3482 2926 et
3512 2872 3791 2927 benedici:

2188 2964 2496 3020 Dominum.
2553 2963 2798 3032 Quatuor
2826 2963 3091 3021 elementa
3115 2971 3266 3029 sunt,
3317 2977 3429 3035 pro
3455 2964 3663 3034 quibus
3702 2979 3789 3019 cu-

2191 3055 2366 3113 stodia
2389 3056 2716 3128 postulatur.
2770 3054 3132 3124 Quamobrem
3168 3061 3419 3125 quatuor
3434 3053 3681 3126 psallam
3699 3069 3785 3109 ca-

2191 3147 2395 3214 nimus,
2414 3140 2530 3204 sive
2556 3147 2685 3218 quia
2713 3152 2951 3217 quatuor
2970 3143 3170 3217 vigilia:
3188 3144 3629 3202 celebrabantur
3652 3144 3791 3216 apud

493 3247 573 3302 vit
600 3211 945 3309 iu‘cruce,’et
973 3211 1161 3298 nostra
1188 3211 1431 3296 Ecclesia
1448 3211 1613 3294 canit
1638 3240 1693 3294 in
1722 3211 1905 3295 ofﬁcio
1932 3255 2080 3297 mor—
2110 3211 2161 3281 θ
2192 3211 2445 3308 antiquos
2491 3238 2549 3293 in
2798 3211 3124 3294 Petitienem
3168 3244 3426 3293 ηοω-ιι
3453 3241 3506 3293 lu
3532 3211 3793 3307 presenti

495 3349 735 3401 tuorum.
791 3334 1058 3401 Psalmus,
1118 3331 1252 3389 Cum
1306 3333 1629 3400 invocarem,
1680 3333 1945 3387 exaudivit
2000 3349 2086 3388 me

494 3431 639 3487 Deus
677 3429 907 3501 justitia:
940 3445 1090 3495 mete,
1144 3433 1396 3487 cantatur
1439 3426 1494 3485 in
1534 3433 1691 3482 nocte
1734 3426 1944 3481 sabbati
1970 3440 2083 3480 me—

498 3530 728 3578 morata.
752 3522 872 3593 Ipse
900 3528 1154 3575 cantatur
1174 3519 1231 3573 in
1259 3518 1613 3589 completorio
1637 3525 1859 3597 propter
1879 3518 2083 3573 oratio-

495 3628 623 3669 nem
645 3628 807 3683 quam
832 3615 883 3668 in
908 3628 966 3679 se
986 3611 1247 3676 continet,
1263 3609 1331 3665 In
1350 3628 1477 3682 pace
1494 3612 1547 3664 in
1569 3610 1796 3681 idipsum
1821 3607 2083 3663 dormiam

495 3713 545 3759 et
583 3705 919 3777 requiescam.
951 3701 1222 3768 Psalmus,
1250 3701 1317 3755 In
1339 3710 1404 3765 te,
1443 3700 1689 3765 Domine,
1712 3699 1936 3770 speravi,
1965 3713 2089 3754 can-

497 3805 643 3854 tatus
663 3807 748 3854 eat
772 3813 804 3853 a
828 3797 1047 3853 Christo
1068 3797 1123 3851 in
1142 3811 1327 3861 cruce,
1352 3804 1407 3849 et
1428 3795 1483 3848 in
1505 3809 1569 3848 eo
1591 3794 1710 3848 loco
1736 3792 1827 3847 ubi
1857 3807 1915 3848 se
1938 3807 2088 3848 com-
2130 3793 2137 3797 ’

504 3888 785 3943 mendavit
813 3887 967 3943 Patri
997 3888 1199 3951 dicens,
1211 3886 1277 3942 In
1308 3903 1495 3940 manus
1517 3894 1634 3941 tuas
1657 3885 1960 3941 commendo
1981 3885 2091 3956 spi-

500 3979 663 4034 ritum
683 3993 874 4044 meum,
903 3977 1091 4033 ﬁnitur
1112 3979 1166 4033 in
1186 3979 1291 4034 isto
1311 3976 1509 4033 ofﬁcio.
1534 3977 1798 4043 Psalmus,
1825 3976 1928 4043 Qui
1946 3977 2090 4031 habi-

502 4078 580 4125 tat
606 4069 663 4125 in
683 4069 954 4140 adiutorio
977 4069 1253 4136 Altissimi,
1290 4078 1503 4125 scutum
1532 4080 1617 4127 est
1647 4079 1836 4126 contra
1864 4069 2090 4125 insidias

504 4161 725 4219 diaboli.
754 4163 899 4232 Quot
920 4162 1151 4218 latentes
1172 4163 1384 4221 insidia
1404 4171 1632 4233 possunt
1654 4164 1907 4235 ingruere
1928 4177 2091 4232 super

505 4253 844 4321 dormientes
869 4268 968 4325 per
993 4254 1167 4324 ipsum
1201 4255 1498 4321 diabolum,
1515 4263 1567 4310 et
1591 4270 1685 4326 per
1706 4270 1801 4309 sua
1820 4254 2086 4319 membra,

501 4351 558 4399 et
575 4345 819 4415 pericula
836 4348 1102 4402 vermium
1128 4364 1191 4404 ac
1214 4350 1531 4414 bestiarum,
1577 4365 1683 4403 non
1723 4347 1877 4403 valeo
1905 4347 2091 4418 expla-

503 4451 653 4490 nare.
705 4435 909 4491 Contra
944 4455 1081 4508 quas
1111 4454 1353 4508 praesens
1374 4441 1615 4513 psalmus
1638 4440 1804 4495 habet
1848 4453 2088 4511 congrua

2192 3329 2544 3402 completorio
2563 3329 2771 3402 eliquat
2806 3345 3024 3398 versus,
3048 3328 3273 3385 Custodi
3303 3346 3415 3397 ate,
3456 3329 3697 3396 Donate,
3735 3336 3795 3384 κ

2191 3422 2446 3496 pupillam
2480 3422 2643 3491 oculi,
2668 3406 2790 3479 ’συθ
2833 3424 3021 3478 umbra
3059 3422 3274 3478 alarum
3321 3432 3553 3478 ιιισηιιι
3592 3432 3795 3493 pretty:

2191 3535 2293 3573 me.
2352 3516 2425 3573 Ut
2443 3516 2589 3574 fessa
2611 3519 2857 3575 membra
2877 3518 3061 3592 quiete
3084 3518 3394 3591 potiantur,
3421 3520 3605 3575 credit
3630 3519 3792 3575 sebo:

2193 3619 2383 3666 sancta
2404 3610 2649 3667 Ecclesia
2668 3610 2947 3685 profusius
2965 3612 3266 3683 percipere,
3296 3613 3343 3668 si
3362 3612 3678 3683 evangelici
3700 3612 3794 3667 rivi

2193 3701 2465 3758 Simeonis
2492 3703 2813 3759 memoriam
2856 3701 3090 3760 fecerit:
3119 3712 3309 3760 cantat
3360 3704 3494 3759 ideo
3536 3705 3793 3776 hymnu-

2192 3810 2354 3865 quem
2382 3793 2605 3851 Simeon
2647 3796 2906 3863 cantavit,
2937 3804 3226 3869 postquam
3249 3795 3540 3853 Christum
3572 3798 3709 3853 vidit
3744 3805 3799 3852 et

2192 3887 2449 3956 suscepit,
2490 3894 2655 3957 atque
2683 3888 3004 3965 deprecatus
3030 3897 3114 3945 est
3141 3904 3337 3961 pacem
3374 3890 3794 3961 sempiternam.

2190 3977 2250 4032 in
2284 3978 2390 4033 isto
2411 3976 2595 4034 ofﬁcio
2629 3988 2684 4035 et
2716 3980 2771 4034 in
2794 3981 2994 4051 prima,
3026 3997 3135 4038 non
3178 3990 3267 4038 est
3310 3981 3684 4039 confabulatio
3722 3984 3803 4039 le-

2190 4070 2418 4136 ctionis;
2446 4070 2609 4126 habet
2630 4081 2810 4128 tamcn
2837 4074 3289 4131 consuetudinem
3316 4083 3500 4131 nostra
3518 4074 3800 4137 Ecclesia.

2191 4172 2253 4218 ut
2280 4172 2404 4234 post
2431 4162 2671 4220 ofﬁcium
2701 4166 2912 4237 primat,
2950 4168 3280 4224 conveniant
3304 4169 3361 4224 in
3399 4185 3577 4224 unum
3610 4168 3804 4225 fratres

2191 4257 2260 4310 ad
2281 4255 2590 4323 lectionem,
2608 4267 2664 4312 et
2692 4267 2820 4314 ante
2849 4260 2991 4316 istud
3018 4259 3261 4317 ofﬁcium
3287 4262 3576 4319 similiter.
3620 4264 3802 4321 Lectio

2190 4357 2274 4405 est
2302 4348 2547 4419 quaedam
2573 4349 2801 4408 refectio
2822 4355 3039 4411 mentis.
3068 4353 3127 4409 ln
3153 4355 3332 4425 prima
3368 4357 3660 4429 dirigatur
3678 4372 3797 4429 grex

2192 4439 2405 4495 Domini
2430 4441 2484 4495 in
2512 4442 2620 4505 via,
2648 4450 2708 4496 ut
2741 4445 2926 4499 veniat
2952 4445 3023 4500 ad
3042 4440 3264 4516 pascua.
3290 4445 3580 4516 Operetur
3603 4449 3799 4519 primo.

500 4524 671 4578 verba
727 4527 781 4578 in
826 4529 1093 4593 oratione,
1142 4530 1375 4585 dicentia
1405 4546 1419 4584 :
1468 4529 1630 4584 Scuto
1666 4530 2013 4584 circumdabit
2040 4539 2091 4583 te
2115 4576 2173 4638 Β
2196 4540 2257 4587 ιιι
2283 4542 2471 4604 postea
2502 4534 2790 4604 impleatur
2810 4536 3106 4593 refectione
3132 4537 3185 4592 in
3210 4537 3347 4592 hora
3376 4541 3564 4595 tertia.
3612 4539 3673 4593 In
3698 4540 3801 4594 is:o

503 4615 693 4669 veritas
720 4615 854 4685 ejus,
896 4634 1000 4672 non
1025 4621 1228 4674 timebis
1268 4642 1300 4675 a
1333 4625 1518 4677 timore
1548 4634 1821 4677 nocturno.
1875 4622 2089 4679 Etenim

501 4705 775 4762 veraciter
809 4707 1040 4764 dicimus
1074 4709 1342 4765 Salvatori
1377 4720 1564 4767 nostro
1596 4727 1611 4765 :
1663 4711 1830 4783 Super
1857 4715 2091 4785 aspidem

500 4807 551 4853 et
574 4798 876 4857 basiliscum
910 4802 1222 4871 ambulabis,
1250 4814 1299 4859 et
1321 4806 1651 4861 conculcabis
1672 4805 1871 4861 leonem
1900 4818 1951 4862 et
1968 4810 2094 4865 dra-

500 4906 702 4947 conem.
761 4892 876 4950 Non
912 4896 1090 4952 recolo
1113 4908 1295 4953 utrum
1320 4898 1654 4968 scripsissem
1683 4900 1736 4954 in
1766 4899 1946 4956 libello
1971 4901 2089 4956 offi-

500 4981 626 5037 ciali
681 4993 775 5038 aut
830 4986 886 5040 in
917 4987 1107 5043 altero.
1182 4990 1259 5044 De
1304 4992 1496 5045 ordine
1539 4993 1828 5048 cantatorii
1850 5008 2087 5061 sensum,

500 5089 664 5146 quem
688 5078 822 5133 mihi
849 5080 1219 5137 misericordia
1246 5083 1460 5139 Domini
1487 5087 1821 5143 ministravit
1854 5090 1898 5145 si
1930 5104 2091 5147 verus

499 5172 606 5231 est,
637 5182 704 5222 eo
752 5177 994 5242 tempore
1023 5173 1240 5243 quando
1270 5175 1589 5246 deprecatus
1616 5194 1737 5234 sum
1782 5196 1882 5252 pro
1910 5182 2091 5239 ofﬁcio

499 5257 883 5347 completoriin
902 5262 1022 5318 ideo
1047 5279 1153 5319 non
1182 5281 1270 5321 me
1295 5267 1440 5339 piget
1469 5268 1601 5324 illud
1633 5271 1876 5328 scribere
1901 5272 1955 5328 in
1986 5274 2090 5330 isto

497 5350 621 5407 loco
645 5353 895 5422 quamvis
934 5356 1188 5427 preprius
1232 5360 1303 5413 sit
1344 5361 1681 5430 temporibus
1716 5363 1844 5430 illis,
1876 5367 2089 5436 quando

498 5455 731 5512 tractus,
750 5444 854 5512 Qui
874 5445 1077 5501 habitat
1100 5446 1155 5503 in
1185 5450 1455 5522 adjutorio
1481 5452 1761 5531 Altissimi,
1792 5466 2046 5514 cantatur
2071 5477 2085 5513 :

499 5538 771 5594 Admonet
800 5555 901 5596 nos
930 5547 1158 5607 tractus,
1190 5542 1295 5609 Qui
1320 5546 1522 5601 habitat
1557 5549 1613 5603 in
1635 5548 1908 5619 adjutorio
1927 5551 2090 5609 Altis-

500 5627 719 5693 simi,*ut
742 5631 1172 5704 quotiescunque
1195 5632 1442 5692 diabolus
1468 5637 1625 5693 nobis
1653 5641 1983 5710 persuadere
2004 5659 2094 5699 vo-

503 5716 688 5785 luerit,
708 5715 910 5791 linguis
934 5722 1215 5780 hominum
1239 5728 1617 5795 succumbere,
1645 5730 1749 5787 sibi
1782 5747 1881 5803 per
1911 5731 2091 5803 gulam

503 5815 560 5863 et
589 5808 807 5866 inanem
825 5810 1080 5885 gloriam,
1108 5822 1271 5888 atque
1309 5818 1615 5890 avaritiam,
1639 5821 1803 5879 toties
1847 5822 1902 5879 in
1930 5825 2117 5898 corde,

2196 4640 2327 4679 vero
2343 4624 2519 4681 ofﬁcio
2551 4638 3006 4684 consummantur
3026 4630 3206 4685 omnia
3234 4630 3379 4687 sicut
3409 4632 3665 4702 praeﬁxi.
3694 4632 3803 4686 Hoc

2196 4716 2389 4787 incipit
2418 4718 2535 4774 ﬁeri
2553 4734 2583 4775 a
2606 4722 2782 4791 primo
2806 4722 3017 4792 psalmo
3038 4723 3133 4778 ubi
3160 4722 3379 4789 dicitur,
3405 4723 3481 4779 In
3495 4742 3636 4801 pace
3661 4727 3715 4779 in
3730 4726 3803 4777 u-

2195 4809 2370 4879 ipsum
2407 4808 2671 4866 dormiam
2715 4821 2766 4866 et
2815 4814 3135 4885 requiescam
3174 4826 3194 4865 :
3236 4813 3303 4868 Et
3334 4814 3392 4869 in
3428 4818 3705 4879 secundo,
3745 4816 3803 4870 h

2195 4917 2389 4957 manus
2421 4911 2539 4958 tuas
2569 4906 2874 4961 commendo
2910 4906 3151 4978 spiritum
3188 4923 3385 4962 meum.
3450 4908 3595 4965 ﬁrst
3650 4912 3807 4965 istam

2196 4995 2720 5051 commendationem
2748 5012 2856 5052 non
2886 5007 2971 5054 est
3000 4998 3155 5064 ordo,
3179 5005 3240 5053 ut
3269 5009 3549 5073 sequatur
3580 5000 3810 5059 uinaria

2199 5092 2461 5139 consueta
2497 5102 2513 5140 :
2542 5086 2640 5141 sed
2684 5089 3062 5145 tantummodo
3084 5086 3380 5161 postulatio
3415 5105 3523 5162 pro
3552 5093 3810 5149 custom:

2198 5174 2546 5245 deprecetur.

2801 5272 3192 5331 CAPUTWII.

2553 5364 2635 5421 De
2661 5366 2846 5431 ofﬁcio,
2874 5365 3160 5437 Aspiciens
3185 5383 3216 5423 a
3241 5365 3422 5439 longe.

2269 5457 2499 5530 Propter
2533 5472 2773 5525 versum,
2827 5460 2921 5529 qui
2964 5461 3297 5533 praeponitur
3330 5461 3386 5516 in
3439 5464 3815 5535 vespertina!

2200 5548 2414 5621 synaxi,
2432 5546 2648 5615 Rorate,
2665 5548 2801 5615 cmh',
2816 5548 3057 5621 desuper,
3078 5549 3267 5608 oﬁieiis
3286 5562 3594 5611 cantorum
3622 5558 3699 5613 de
3721 5557 3819 5614 d-

2198 5650 2363 5696 ventu
2402 5639 2639 5707 Domini,
2698 5651 2991 5713 sequentes
3016 5660 3210 5701 vorsus
3263 5646 3437 5703 simili
3466 5651 3652 5707 modo
3676 5665 3821 5723 pr:-

2197 5748 2363 5805 pono,
2393 5734 2486 5803 qui
2513 5741 2744 5789 currunt
2758 5750 2855 5805 per
2868 5750 3030 5793 omne
3041 5743 3252 5808 tempus
3276 5739 3554 5796 adventus
3586 5742 3817 5799 Domini

2201 5828 2255 5884 in
2284 5827 2586 5886 nocturnali
2611 5828 2810 5888 ofﬁcio.
2865 5830 3362 5909 etmatutinalihtc
3408 5834 3815 5902 manu“
