4000 6570
545 376 688 434 i263

1581 384 1912 441 AMALARII
1949 381 2388 441 PRESBYTER]
2423 378 2766 438 METENSIS

3657 369 3782 424 ηθι

542 506 641 549 cus
663 491 882 557 chorus,
912 496 1007 546 aut
1034 492 1384 561 propheticus
1414 491 1606 564 aliquis
1631 511 1810 552 sermo
1838 497 2122 552 internun-
2151 500 2202 559 Α
2227 510 2398 564 usque
2425 492 2493 548 ad
2517 492 2866 563 antiphonam
2895 505 2910 542 :
2948 484 3065 543 Hoc
3109 493 3188 541 est
3237 482 3609 539 testimonium.
3666 479 3786 535 Dein

540 581 659 638 cius
685 581 754 636 ad
784 579 1138 646 Hierusalem,
1187 599 1307 653 quas
1328 585 1602 654 quondam
1654 595 1773 640 erat
1808 585 2118 655 metropolis

539 680 597 732 et
615 673 804 728 civitas
832 671 996 745 Regis
1019 674 1224 744 magni,
1256 683 1311 729 et
1336 690 1432 746 per
1461 676 1796 732 Hierusalem
1827 677 1894 732 ad
1923 677 2124 747 prima-

536 774 622 822 tes
658 765 823 822 totius
844 765 939 822 Dei
966 767 1186 823 famosae
1199 771 1654 841 congregationis.
1685 770 1950 827 Absentia
1977 773 2119 829 enim

537 857 739 913 Christi
773 872 1114 928 nequaquam
1145 860 1261 914 sine
1317 862 1540 916 tristitia
1578 871 1755 932 potest
1801 864 2073 918 recordari
2105 881 2119 918 :

536 949 629 1006 illo
673 950 835 1005 modo
876 950 1168 1022 loquuntur
1222 963 1520 1023 praesentes
1566 956 1918 1025 responsorii,
1969 955 2123 1024 quasi

537 1041 881 1097 consolantes
910 1042 1017 1097 sint
1039 1043 1297 1113 populum
1328 1045 1395 1100 de
1413 1045 1647 1101 adventu
1677 1045 1843 1117 Regis
1866 1054 1921 1101 et
1941 1044 2124 1100 defen-

537 1136 680 1190 soris
707 1135 790 1190 sui
816 1151 830 1188 :
863 1132 1221 1200 Hierusalem,
1253 1138 1355 1189 cito
1377 1137 1544 1191 veniet
1569 1136 1713 1191 salus
1739 1149 1852 1190 tua.
1914 1136 2027 1191 Hoc
2053 1136 2128 1190 lo-

537 1228 750 1295 quitur,
804 1224 995 1281 Civitas
1030 1226 1390 1294 Hierusalem,
1431 1231 1661 1300 idipsum
1710 1231 1872 1285 simili
1921 1231 2121 1285 modo:

541 1317 674 1372 Ecce
702 1318 957 1372 Dominus
984 1320 1164 1382 veniet,
1211 1330 1258 1373 et
1300 1337 1476 1374 omnes
1519 1324 1688 1376 sancti
1719 1323 1833 1391 ejus
1879 1340 1998 1377 cum
2040 1339 2120 1376 eo.

536 1409 792 1475 Quartus,
825 1407 973 1464 Sicut
1009 1419 1178 1464 mater
1210 1409 1514 1485 consolatur
1539 1412 1678 1481 ﬁlios
1713 1431 1861 1479 suos,
1890 1403 2128 1467 consola-

536 1510 624 1553 tur
649 1501 784 1554 cives
814 1511 863 1554 et
889 1501 1083 1555 vicinos
1108 1499 1637 1573 Hierosolymitanos.
1692 1503 1943 1571 Quintus,
1990 1504 2124 1560 Hie-

534 1590 765 1646 rusalem
783 1591 1045 1662 plantabis
1074 1593 1275 1646 vineam
1301 1595 1354 1647 in
1381 1595 1642 1650 montibus
1690 1597 1794 1650 tuis
1819 1610 1837 1647 :
1866 1597 1934 1652 de
1975 1595 2126 1652 Iere-

535 1679 664 1745 mia,
731 1681 1044 1736 consolatur
1091 1687 1332 1752 captivos
1388 1684 1480 1753 qui
1535 1695 1690 1739 erant
1737 1685 1789 1739 in
1829 1685 2120 1757 Babylone.

536 1770 756 1838 Sextus,
793 1770 950 1844 Virgo
975 1771 1170 1840 Israel,
1199 1775 1395 1830 iterum
1427 1776 1491 1829 de
1517 1774 1778 1842 Ieremia,
1811 1777 2124 1831 consolatur

2225 583 2482 639 Metensis
2507 581 2910 653 Antiphonarii,
2961 579 3167 636 certavi
3213 577 3266 632 in
3323 577 3424 632 ista
3469 574 3788 631 hebdomada

2225 680 2551 751 antiphonas
2598 677 2838 733 inserere
2869 676 2935 731 de
2962 669 3790 770 proprio-Evangelio,“de.pro-
3998 670 4000 770 ἱ

2226 771 2402 843 phetis
2438 785 2504 827 ea
2546 785 2666 841 quae
2701 769 2994 841 plurimum
3025 764 3378 821 consolantur
3421 761 3789 833 pusillanimes.
3998 761 4000 828 ί

2851 873 3079 930 CAPUT
3106 871 3196 927 XI.

2461 950 2538 1004 De
2569 947 2933 1020 responsoriis,
2964 944 3155 1000 Canite
3185 942 3312 997 tuba
3334 943 3390 997 in
3419 941 3576 998 Sion.

2294 1042 2352 1097 In
2375 1044 2477 1097 hac
2499 1040 2834 1096 hebdomada
2858 1039 3207 1093 continentur
3229 1036 3444 1091 mixtim
3470 1037 3527 1090 in
3557 1035 3794 1092 Romanis

2227 1133 2587 1188 voluminibus
2617 1131 2944 1202 responsorii
2965 1173 2978 1192 ,
3033 1145 3168 1199 quos
3221 1127 3465 1183 solemus
3493 1138 3712 1184 cantare
3747 1129 3795 1184 in

2225 1225 2526 1290 Dominica,
2553 1241 2674 1295 quae
2703 1225 2866 1278 habet
2891 1223 3126 1293 primum
3149 1221 3566 1291 responsorium
3614 1220 3794 1293 [Canite

2225 1314 2396 1387 tuba],
2437 1315 2614 1379 etilli,
2650 1331 2788 1384 quos
2818 1329 2915 1384 per
2959 1322 3250 1382 sequentes
3278 1321 3474 1367 noctes
3505 1312 3643 1366 infra
3685 1313 3796 1367 beb-

2226 1408 2509 1464 domadam
2547 1408 2800 1463 distincte
2852 1407 3117 1462 canimus.
3189 1405 3530 1460 Praetermisi
3579 1406 3793 1460 ordinem

2225 1499 2532 1564 confusum,
2581 1507 2637 1554 et
2692 1506 2920 1554 conatus
2944 1514 3062 1552 sum
3112 1496 3366 1552 ordinare
3408 1512 3677 1551 numerum
3708 1512 3789 1552 re-

2225 1595 2634 1666 sponsoriorum
2670 1612 2683 1648 :
2724 1593 2814 1664 qui
2852 1593 3137 1648 distinctus
3170 1598 3255 1645 est
3284 1607 3316 1645 a
3336 1591 3549 1645 nostris
3576 1606 3606 1643 a
3633 1591 3787 1645 Domi-

2225 1688 2347 1742 nica
2397 1696 2555 1742 nocte
2610 1702 2707 1758 per
2740 1685 2906 1740 ferias
2955 1685 3209 1756 singulas,
3269 1685 3428 1739 utin
3470 1684 3798 1752 sequentibus

2227 1779 2555 1834 continetur.
2618 1778 2918 1832 Prmsentes
2947 1775 3277 1845 responsorii
3302 1783 3359 1830 et
3385 1776 3664 1845 sequentis
3687 1776 3798 1830 heb-

534 1871 719 1926 decem
764 1871 958 1936 tribus,
990 1887 1156 1942 super
1184 1889 1320 1942 quas
1350 1875 1596 1942 regnavit
1622 1875 1812 1929 domus
1839 1875 2120 1944 Ephraim.
2152 1855 2200 1914 B
2229 1874 2493 1938 domadte,
2529 1881 2741 1927 certant
2773 1871 3171 1926 multitudinem
3222 1870 3409 1941 populi
3464 1887 3795 1942 congregare,

531 1960 691 2015 Juxta
720 1961 964 2017 ordinem
997 1965 1292 2032 prophetiae
1334 1963 1604 2031 Jeremite,
1640 1974 1787 2020 stant
1821 1965 1911 2020 isti
1934 1967 2040 2020 duo
2069 1966 2122 2020 in

534 2053 847 2123 supradicto
865 2054 1074 2109 ordine.
1135 2054 1547 2125 Responsorius,
1599 2057 1913 2127 Egredietur
1943 2057 2124 2111 Domi-

533 2161 630 2200 nus
664 2145 730 2199 de
756 2142 1021 2211 Samaria,
1050 2150 1381 2202 mentionem
1405 2147 1534 2202 facit
1562 2144 1895 2214 Bcthlehem,
1925 2150 1990 2204 de
2016 2166 2124 2220 qua

531 2253 689 2310 reges
716 2237 929 2293 oriundi
958 2239 1199 2308 suntqui
1222 2238 1482 2309 regebant
1507 2240 1762 2310 populum
1806 2240 1925 2307 Dei,
1978 2241 2123 2296 scili-

531 2340 640 2397 cet,
693 2331 861 2386 David
889 2339 942 2387 et
979 2331 1227 2388 Christus
1277 2349 1373 2388 rex
1416 2349 1626 2405 regum.
1703 2333 2120 2403 Responsorius,

529 2421 830 2478 Bethlehem
859 2423 1040 2478 civitas
1061 2422 1161 2477 Dei
1189 2425 1399 2490 summi,
1428 2425 1667 2479 declarat
1707 2425 2003 2479 dominium
2033 2440 2122 2480 re-

529 2515 612 2584 gis
633 2529 842 2586 regum,
875 2516 1104 2586 ideoque
1136 2515 1384 2584 subjunxi
1417 2516 1568 2570 illum
1596 2517 1786 2586 priori.
1818 2516 2124 2587 Responso-

530 2611 666 2676 rius,
694 2610 832 2666 Ecce
885 2613 1050 2666 veniet
1109 2611 1364 2666 Dominus
1415 2621 1677 2682 protector
1717 2621 1908 2677 noster,
1960 2611 2126 2666 habet

532 2702 586 2756 in
611 2717 669 2758 se
697 2712 927 2758 stemma
977 2719 1189 2774 regum,
1243 2704 1469 2773 ideoque
1508 2704 1769 2774 sequitur,
1822 2702 2124 2757 Bethlehem

527 2795 950 2862 responsorium.
1003 2795 1326 2865 Antiphonze
1341 2794 1541 2849 vadunt
1573 2811 1672 2865 per
1699 2793 2120 2862 ordinemjuxta

530 2882 836 2939 Romanum
882 2885 1368 2956 Antiphonarium,
1419 2902 1716 2957 nsquequo,
1762 2887 2043 2941 Benedicta
2067 2895 2125 2938 tu

528 2973 667 3027 inter
706 2975 971 3031 mulieres.
1023 2976 1226 3032 Deinde
1280 2978 1529 3047 sequitur
1559 2980 1692 3033 ordo
1738 2977 1990 3033 Metensis
2017 2976 2127 3031 An-

533 3065 851 3134 tiphonarii.
913 3067 1231 3137 Ubicunque
1281 3069 1472 3138 potui,
1525 3070 1728 3124 inserui
1781 3070 2122 3138 antiphonas,

529 3172 651 3226 qua:
684 3159 1013 3229 praeconium
1046 3160 1250 3214 habent
1279 3160 1644 3216 declaratione
1672 3169 1727 3216 et
1753 3161 2125 3217 consolatione

2228 1973 2289 2020 ut
2315 1973 2515 2035 praesto
2544 1965 2655 2019 sint
2680 1973 2734 2019 et
2784 1964 2958 2033 parati
2992 1964 3057 2017 ad
3096 1963 3502 2033 suscipiendum
3532 1964 3797 2020 Dominum

2228 2057 2587 2112 dominorum.
2619 2055 2826 2110 Idcirco
2847 2055 3064 2126 plurimi
3102 2053 3308 2127 [Ecce],
3339 2056 3485 2126 quod
3513 2066 3598 2111 est
3621 2046 3798 2114 adver-

2227 2151 2377 2206 bium
2408 2150 2917 2214 demonstrativum,
2948 2149 3231 2205 continent
3268 2149 3323 2203 iu
3355 2165 3433 2213 se,
3474 2152 3621 2206 sicut
3640 2162 3722 2206 est
3753 2152 3802 2207 in

2227 2240 2575 2312 respousorio
2631 2238 2850 2312 [Canite
2879 2238 3004 2293 tuba
3052 2239 3108 2293 in
3155 2237 3286 2294 Sion
3309 2281 3322 2302 ,
3355 2238 3496 2292 Ecce
3521 2239 3672 2295 Deus
3703 2243 3804 2296 sal-

2227 2343 2377 2388 vator
2428 2332 2622 2406 noster]
2659 2353 2672 2386 :
2712 2341 2767 2387 et
2799 2333 2852 2387 in
2890 2332 3234 2402 responsorio
3263 2329 3457 2402 [Clama
3492 2333 3548 2385 in
3585 2333 3806 2401 fortitu-

2227 2425 2386 2479 dine:
2412 2441 2529 2480 ecce
2573 2425 2713 2480 Deus
2749 2434 2925 2479 noster
2946 2441 3100 2496 quem
3128 2422 3577 2494 exspectabamus]
3604 2442 3620 2475 ι
3659 2431 3714 2478 et
3749 2425 3805 2480 in

2228 2517 2574 2596 responsorio
2632 2517 2790 2590 [Ecce
2829 2518 2948 2588 jam
3004 2516 3169 2571 veniet
3211 2516 3480 2587 plenitudo
3519 2517 3800 2590 temporis].

2226 2609 2444 2664 Primus
2479 2610 2854 2680 responsorius
2897 2607 3118 2680 [Canite
3160 2608 3284 2662 tuba
3319 2609 3374 2662 in
3415 2606 3618 2680 Sion],
3670 2625 3805 2664 com-

2227 2709 2412 2757 monet
2438 2701 2605 2764 cives,
2630 2710 2688 2755 ut
2715 2701 2889 2755 sciant
2912 2701 3054 2772 regis
3067 2701 3385 2766 adventum,
3411 2710 3469 2755 et
3496 2703 3806 2757 annuntiat

2228 2793 2380 2848 illum
2431 2793 2642 2848 vicinis.
2717 2791 2996 2848 Secundus
3056 2793 3440 2863 responsorius
3497 2791 3806 2865 [Intuemini

2226 2892 2456 2955 quantus
2476 2884 2542 2938 sit
2564 2882 2823 2955 gloriosus
2847 2882 2988 2956 iste],
3005 2883 3259 2939 admonet
3278 2885 3638 2940 considerare
3652 2886 3801 2949 cives,

2228 2975 2370 3044 quod
2395 2975 2536 3031 ultra
2565 2990 2721 3046 reges
2749 2976 2820 3031 sit
2847 2976 2968 3042 iste,
2992 2976 3084 3047 qui
3107 2975 3417 3046 ingreditur
3444 2976 3517 3031 ad
3539 2977 3804 3031 salvandzs

2228 3076 2434 3138 gentes.
2505 3067 2720 3122 Tertius
2773 3067 3148 3138 rcsponsorius
3183 3065 3346 3140 [Non
3404 3068 3681 3137 auferetur
3709 3085 3804 3120 sce-

2227 3168 2402 3229 ptrum
2423 3159 2488 3214 de
2514 3159 2706 3233 Iuda],
2729 3160 2890 3215 docet
2909 3159 3078 3230 reges
3104 3157 3426 3214 Judzeorum
3476 3175 3580 3215 suo
3606 3161 3658 3214 in
3683 3171 3804 3214 tem-

526 3243 892 3318 Hierusalem,
924 3251 979 3307 id
1009 3261 1117 3320 est,
1141 3253 1378 3324 primatu
1399 3255 1492 3325 qui
1517 3255 1787 3312 desiderat
1833 3257 2123 3311 adventum
2151 3233 2197 3297 C
2228 3266 2358 3323 pore
2389 3251 2638 3308 deﬁcere.
2687 3253 2921 3321 Quartus
2955 3253 3163 3326 [Clama
3196 3255 3251 3307 in
3277 3253 3635 3326 fortitudine],
3667 3271 3804 3308 nun-

529 3339 769 3400 Domini.

1156 3439 1386 3497 CAPUT
1419 3441 1488 3496 Χ.

529 3525 612 3584 De
640 3529 1004 3602 responsoriis,
1029 3529 1604 3605 Gaudetein_Domino
1631 3548 1862 3605 semper,
1887 3543 1954 3601 et,
1982 3534 2120 3590 Ecce

1036 3604 1318 3673 apparebit
1344 3602 1620 3660 Dominus.

598 3713 657 3772 In
687 3715 913 3773 Metensi
945 3716 1341 3788 Antiphonario
1375 3733 1534 3790 quem
1558 3717 1680 3789 legi,
1721 3734 1828 3774 non
1878 3719 2121 3774 contine-

532 3818 623 3863 tur
655 3810 1053 3880 responsorius,
1088 3807 1324 3864 Gaudete
1348 3810 1403 3864 in
1454 3807 1723 3863 Domino:
1768 3810 1863 3865 sed
1913 3811 1980 3865 de
2018 3809 2120 3864 Ro-

532 3915 692 3956 mano
721 3902 972 3956 transtuli
999 3902 1147 3956 illum
1187 3904 1240 3958 in
1261 3910 1526 3957 nostrum.
1574 3903 1676 3958 Per
1698 3910 1992 3972 praesentes
2034 3916 2121 3957 re-

526 3991 844 4064 sponsorios
871 3992 1112 4064 loquitur
1149 3994 1378 4048 nuncius
1407 3994 1502 4049 Dei
1526 3995 1593 4048 ad
1631 4009 1896 4064 pauperes
1924 4000 1977 4047 et
2005 3981 2117 4063 ple-

521 4081 671 4149 bem,
695 4099 816 4154 quae
844 4081 1001 4139 facile
1039 4085 1366 4156 opprimitur
1399 4101 1430 4140 a
1474 4084 1806 4156 potentibus.
1867 4082 2018 4138 Sicut
2060 4084 2114 4138 in

522 4175 798 4247 prioribus
822 4179 1182 4246 responsoriis
1203 4179 1513 4235 consolatus
1557 4189 1642 4233 est
1680 4178 1996 4248 dignitatem
2022 4164 2116 4247 po-

523 4271 759 4337 testatis,
777 4270 851 4325 ita
880 4271 934 4326 in
959 4272 1080 4328 istis
1105 4275 1417 4330 consolatur
1441 4272 1740 4342 subjectam
1763 4273 1993 4343 plebem.
2010 4272 2116 4328 Re-

524 4361 862 4430 sponsorius,
892 4359 1124 4418 Gaudete
1150 4365 1206 4418 in
1227 4365 1473 4429 Domino,
1490 4364 1682 4435 plenus
1707 4373 1789 4419 est
1811 4364 2115 4420 consolato-

523 4455 622 4509 riis
645 4455 845 4511 verbis.
900 4457 1036 4511 Ecce
1064 4459 1333 4528 apparebit
1353 4459 1632 4525 Dominus,
1665 4461 1775 4528 ipse
1817 4461 2029 4529 conﬁgit
2057 4461 2113 4514 in

521 4545 690 4614 capite
725 4561 894 4615 regem
929 4563 1128 4616 regum,
1161 4550 1252 4618 qui
1278 4558 1527 4603 venturus
1560 4559 1634 4604 est
1662 4550 1884 4604 liberare
1916 4567 2112 4621 paupe-

521 4652 604 4691 res
629 4645 677 4691 et
701 4637 916 4708 afﬂictos
941 4638 1006 4692 de
1020 4655 1180 4692 manu
1201 4642 1448 4708 potentiae
1473 4642 1764 4697 sweularis.
1804 4643 2106 4713 Utrumque

519 4726 894 4783 demonstrant
941 4736 1236 4799 praesentes
1281 4733 1628 4801 responsorii,
1662 4740 1716 4787 et
1757 4733 2104 4790 liberatorem

517 4828 807 4875 venturum
839 4838 1155 4894 pauperum,
1211 4832 1265 4879 et
1303 4825 1551 4880 eumdem
1583 4827 1831 4896 proximo
1866 4835 2105 4897 tempore

515 4924 826 4969 venturum.
868 4915 985 4973 Hoc
1014 4927 1189 4974 certat
1212 4918 1391 4976 facere
1412 4922 1678 4976 secundus
1709 4925 2099 4992 responsorius,

517 5003 690 5076 Prope
712 5015 786 5061 est
812 5015 868 5060 ut
896 5008 1064 5062 veniat
1095 5019 1295 5080 tempus
1331 5012 1488 5082 ejus;
1517 5021 1571 5066 et
1601 5015 1812 5079 tertius,
1848 5013 1951 5082 Qui
1983 5033 2106 5071 ven—

515 5106 670 5152 turus
720 5108 840 5165 est;
895 5099 1000 5154 hoc
1041 5101 1206 5156 etiam
1242 5112 1487 5172 quartus,
1528 5105 1774 5174 Egypte,
1802 5107 1910 5161 noli
1955 5111 2102 5177 ﬂere.

518 5187 739 5243 Orietur
761 5189 933 5256 stella,
973 5191 1222 5247 transtuli
1277 5193 1342 5248 de
1370 5193 1489 5248 aliis
1518 5198 1876 5265 responsoriis
1919 5198 2006 5252 hic
2047 5199 2101 5252 in

513 5282 762 5353 quintum
792 5283 1060 5348 ordinem,
1088 5292 1144 5337 ut
1172 5300 1238 5339 ex
1264 5299 1330 5340 eo
1361 5285 1646 5355 eliquetur,
1682 5289 1772 5357 qui
1806 5289 1877 5342 sit
1901 5289 1986 5344 ille
2009 5291 2099 5359 qui

412 5367 416 5370 ’
513 5376 569 5431 in
594 5378 862 5447 superiori
885 5379 1234 5448 responsorio
1262 5379 1436 5434 dictus
1470 5389 1554 5435 est
1584 5381 1888 5437 dominator
1917 5399 1931 5437 :
1965 5383 2100 5438 Ante

514 5470 667 5538 cujus
718 5479 1046 5541 conspectum
1103 5481 1341 5546 movetur
1396 5473 1588 5544 abyssi.
1645 5474 1946 5544 Sequentes
2012 5493 2100 5532 re-

515 5563 780 5630 sponsorii
830 5570 956 5618 sunt
988 5563 1170 5628 iidem,
1217 5565 1309 5634 qui
1358 5565 1412 5618 in
1456 5567 1665 5622 ueteris
1692 5566 2098 5637 Antiphonariis

516 5652 880 5709 continentur.
955 5654 1258 5727 Excipitur,
1316 5655 1584 5711 La’tcntur
1622 5657 1736 5712 caeli
1780 5667 1828 5713 et
1876 5659 2098 5714 exsultet

515 5754 676 5807 terra,
718 5744 808 5809 qui
838 5762 948 5808 pra:
984 5747 1226 5802 omnibus
1265 5747 1429 5802 corda
1457 5767 1742 5820 pauperum
1774 5751 2091 5806 consolatur.

513 5833 838 5909 Autiphona
859 5838 1106 5895 ordinem
1127 5838 1356 5897 Romani
1391 5839 1762 5912 Antiphonarii
1801 5857 2097 5917 sequuntur

2228 3346 2326 3400 tiat
2351 3346 2553 3403 civitati
2582 3346 2918 3404 Hierusalem
2944 3362 3122 3419 regem
3151 3347 3315 3419 longo
3352 3357 3602 3418 tempore
3625 3363 3807 3418 exspeo

2223 3447 2449 3506 ctatum,
2495 3441 2550 3495 in
2587 3439 2792 3498 foribus
2822 3456 2959 3497 esse.
3005 3441 3236 3508 Quintus
3262 3441 3530 3496 admouet
3572 3441 3727 3502 dves,
3755 3449 3807 3496 ut

2223 3544 2283 3584 se
2306 3531 2541 3586 vestiant
2568 3531 2744 3602 dignis
2773 3532 3111 3588 vestimentis
3157 3531 3224 3586 ad
3253 3531 3668 3600 suscipiendum
3692 3541 3804 3586 tan-

2221 3632 2336 3677 tum
2365 3635 2565 3694 regem,
2608 3623 2662 3678 id
2685 3631 2790 3690 est,
2823 3632 2882 3678 ut
2915 3625 3169 3680 vicesima
3189 3633 3393 3694 quarta
3424 3625 3518 3681 die
3549 3624 3804 3694 jq'uuent.

2221 3713 2528 3769 Notandum
2557 3715 2701 3785 quod
2736 3715 2839 3770 iste
2867 3715 3246 3784 responsorius
3269 3718 3581 3771 cauebatur
3608 3717 3664 3770 in
3685 3713 3806 3770 Gal-

2220 3806 2310 3861 liis
2329 3814 2519 3861 octava
2549 3806 2754 3862 decima
2793 3807 2880 3861 die
2907 3807 3338 3862 decimimcnsis.
3402 3807 3513 3862 Pro
3575 3825 3686 3879 quo
3737 3809 3812 3862 in-

2219 3900 2343 3955 veni
2381 3901 2640 3970 scriptum
2667 3899 2722 3954 in
2775 3899 3043 3965 Romano,
3078 3900 3335 3954 vicesima
3367 3911 3574 3970 quarta
3607 3902 3698 3955 die
3726 3902 3810 3955 de

2219 3992 2345 4048 cimi
2375 3992 2576 4046 mensis
2608 4010 2620 4045 :
2650 4005 2860 4048 necnon
2892 4000 2948 4047 et
2978 3993 3043 4046 de
3070 3993 3188 4061 ipso
3215 3993 3544 4061 interrogavi
3589 4005 3814 4061 aposto-

2218 4083 2382 4138 licum
2428 4083 2771 4155 Gregorium.
2832 4082 2934 4151 Qui
2985 4085 3303 4152 respondit:
3358 4082 3472 4136 Non
3512 4095 3816 4140 cantamus

2217 4182 2409 4231 octava
2461 4175 2673 4231 decima
2727 4175 2815 4232 die
2876 4173 3070 4231 decimi
3131 4176 3358 4238 mensis,
3414 4176 3511 4231 sed
3550 4179 3813 4233 vicesima

2217 4276 2411 4338 quarta
2467 4267 2574 4323 die.
2618 4266 2817 4323 Sextus
2877 4268 3252 4338 responsorios
3290 4267 3455 4341 [Ecce
3481 4268 3613 4340 jam
3656 4273 3816 4325 renis:

2214 4358 2483 4429 plenitudo
2521 4358 2814 4433 temporis],
2847 4360 3086 4415 ostendit
3115 4359 3331 4416 modum
3363 4362 3661 4433 ingressus
3702 4379 3812 4418 ma-

2215 4450 2348 4504 ximi
2376 4451 2536 4519 regis.
2595 4450 2728 4506 Tres
2745 4451 2889 4506 enim
2920 4451 3294 4521 responsorios
3320 4454 3812 4524 sequentesaptavi
3997 4486 4000 4543 Ι

2215 4543 2606 4598 convenientiae
2652 4543 2938 4614 evangelii,
2995 4545 3139 4614 quod
3173 4543 3226 4597 in
3257 4547 3487 4615 pmpria
3521 4546 3810 4599 Dominira

2214 4635 2425 4708 legitur.
2481 4637 2828 4710 Evangeliqu
2859 4638 2992 4694 dicit
3017 4653 3084 4694 ex
3112 4654 3340 4709 persona
3369 4639 3605 4696 Joannis
3631 4641 3814 4710 Bapti-

2214 4668 2425 4708 ισδιιυι.
2481 4668 2828 4710 μναιιδῦιιυιιι
2859 4668 2992 4694 υιυιι
3017 4668 3084 4694 ελ
3113 4668 3340 4709 μυιθυιιδι
3369 4668 3605 4696 δυειιιιιδ
3634 4668 3814 4710 caput-

2213 4736 2310 4784 sta:
2341 4745 2353 4782 :
2392 4727 2508 4799 Ego
2533 4746 2632 4784 vox
2654 4728 2930 4784 clamantis
2959 4731 3014 4784 in
3043 4730 3268 4796 deserto,
3299 4744 3492 4800 parate
3547 4736 3688 4787 vim
3715 4733 3817 4787 De-
3997 4668 4000 4829 4

2213 4823 2360 4886 mini,
2391 4818 2530 4876 sicut
2556 4822 2681 4875 dicit
2708 4821 2886 4877 Isaias
2910 4823 3180 4894 propheta.
3208 4822 3628 4893 Responsorius
3655 4825 3820 4896 septi-

2211 4932 2331 4971 mus
2367 4915 2500 4971 dicit
2535 4915 2671 4987 [Rex
2697 4926 2872 4970 noster
2890 4917 3122 4970 adveniet
3158 4914 3426 4983 Christus,
3454 4936 3630 4988 quem
3652 4919 3820 4972 Joan-
3997 4933 4000 5015 ι

2211 5028 2300 5065 nes
2339 5010 2643 5080 prtedicavit
2701 5027 2951 5080 sponsum
3009 5028 3119 5066 esse
3156 5011 3480 5084 venturum].
3569 5015 3822 5083 Evange—

2208 5103 2338 5156 lium
2375 5101 2544 5158 dicit:
2605 5101 2708 5166 Qui
2737 5113 2853 5173 post
2903 5119 2984 5157 me
3014 5103 3168 5169 venit,
3221 5112 3341 5157 ante
3375 5120 3458 5156 me
3502 5104 3699 5172 [actus
3729 5111 3822 5162 est.

2207 5195 2360 5265 cujus
2388 5211 2480 5266 ego
2521 5211 2628 5250 non
2667 5211 2783 5250 sum
2813 5196 3002 5267 dignas
3036 5205 3095 5250 ut
3121 5195 3316 5251 soleam
3341 5196 3462 5265 ejus
3525 5198 3824 5267 corrigam

2203 5287 2563 5342 calceamenti.
2586 5287 2983 5359 Responsorius
3017 5295 3242 5343 octavus
3267 5289 3404 5343 dicit
3435 5287 3622 5360 [Ecce
3643 5292 3826 5360 Αςηε

2203 5376 2323 5442 Dei,
2353 5395 2469 5432 ecce
2501 5379 2590 5449 qui
2621 5378 2756 5433 tollit
2784 5390 2992 5450 peccata
3036 5381 3237 5442 mundi,
3269 5396 3388 5433 ecce
3425 5381 3496 5434 de
3527 5400 3650 5451 quo
3689 5384 3827 5434 dice-

2203 5469 2320 5522 bam
2351 5470 2508 5534 vobis,
2558 5470 2647 5540 qui
2700 5481 2814 5540 post
2863 5487 2944 5524 me
2971 5470 3126 5536 venit,
3182 5481 3302 5524 ante
3334 5488 3421 5525 me
3448 5473 3649 5542 factus
3702 5469 3828 5541 est}-
3993 5454 4000 5542 J

2201 5559 2386 5616 Nouus
2414 5561 2791 5629 responsorius
2821 5562 2955 5615 dicit
3003 5560 3114 5633 [Me
3159 5572 3355 5631 oportet
3390 5565 3601 5631 minui,
3669 5566 3830 5618 illum

2202 5664 2374 5710 autem
2402 5671 2628 5709 crescere
2653 5666 2673 5708 :
2702 5655 2792 5727 qui
2819 5665 2934 5726 post
2963 5671 3044 5709 me
3063 5640 3217 5721 venit,
3248 5667 3475 5711 anteane
3501 5659 3710 5726 [actus
3731 5664 3834 5714 at.
3997 5646 4000 5715 Ι

2201 5749 2354 5819 cujus
2384 5766 2486 5805 non
2515 5765 2632 5804 sum
2661 5749 2853 5820 dignus
2879 5749 3158 5820 corrigiam
3177 5749 3530 5806 calceamentt
3554 5757 3700 5822 ejus
3721 5748 3834 5807 sal-

2203 5843 2360 5917 vere].
2411 5843 2730 5914 Antiphonte
2759 5844 2964 5900 vadunt
2997 5857 3092 5916 per
3121 5844 3366 5899 ordinem
3401 5843 3576 5914 juxta
3611 5846 3838 5901 Rana-

2515 6453 4000 6570 ‘—
