4000 6570
510 396 645 459 1267

1538 380 1875 457 militum
1912 384 2354 455 PRESBYTEM
2397 384 2740 454 egressis

508 518 641 575 dicit
686 516 743 573 in
787 532 949 590 opere
980 533 1079 573 suo
1103 524 1292 575 contra
1335 518 1567 576 ArianOs
1598 517 1730 575 :ubi
1767 518 1946 573 autem
1984 524 2092 571 non
2119 504 2171 581 Α
2194 517 2478 588 prophetia
2507 514 2674 571 David
2710 513 2918 569 Christi
2945 520 3031 570 est
3054 514 3461 587 disputatione
3484 518 3788 589 μητερα,

507 612 592 668 est
626 610 894 682 sapientia
944 602 1040 667 Dei
1069 613 1099 647 "
1127 602 1271 683 quod
1300 621 1383 669 est
1412 611 1690 680 Christus,
1722 604 1789 669 de
1822 622 1932 684 qua
1959 608 2090 680 legi—

505 708 620 774 tur,
645 704 865 776 Attingit
898 720 933 759 α
960 704 1065 775 ﬁne
1088 718 1250 777 usque
1287 704 1356 760 ad
1390 704 1547 777 ﬁdem
1576 705 1812 777 fortiter,
1840 712 1889 759 et
1912 705 2090 776 dispo-

505 798 583 855 nit
606 790 788 854 omnia
822 796 1094 853 Suaviter?
1118 797 1254 852 Cum
1302 812 1433 870 ergo
1462 796 1666 869 ubique
1704 799 1776 854 sit
1802 796 1969 854 etiam
2002 796 2089 853 Fi-

504 887 629 956 lius,
684 894 795 961 quo
832 880 1129 945 mittendus
1175 888 1329 946 erat?
1373 884 1610 945 Fortiter
1653 891 1860 963 attingit
1905 908 1937 945 a
1981 891 2088 961 ﬁne

503 990 668 1053 usque
689 978 760 1035 ad
779 976 957 1051 ﬁnem,
981 972 1105 1050 quia
1132 988 1409 1051 nunquam
1440 988 1495 1037 et
1520 990 1788 1053 nusquam
1804 986 1865 1036 'et
1885 998 1915 1036 a
1937 974 2086 1038 nullo

504 1064 797 1129 resistitur.
836 1063 1077 1145 Disponit
1104 1073 1283 1128 omnia
1312 1070 1561 1142 suaviter,
1591 1072 1796 1130 scilicet
1826 1076 1944 1131 'sine
1968 1076 2082 1143 lite,

503 1162 623 1219 sine
664 1163 923 1230 clamore,
962 1162 1083 1218 sine
1106 1168 1343 1234 angore,
1383 1164 1500 1220 'sine
1541 1154 1723 1221 taedio.
1772 1154 1899 1220 Haec
1946 1165 2086 1221 intes

502 1256 627 1313 rim.
667 1256 746 1313 De
791 1264 990 1314 caetero
1028 1265 1297 1315 tentemus
1338 1252 1577 1315 cantoris
1610 1250 1863 1317 affectum
1898 1261 2085 1332 d‘epim

501 1363 628 1421 gere
652 1349 797 1406 circa
818 1342 1156 1407 nativitatem
1184 1342 1406 1408 ChriSti.
1436 1352 1481 1409 Ο
1500 1358 1665 1424 “quam
1696 1355 1834 1408 mira
1862 1370 1920 1411 es
1943 1344 2083 1426 apud

500 1439 755 1500 homines
796 1451 874 1511 tu,
921 1436 1208 1516 sapientia,
1258 1461 1379 1517 quae
1418 1454 1487 1501 ex
1521 1452 1617 1503 o’re
1647 1436 1911 1503 Altissimi
1958 1464 2084 1519 pro-

500 1536 669 1606 diisli,
704 1554 877 1609 usque
901 1526 969 1595 ad
1011 1524 1307 1595 humanam
1336 1532 1858 1597 confabulationem!
1908 1536 2084 1595 Attin-

500 1631 579 1702 gis
608 1650 640 1687 a
668 1620 774 1703 [ine
793 1650 956 1705 usque
981 1630 1052 1688 ad
1072 1627 1231 1704 ﬁnem
1253 1634 1480 1704 fortiter,
1503 1626 1759 1705 quoniam
1785 1651 1844 1691 es
1878 1640 2081 1690 {eterna

497 1732 552 1779 et
580 1725 781 1798 ubique
822 1736 1019 1798 regnas
1059 1730 1114 1782 et
1149 1724 1546 1797 insuperabilis.
1581 1722 1665 1783 Ex
1693 1743 1788 1784 ore
1817 1716 2081 1783 Altissimi

494 1806 747 1887 prodisti,
798 1816 1011 1888 quando
1058 1814 1346 1875 visibilitcr
1396 1810 2076 1891 apparuisti'hominibus.

2192 606 2296 674 Qui
2319 610 2505 681 aperit,
2529 618 2576 663 et
2610 624 2759 662 nemo
2789 606 3029 675 claudit;
3052 608 3273 675 claudit,
3310 617 3364 664 et
3407 618 3564 666 nemo
3592 614 3787 683 irem

2188 699 2347 771 Legis
2369 701 2563 756 divinae
2584 707 2816 767 secreta,
2831 700 3002 756 solius
3019 700 3220 757 Christi
3242 711 3519 774 potestate
3541 705 3791 776 pandun-

2189 800 2278 848 tur
2303 791 2567 859 ﬁdelibus,
2602 792 2929 848 clauduntur
2956 792 3269 849 incredulis.
3317 792 3447 850 Haec
3490 796 3787 866 antiphona

2188 893 2404 956 aptatur
2432 885 2620 957 gradui
2659 886 2874 956 spiritus
2920 885 3233 942 intellectus.
3284 886 3532 959 Spiritus
3572 876 3788 946 intelle-

2188 985 2309 1033 ctus
2333 977 2426 1048 qui
2470 977 2523 1031 in
2550 974 2765 1032 Christo
2789 985 2897 1043 est,
2942 977 3193 1032 acumine
3224 978 3451 1036 luminis
3483 981 3574 1035 sui
3606 982 3789 1037 abdita

2186 1078 2456 1143 penetrat,
2483 1080 2539 1127 et
2563 1072 2816 1126 tenebras
2840 1071 3022 1126 cordis
3047 1071 3300 1128 illustrat.
3331 1073 3449 1129 Hoc
3474 1076 3633 1129 enim
3658 1076 3785 1146 agit,

2185 1163 2276 1234 qui
2299 1163 2513 1234 quando
2543 1161 2856 1234 vultaperit
2883 1163 3030 1233 quod
3074 1178 3233 1243 nemo
3273 1173 3459 1235 potest
3512 1164 3783 1222 claudere.

2186 1252 2435 1310 Christus
2460 1261 2542 1309 est
2580 1252 2674 1307 lux
2710 1268 2862 1321 vera,
2889 1269 3008 1325 qua:
3038 1253 3307 1317 illuminat
3335 1272 3568 1312 omnem
3608 1259 3785 1313 homi-

2185 1367 2331 1421 nem.
2365 1352 2548 1407 Tertia
2581 1350 2890 1424 Antiphone
2937 1352 3068 1408 dicit
3102 1370 3116 1406 :
3150 1351 3195 1406 0
3230 1349 3582 1415 Emmanuel,
3623 1369 3714 1406 rex
3737 1363 3785 1407 et

2185 1443 2368 1515 legifer
2393 1454 2583 1500 noster.
2632 1443 2786 1513 Quod
2819 1454 2905 1501 est
2943 1443 3191 1500 mirabile
3234 1443 3410 1507 dictu,
3451 1453 3518 1497 ut
3547 1442 3680 1498 Deus
3708 1444 3780 1498 sit

2185 1550 2308 1593 cum
2334 1535 2666 1602 hominibus,
2697 1535 2985 1591 tuanducet
3013 1550 3139 1590 cum
3166 1533 3273 1589 illis
3301 1541 3361 1588 et
3397 1532 3576 1599 bibat,
3625 1542 3678 1587 et
3709 1534 3776 1588 ad

2183 1642 2370 1684 eorum
2402 1628 2756 1699 interrogata,
2776 1627 3202 1699 quotiescunque
3218 1623 3525 1692 voluerint,
3557 1640 3782 1695 respou-

2185 1719 2328 1775 deat.
2358 1718 2476 1788 Ipse
2502 1734 2599 1774 rex
2636 1718 2827 1784 David,
2857 1733 2965 1773 non
3002 1715 3395 1787 temporaliter,
3429 1704 3531 1771 sed
3554 1724 3787 1769 aeterna-

2184 1806 2326 1862 liter.
2357 1808 2476 1878 Ipse
2503 1817 2588 1864 est
2613 1805 3010 1879 quodammodo
3038 1807 3179 1862 alter
3201 1800 3442 1878 Moyses,
3482 1807 3583 1877 qui
3612 1805 3783 1876 legem

500 1883 656 1965 Unde
681 1883 739 1964 tu
767 1883 880 1980 ipsa
921 1910 1105 1967 dixisti
1145 1930 1158 1967 :
1193 1902 1349 1968 Exivi
1377 1932 1409 1968 α
1439 1900 1603 1969 Patre
1624 1914 1671 1969 et
1700 1906 1816 1970 veni
1843 1916 1897 1969 in
1932 1932 2078 1969 mun-

2185 1900 2343 1957 nobis
2383 1900 2474 1956 det
2501 1909 2912 1971 permanentem
2934 1901 2989 1955 in
3018 1899 3216 1956 saecula
3245 1898 3602 1955 seculorum.
3630 1899 3782 1954 Illum

499 1997 646 2052 dum.
680 1994 756 2054 De
782 2008 833 2054 te
860 1999 1004 2055 enim
1035 2000 1166 2056 dicit
1195 2001 1470 2072 apostolus
1504 1990 1724 2071 Paulus,
1764 1998 1916 2061 Finis
1942 2006 2082 2061 enim

498 2076 627 2159 legis
656 2077 899 2144 Christus
936 2076 1005 2144 ad
1024 2090 1290 2161 justitiam
1323 2094 1466 2148 omni
1495 2086 1744 2150 credenti.
1772 2086 1834 2151 in
1864 2096 2082 2154 Christo

499 2172 821 2250 apparuisti,
854 2176 910 2236 in
946 2186 1012 2236 e‘o
1042 2178 1207 2238 ﬁnisti
1248 2172 1422 2254 legem
1456 2186 1514 2242 et
1541 2174 1780 2257 implesti
1818 2206 1832 2242 τ
1859 2204 1967 2243 non
2000 2194 2084 2245 “so-

496 2260 610 2327 ium
646 2262 845 2341 inille,
877 2272 971 2330 sed
1018 2268 1074 2332 ei
1111 2277 1166 2332 in
1209 2279 1462 2335 omnibus
1513 2276 1858 2337 credentibus
1903 2270 1960 2337 in
1998 2298 2076 2337 se.

494 2358 732 2439 Attingis
758 2370 815 2424 tu
842 2368 912 2425 ab
951 2366 1170 2427 homine
1200 2358 1448 2441 Christo,
1492 2373 1587 2445 qui
1626 2372 1711 2430 est
1751 2366 1874 2430 linis
1920 2364 2078 2444 legis,

495 2474 667 2530 usque
711 2462 778 2517 ad
822 2454 986 2518 ﬁnem
1030 2456 1367 2521 credentium
1410 2462 1463 2521 in
1502 2482 1583 2533 se,
1632 2458 1705 2521 ita
1744 2454 1977 2534 fortiter,
2021 2468 2081 2522 ut

494 2548 655 2608 fortis
684 2562 928 2611 armatus
955 2572 1061 2611 non
1092 2556 1332 2613 inveniat
1361 2568 1643 2629 rupturam
1670 2568 1729 2639 et
1760 2549 2075 2629 scissuram,

496 2662 606 2716 quo
630 2646 869 2706 introeat
901 2649 955 2704 in
980 2646 1121 2707 ovile
1158 2651 1317 2707 electi
1353 2644 1534 2725 gregis
1576 2654 1677 2709 sui.
1710 2642 2078 2726 Adimpletum

494 2745 580 2792 est
624 2736 769 2809 qhod
814 2738 970 2812 longe
997 2732 1248 2813 praedixit
1279 2734 1542 2815 propheta
1588 2728 1792 2799 David:
1820 2740 1920 2812 Tu,
1966 2732 2077 2801 Do-

494 2829 654 2897 mine,
677 2822 906 2889 servabis
929 2850 1043 2901 nos,
1071 2826 1120 2891 ei
1145 2836 1406 2891 custodies
1438 2854 1532 2893 nos
1556 2856 1587 2892 a
1623 2829 1955 2909 generatione
1981 2840 2079 2894 hac

492 2910 552 2975 in
601 2930 875 2990 ceternum,
906 2924 962 2979 in
1011 2927 1232 2982 circuitu
1270 2918 1420 2998 impii
1447 2920 1737 2985 ambulant.
1780 2914 1983 2985 iterum
2022 2922 2081 2987 tu

497 3011 768 3080 sapientia
809 3013 1024 3084 attingis
1074 3033 1107 3069 a
1149 3008 1256 3085 line
1302 3034 1466 3089 usque
1521 3010 1591 3072 ad
1637 3018 1794 3088 ﬁnem
1842 3012 2078 3091 fortiter,

494 3100 712 3172 quando
747 3117 779 3157 a
806 3092 1048 3171 Christo,
1094 3106 1187 3176 qui
1219 3102 1272 3160 in
1308 3104 1415 3164 ﬁne
1457 3109 1642 3163 mundi
1681 3104 1850 3176 venit,
1897 3120 1952 3167 et
1978 3096 2082 3166 im-

492 3181 659 3264 plevit
690 3194 885 3267 legem,
914 3212 1087 3269 usque
1133 3196 1203 3255 ad
1243 3196 1769 3258 consummationem
1806 3193 1988 3259 szeculi
2019 3221 2079 3261 es
2112 3250 2145 3271 η

2183 2008 2285 2049 nos
2304 1992 2396 2064 qui
2428 1993 2495 2050 de
2517 1994 2772 2065 gentibus
2794 2009 2983 2063 sumus
3023 1992 3483 2063 exspectavimus,
3527 1993 3649 2063 ipse
3674 1994 3785 2047 sal-

2182 2085 2333 2143 vabit
2357 2101 2459 2142 nos
2486 2086 2541 2140 in
2568 2093 2852 2141 aeternum.
2888 2084 3018 2141 Hcce
3042 2084 3355 2155 antiphoua
3386 2085 3649 2139 convenit
3677 2096 3787 2139 ter-

2186 2178 2262 2232 tio
2284 2178 2477 2248 gradui
2504 2176 2728 2248 spiritus
2756 2177 2990 2233 consilii.
3038 2175 3275 2247 Spiritus
3304 2176 3539 2241 consilii,
3576 2168 3675 2246 qui
3725 2178 3783 2232 in

2183 2268 2401 2326 Christo
2420 2277 2523 2335 est,
2561 2269 2894 2341 providendo
2936 2268 3227 2340 praemunit
3261 2256 3493 2321 membra
3522 2283 3654 2333 sua,
3705 2284 3785 2323 ne

2184 2362 2240 2417 in
2264 2375 2507 2434 praeceps
2546 2370 2726 2419 ruant.
2748 2350 2865 2418 Hoc
2892 2371 2978 2418 est
3004 2360 3148 2433 regis
3174 2360 3531 2415 ministerium
3555 2354 3616 2415 et
3640 2361 3786 2433 legi-

2182 2452 2312 2521 feri,
2337 2462 2395 2508 ut
2417 2454 2718 2527 secundum
2750 2444 3018 2510 rationem
3047 2464 3200 2526 regat
3225 2458 3331 2513 sibi
3354 2455 3622 2529 populum
3648 2457 3781 2511 sub-

2175 2546 2401 2619 jectum,
2452 2554 2511 2603 et
2536 2547 2823 2619 provideat
2866 2548 3000 2619 quid
3029 2563 3191 2620 agere
3234 2566 3361 2605 eum
3407 2558 3690 2620 oporteat,
3730 2556 3784 2604 et

2181 2640 2311 2710 quid
2340 2641 2532 2696 vitare.
2572 2640 2823 2697 Christus
2861 2649 2947 2698 est
2990 2642 3356 2707 consiliarius,
3406 2642 3559 2699 Deus
3609 2643 3777 2699 fortis.

2182 2733 2388 2799 Quarta
2414 2732 2553 2788 mira
2579 2716 2742 2790 laude
2766 2742 2825 2789 et
2846 2734 3243 2804 quodammodo
3270 2726 3547 2790 ineﬂ‘abili
3570 2750 3634 2790 se
3661 2750 3781 2807 pro-

2180 2824 2308 2892 fert,
2339 2840 2461 2896 qua:
2494 2826 2629 2883 dicit
2657 2827 2899 2899 radicem
2949 2825 3103 2884 Iesse
3139 2835 3295 2884 stare
3336 2829 3398 2884 in
3424 2828 3651 2900 signum
3686 2844 3778 2899 po-

2180 2918 2450 2990 pulorum,
2480 2928 2536 2975 et
2580 2918 2636 2974 in
2672 2919 2961 2990 praesentia
2999 2918 3117 2989 ejus
3138 2919 3306 2976 silere
3331 2936 3520 2992 rges.
3566 2929 3639 2995 et~
3662 2936 3779 2978 wn

2180 3019 2374 3082 gentes
2394 3010 2804 3082 deprecaturae.
2838 3012 2917 3083 ita
2941 3013 3091 3069 enim
3122 3014 3274 3069 canit
3303 3030 3318 3067 :
3346 3010 3395 3068 ο
3429 3014 3597 3070 radi:
3614 3011 3774 3077 Iesse,

2181 3101 2273 3174 qui
2292 3111 2405 3158 stas
2431 3104 2485 3158 in
2510 3120 2687 3171 cruce,
2716 3105 2773 3159 in
2798 3104 2949 3176 cujus
2976 3104 3219 3161 manibus
3243 3122 3455 3162 cornu
3480 3118 3630 3173 sunt,
3658 3118 3705 3163 et
3722 3125 3774 3164 es

2182 3196 2238 3249 in
2270 3197 2477 3267 signum
2500 3196 2838 3268 populorum,
2868 3198 3079 3269 quando
3119 3197 3201 3253 sol
3244 3199 3569 3256 obscuratis
3589 3214 3687 3266 at,
3727 3210 3775 3255 α

492 3302 615 3342 cum
646 3287 926 3358 discipulis
953 3290 1080 3357 tuis,
1113 3286 1168 3347 in
1210 3288 1443 3360 tantum,
1474 3302 1535 3349 ut
1562 3310 1752 3352 omnes
1778 3290 2075 3358 adversarii

2183 3295 2511 3343 terrwmotus
2543 3287 2716 3357 [actus
2735 3298 2832 3355 est,
2870 3297 2916 3344 et
2940 3298 3100 3360 petra:
3132 3291 3312 3346 scissa:
3335 3300 3467 3346 sunt
3523 3302 3570 3345 et
3595 3308 3775 3345 mona-

492 3392 600 3432 non
632 3379 841 3449 possint
874 3382 1130 3438 resistere
1174 3392 1229 3440 et
1262 3374 1635 3443 contradicere
1673 3388 1755 3444 ori
1784 3397 1840 3445 et
1874 3380 2076 3450 rationi

492 3483 681 3524 eorum
723 3486 885 3541 quam
921 3464 1136 3529 dedisti.
1189 3474 1257 3531 Et
1299 3474 1542 3548 disponis
1572 3478 1676 3534 illis
1706 3483 1887 3537 omnia
1935 3472 2076 3541 dona

492 3557 731 3629 Spiritus
771 3562 944 3618 sancti
985 3563 1040 3619 in
1089 3580 1197 3622 uno
1239 3568 1538 3640 eodemque
1581 3564 1776 3642 spiritu
1813 3566 2073 3632 suaviter.

492 3650 759 3720 Quoniam
793 3665 1090 3726 pnesentes
1125 3659 1432 3729 antiphonae
1474 3652 1757 3720 dulcedine
1791 3680 1890 3721 sua
1921 3650 2076 3724 deco-

492 3753 617 3836 rant
636 3746 1036 3836 septeml‘erias
1058 3738 1145 3809 vel
1171 3766 1299 3811 octo
1321 3747 1376 3812 in
1403 3750 1600 3828 quibus
1627 3758 1887 3819 recolitur
1912 3765 2075 3836 septi-

493 3834 683 3926 formis
726 3834 981 3910 Spiritus,
1010 3838 1105 3915 qui
1149 3846 1203 3902 in
1240 3840 1459 3907 Christo
1487 3848 1708 3910 homine
1739 3868 1953 3926 semper
1978 3834 2075 3914 lia-

490 3924 685 3982 bitavit
728 3943 796 3984 ex
834 3946 942 4002 quo
987 3935 1150 4005 cmpit
1198 3937 1360 3995 homo
1392 3956 1532 4009 esse,
1575 3954 1631 3999 et
1673 3924 1897 4001 Verbum
1948 3952 2073 4005 caro

490 4017 694 4091 factum
847 4032 906 4080 ut
935 4014 1208 4086 habitaret
1247 4020 1302 4086 in
1325 4032 1500 4101 nobis,
1526 4033 1608 4091 fas
1644 4043 1729 4092 est
1760 4046 1821 4092 ut
1860 4039 2075 4096 demon-

492 4122 682 4182 strem,
740 4100 799 4172 in
850 4129 1109 4200 quantum
1156 4139 1411 4195 possum,
1468 4144 1630 4200 quam
1685 4141 2074 4191 consonantem

491 4200 743 4293 habeant
774 4198 1008 4293 _singula:
1058 4226 1183 4267 cum
1241 4198 1786 4288 singulisﬁgradibus
1839 4222 2073 4293 Spiritus

492 4299 685 4355 sancti.
729 4284 881 4358 Licet
914 4304 1057 4360 alter
1084 4306 1218 4363 ordo
1243 4284 1477 4379 scriptus
1503 4284 1816 4371 inveniatur
1840 4284 2074 4386 praesen-

492 4388 625 4444 tium
661 4393 1079 4463 antiphonarum
1116 4398 1173 4454 in
1216 4398 1460 4459 Romano
1498 4403 1896 4477 Antiphonario
1923 4418 1979 4465 et
2015 4410 2071 4466 in

492 4480 737 4538 Metensi.
784 4484 965 4543 Prima
1016 4490 1360 4563 Antiphona,
1406 4494 1451 4551 0
1488 4497 1774 4568 sapientia,
1824 4502 2073 4572 congruit

491 4572 668 4641 primo
691 4577 881 4645 gradui
921 4580 1145 4650 Spiritus
1189 4582 1489 4654 sapientia}.
1518 4586 1677 4642 Aliud
1705 4599 1789 4645 est
1814 4591 1959 4646 enim
1986 4607 2070 4648 sa-

488 4677 641 4733 pere,
669 4643 724 4721 et
745 4666 890 4723 aliud
910 4643 1231 4745 intelligere.
1255 4643 1408 4730 intuiti
1427 4676 1570 4731 enim
1593 4643 1799 4735 aeterna
1826 4643 2065 4753 satiati,
2090 4643 2146 4704 Β

490 4755 587 4813 sed
614 4758 730 4816 haec
772 4760 1075 4834 intelligere
1118 4768 1462 4839 nequaquam
1510 4781 1755 4847 possunt.
1790 4770 2069 4844 Sapientia

489 4848 655 4917 enim,
681 4867 803 4921 qua:
828 4853 881 4908 in
903 4854 1119 4913 Christo
1138 4866 1240 4926 est,
1261 4871 1497 4916 mentem
1519 4861 1585 4916 de
1604 4870 1932 4920 aeternorum
1955 4880 2071 4923 cer-

490 4942 719 5027 titudine
740 4953 795 5000 et
817 4960 911 5016 spe
931 4945 1145 5003 fortiter
1169 4950 1361 5017 reﬁcit,
1385 4960 1441 5007 et
1461 4961 1673 5009 mature
1705 4955 2069 5027 disponitom-

487 5036 598 5090 nia.
630 5026 907 5107 Sapientia
950 5053 1159 5095 summa
1188 5050 1271 5097 est
1298 5043 1354 5096 in
1382 5042 1632 5112 Christo;
1662 5026 1928 5118 sapientia
1948 5066 2068 5121 quae

488 5129 541 5182 in
582 5128 794 5186 caeteris
829 5129 1136 5188 hominibus
1186 5142 1270 5189 est
1317 5124 1549 5192 scintilla
1596 5146 1681 5193 est
1715 5155 1941 5197 summae
1985 5158 2068 5198 sa-

486 5220 722 5291 pientiae.
789 5208 1039 5279 Secunda
1083 5214 1376 5297 antiphona
1425 5218 1729 5283 mirabilem
1779 5233 2066 5289 ostiarium

486 5315 823 5373 demonstrat
869 5310 1164 5385 Christum,
1210 5319 1351 5390 quod
1395 5321 1510 5391 ipse
1564 5319 1789 5391 claudit,
1835 5342 1942 5381 non
1981 5336 2067 5383 est

486 5408 578 5478 qui
608 5409 836 5480 aperiat,
863 5418 918 5467 et
939 5411 1083 5482 quod
1125 5412 1320 5484 aperit,
1349 5430 1456 5470 non
1482 5423 1565 5470 est
1592 5415 1684 5485 qui
1723 5408 1959 5478 claudat.
1985 5414 2064 5473 Ita

485 5486 743 5569 scriptum
764 5508 849 5559 est
873 5501 927 5557 in
956 5498 1279 5575 Apocalypsi
1304 5494 1454 5561 deeo
1485 5522 1498 5558 :
1533 5493 1651 5563 Hoc
1682 5506 1811 5561 dicit
1847 5510 2062 5564 sanctus

485 5595 534 5640 et
585 5604 757 5657 verus,
806 5592 898 5665 qui
942 5591 1096 5647 habet
1143 5591 1338 5648 clavem
1386 5592 1560 5649 David
1591 5611 1610 5652 :
1638 5595 1728 5666 qui
1778 5596 1966 5668 aperit,
2015 5608 2064 5654 et

487 5693 636 5733 nemo
666 5680 893 5749 claudit;
938 5684 1153 5751 claudit,
1187 5697 1235 5741 et
1270 5704 1419 5742 nemo
1448 5688 1634 5759 aperit.
1681 5686 1833 5758 Quod
1877 5690 1948 5746 ita
1974 5690 2062 5747 in-

487 5768 749 5843 telligitur
778 5787 793 5827 :
818 5772 919 5841 Qui
951 5776 1114 5833 habet
1150 5778 1353 5834 clavem
1395 5776 1584 5844 David,
1625 5770 1679 5836 id
1722 5790 1825 5849 est,
1856 5778 2062 5856 regiam

487 5872 811 5937 potestatem
847 5868 999 5937 quasi
1031 5885 1095 5924 ex
1144 5866 1310 5925 David
1350 5873 1522 5944 stirpe
1571 5881 1753 5940 natus,
1783 5874 1897 5931 sive
1933 5876 2060 5948 quia

2177 3389 2354 3437 menta
2379 3391 2563 3452 aperta
2604 3391 2747 3437 sunt.
2780 3381 2953 3453 Super
2982 3399 3137 3455 quem
3158 3384 3510 3438 continebant
3545 3401 3687 3456 reges
3720 3402 3774 3439 os

2176 3490 2352 3540 suum,
2382 3472 2439 3529 id
2468 3483 2567 3539 est,
2594 3474 2856 3546 principes
2887 3476 3047 3559 huius
3085 3476 3294 3542 saeculi,
3322 3477 3420 3548 qui
3458 3493 3588 3532 cum
3614 3474 3772 3531 rheto-

2177 3566 2287 3621 rica
2311 3575 2359 3620 et
2381 3564 2660 3621 dialectica
2695 3583 2794 3621 sua
2815 3566 3040 3625 silebant
3062 3568 3372 3623 adveniente
3396 3569 3775 3641 prcdicatione

2174 3666 2370 3714 sancite
2388 3658 2561 3714 crucis
2588 3667 2637 3714 et
2667 3660 2835 3715 sancti
2860 3660 3135 3733 Evangelii
3159 3676 3177 3715 :
3210 3663 3355 3718 unde
3379 3664 3647 3719 hodierna
3692 3665 3775 3718 dis

2173 3761 2350 3825 gentes
2389 3752 2629 3807 excitata:
2684 3761 2805 3809 sunt
2853 3744 2922 3807 ad
2968 3754 3367 3824 prwdicandunt
3418 3755 3769 3826 Cruciﬁns.

2175 3842 2302 3898 Haec
2344 3843 2639 3913 antiphona
2694 3851 2890 3917 quarto
2924 3844 3121 3915 gradui
3165 3846 3392 3916 spiritus
3435 3847 3778 3904 fortitudinis

2175 3941 2411 4004 aptatur.
2440 3933 2677 4004 Spiritus
2703 3933 3070 4003 fortitudinis,
3096 3925 3189 4009 qui
3216 3939 3269 3992 in
3300 3938 3518 3994 Christo
3545 3951 3654 4006 est,
3684 3939 3777 3995 fa-

2175 4024 2248 4079 cit
2282 4022 2505 4079 adversa
2535 4040 2643 4080 non
2672 4033 2938 4094 metuere,
2984 4036 3038 4082 et
3081 4028 3377 4099 trepidanti
3421 4033 3590 4085 menti
3625 4030 3776 4087 ﬁdu-

2173 4115 2315 4170 ciam
2344 4123 2585 4186 praestat.
2617 4117 2696 4173 De
2724 4117 2909 4174 radice
2937 4118 3083 4173 enim
3105 4117 3260 4201 Iesse
3285 4120 3461 4178 David
3486 4138 3589 4177 rex
3618 4133 3777 4179 ortus

2172 4213 2289 4281 est,
2319 4206 2375 4261 id
2403 4216 2509 4272 est,
2550 4205 2707 4263 fortis
2735 4224 2921 4263 manu.
2950 4208 3052 4277 Qui
3092 4225 3186 4265 rex
3228 4209 3384 4266 fortis
3433 4229 3629 4281 manu,
3661 4217 3775 4287 ipse

2173 4306 2284 4355 stat
2322 4299 2379 4354 in
2424 4300 2636 4373 signum
2666 4300 3012 4372 populorum,
3062 4302 3270 4359 scilicet
3310 4303 3585 4363 Dominus
3617 4306 3771 4363 Jesus

2171 4382 2420 4447 Christus
2440 4390 2496 4446 in
2521 4407 2684 4448 cruce
2726 4393 3041 4461 crucifixus,
3070 4402 3130 4450 ut
3151 4396 3219 4451 ad
3239 4410 3365 4451 eum
3394 4398 3562 4453 multi
3606 4404 3773 4470 respi-

2170 4485 2338 4555 ciant,
2391 4496 2445 4543 et
2494 4488 2660 4544 velint
2702 4490 2803 4546 sub
2853 4487 2971 4558 ejus
3024 4488 3343 4546 fortitudine
3381 4492 3548 4546 tueri.
3595 4490 3769 4562 Super

2172 4591 2333 4647 quem
2374 4578 2652 4634 continent
2699 4579 2792 4651 qui
2835 4570 2965 4635 lshni
3015 4568 3239 4636 nomine
3286 4589 3452 4636 tenus
3504 4596 3663 4653 reges
3705 4597 3774 4637 os

2172 4683 2351 4736 suum,
2377 4668 2501 4738 quia
2526 4682 2633 4725 non
2660 4680 2908 4742 possum,
2936 4687 3113 4743 neque
3137 4672 3344 4727 audent
3383 4676 3594 4729 contd
3618 4672 3771 4728 torti-

2172 4760 2414 4817 tudinem
2439 4760 2557 4833 ejus
2599 4764 2738 4821 inire
2766 4775 3066 4822 certamen.
3107 4766 3318 4822 Idcirco
3347 4768 3540 4823 multa
3574 4778 3772 4841 gentes

2171 4860 2240 4915 ad
2289 4876 2415 4916 eum
2463 4860 2740 4917 conﬂuunt
2788 4864 3147 4933 deprecantes
3184 4859 3303 4933 ejus
3338 4858 3768 4933 protectionem.

2172 4949 2369 5019 Quinta
2406 4967 2601 5024 nempe
2626 4953 2855 5008 miratur
2884 4942 3185 5009 inauditum
3215 4955 3509 5022 orientem,
3539 4958 3641 5027 qui
3660 4973 3770 5012 non

2171 5058 2324 5099 more
2364 5032 2790 5098 vicissitudinem
2832 5053 3139 5116 temporum
3186 5052 3436 5099 mutatur
3483 5038 3553 5100 de
3593 5048 3682 5101 die
3712 5047 3769 5101 in

2169 5122 2328 5200 diem,
2355 5133 2449 5189 sed
2469 5142 2554 5190 est
2570 5144 2837 5202 aeternus;
2876 5134 3029 5205 cujus
3058 5135 3138 5193 sol
3163 5151 3269 5191 non
3306 5130 3489 5192 solum
3514 5138 3773 5209 corporis

2167 5228 2353 5285 oculos
2386 5216 2673 5297 illuminat,
2710 5232 2805 5289 sed
2832 5232 2996 5287 etiam
3020 5232 3233 5287 mentis.
3263 5215 3489 5287 iustitia
3519 5234 3677 5288 enim
3697 5228 3770 5287 ad

2167 5329 2445 5392 aspectum
2486 5324 2683 5381 mentis
2708 5325 2963 5395 pertinet.
3015 5325 3139 5380 Haec
3165 5312 3481 5397 Antiphmta
3506 5328 3771 5397 congruit

2167 5416 2356 5487 quinto
2373 5410 2561 5489 gradui
2591 5416 2812 5487 spiritus
2855 5418 3114 5474 scientiae.
3141 5404 3378 5488 Spiritus
3400 5408 3555 5473 enim
3586 5420 3769 5475 sden-

2167 5506 2279 5575 tite,
2314 5508 2408 5580 qui
2437 5508 2493 5562 in
2524 5506 2741 5563 Christo
2780 5516 2886 5574 est,
2912 5510 3023 5564 scit
3045 5492 3173 5579 quid
3199 5500 3643 5566 misericorditer
3670 5525 3770 5581 pu-

2167 5598 2301 5665 niat,
2350 5606 2405 5653 et
2455 5598 2585 5670 quid
2628 5600 3053 5656 misericorditer
3100 5600 3354 5655 dimittat.
3402 5596 3581 5656 Ortus
3616 5602 3772 5657 enim

2165 5691 2425 5757 scientiae,
2454 5705 2574 5761 quae
2611 5691 2876 5747 charitate
2920 5692 3160 5748 radicata
3200 5699 3302 5775 est,
3352 5684 3636 5775 Christus.
3672 5688 3773 5747 Est

2165 5798 2301 5854 opus
2324 5783 2490 5838 solius
2508 5781 2755 5853 justitite,
2804 5786 2865 5839 ut
2897 5774 3132 5840 scientes
3156 5770 3346 5837 reddat
3372 5770 3565 5838 oculos
3598 5797 3665 5838 se
3688 5786 3771 5837 in-

2163 5883 2381 5932 tuentes
2410 5875 2628 5931 mentis.
2653 5874 2817 5931 Sexta
2844 5868 3135 5947 antiphona
3159 5872 3358 5929 mirum
3379 5866 3515 5942 quid
3540 5870 3765 5937 narrat,

1609 6406 2041 6418 F———

2177 6406 4000 6570 Ἦ
