4000 6568
447 319 584 378 4271

1448 316 1782 376 AMALARH
1819 315 2260 389 PRESBYTERI
2293 313 2636 373 METENSIS

3592 314 3744 374 i272

445 455 550 496 una
571 439 630 494 in
660 436 970 509 Evangelio,
1000 436 1171 494 Facta
1209 447 1284 494 est
1317 455 1433 494 cum
1475 440 1676 511 angelo.
1709 438 1855 494 Dixit
1889 438 2020 494 mihi
2049 440 2096 501 Α
2129 447 2264 504 tum,
2295 445 2355 492 ut
2379 437 2661 508 aliquoties
2687 435 2744 492 in
2776 434 3115 507 praecedente
3149 447 3379 505 vespera
3410 431 3742 490 celebrare-

445 540 777 589 memoratus
806 529 1039 586 clericus
1073 539 1275 587 sanctae
1306 531 1563 587 Romanae
1599 530 1852 587 Ecclesiae
1879 528 2024 600 quod

444 625 500 678 in
554 625 755 694 hymno
805 621 1083 677 Zachariae
1136 630 1448 678 cantaretur
1498 623 1552 677 in
1585 622 1700 694 ipsa
1741 622 2026 678 nativitate

444 718 657 775 Domini
686 731 716 770 a
747 714 805 771 S.
840 716 1081 770 Romana
1102 714 1345 771 Ecclesia
1373 716 1690 784 antiphona,
1714 715 1855 768 Dum
1878 724 2024 768 ortus

445 809 602 879 fuerit
628 806 735 872 sol,
770 822 929 876 quam
972 815 1147 860 tamen
1179 807 1436 876 scriptam
1472 808 1646 877 reperi
1683 808 1737 862 in
1780 807 2024 861 Romano

443 897 836 968 Antiphonario
854 913 974 952 cum
990 898 1188 968 hymno
1207 899 1505 963 Zachariae,
1528 916 1590 956 ea
1615 909 1792 967 nocte,
1809 905 2024 973 quando

443 990 656 1044 canitur
703 989 1118 1059 responsorius,
1164 987 1586 1060 Sancti/icamini
1635 994 1805 1060 hodie,
1859 1012 2022 1066 quam

443 1095 542 1136 nos
563 1079 798 1136 solemus
830 1095 1026 1135 canere
1054 1095 1177 1135 cum
1209 1082 1412 1152 hymno
1439 1092 1640 1139 sancta:
1670 1083 1852 1140 Maria:
1880 1101 2022 1156 prae-

444 1173 671 1228 cedente
700 1181 857 1228 nocte
886 1173 1183 1228 nativitatis
1217 1173 1431 1230 Domini
1457 1179 1748 1232 secundum
1780 1195 2021 1236 carnem.

441 1266 764 1338 Antiphonae
807 1283 936 1324 vero
983 1283 1102 1338 quae
1142 1267 1486 1324 celebrantur
1527 1271 1580 1325 in
1623 1272 1813 1327 eadem
1866 1283 2025 1330 nocte

442 1358 583 1416 circa
611 1361 931 1430 populorum
965 1367 1183 1416 cantum
1205 1370 1260 1415 et
1289 1361 1563 1430 deinceps,
1596 1362 1800 1417 habent
1827 1365 1883 1418 in
1916 1373 2025 1420 ter-

441 1456 515 1509 tia
564 1465 830 1510 nocturna
884 1453 1135 1521 Alleluia,
1183 1463 1240 1509 ut
1275 1464 1377 1520 est,
1435 1454 1578 1528 [Ipse
1615 1458 1872 1512 invocavit
1920 1476 2020 1524 me,

439 1546 734 1619 Alleluia;]
777 1555 832 1600 et
859 1545 1151 1619 [Ltctentur
1189 1546 1334 1613 caeli,
1377 1557 1427 1602 et
1463 1548 1684 1604 exsultet
1729 1559 1868 1604 terra
1904 1560 2025 1605 ante

439 1637 629 1708 faciem
666 1637 913 1706 Domini,
949 1639 1201 1706 Alleluia,
1244 1639 1492 1694 Alleluia.
1528 1640 1727 1697 Notum
1766 1642 1887 1712 fecit
1916 1642 2027 1698 Do-

437 1733 635 1798 minus,
677 1732 904 1788 Alleluia
923 1733 966 1805 ;]
1008 1749 1220 1789 necnon
1263 1742 1317 1788 et
1359 1748 1549 1788 omnes
1587 1733 1894 1803 antiphonte
1927 1733 2024 1789 ha-

437 1823 978 1896 bentAlleluia,qua3
998 1837 1271 1883 canuntur
1294 1827 1348 1881 in
1380 1826 1680 1882 matutinis.
1717 1827 2023 1897 Responso-

437 1914 505 1968 rii
544 1917 609 1970 de
639 1918 826 1971 eadem
870 1926 1028 1973 nocte
1077 1933 1281 1973 morem
1333 1917 1480 1971 illum
1526 1925 1826 1988 sequuntur
1860 1932 2022 1987 quem

436 2003 783 2076 frequentant
822 2009 1100 2063 domestici
1136 2007 1345 2080 regales
1388 2017 1442 2064 et
1469 2009 1774 2078 imperiales
1807 2011 2024 2080 quando

438 2100 768 2154 conveniunt
797 2100 851 2154 in
900 2101 1244 2170 praesentiam
1283 2100 1427 2169 regis
1467 2101 1837 2168 unusquisque
1880 2099 2024 2169 quod

437 2191 582 2246 valet
622 2189 818 2246 ollerre
863 2192 994 2263 regi.
1048 2191 1270 2247 Diversa
1313 2192 1452 2247 dona
1485 2189 1738 2257 oil'erunt,
1773 2191 1867 2246 sed
1907 2192 2026 2248 ani-

435 2299 554 2339 mos
603 2283 746 2355 regis
798 2284 1078 2354 aequaliter
1133 2283 1358 2354 cupiunt
1411 2283 1516 2338 sibi
1565 2283 1920 2339 reconciliare
1969 2292 2025 2340 et

436 2372 686 2429 blandiri.
733 2374 809 2430 lta
850 2383 904 2430 et
933 2376 1265 2445 responsorii
1301 2373 1595 2430 multarum
1637 2375 1896 2430 mentium
1937 2390 2026 2430 co-

436 2465 726 2535 gitationes
785 2467 934 2521 vario
1005 2466 1187 2522 colore
1257 2475 1313 2523 et
1379 2466 1663 2537 multiplici
1725 2467 2023 2537 gratiarum

437 2559 651 2614 actione
679 2560 920 2630 depictas
959 2560 1192 2615 olferunt
1236 2559 1349 2631 regi
1377 2558 1593 2614 Christo
1633 2577 1646 2612 :
1689 2569 1856 2630 agunt
1895 2575 2020 2630 gra—

439 2651 546 2706 tias
568 2651 834 2707 laudando
865 2661 1110 2707 sanctam
1151 2651 1376 2706 Mariam
1395 2693 1410 2716 ,
1435 2651 1561 2722 quia
1589 2666 1750 2722 quem
1779 2651 1900 2706 caeli
1933 2666 2023 2706 ca-

437 2758 570 2814 pere
598 2760 702 2800 non
726 2755 951 2815 possunt
978 2761 1076 2801 suo
1100 2747 1309 2816 gremio
1328 2744 1581 2816 protulit;
1606 2755 1771 2815 agunt
1796 2745 2016 2816 gratias,

441 2837 567 2906 quia
618 2838 866 2908 dignatus
915 2846 999 2894 est
1032 2838 1292 2902 caelorum
1335 2852 1427 2892 rex
1474 2852 1693 2893 carnem
1745 2852 2022 2893 assumere

436 2943 504 2983 ex
531 2929 770 3000 virgine,
803 2942 862 2985 ut
902 2932 1171 3002 perditum
1207 2931 1477 2986 hominem
1506 2937 1787 2986 revocaret
1814 2931 1880 2985 ad
1911 2944 2024 2985 coe-

436 3021 570 3086 lum,
604 3023 747 3076 unde
773 3025 967 3091 gaudet
1006 3024 1278 3079 exercitus
1316 3022 1668 3092 angelorum;
1701 3030 1865 3092 agunt
1899 3036 2023 3090 gra—

438 3111 562 3176 tias,
601 3127 666 3165 eo
711 3112 853 3180 quod
902 3127 999 3181 per
1045 3129 1197 3167 suam
1240 3113 1578 3166 nativitatem
1622 3111 1767 3174 cmli,
1815 3111 1868 3166 id
1913 3121 2017 3177 est,

434 3204 852 3276 praedicatores,
896 3204 1135 3260 mellillui
1189 3205 1310 3259 facti
1354 3212 1480 3260 sunt
1533 3217 1631 3274 per
1680 3203 2015 3258 dulcedinem

2127 541 2216 588 tur
2236 541 2425 588 cantus
2444 533 2509 587 de
2533 531 2914 587 festivitatibus
2933 538 3266 594 sanctorum,
3293 539 3349 585 et
3373 530 3429 584 in
3455 539 3740 600 sequente

2126 625 2192 679 de
2235 621 2385 679 feriis
2425 621 2823 700 communibus.
2868 620 3166 677 Habuimus
3212 629 3398 677 tamen
3453 623 3737 694 scriptum

2126 717 2180 772 in
2221 715 2627 787 Antiphonariis
2659 713 2727 770 de
2766 715 2852 770 die
2895 714 3196 769 nativitatis
3227 713 3450 769 Domini
3483 724 3545 770 et
3582 725 3741 771 nata—

2123 808 2258 863 litiis
2282 807 2646 878 apostolorum
2677 804 2820 860 Petri
2860 813 2916 860 et
2945 805 3097 859 Pauli
3123 813 3286 875 atque
3321 803 3570 860 Andreae
3591 852 3605 869 ,
3640 823 3738 862 an—

2125 899 2373 970 tiphonas
2423 906 2576 968 aptas
2608 905 2664 952 et
2710 912 2980 967 congruas
3041 896 3360 951 memoratis
3427 897 3636 953 diebus
3680 900 3737 956 in

2123 1007 2352 1064 vespere
2385 999 2643 1061 sequente
2673 1005 2738 1045 ea
2767 988 2876 1053 die,
2914 989 3131 1059 quando
3162 990 3328 1044 missa
3355 989 3430 1044 de
3457 991 3735 1047 natalitiis

2125 1100 2312 1141 eorum
2339 1085 2680 1149 celebratur,
2708 1091 2764 1138 et
2798 1083 2872 1138 ibi
2905 1082 3204 1138 cecinimus
3236 1097 3333 1137 eos
3367 1082 3520 1137 sicut
3550 1085 3737 1142 adhuc

2125 1178 2371 1234 facimus.
2425 1178 2538 1249 Ego
2590 1176 2828 1232 imbutus
2868 1175 3048 1245 prisca
3098 1175 3526 1239 consuetudine,
3592 1177 3734 1246 capi

2089 1343 2094 1348 ν
2124 1273 2364 1344 cogitare
2403 1287 2572 1342 quare
2607 1287 2712 1326 non
2741 1279 2927 1326 essent
2955 1279 3268 1325 memoratae
3298 1271 3632 1340 antiphona:
3667 1272 3732 1327 de

2124 1366 2384 1421 natalitiis
2412 1371 2724 1420 sanctorum
2759 1363 2812 1417 in
2839 1363 3275 1432 praecedentibus
3303 1364 3562 1434 vesperis
3603 1379 3733 1419 con-

2124 1461 2346 1524 stitutae,
2381 1459 2434 1512 in
2458 1457 2657 1527 quibus
2686 1455 2973 1510 audiebam
2998 1470 3097 1524 per
3121 1465 3355 1510 caeteras
3386 1455 3723 1511 festivitates

2125 1557 2434 1606 sanctorum
2459 1547 2831 1620 gloriosiorem
2864 1561 3057 1601 sonum
3087 1554 3141 1600 et
3167 1547 3430 1602 videbam
3465 1548 3724 1617 majorem

2125 1649 2448 1698 conventum
2488 1639 2806 1711 populorum
2836 1645 2998 1706 atque
3039 1637 3314 1692 celebrius
3354 1637 3607 1694 officium
3649 1638 3729 1692 lu-

2125 1734 2334 1788 minum
2351 1747 2512 1802 quam
2539 1732 2592 1786 in
2616 1727 2988 1801 sequentibus.
3020 1727 3229 1794 Inveni,
3259 1729 3376 1785 Deo
3399 1731 3721 1796 miserante,

2049 1799 2097 1859 Β
2126 1825 2504 1881 rationabilius
2542 1823 2819 1878 inventum
2873 1837 2995 1876 esse
3046 1821 3251 1876 cultum
3310 1822 3727 1880 solemnitatnm

2122 1915 2568 1986 vespertinalium
2607 1914 2748 1984 apud
2785 1912 3080 1983 scriptores
3128 1915 3389 1985 antiquos
3433 1916 3529 1985 qui
3576 1918 3723 1971 anti-

2122 2010 2331 2082 phonas
2358 2009 2725 2078 scripserunt,
2753 2021 2914 2078 quam
2944 2008 3086 2077 apud
3111 2017 3365 2064 cantores
3393 2011 3716 2066 modernos.

2123 2100 2314 2158 Adhuc
2367 2100 2540 2155 solent
2599 2099 2780 2155 dicere
2845 2099 3166 2168 interrogati
3232 2100 3298 2155 de
3362 2103 3724 2173 vespertinali

2124 2195 2335 2267 synaxi,
2386 2192 2694 2248 Benedictus
2742 2191 2999 2246 Dominus
3039 2191 3180 2247 Deus
3219 2211 3370 2256 meus,
3418 2197 3721 2264 pertinere

2123 2287 2269 2342 illam
2302 2287 2369 2341 ad
2396 2286 2538 2341 diem
2564 2285 2924 2340 Dominicum.
2951 2281 3009 2337 Si
3037 2285 3185 2339 enim
3204 2282 3487 2340 voluissent
3513 2285 3713 2340 inten-

2125 2381 2254 2436 dere
2287 2378 2428 2448 quod
2459 2375 2651 2448 psalmi
2697 2375 2857 2446 hujus
2899 2374 3114 2444 vesperi
3145 2373 3195 2428 in
3229 2374 3330 2430 llne
3366 2369 3723 2444 psalmorum

2124 2469 2568 2540 veSpertinalium
2588 2477 2772 2524 essent
2798 2467 2985 2538 positi,
3012 2481 3287 2536 nunquam
3312 2466 3420 2522 hoc
3445 2467 3721 2536 dicerent,

2124 2562 2379 2633 quoniam
2425 2561 2516 2617 ille
2553 2560 2646 2631 qui
2696 2560 2935 2630 psalmos
2978 2558 3375 2630 vespertinales
3411 2561 3720 2628 constituit,

2123 2652 2312 2725 procul
2333 2653 2498 2710 dubio
2526 2669 2556 2708 a
2591 2652 2872 2708 Dominica
2905 2651 2991 2706 die
3027 2652 3192 2723 erepit
3218 2651 3440 2708 initium
3480 2653 3720 2724 psalmo-

2123 2762 2246 2801 rum
2273 2743 2715 2816 vcspertinalium
2740 2757 3092 2813 componere,
3117 2752 3174 2798 et
3197 2759 3308 2798 non
3333 2760 3366 2798 a
3393 2743 3504 2799 fine
3523 2745 3724 2801 hebdo-

2125 2837 2318 2892 madis.
2368 2836 2596 2900 Idcirco,
2642 2834 2813 2908 [Dixit
2862 2833 3118 2890 Dominus
3163 2834 3397 2890 Domino
3443 2835 3612 2910 ωειλ]
3656 2837 3720 2892 ad

2123 2928 2462 2983 Dominicam
2492 2928 2635 2982 diem
2660 2926 2894 2997 pertinet
2926 2943 2938 2979 :
2973 2925 3148 2980 υἱιδωὶ
3177 2927 3440 2997 quoniam
3476 2928 3722 2983 exaudiet

2124 3019 2380 3075 Dominus
2406 3035 2578 3074 uocem
2599 3019 2855 3073 orationis
2877 3014 3053 3090 mean]
3075 3016 3144 3072 ad
3167 3020 3476 3074 secundam
3500 3019 3687 3074 feriam
3704 3037 3719 3049 ο

2127 3111 2382 3185 [Lmtatus
2407 3127 2524 3165 sum
2545 3110 2600 3164 in
2623 3110 2704 3164 Itis
2726 3127 2844 3182 quia
2863 3110 3004 3164 dicta
3016 3119 3138 3164 sunt
3161 3109 3344 3181 mihi,]
3375 3112 3446 3165 ad
3470 3113 3690 3167 tertiam

2124 3201 2273 3274 [Nisi
2298 3202 2555 3256 Dominus
2584 3200 2923 3270 aediﬁcaverit
2957 3199 3229 3274 domum,]
3267 3200 3585 3272 Lonﬁtebor
3603 3204 3720 3262 tibi.

435 3295 731 3364 spiritualis
786 3311 997 3352 sensus.
1039 3295 1102 3351 Ni
1150 3295 1328 3362 fallor,
1384 3296 1529 3350 hunc
1581 3293 1866 3358 allectum,
1925 3292 2017 3362 qui
2117 3295 2362 3360 Domine,
2389 3297 2444 3350 in
2481 3305 2588 3349 toto
2623 3296 2780 3350 corde
2807 3294 2966 3367 meo,]
2998 3296 3065 3350 ad
3090 3303 3302 3350 sextam
3337 3315 3352 3350 :
3387 3295 3724 3368 [Benedictus

434 3390 731 3458 quaesierit,
772 3391 1007 3460 reperiet
1031 3406 1127 3460 per
1156 3390 1352 3445 multos
1385 3389 1760 3460 responsorios
1784 3389 1850 3444 de
1878 3404 2017 3459 prte-
2117 3386 2376 3442 Dominus
2411 3387 2553 3442 Deus
2584 3385 2780 3460 meus,]
2816 3388 2884 3442 ad
2930 3387 3239 3459 septimam.
3290 3386 3411 3443 Nisi
3461 3387 3572 3444 iste
3593 3389 3721 3444 ordo

435 3483 574 3536 senti
619 3483 899 3538 nativitate
945 3483 1181 3540 Domini.
1213 3482 1477 3538 Numerus
1517 3483 1808 3538 lectionum
1838 3490 1894 3536 et
1930 3496 2020 3536 re-
2117 3487 2384 3542 servetur,
2431 3494 2540 3534 non
2589 3479 2962 3547 eritgverum,
2996 3478 3150 3548 juxta
3174 3479 3594 3555 expositionem
3640 3480 3721 3535 do-

434 3575 862 3644 sponsoriorum,
893 3591 1104 3631 necnon
1135 3584 1191 3632 et
1220 3577 1639 3644 antiphonarum
1681 3574 2018 3630 nocturnalis
2117 3571 2250 3625 mini
2287 3569 2467 3636 Bedte,
2504 3571 2650 3642 quod
2677 3571 2733 3625 in
2762 3570 2934 3626 Esdra
2966 3570 3256 3634 scribitur,
3297 3569 3513 3635 Quater
3553 3572 3612 3625 in
3639 3571 3720 3626 die

432 3664 597 3721 officii
621 3707 636 3732 ,
669 3666 922 3723 admonet
962 3682 1061 3723 nos
1095 3667 1415 3722 benedicere
1452 3665 1758 3730 Dominum,
1805 3673 1860 3720 et
1901 3663 2019 3718 lau-
2119 3663 2506 3732 conﬁtebantur
2534 3662 2790 3727 Domino,
2822 3662 2876 3718 id
2917 3669 3017 3725 est,
3061 3661 3194 3718 hora
3223 3662 3428 3727 tertia,
3459 3672 3641 3728 sexta,
3671 3672 3724 3716 et

433 3758 588 3824 dare,
613 3766 776 3829 atque
803 3759 1005 3830 gratias
1035 3773 1216 3828 agere,
1239 3759 1329 3828 qui
1360 3769 1649 3828 propterea
1679 3757 1851 3812 voluit
1879 3756 2017 3811 Ver-
2118 3769 2287 3820 nona,
2325 3763 2381 3809 et
2414 3768 2658 3823 vespere.
2693 3753 2794 3820 Qui
2827 3753 2972 3808 enim
3000 3754 3329 3823 antiphonas
3354 3753 3555 3809 volunt
3589 3753 3725 3810 cele-

431 3850 563 3904 bum
609 3864 767 3903 suum
802 3864 1023 3906 carnem
1053 3849 1191 3916 fieri,
1240 3859 1300 3904 ut
1337 3849 1608 3920 perditum
1637 3848 1915 3904 hominem
1951 3847 2018 3903 ad
2118 3852 2280 3907 brare
2323 3849 2389 3904 de
2430 3848 2735 3918 Evangeliis
2781 3863 2901 3918 quae
2945 3848 3201 3920 leguntur
3239 3863 3339 3919 per
3395 3848 3720 3904 Dominicos

431 3940 748 3995 societatem
798 3940 1078 4010 colligeret
1130 3955 1323 3995 novem
1363 3940 1612 3995 ordinum
1673 3939 2009 4011 angelorum.
2119 3942 2252 4006 dies,
2286 3942 2388 3996 rite
2419 3941 2694 3996 celebrant
2727 3956 2821 3996 eas
2858 3941 2914 3996 in
2961 3939 3267 3996 matutinali
3313 3938 3497 3997 ofﬁcio
3541 3942 3717 4010 perti-

430 4031 768 4104 Antiphonas
790 4033 844 4087 in
873 4033 1178 4088 matutinali
1198 4034 1333 4089 hora
1360 4033 1432 4088 ita
1457 4033 1721 4098 ordinavi,
1747 4041 1807 4087 ut
1837 4033 2016 4103 prima
2118 4043 2282 4093 nente
2311 4035 2379 4090 ad
2407 4035 2742 4090 Dominicam
2774 4034 2940 4100 diem,
2970 4042 3025 4089 et
3058 4034 3128 4089 ad
3157 4048 3467 4103 vesperum,
3501 4032 3565 4087 in
3603 4048 3723 4102 quo

433 4124 762 4189 ostenderet,
814 4124 866 4179 id
913 4131 1020 4190 est,
1051 4123 1242 4179 Genuit
1289 4141 1547 4196 puerpera
1591 4141 1783 4194 regem,
1813 4123 2016 4181 Christi
2118 4129 2334 4185 canitur
2359 4128 2618 4200 psalmus,
2644 4125 2815 4200 [Dixit
2841 4126 3100 4182 Dominus
3122 4125 3352 4181 Domino
3373 4123 3540 4198 meo.)
3562 4125 3722 4194 Quod

432 4216 769 4270 nativitatem
809 4203 876 4272 de
907 4217 1115 4287 virgine
1151 4215 1356 4283 Maria,
1395 4225 1452 4272 et
1482 4217 1850 4290 virginitatem
1881 4233 2012 4288 per-
2119 4222 2166 4276 si
2201 4221 2759 4293 superabundavertnt
2804 4220 3148 4292 antiphonaa,
3183 4218 3567 4275 indiderenter
3613 4220 3720 4275 diei

429 4317 649 4379 petuam
685 4308 924 4378 ejusdem
952 4317 1152 4365 sanctae
1176 4309 1357 4363 Marim
1383 4327 1398 4364 :
1424 4318 1711 4380 sequentes
1741 4311 1806 4365 de
1832 4309 2016 4364 Evan-
2118 4322 2344 4385 possunt
2373 4329 2473 4384 per
2501 4312 2741 4383 singulas
2781 4326 3026 4383 quasque
3067 4310 3232 4367 ferias
3269 4309 3518 4381 quandin
3571 4311 3715 4366 idem

431 4400 572 4471 gelio
627 4401 722 4467 ita,
775 4400 1132 4471 similiterque
1185 4409 1241 4457 et
1296 4402 1362 4458 de
1397 4403 1609 4458 ratione
1655 4403 2015 4459 festivitatum
2119 4405 2475 4477 Evangelium
2511 4404 2728 4475 legitur.
2775 4404 2834 4459 In
2867 4402 3256 4459 festivitatibus
3305 4411 3632 4458 sanctorum
3664 4409 3719 4455 et

433 4500 767 4605 sallclnrum.
2038 4543 2094 4605 Β
2119 4499 2241 4556 aliis
2273 4498 2702 4555 solemnitatibus
2723 4540 2737 4564 ,
2764 4499 2810 4554 si
2839 4512 2963 4554 sero
2989 4497 3190 4554 fuerint
3213 4498 3604 4568 vespertinalia
3627 4496 3710 4551 of—

547 4581 609 4605 -..1
649 4589 696 4605 ..Α
733 4582 820 4605 ιε-
850 4584 1138 4605 ..-Α--.1--...
1177 4592 1253 4605 --Α
1298 4585 1434 4605 ---ΑΔ
1479 4585 1614 4605 ,3---Α
1657 4601 1751 4605 ..-η
1781 4601 1971 4605 ..Αυμμγ
2131 4596 2155 4605 ,ι
2201 4598 2209 4605 .
2360 4593 2374 4605 ε
2411 4594 2426 4605 ι
2517 4602 2527 4605 -
2643 4593 2676 4605 ο-
2799 4599 2811 4605 -
2924 4590 2940 4605 α
3034 4593 3048 4605 ι
3403 4601 3418 4605 -
3565 4592 3578 4602 ε
3647 4592 3682 4605 ο.

504 4580 612 4635 Sed
646 4589 700 4635 et
733 4582 823 4636 hic
850 4584 1142 4638 notandum
1172 4592 1255 4638 est
1291 4585 1437 4654 quod
1476 4585 1617 4641 sicut
1657 4601 1755 4656 per
1780 4601 2014 4642 novena-
2039 4580 2093 4605 "
2123 4596 2247 4652 ficia
2296 4593 2589 4658 celebrata,
2641 4593 2716 4648 ita
2759 4599 2819 4648 ut
2861 4590 2942 4648 sol
2981 4593 3049 4648 ad
3096 4605 3355 4647 occasum
3399 4592 3710 4655 transierit,

432 4675 570 4730 rium
594 4690 902 4743 numerum,
933 4677 1023 4746 qui
1053 4675 1358 4732 celebratur
1385 4679 1442 4733 in
1471 4680 1754 4736 nativitate
1774 4682 2013 4752 Domini,
2122 4691 2226 4746 rite
2262 4695 2488 4758 possunt
2516 4687 2623 4743 dici
2663 4685 2970 4757 antiphonaa
2995 4684 3121 4741 festi
3159 4684 3266 4740 diei
3305 4684 3361 4739 in
3390 4683 3712 4755 praeerit!!-

431 4767 634 4840 gratias
651 4767 862 4838 agimus
886 4766 953 4823 de
980 4765 1072 4822 Dei
1101 4767 1453 4825 descensione
1481 4784 1652 4840 usque
1679 4772 1746 4826 ad
1770 4780 2012 4830 nostram
2120 4782 2266 4838 tibus
2298 4779 2556 4850 vesperis,
2591 4780 2716 4850 quia
2748 4779 3010 4849 scriptum
3040 4778 3326 4844 habemus,
3366 4776 3509 4847 festa
3542 4787 3712 4832 vestra

430 4857 878 4923 humiliationem,
935 4859 1009 4913 ita
1057 4873 1155 4928 per
1194 4858 1442 4914 eumdem
1484 4875 1770 4917 numerum
1807 4865 2011 4934 gratias
2119 4872 2446 4929 celebrabitis
2487 4889 2519 4926 a
2560 4887 2770 4943 vespera
2801 4887 2965 4942 usque
3005 4869 3074 4924 ad
3109 4885 3410 4940 uesperam,
3448 4867 3505 4923 id
3539 4877 3647 4932 est,
3683 4883 3711 4920 a

431 4948 641 5020 agimus
665 4949 716 5002 in
741 4947 1129 5004 festivitatibus
1161 4960 1503 5018 sanctorum,
1532 4951 1790 5022 quoniam
1820 4952 1898 5009 illi
1929 4955 2010 5010 di-
2117 4965 2250 5022 solis
2277 4979 2473 5020 occasu
2503 4978 2677 5033 usque
2719 4962 2788 5017 ad
2833 4961 2966 5019 solis
2999 4977 3275 5018 occasum.
3308 4959 3480 5028 Quod
3525 4961 3574 5015 si
3614 4974 3710 5014 Yo-

430 5039 520 5111 gni
560 5049 688 5096 sunt
732 5042 1024 5097 ascendere
1065 5056 1237 5112 usque
1273 5041 1342 5097 ad
1377 5041 1713 5100 altitudinem
1754 5043 1908 5112 cceli,
1951 5045 2007 5102 in

2122 5055 2280 5114 luerit
2313 5057 2492 5112 dicere
2536 5063 2745 5121 cantor,
2774 5054 3024 5124 quamvis
3053 5053 3132 5109 sol
3163 5055 3231 5109 ad
3272 5068 3536 5109 occasum
3579 5068 3712 5108 non~

431 5145 538 5203 (ιιιο
564 5133 814 5189 habitam
837 5133 1031 5205 αηεειί·
2115 5150 2243 5205 dum
2271 5146 2581 5212 transierit,
2622 5142 2811 5202 tamen
2833 5144 2961 5217 quia
2985 5143 3224 5200 officium
3258 5145 3474 5216 agimus
3507 5144 3563 5198 in
3597 5159 3712 5198 me-

1014 5245 1241 5304 CAPUT
1278 5245 1396 5304 XVI
2114 5240 2346 5297 muriam
2369 5239 2523 5294 istius
2547 5248 2604 5294 et
2629 5238 2774 5294 illius
2801 5237 3184 5303 solemnitatis,
3212 5237 3268 5290 in
3297 5243 3484 5289 mente
3514 5243 3711 5289 nostra

431 5341 508 5394 De
533 5340 713 5412 ofﬁciis
747 5324 1055 5412 vespertinis
1073 5341 1129 5412 in
1164 5340 1436 5394 nativitate
1464 5336 1676 5393 Domini
1697 5345 1746 5392 et
1777 5339 1834 5394 in
1859 5348 2011 5394 nala-
2109 5331 2223 5403 iam
2250 5328 2337 5384 illa
2360 5329 2674 5385 solemnitas
2701 5328 2898 5399 agitur,
2932 5326 3136 5382 idcirco
3157 5323 3400 5381 ofﬁcium
3425 5324 3578 5379 illius
3604 5325 3711 5378 rite

980 5409 1108 5464 “1558
1130 5420 1451 5465 δαηειονιιηιο
2119 5423 2444 5495 peragimus,
2469 5419 2623 5492 cujus
2651 5418 2966 5475 solemnitas
2993 5418 3048 5472 iu
3072 5425 3253 5472 mente
3278 5424 3471 5472 nostra
3498 5416 3705 5487 agitur,

501 5521 725 5588 Quando
763 5521 981 5592 juvenis
1025 5518 1122 5581 fui.
1172 5518 1282 5575 vidi
1320 5526 1572 5574 cantores
1612 5517 2007 5586 praecedentem

430 5615 842 5682 vespertinalem
887 5612 1132 5685 synaxim
1178 5619 1303 5666 ante
1354 5611 1496 5665 diem
1537 5608 1765 5681 alicujus
1814 5607 2010 5664 solem-

433 5704 620 5758 nitatis
676 5704 969 5759 celebriora
1011 5712 1173 5760 cantu
1218 5711 1273 5757 et
1319 5702 1636 5772 gloriosiore
1686 5699 1962 5756 celebrare
1991 5742 2007 5768 ,

437 5809 598 5864 quam
636 5806 946 5864 sequentem
973 5809 1255 5864 vesperam
1289 5794 1397 5852 diei
1430 5793 1777 5851 festivitatis:
1805 5794 1860 5853 in
1889 5802 2008 5850 tan.

2119 5513 2328 5584 agimus
2351 5511 2460 5566 Deo
2480 5508 2685 5582 gratias
2705 5507 2772 5562 de
2791 5521 2979 5563 amore
3006 5507 3269 5562 mentium
3301 5503 3546 5570 illarum,
3573 5505 3708 5574 quia

2118 5605 2374 5667 charitas,
2427 5615 2548 5672 qua:
2584 5599 2764 5656 omnia
2813 5599 3024 5665 credit,
3078 5596 3262 5652 omnia
3294 5604 3522 5666 accepta
3569 5594 3708 5650 facit

2117 5698 2257 5768 apud
2284 5697 2471 5751 Deum.
2499 5692 2840 5764 Compositor
2858 5690 3256 5762 Antiphonarii,
3283 5688 3376 5760 qui
3398 5688 3584 5759 posuit
3604 5704 3709 5742 an-

2116 5791 2392 5862 tiphonam
2419 5783 2860 5856 vespertinalem,
2891 5781 3109 5855 [Tecum
3126 5775 3496 5852 principiumJ
3516 5786 3575 5835 et
3592 5793 3706 5835 etc
