4000 6492
493 311 640 373 1273

1504 287 1835 357 autumi
1871 281 2306 353 maerrem
2344 279 2687 346 narrans

3648 277 3676 334 l
3687 277 3792 336 276

497 433 592 491 lux
627 421 683 487 et
723 427 892 486 decus
927 423 1196 480 universa
1222 413 1445 477 fabricat
1480 416 1689 472 mundi.
1721 413 1923 471 Eadem
1959 428 2081 469 sen-
2107 411 2159 475 Α
2181 406 2468 468 celebrari.
2506 404 2708 461 Montio
2741 400 2919 458 dualis
2958 400 3100 458 facta
3135 409 3225 457 est
3269 401 3331 456 in
3356 399 3651 474 presenti
3699 421 3766 462 ss

499 523 667 583 tentia
689 525 774 578 est
797 517 855 575 in
883 518 1080 582 versu’,
1106 513 1408 588 [Tanquam
1437 525 1657 580 sponsus
1678 507 1937 562 Dominus
1961 522 2084 576 pro-

497 615 652 672 cessit
675 613 741 668 de
759 609 996 666 thalamo
1017 605 1160 680 sum]
1190 602 1526 675 Impossibile
1553 609 1639 656 est
1664 600 1804 669 apud
1836 597 2081 653 Scholam

497 715 784 763 cantorum
831 703 898 758 de
942 699 1135 756 ordine
1179 694 1546 769 processionis
1583 691 1786 746 Christi
1827 691 1894 744 de
1930 697 2084 742 utero

501 797 740 868 Virginis
764 805 1008 859 narrate,
1033 799 1152 862 qua:
1178 795 1525 859 comparatur
1543 797 1743 855 sponso
1765 781 2081 852 procedenti

509 891 578 946 de
603 885 860 945 thalamo.

1083 949 1314 1009 CAPUT
1350 947 1495 1002 XIX.

991 1044 1066 1100 De
1097 1041 1308 1098 Oetaeis
1347 1037 1582 1094 Domini.

571 1141 680 1197 Nos
702 1140 852 1196 enim
878 1153 986 1194 non
1015 1135 1254 1192 solemus
1287 1147 1486 1188 canere
1515 1128 1618 1184 nisi
1655 1142 1822 1183 unum
1847 1125 2082 1181 cilicium

503 1231 821 1289 nocturnale
869 1230 925 1286 in
960 1227 1256 1284 Nativitate
1296 1222 1544 1287 Domini;
1576 1220 1780 1276 idcirco
1822 1233 1990 1272 unum
2017 1217 2085 1272 de

499 1329 711 1383 duobus
768 1339 893 1395 qua:
938 1321 1286 1377 celebrantur
1323 1332 1356 1371 a
1404 1315 1650 1368 Romana
1712 1311 1974 1374 Ecclesia,
2029 1317 2085 1363 et

498 1424 702 1493 scripta
745 1428 872 1476 sunt
909 1419 963 1473 in
1001 1412 1397 1486 Antiphonario
1423 1409 1669 1464 Romano
1712 1415 1769 1460 et
1800 1413 1987 1460 nostro
2029 1404 2084 1458 in

499 1525 661 1571 nocte
702 1511 1015 1568 Nativitatis
1049 1506 1285 1570 Domini,
1316 1511 1602 1560 cantamus
1631 1500 1684 1554 iu
1716 1497 1936 1553 Octavis
1974 1496 2082 1550 Do-

499 1605 657 1660 mini.
689 1604 1030 1674 Antiphenas
1053 1601 1110 1655 in
1136 1595 1417 1653 matutinis
1455 1594 1524 1648 de
1553 1592 1742 1650 eadem
1769 1599 1929 1646 nocte
1951 1589 2084 1644 scri~

500 1697 745 1766 psimus,
800 1706 860 1750 ut
913 1693 1216 1763 reperimus
1255 1689 1310 1744 in
1363 1681 1759 1756 Antiphonario
1815 1681 2080 1735 Romano.

2184 501 2465 558 lemnitate
2511 499 2798 554 verborum
2840 495 3102 550 adorandi
3148 495 3448 550 Dominum
3482 514 3495 549 :
3539 511 3662 552 una
3703 508 3790 554 es

2184 593 2482 665 Magorum,
2513 591 2606 660 qui
2655 590 2711 644 in
2750 588 2982 643 veritate
3011 587 3330 658 quiet-ebant
3368 587 3701 652 Dominum,
3729 600 3790 646 ut

2183 701 2308 740 eum
2335 684 2624 740 adorarent
2650 690 2705 734 et
2751 679 3054 734 salutarent
3098 677 3459 745 muneribus;
3495 679 3682 734 altera
3705 691 3789 736 est

2185 776 2432 838 Herodis,
2457 775 2548 845 qui
2598 771 2785 827 dolose
2820 770 3037 824 dicebat
3077 767 3245 839 Magis
3269 787 3286 821 ς
3318 767 3402 822 Ite
3449 779 3502 822 et
3547 772 3786 824 insenu-

2181 878 2302 940 gate
2330 867 2604 937 diligenter
2645 865 2710 918 de
2759 879 2920 933 puero
2944 871 3031 916 :et
3071 877 3189 914 cum
3219 862 3554 925 inveneritis,
3592 879 3790 916 renu-

2183 963 2311 1016 tiale
2333 961 2483 1024 mihi,
2515 970 2638 1013 utet
2679 975 2774 1027 ego
2805 958 3010 1012 veniens
3053 955 3271 1010 adorem
3299 972 3454 1009 eum.
3495 955 3786 1026 lagonam

2184 1054 2581 1117 benevolentia,
2632 1053 2724 1121 qui
2757 1066 3074 1106 communes
3104 1058 3264 1103 erant
3297 1049 3584 1113 homines,
3628 1050 3786 1104 nobis

2185 1147 2446 1203 imitanda
2477 1154 2582 1201 est.
2622 1145 2872 1199 Versutia
2903 1142 3148 1206 Herodis,
3178 1142 3272 1211 qui
3303 1141 3605 1214 videbatur
3635 1143 3788 1211 prin-

2185 1255 2311 1309 ceps
2354 1248 2409 1294 et
2452 1254 2548 1293 rex
2595 1252 2718 1292 esse
2761 1238 2814 1291 in
2861 1235 3059 1305 populo
3104 1233 3354 1298 Judaico,
3398 1235 3628 1287 vitanda
3679 1241 3779 1287 est.

2187 1332 2416 1401 Propter
2444 1331 2584 1385 hanc
2616 1327 3038 1384 admonitionem
3070 1335 3126 1380 et
3151 1327 3570 1395 castigationem
3591 1334 3780 1394 potest

2186 1424 2380 1479 rationi
2419 1437 2718 1493 congruere
2764 1428 2825 1473 ut
2864 1418 3146 1472 omittatur
3188 1418 3246 1471 in
3296 1419 3561 1488 praesenti
3592 1417 3772 1470 cilicio

2186 1516 2238 1569 in
2266 1515 2441 1585 primo
2465 1513 2656 1568 ordine
2678 1511 3028 1581 psalmorum,
3057 1499 3295 1580 [Venite,
3317 1510 3646 1563 exsultantes
3677 1509 3777 1560 Do-

2183 1608 2372 1677 mino,|
2405 1615 2457 1659 et
2490 1616 2721 1675 ponatur
2768 1602 2823 1668 in
2867 1611 3021 1656 sexto
3045 1599 3259 1654 ordine.
3310 1599 3647 1670 Antiphonze
3690 1616 3779 1654 Sex

2184 1714 2281 1770 per
2337 1697 2471 1752 duas
2517 1706 2815 1750 nocturnas
2872 1683 3146 1764 Magorum
3209 1690 3478 1762 obsequia
3538 1687 3780 1746 recolunt

504 1787 646 1854 Quid
676 1787 744 1842 de
783 1785 1001 1842 Octavia
1045 1781 1258 1839 Domini
1299 1786 1354 1835 et
1399 1784 1709 1832 sanctorum
1743 1771 2006 1828 audierim
2049 1787 2080 1824 a

2195 1792 2327 1845 circa
2359 1783 2562 1843 Christi
2600 1787 2958 1842 nativitatem.
3009 1783 3148 1839 Tres
3176 1783 3339 1854 Magi,
3386 1785 3480 1853 qui
3516 1791 3780 1839 venerunt

501 1880 767 1935 Romanis
801 1879 1037 1944 clericis,
1080 1884 1134 1932 et
1167 1875 1298 1945 quid
1343 1880 1530 1927 nostra
1580 1868 1730 1939 regio
1777 1865 2084 1935 frequentet

505 1987 572 2028 ex
608 1972 712 2036 eis,
745 1971 943 2040 partim
974 1967 1172 2037 scripsi
1197 1967 1252 2020 in
1282 1963 1462 2018 libello
1485 1958 1730 2024 Olliciali,
1760 1957 1958 2029 partim
1987 1971 2082 2012 co-

502 2075 606 2116 nor
628 2060 869 2116 scribere
905 2060 963 2114 in
990 2057 1169 2112 libello
1195 2055 1262 2110 de
1291 2050 1522 2108 diuruali
1556 2047 1742 2102 Oilicio

1102 2165 1330 2223 CAPUT
1368 2163 1485 2218 XX.

604 2264 683 2319 De
711 2263 990 2318 Dominiea
1022 2262 1191 2333 prima
1225 2268 1339 2330 post
1367 2256 1709 2312 Nativitatem
1744 2251 1977 2307 Domini.

567 2357 896 2428 Antiphona,
951 2354 1122 2429 [Puer
1160 2351 1362 2424 Jesus,]
1404 2359 1491 2406 est
1529 2357 1806 2419 assumpta
1847 2347 1912 2402 de
1955 2361 2085 2401 con-

504 2459 657 2507 textu
696 2450 975 2521 Evangelii
1021 2448 1111 2519 qui
1155 2448 1396 2502 continet
1444 2445 1622 2499 locum
1676 2451 1801 2513 post
1847 2439 2083 2497 oliici‘um

505 2542 800 2598 Simeonis.
844 2540 1001 2610 Quod
1025 2539 1248 2595 omnino
1288 2543 1570 2608 peractum
1609 2542 1692 2589 est
1721 2541 1845 2587 ante
1879 2532 2084 2586 adven-

507 2645 621 2690 tum
662 2634 938 2705 Mag'orum
971 2651 984 2688 :
1015 2631 1242 2701 ideoque
1272 2637 1454 2685 teneat
1497 2627 1674 2684 locum
1703 2627 1760 2680 in
1801 2625 2084 2680 Dominica

506 2733 635 2781 ante
680 2725 1063 2797 Epiphaniam,
1091 2723 1308 2794 quando
1332 2720 1531 2794 legitur
1572 2715 1910 2788 evangelium
1937 2716 2082 2772 unde

510 2827 788 2889 assumpta
821 2827 927 2874 est.

1086 2906 1313 2963 CAPUT
1361 2905 1504 2960 XXI.

507 2996 589 3052 De
618 2996 940 3068 Epiphania,
967 2997 1022 3051 id
1048 3007 1144 3061 est,
1169 2997 1504 3067 apparitione
1515 2996 1623 3050 sive
1638 2993 2081 3063 manifestatione.

581 3087 968 3157 Antiphonam,
1019 3087 1250 3158 [Christo
1288 3086 1445 3139 datus
1482 3081 1855 3155 principatus,]
1899 3082 2086 3137 inveni

2188 1882 2240 1936 in
2270 1881 2368 1936 ista
2400 1889 2559 1935 nocte
2589 1877 2654 1933 ad
2687 1877 2995 1942 Dominum,
3031 1875 3198 1946 legati
3228 1876 3567 1931 exstiterunt
3596 1879 3781 1948 mysti-

2184 1975 2267 2030 cis
2319 1974 2432 2028 suis
2461 1971 2780 2028 muneribus
2824 1967 3038 2040 gentilis
3063 1969 3271 2040 populi,
3297 1971 3389 2041 qui
3419 1966 3471 2025 in
3519 1977 3670 2025 terra
3700 1971 3781 2025 in-

2187 2064 2428 2133 sulisque
2459 2061 2688 2117 habitat.
2725 2059 2851 2115 Tria
2883 2069 3112 2115 munera
3143 2069 3324 2114 eorum
3357 2059 3634 2130 triplicem
3658 2069 3781 2131 per-

2189 2167 2379 2210 sonam
2408 2151 2611 2208 Christi
2637 2151 3076 2224 prznliguralraht,
3108 2150 3165 2206 id
3195 2158 3291 2215 est,
3321 2147 3460 2222 regis
3486 2161 3546 2207 et
3580 2163 3778 2209 sacer-

2188 2247 2358 2312 dotis,
2390 2253 2446 2300 et
2485 2243 2732 2300 mortalis
2759 2241 3020 2309 hominis,
3063 2257 3276 2298 necnon
3300 2251 3348 2296 et
3370 2251 3485 2298 tres
3525 2243 3781 2299 functio-

2186 2348 2285 2396 nes
2307 2335 2676 2394 membrortim
2705 2336 2926 2399 Christi,
2949 2337 3000 2392 id
3021 2337 3125 2402 est,
3146 2335 3490 2406 sapientiam,
3511 2337 3776 2392 virtutem

2187 2431 2477 2496 orationis,
2525 2439 2580 2485 et
2619 2427 3095 2484 mortificationem
3137 2429 3338 2483 carnis.
3364 2423 3580 2482 Harum
3616 2429 3775 2482 trium

2187 2521 2528 2578 functionum
2571 2521 2896 2592 legationem
2941 2535 3169 2575 munera
3203 2519 3485 2591 Magorum
3531 2529 3776 2590 portave-

2188 2624 2333 2672 runt.
2363 2615 2444 2669 Ex
2470 2627 2692 2669 munere
2721 2607 2898 2667 thuris
2919 2612 3104 2667 dicunt
3129 2626 3228 2683 per
3257 2605 3497 2682 primam
3527 2609 3776 2681 antiphoe

2187 2719 2354 2772 nam;
2397 2705 2619 2778 [Aﬁ‘erte
2662 2701 2907 2768 Domino,
2931 2701 3027 2772 ﬁlii
3056 2699 3155 2757 Dei
3170 2699 3212 2775 ;]
3251 2701 3320 2756 ad
3350 2696 3573 2756 insulas
3613 2717 3781 2756 sacer-

2119 2826 2121 2828 ·
2188 2799 2398 2863 dolum,
2423 2795 2517 2868 qui
2552 2795 2860 2852 inhabitant
2895 2803 3138 2849 terram:
3164 2792 3366 2863 Amer-te
3409 2790 3668 2852 Domino.
3693 2793 3781 2864 ﬁlii

2187 2892 2309 2956 Dei,
2338 2891 2429 2962 qui
2471 2897 2761 2961 propterea
2788 2885 3072 2958 potestatis
3101 2877 3208 2942 dici
3241 2881 3343 2940 lilii
3370 2879 3502 2950 Dei,
3543 2887 3674 2956 quia
3701 2903 3780 2940 sa-

2191 2981 2438 3038 cerdotes
2487 2981 2639 3036 estis.
2689 2977 2831 3047 Quid
2881 2978 3114 3034 debeant
3161 2975 3385 3044 afferte,
3437 2975 3779 3042 Subauditur,

2193 3076 2377 3131 thura.
2435 3077 2513 3129 Ac
2567 3074 2612 3128 si
2671 3069 3218 3128 dicaturzvmutem
3264 3071 3544 3127 orationis
3600 3079 3785 3125 vestra:

508 3177 566 3234 in
600 3154 847 3232 Romano
889 3154 1282 3247 Antiphonario
1325 3154 1815 3244 interantiphonas
1840 3154 1908 3229 de
1949 3171 2091 3226 Nati-
2117 3154 2162 3217 Ο
2194 3165 2408 3223 Christo
2444 3163 2654 3230 aliterte,
2707 3164 2965 3234 quoniam
3013 3171 3208 3219 vestra:
3253 3173 3456 3233 preces
3496 3177 3601 3233 per
3637 3161 3782 3216 illam

509 3270 682 3326 vitate
719 3261 953 3337 Domini,
1001 3277 1057 3324 et
1095 3270 1151 3324 in
1195 3267 1420 3326 Metensi
1467 3267 1612 3323 inter
1655 3267 1981 3338 antiphonas
2026 3268 2092 3324 de

512 3358 818 3430 Epiphania
845 3375 861 3414 :
887 3360 1091 3416 etenim
1141 3359 1197 3414 in
1240 3373 1339 3414 suo
1369 3370 1527 3414 sensu
1561 3358 1777 3428 utrique
1809 3357 2094 3413 festivitati

509 3468 754 3524 congrua
777 3464 892 3519 est;
926 3463 980 3508 et
1011 3453 1362 3523 antiphonam
1393 3450 1556 3524 [Ecce
1587 3451 1816 3523 advenit]
1853 3452 1996 3507 inter
2024 3451 2092 3504 il-

517 3541 602 3598 las
639 3543 706 3597 de
731 3542 1028 3598 Nativitate
1060 3543 1308 3610 Domini;
1337 3559 1460 3612 qua:
1490 3542 1617 3597 huic
1650 3541 1935 3597 festivitati
1967 3558 2094 3597 con-

513 3651 653 3707 grua
696 3645 801 3702 est,
833 3637 978 3706 quod
1022 3644 1199 3706 potest
1251 3636 1492 3706 dignosci
1541 3650 1608 3689 ex
1657 3635 1879 3689 introitu
1929 3635 2097 3705 ipsius

519 3726 648 3782 diei.
685 3727 892 3784 Idcirco
921 3727 1158 3783 inscribo
1179 3743 1300 3782 eam
1332 3727 1398 3780 ad
1423 3727 1652 3797 primam
1681 3725 2098 3797 vespertinalem

512 3820 801 3890 synaxim;
841 3829 897 3875 et
927 3819 1162 3893 [Christo
1205 3821 1362 3874 datus
1387 3829 1460 3874 est
1495 3817 1869 3891 principatum]
1909 3821 1979 3874 ad
2009 3835 2100 3875 ve-

519 3926 740 3982 sperum
769 3913 940 3982 ipsius
970 3914 1074 3968 diei
1095 3913 1425 3983 Epiphaniae.
1464 3911 1659 3967 Nostra
1697 3912 1846 3982 regio
1876 3913 1930 3965 l'n
1959 3927 2099 3981 pra:-

515 4003 660 4059 senti
697 4002 873 4059 cilicio
915 4004 1076 4060 solita
1122 4013 1208 4061 est
1234 4021 1400 4060 unum
1449 4005 1702 4060 omittere
1729 4004 1796 4058 de
1840 4012 2100 4060 consueto

521 4110 693 4162 more,
723 4096 775 4150 id
803 4104 909 4162 est,
933 4097 1323 4152 invitatorium.
1357 4095 1704 4151 lnvitatorius
1727 4105 1812 4150 est
1834 4096 2096 4166 psalmus,

519 4181 756 4256 (Venite,
808 4185 1126 4241 exsultemus
1171 4185 1441 4258 Domino]
1473 4187 1567 4242 Ilio
1596 4195 1962 4242 convocantur
1985 4186 2101 4240 fra-

521 4284 634 4330 tres
662 4275 719 4330 in
763 4293 954 4342 unum,
994 4286 1049 4333 et
1078 4279 1341 4332 docentur
1369 4279 1499 4348 quid
1528 4294 1690 4350 agere
1734 4293 1830 4333 eos
1854 4286 2103 4348 oporteat
2146 4284 2155 4289 ‘

518 4375 808 4438 postquam
858 4369 1229 4424 convenerint.
1298 4367 1493 4434 Venite,
1543 4369 1741 4438 inquit,
1782 4370 2102 4424 exsultemus

519 4456 766 4522 Domino,
800 4459 1090 4528 jubilemus
1125 4461 1230 4515 Deo
1267 4462 1492 4516 salutari
1529 4473 1725 4516 nostro.
1760 4463 2104 4534 Praeoccupe—

522 4562 639 4601 mus
677 4547 868 4615 {aciem
896 4550 1010 4618 ejus
1047 4552 1102 4604 in
1140 4551 1477 4620 confessione,
1522 4555 1756 4624 quandiu
1799 4564 1998 4624 tempus
2027 4565 2101 4611 est

524 4638 858 4712 acceptabile.
898 4640 1030 4696 Dein
1078 4641 1254 4696 reddit
1299 4658 1494 4697 causas
1521 4658 1626 4712 qua
1657 4644 1722 4696 de
1764 4659 1820 4698 rc
1858 4657 2105 4716 oporteat

523 4733 1131 4803 praeoccuparifaciem
1186 4731 1302 4805 ejus
1333 4735 1386 4790 in
1429 4734 1790 4802 confessione,
1842 4738 2102 4804 Quoniam

522 4819 667 4876 Deus
697 4838 917 4891 magnus
953 4823 1230 4891 Dominus,
1274 4835 1322 4880 et
1352 4826 1406 4879 in
1428 4842 1587 4879 manu
1617 4827 1730 4897 ejus
1768 4839 1889 4882 sunt
1927 4845 2103 4884 omnes

522 4914 653 4985 ﬁnes
701 4925 876 4982 terrae,
917 4927 963 4971 et
1011 4918 1314 4974 altitudines
1356 4921 1612 4974 montium
1661 4921 1774 4990 ipse
1815 4922 2098 4992 conspicit.

524 5004 724 5060 lterum
778 5007 934 5063 docet
992 5009 1231 5080 psalmus
1275 5011 1402 5079 quid
1455 5027 1698 5082 agamus.
1770 5010 1968 5078 Venite,
2022 5014 2108 5066 in-

525 5101 739 5170 quiens,
771 5099 1052 5156 adoremus
1098 5111 1144 5155 et
1185 5103 1542 5172 procidamus,
1599 5114 1644 5157 et
1677 5103 1938 5174 plorentus
1986 5115 2106 5159 ante

525 5191 830 5255 Dominum,
875 5194 968 5264 qui
1017 5193 1139 5262 fecit
1173 5210 1284 5248 nos.
1327 5193 1504 5264 Atque
1538 5193 1664 5248 forti
1705 5197 1962 5251 instinctu
2008 5213 2106 5252 nos

526 5284 726 5355 pulsat,
759 5285 944 5340 dicens
971 5300 984 5339 :
1018 5283 1188 5339 Hodie
1210 5285 1255 5340 si
1287 5302 1456 5340 vocem
1481 5286 1596 5356 ejus
1627 5287 1922 5352 audieritis,
1950 5287 2107 5343 nolite

529 5373 792 5428 obdurare
823 5375 984 5429 corda
1019 5384 1206 5440 vestra,
1239 5374 1379 5429 sicut
1411 5373 1657 5430 fecerunt
1680 5375 1773 5428 lilii
1804 5375 1986 5440 Israel,
2012 5378 2104 5449 qui

530 5480 696 5535 Opera
740 5467 956 5524 Domini
994 5468 1244 5523 viderunt
1291 5483 1388 5538 per
1422 5468 1777 5540 quadraginta
1824 5485 2015 5535 annos,
2054 5479 2108 5526 et

530 5568 753 5628 propter
787 5560 1042 5614 duritiam
1086 5558 1269 5615 cordis
1311 5574 1498 5614 eorum
1531 5578 1638 5616 non
1683 5564 2022 5616 intraverunt
2053 5562 2107 5616 in

533 5650 775 5718 requiem
815 5649 1048 5706 Domini.
1082 5651 1236 5708 llunc
1268 5652 1536 5722 psalmum
1576 5656 1754 5709 audivi
1801 5655 2110 5711 Constanti—

527 5739 714 5813 nopoli
735 5740 791 5796 in
816 5742 1047 5800 ecclesia
1077 5743 1289 5802 Sancta:
1319 5744 1534 5819 Sophia:
1559 5747 1616 5804 in
1639 5748 1906 5822 principio
1927 5749 2105 5805 missa:

2194 3258 2498 3328 diriguntur
2537 3256 2650 3309 Deo
2695 3255 2864 3310 Patri.
2897 3253 3047 3309 Thus
3095 3254 3240 3308 enim
3295 3249 3620 3308 sacerdotio
3668 3267 3787 3306 cou-

2195 3350 2359 3422 gruit.
2389 3349 2469 3403 Ex
2497 3361 2723 3403 munere
2752 3347 2869 3400 auri
2897 3345 3099 3401 dicitur
3122 3344 3478 3414 sapientibus
3500 3345 3562 3398 et
3599 3343 3788 3397 inreli-

2195 3442 2445 3513 gentibus
2483 3455 2581 3510 per
2625 3439 2918 3494 secundam
2961 3437 3351 3507 antiphonam,
3383 3434 3652 3508 [Psallite
3689 3434 3786 3487 Deo

2197 3543 2395 3599 nostro,
2429 3533 2676 3605 psallite;
2703 3527 2911 3604 psallite
2943 3529 3051 3600 negl
3094 3537 3300 3592 nostro,
3331 3528 3553 3598 psallite
3587 3527 3788 3596 sapien-

2198 3625 2322 3697 ηπ]
2374 3625 2479 3679 Per
2522 3635 2712 3678 aurum
2765 3622 3031 3693 sapientia
3073 3619 3319 3675 oti'ertur.
3373 3618 3664 3689 Scriptum
3717 3623 3791 3671 est

2199 3717 2706 3774 enim:TItesaurus
2749 3712 3112 3768 desiderabilis
3157 3713 3438 3782 requiescit
3484 3713 3542 3764 in
3586 3723 3679 3764 ore
3715 3723 3794 3762 κο

2199 3811 2406 3882 pientis.
2455 3809 2663 3863 Aurum
2713 3809 2824 3862 Deo
2860 3814 2915 3862 et
2963 3807 3078 3878 regi
3124 3805 3399 3876 congruit.
3439 3804 3521 3858 Ex
3565 3817 3790 3857 munere

2207 3901 2446 3972 myrrhae
2475 3901 2676 3955 dicitur
2703 3899 2773 3954 de
2812 3898 2960 3954 omni
2987 3898 3184 3968 populo
3224 3895 3442 3951 mortali
3467 3905 3524 3949 et
3553 3895 3797 3949 studium

2201 3996 2420 4054 babenti
2455 3994 2522 4048 ad
2552 3994 2776 4048 meliora
2813 4008 2912 4064 per
2939 3993 3154 4048 tertiam
3179 3991 3558 4061 antipbonam,
3609 3987 3797 4042 Omnis

2204 4102 2346 4146 terra
2377 4091 2558 4144 adoret
2587 4101 2656 4156 te,
2692 4100 2738 4144 et
2763 4089 2955 4162 psallat
2979 4089 3091 4155 tibi,
3118 4087 3382 4159 psalmum
3410 4086 3558 4140 dicat
3600 4083 3798 4138 nomini

2203 4195 2314 4252 tuo,
2343 4185 2598 4250 Domine;
2629 4200 2695 4238 ac
2718 4185 2761 4239 si
2789 4185 2936 4239 dicat
2955 4198 3194 4254 praesens
3232 4181 3578 4252 Antiphona,
3610 4179 3795 4235 Omnis

2207 4288 2351 4334 terra
2383 4279 2571 4334 adoret
2617 4286 2689 4343 te,
2735 4284 2791 4331 et
2829 4277 3021 4347 psallat
3064 4275 3160 4331 tibi
3190 4290 3286 4345 per
3315 4273 3794 4329 mortiﬁcationem

2207 4370 2390 4426 carnis
2417 4389 2430 4424 :
2461 4370 2711 4439 dicatque
2748 4367 2868 4434 tibi,
2896 4367 3125 4438 Propter
3150 4374 3203 4422 te
3249 4364 3663 4420 mortiﬁcamur
3693 4372 3794 4419 tota

2207 4463 2316 4518 die.
2343 4461 2559 4533 Myrrha
2606 4461 2748 4514 enim
2781 4461 3130 4514 condimento
3153 4458 3410 4513 convenit
3459 4466 3797 4512 mortqu

2209 4569 2518 4624 corporum.
2548 4553 2652 4608 Ista
2688 4552 2869 4623 vigilia
2916 4552 3246 4606 mentionem
3277 4549 3412 4604 facit
3442 4550 3517 4606 de
3546 4550 3794 4620 gentibus

2207 4661 2327 4714 qua:
2355 4644 2602 4697 habitant
2642 4643 2698 4697 in
2748 4653 2914 4709 terra,
2947 4641 3184 4698 secunda
3224 4641 3412 4711 vigilia
3459 4641 3530 4696 de
3569 4641 3655 4696 eis
3689 4655 3796 4710 qua

2207 4733 2458 4791 habitant
2489 4735 2544 4788 in
2583 4733 2795 4788 insulis.
2828 4734 2986 4796 Dicit,
3017 4748 3114 4802 per
3145 4732 3380 4802 primam
3416 4732 3796 4800 antipbonam,

2208 4828 2275 4883 de
2307 4826 2678 4897 sapientibus:
2708 4825 2892 4898 [Reges
2923 4824 3136 4878 Tharsis
3157 4834 3203 4878 et
3237 4822 3427 4877 insula:
3461 4839 3693 4877 munera
3723 4821 3800 4890 of-

2207 4919 2420 4992 ferent.]
2461 4920 2636 4991 [leges
2675 4920 2845 4983 enim,
2872 4918 2964 4986 qui
3010 4926 3296 4987 propterea
3332 4924 3616 4969 vocantur
3655 4929 3804 4984 rcges

2208 5014 2334 5083 quia
2361 5015 2680 5082 semetipsos
2706 5019 2899 5082 regunt
2931 5018 2987 5065 et
3012 5019 3259 5074 cancros,
3292 5008 3584 5079 sapientes
3607 5023 3806 5062 vocati-

2209 5113 2316 5160 tur.
2348 5103 2453 5158 Per
2483 5103 2776 5157 secundam
2805 5102 3154 5171 antiphonam
3179 5100 3383 5155 dicitur
3407 5099 3478 5153 de
3518 5099 3678 5154 omni
3708 5114 3802 5168 po-

2203 5197 2350 5270 pulo,
2389 5195 2606 5268 [Omnes
2651 5205 2824 5265 gentes
2863 5209 3198 5264 quascunque
3251 5191 3424 5261 fecisti
3487 5192 3729 5252 venient,
3760 5199 3803 5241 et

2208 5290 2505 5343 adorabunt
2533 5304 2712 5342 coram
2740 5297 2809 5352 te,
2840 5285 3110 5358 Domine.]
3141 5285 3245 5339 Per
3288 5285 3513 5340 tertiam
3554 5284 3808 5353 antipha-

2211 5399 2338 5437 nam
2389 5384 2679 5438 hortantur
2722 5395 2780 5434 se
2820 5380 3051 5436 invicem
3089 5378 3423 5440 sacerdotes,
3473 5388 3532 5432 et
3567 5376 3805 5431 dicunt:

2213 5471 2448 5546 [Venite,
2475 5471 2752 5525 adoremus
2781 5486 2918 5532 eum,
2950 5472 3074 5540 quia
3105 5468 3212 5539 ipse
3246 5477 3320 5522 est
3366 5459 3638 5520 Dominus
3671 5465 3810 5519 Deus

2213 5563 2432 5636 noster.]
2457 5563 2554 5617 Ast
2581 5562 2739 5615 tertia
2772 5561 2953 5631 vigilia
2998 5559 3065 5616 de
3096 5561 3364 5631 baptismo
3402 5559 3618 5614 Christi
3661 5574 3814 5614 meno

2211 5658 2414 5713 tionem
2444 5656 2591 5710 facit.
2618 5655 2798 5709 Tertia
2823 5654 3002 5725 vigilia
3027 5653 3163 5710 solet
3192 5654 3347 5708 nobis
3377 5653 3446 5706 ad
3478 5653 3812 5706 memoriam

2211 5745 2471 5804 reducere
2501 5745 2708 5800 Novum
2745 5743 3169 5802 Testamentum.
3207 5743 3417 5800 Novum
3444 5759 3585 5800 vero
3613 5744 3813 5799 Testae
