4000 6464
453 283 594 342 1279

890 443 892 446 ,
1014 383 1242 443 CAPUT
1281 381 1468 438 XXVI.

561 485 637 542 De
666 483 941 539 Domimca
977 480 1148 552 prima
1185 485 1300 547 post
1343 483 1549 528 octavas
1587 469 1920 542 Epiphaniae.

523 578 582 634 In
609 573 888 632 Dominica
929 571 1100 641 prima
1131 575 1253 638 post
1283 574 1504 620 octavas
1535 561 1848 633 Epiphaniae
1885 557 2029 614 cele-

452 672 645 728 bratur
683 662 1002 721 miraculum
1034 658 1176 731 quod
1223 657 1483 712 Dominus
1517 654 1646 708 fecit
1677 653 1744 708 de
1793 665 1935 721 aqua
1976 650 2030 704 in

454 763 566 834 ipsa
610 757 930 830 Epiphania,
975 755 1202 822 ideoque
1243 751 1331 807 hic
1374 748 1663 806 scribimus
1706 745 2031 814 antiphonas

454 855 520 910 de
545 852 736 910 eodem
759 846 1058 918 evangelio.

1001 945 1228 1002 CAPUT
1265 942 1477 1000 XXVII.
1960 1000 1961 1003 η

560 1043 639 1098 De
670 1040 1007 1114 responsoriis
1042 1039 1132 1108 qui
1167 1055 1199 1090 a
1227 1034 1490 1090 Psalterio
1519 1041 1642 1088 sunt
1671 1031 1921 1101 excerpti.

526 1137 602 1192 De
630 1134 987 1206 responsoriis
1009 1132 1344 1187 Psalmorum
1371 1145 1477 1184 non
1508 1128 1666 1183 debet
1698 1141 1793 1180 nos
1822 1126 2026 1196 pigere,

454 1245 630 1300 neque
662 1228 1002 1284 audientibus
1036 1224 1312 1280 fastidium
1360 1222 1499 1288 fore,
1529 1223 1574 1276 si
1604 1236 1697 1275 eos
1725 1219 2030 1274 recitavero

456 1324 510 1380 in
537 1339 636 1379 suo
675 1323 883 1377 ordine.
916 1318 1256 1375 Manifestum
1284 1325 1366 1372 est
1409 1316 1552 1387 quod
1583 1314 1869 1383 castigatio
1911 1327 2032 1366 cor-

453 1413 603 1486 poris
632 1429 728 1484 per
758 1411 1040 1483 jejunium,
1078 1419 1133 1466 et
1180 1409 1487 1464 humiliatio
1517 1406 1737 1470 mentis,
1783 1412 1838 1458 et
1878 1418 2032 1458 amor

423 1481 657 1563 'Christ'i
700 1481 953 1562 encludat
983 1503 1251 1559 diabolum
1296 1501 1364 1556 de
1404 1499 1648 1571 peribolo
1678 1507 1879 1553 sancte
1928 1497 2030 1550 Ec—

456 1597 654 1653 clesiae.
682 1597 944 1651 Exclusus
985 1603 1067 1649 est
1097 1592 1341 1647 diabolus
1383 1599 1510 1645 ante
1552 1588 1892 1643 nativitatem
1925 1586 2030 1641 Do-

456 1692 591 1748 mini
626 1707 722 1762 per
748 1693 865 1746 haec
889 1688 1196 1752 obstacula;
1237 1685 1540 1740 excluditur
1562 1689 1618 1738 et
1645 1690 1884 1750 tempore
1931 1696 2029 1733 na-

1482 265 1816 324 AMALARII
1853 262 2268 324 PRESBYTER
2304 259 2647 319 METENSIS

2057 379 2110 441 Α
2135 391 2294 431 mana
2321 383 2376 431 et
2397 376 2630 446 genuino
2655 389 2759 430 usu
2787 370 3078 429 declinavit
3113 371 3184 428 ad
3211 384 3400 428 curam
3429 379 3489 428 et
3513 372 3735 430 sollici-

2133 470 2374 524 tudinem
2400 476 2453 522 et
2479 467 2722 522 laetitiam
2753 467 2980 520 ventris.
3017 464 3220 521 Contra
3251 464 3357 520 hoc
3377 473 3610 536 oportet
3635 481 3737 524 nos

2130 577 2388 632 pugnare,
2418 567 2473 615 et
2510 559 2632 615 ideo
2664 559 3069 628 subsequuntur
3113 557 3451 627 responsorii
3484 558 3554 611 de
3588 557 3741 628 psal-

2131 657 2252 713 mis,
2286 655 2378 722 qui
2427 653 2708 727 continent
2757 651 2813 705 in
2862 665 2921 705 se
2953 649 3243 719 plurimam
3280 650 3631 714 orationem,
3686 658 3744 706 et

2131 746 2332 802 habent
2370 746 2582 800 initium
2613 761 2642 798 a
2674 742 2884 816 psalmo
2910 743 3086 813 primo
3115 744 3506 814 paenitentum,
3538 744 3594 798 id
3629 754 3740 810 est,

2133 839 2374 904 Domine,
2415 857 2476 893 ne
2516 841 2572 892 in
2599 839 2679 891 ira
2710 847 2800 891 tua
2831 853 3026 908 arguas
3057 853 3156 890 me.
3194 836 3260 890 Et
3288 837 3496 891 iterum
3529 855 3541 888 :
3569 837 3744 891 Tem-

2130 947 2231 1005 pus
2266 933 2410 987 enim
2434 945 2694 1001 praesens,
2724 929 2775 983 id
2802 939 2905 993 est,
2939 944 2968 983 a
3001 927 3295 983 festivitate
3329 928 3736 997 Theuphanize,

2130 1040 2303 1094 usque
2336 1023 2389 1077 in
2421 1021 2891 1093 septuagesimam,
2926 1019 3115 1075 recolit
3160 1020 3512 1074 devotionem
3551 1028 3610 1076 et
3638 1021 3740 1074 mi-

2130 1118 2413 1171 nisterium
2464 1113 2879 1185 praedicatorum
2939 1127 2970 1165 a
3017 1111 3207 1181 primis
3265 1111 3736 1180 praedicatoribus

2131 1209 2405 1269 Ecclesiae,
2463 1222 2636 1277 usque
2682 1207 2748 1261 ad
2800 1205 3126 1260 novissimos
3177 1203 3314 1257 Novi
3365 1203 3733 1258 Testamenti.

2131 1299 2365 1369 Idipsum
2401 1299 2678 1353 insinuant
2710 1298 2867 1352 nobis
2896 1297 3137 1366 epistola:
3175 1296 3378 1350 summi
3407 1297 3736 1365 praedicato-

2133 1395 2208 1448 ris
2247 1393 2395 1448 Pauli
2427 1408 2546 1462 quae
2575 1393 2762 1447 eodem
2793 1398 3038 1462 tempore
3078 1385 3360 1460 leguntur.
3398 1389 3733 1443 Praedicato-

2134 1484 2284 1540 ribus
2318 1484 2463 1537 enim
2495 1483 2744 1553 congruit
2777 1482 2973 1546 oratio,
3016 1490 3076 1534 ut
3115 1488 3368 1549 apertum
3396 1481 3602 1535 ostium
3632 1481 3733 1534 ha-

2129 1578 2222 1632 bet
2266 1568 2579 1646 prredicatio
2626 1590 2832 1629 eorum.
2889 1575 2965 1628 De
3015 1573 3206 1627 ordine
3249 1572 3594 1643 psalmorum
3644 1589 3739 1643 per

2130 1682 2446 1723 Communes
2485 1665 2796 1721 Dominicas
2839 1675 3030 1720 noctes
3071 1673 3127 1719 et
3169 1663 3336 1719 ferias
3387 1667 3442 1718 in
3495 1666 3734 1725 diurnaH

944 1743 1249 1850 peripsam
1286 1775 1487 1832 Christi
1522 1743 1883 1845 praesentiam.
1913 1770 2034 1824 Tri-
2059 1743 2107 1805 Β
2134 1758 2314 1816 οίῖὶείο
2347 1769 2403 1814 ει
2429 1760 2484 1812 in
2513 1757 2838 1822 ηοοῑυΐηίιιίν
2869 1757 3064 1828 δοτιρεί
3112 1757 3164 1810 in
3205 1755 3391 1811 “bello
3418 1755 3665 1811 οῧῖοίὶιῙίο

459 1882 635 1930 statur
665 1873 932 1936 diabolus,
956 1873 1082 1943 quia
1109 1872 1360 1926 exclusus
1381 1878 1494 1932 est;
1517 1867 1736 1921 lzetatur
1766 1863 2034 1928 Ecclesia,
2089 1941 2093 1944 λ

460 1965 588 2035 quia
615 1964 862 2019 Christus
894 1963 1116 2016 intravit
1146 1963 1198 2015 in
1225 1961 1504 2014 mundum.
1544 1957 1635 2013 Sic
1661 1957 1805 2012 enim
1837 1953 2037 2010 cecinit

464 2057 688 2129 angelus
736 2055 1046 2127 pastoribus
1092 2073 1106 2109 :
1148 2053 1284 2107 Ecce
1343 2051 1480 2107 enim
1545 2048 1842 2119 evangelizo
1891 2046 2036 2100 vobis

461 2151 712 2222 gaudium
740 2166 1006 2220 magnum,
1038 2147 1161 2220 quia
1193 2156 1351 2201 natus
1379 2154 1455 2200 est
1500 2143 1641 2200 vobis
1669 2141 1824 2196 hodie
1855 2139 2038 2196 Salva-

463 2254 561 2298 tor.
595 2243 670 2297 De
695 2256 826 2313 pace
851 2239 1106 2296 Ecclesiae
1151 2240 1398 2293 tristatur
1426 2235 1694 2300 diabolus,
1723 2233 2036 2304 angelorum

461 2337 662 2391 chorus
685 2335 966 2406 gaudendo
1007 2333 1174 2397 canit,
1197 2327 1380 2385 Gloria
1417 2331 1473 2383 in
1519 2327 1790 2382 altissimis
1822 2326 1952 2388 Deo,
1989 2333 2038 2378 et

463 2429 514 2480 in
543 2437 682 2481 terra
707 2443 812 2497 pax
833 2425 1130 2479 hominibus
1169 2423 1318 2476 bona
1347 2419 1649 2476 voluntatis.
1688 2419 1890 2473 Omnes
1916 2431 2041 2470 san-

461 2519 531 2574 cti
580 2519 872 2573 admonent
924 2515 1248 2579 Ecclesiam,
1309 2520 1367 2566 ut
1401 2512 1636 2584 gaudeat
1683 2509 1738 2564 in
1787 2505 2038 2578 praesenti

463 2611 774 2672 festivitate,
815 2623 976 2679 quam
1001 2607 1280 2663 celebrant
1309 2603 1662 2669 solemniter;
1695 2603 1837 2657 sicut
1873 2613 2038 2670 ange-

462 2703 545 2758 lus
574 2702 883 2772 pastoribus
907 2700 1128 2766 cecinit,
1154 2706 1213 2753 ut
1243 2697 1543 2769 gauderent
1562 2696 1630 2749 de
1655 2694 1886 2749 videndo
1911 2707 2041 2748 ocu-

462 2795 528 2851 lis
567 2793 844 2863 corporeis
886 2800 1015 2846 nato
1057 2789 1357 2845 Salvatore.
1401 2788 1483 2842 Ex
1531 2787 1728 2858 quibus
1775 2800 1933 2851 unus,
1985 2783 2042 2839 id

463 2893 568 2948 est,
601 2883 895 2954 Gregorius
939 2881 1338 2944 Nazianzenus,
1372 2879 1617 2934 ordinem
1645 2877 1824 2948 gaudii
1859 2876 1914 2930 in
1944 2874 2043 2928 ho-

464 2973 611 3028 milia
636 2973 701 3026 de
723 2973 974 3027 secundis
997 2971 1316 3040 Epiphaniis
1336 2969 1578 3039 exponit.
1608 2967 1741 3032 Nos,
1766 2967 2039 3037 inquiens,

463 3064 795 3118 exsultemus
827 3063 880 3116 in
907 3061 1107 3117 Christi
1144 3061 1432 3131 baptismo,
1458 3067 1513 3115 et
1539 3061 1681 3115 diem
1724 3057 1920 3114 festum
1951 3074 2040 3114 ee-

2688 1873 2917 1930 CAPUT
2939 1872 3189 1939 XXVIII.

2557 1943 2636 1998 De
2665 1946 2829 2015 ofﬁcio
2857 1947 3028 1998 sancti
3058 1943 3319 1998 Marcelli.

2207 2039 2284 2094 De
2324 2044 2513 2093 sancto
2571 2037 2824 2092 Marcello
2871 2052 3042 2091 unum
3091 2039 3501 2108 responsorium
3555 2039 3744 2112 reperi

2138 2132 2193 2186 in
2224 2131 2467 2185 Romano
2512 2128 2931 2198 Antiphonario,
2963 2129 3016 2184 id
3058 2140 3163 2194 est,
3216 2129 3313 2184 Hic
3351 2140 3431 2184 est
3465 2149 3593 2185 rere
3646 2135 3744 2202 fa—

2138 2221 2314 2275 mulus
2349 2220 2468 2274 Dei.
2503 2218 2603 2286 Qui
2644 2219 3024 2289 responsorius
3069 2230 3313 2274 cantatur
3351 2236 3500 2290 saepe
3550 2222 3612 2276 in
3662 2221 3751 2277 fe-

2140 2311 2470 2366 stivitatibus
2493 2319 2815 2365 cancrorum
2845 2326 3183 2365 summorum
3213 2311 3559 2381 pontificum.
3586 2311 3652 2366 In
3683 2328 3748 2368 eo

2140 2402 2260 2456 loco
2291 2401 2380 2456 ubi
2416 2400 2673 2456 Metensis
2700 2401 3133 2472 Antiphonarius
3179 2403 3369 2468 habet,
3407 2402 3652 2476 Ideoque
3691 2406 3745 2460 in

2140 2495 2311 2550 stadio
2337 2496 2538 2566 positus
2561 2509 2580 2547 :
2611 2495 2666 2549 in
2695 2494 2941 2550 Romano
2969 2510 3098 2550 vero
3139 2497 3479 2561 continetur,
3514 2497 3749 2570 ideoque

2141 2590 2198 2643 in
2225 2589 2476 2644 oratione
2503 2589 2732 2658 positus.
2777 2587 2985 2658 Legens
3010 2603 3145 2660 ergo
3189 2604 3513 2644 sermonem
3571 2592 3747 2646 sancti

2140 2682 2427 2754 Augustini
2468 2684 2534 2738 de
2570 2683 2917 2749 Pmnitentia,
2961 2684 3164 2750 inveni,
3194 2681 3429 2740 Sanctos
3469 2688 3532 2740 in
3583 2689 3749 2743 stadio

2141 2778 2356 2850 positos.
2387 2777 2574 2846 Itaque
2611 2792 2719 2831 non
2762 2776 2965 2830 mutavi
2991 2776 3112 2842 hoc,
3141 2777 3290 2846 quod
3313 2778 3535 2833 dudum
3562 2791 3749 2835 nostra

2144 2870 2384 2925 Ecclesia
2417 2870 2581 2939 coepit
2611 2883 2829 2933 canere,
2858 2868 2912 2924 id
2936 2878 3040 2934 est,
3067 2867 3301 2941 Ideoque
3320 2871 3382 2924 in
3409 2874 3595 2926 stadio
3617 2875 3750 2943 posi-

2145 2969 2249 3026 tus,
2297 2960 2511 3015 Domini
2539 2960 2668 3014 Jesu
2713 2958 2910 3014 Christi
2945 2961 3213 3030 confessor
3248 2960 3492 3019 eﬂ'ectus
3529 2974 3633 3019 est.
3684 2965 3752 3022 Ut

2145 3052 2291 3107 enim
2335 3053 2597 3122 scriptum
2648 3052 2845 3121 reperi,
2889 3053 2964 3106 ita
3003 3053 3183 3108 scribo
3219 3051 3314 3108 hic
3363 3072 3380 3107 :
3432 3065 3748 3126 utrumque.

462 3155 754 3219 lebremus,
785 3170 894 3209 non
918 3153 1093 3208 ventri
1124 3152 1480 3223 indulgentes,
1516 3151 1610 3206 sed
1641 3151 1833 3221 spiritu
1860 3150 2041 3205 exsul-
2067 3132 2111 3194 Ο
2145 3144 2341 3216 inquit,
2386 3146 2670 3201 verissime
2699 3147 2963 3216 scriptum
2991 3156 3092 3202 est.
3125 3147 3193 3200 Et
3237 3149 3334 3219 qui
3373 3161 3533 3204 natus
3562 3161 3644 3204 est
3686 3166 3750 3203 es

463 3255 659 3303 tantes.
694 3248 771 3301 De
801 3261 908 3317 qua
936 3261 996 3301 re
1021 3245 1240 3315 quidam
1275 3243 1532 3312 magister
1560 3241 1872 3297 Graecorum
1909 3241 2040 3296 dicit

464 3337 517 3394 iu
546 3337 767 3394 homilia
797 3335 1034 3392 secunda
1057 3349 1220 3405 super
1246 3334 1444 3389 librum
1478 3330 1840 3387 Numerorum
1868 3351 1881 3386 :
1909 3333 2041 3389 Pau-

464 3428 546 3483 lus
575 3426 720 3490 dicit,
754 3425 946 3481 Omnia
971 3427 1184 3482 honeste
1211 3435 1261 3480 et
1289 3425 1577 3480 secundum
1614 3424 1853 3478 ordinem
1883 3425 2035 3494 ﬁant.

464 3518 664 3573 Paulus
693 3533 823 3573 vero
851 3525 1108 3587 tanquam
1138 3516 1418 3587 Evangelii
1451 3515 1703 3572 minister
1723 3531 1832 3570 non
1863 3515 2038 3572 solum

464 3613 518 3666 in
547 3612 780 3677 actibus,
822 3611 917 3666 sed
948 3611 1003 3665 in
1046 3612 1163 3681 ipso
1204 3611 1391 3668 habitu
1435 3611 1744 3666 ordinatum
1770 3611 1885 3664 vult
1920 3624 2042 3666 esse

462 3704 852 3761 Christianum.
884 3704 945 3758 Et
990 3705 1152 3774 paulo
1189 3713 1346 3775 post:
1379 3703 1758 3774 Unusquisque
1796 3711 2042 3758 nostrum

466 3796 512 3852 si
539 3796 603 3850 de
628 3797 750 3851 cibo
773 3804 828 3850 et
867 3804 996 3864 potu
1026 3796 1289 3851 sollicitus
1327 3795 1421 3860 sit,
1449 3801 1506 3851 et
1529 3810 1746 3850 omnem
1773 3810 1959 3849 curam
1986 3795 2042 3851 in

467 3888 629 3942 rebus
666 3886 1013 3942 saecularibus
1039 3895 1212 3958 gerat,
1244 3903 1406 3942 unam
1433 3903 1566 3943 vero
1592 3895 1685 3942 aut
1718 3888 1853 3944 duas
1880 3889 2043 3944 horas

465 3995 531 4035 ex
561 3980 770 4050 integro
813 3979 897 4034 die
924 3981 1088 4034 etiam
1129 3979 1240 4033 Deo
1269 3979 1510 4049 deputet,
1541 3987 1595 4033 et
1635 3979 1703 4034 ad
1741 3977 2043 4036 orationem

466 4070 650 4124 veniat
673 4069 726 4122 in
758 4068 1071 4136 ecclesiam,
1112 4069 1196 4124 vel
1223 4070 1277 4123 in
1311 4070 1540 4124 transitu
1566 4069 1792 4125 verbum
1824 4070 1919 4126 Dei
1951 4087 2046 4126 au-

467 4160 598 4226 diat,
627 4161 955 4231 praecipuam
982 4176 1111 4215 vero
1134 4177 1320 4216 curam
1347 4177 1476 4232 erga
1505 4161 1922 4218 sollicitudinem
1945 4179 2045 4220 Ste-

465 4248 570 4304 culi
606 4259 660 4305 et
704 4252 906 4306 ventris
936 4253 1244 4321 expendat:
1272 4253 1376 4308 iste
1413 4269 1522 4309 non
1558 4255 1793 4326 complet
1823 4257 2045 4311 manda-

469 4349 579 4394 tum
603 4342 745 4410 quod
792 4341 920 4396 dicit
961 4352 1022 4399 ut
1061 4343 1222 4400 homo
1265 4345 1560 4401 secundum
1599 4347 1845 4402 ordinem
1885 4363 2042 4403 suum

470 4430 701 4483 incedat.
750 4429 1038 4501 Hucusque
1075 4436 1332 4505 magister
1377 4435 1712 4493 Graecorum.
1739 4439 2041 4511 Transgre-

2141 3237 2251 3292 Dco
2288 3254 2393 3292 non
2418 3246 2615 3308 peccat,
2641 3247 2698 3293 et
2738 3239 2881 3308 quod
2933 3239 2988 3293 in
3015 3238 3205 3294 eadem
3260 3237 3501 3296 Joannis
3525 3241 3748 3313 epistola

2139 3329 2392 3401 legimus,
2443 3328 2501 3385 Si
2522 3331 2814 3386 dixerimus
2846 3332 2971 3403 quia
3009 3342 3281 3403 peccatum
3319 3349 3435 3388 non
3476 3335 3746 3400 habemus,

2141 3424 2485 3493 nosmetipsos
2528 3423 2848 3487 seducimus,
2887 3434 2936 3478 et
2979 3426 3169 3479 veritas
3194 3426 3251 3480 in
3284 3427 3445 3481 nobis
3488 3445 3600 3482 non
3630 3439 3702 3482 est
3727 3441 3746 3479 :

2139 3514 2274 3571 Illud
2303 3517 2450 3571 enim
2482 3533 2548 3572 ex
2601 3517 2858 3587 primitiis
2886 3519 3012 3573 novi
3040 3519 3314 3585 hominis,
3369 3521 3480 3576 hoc
3507 3537 3576 3576 ex
3621 3521 3747 3576 teli-

2143 3609 2264 3678 quis
2300 3609 2503 3664 veteris
2533 3609 2737 3664 dictum
2768 3619 2869 3664 est.
2911 3610 3218 3682 Utrumque
3257 3613 3413 3667 enim
3450 3614 3669 3684 agimus
3696 3614 3749 3666 in

2143 3703 2247 3757 hac
2271 3702 2402 3756 vita.
2434 3701 2703 3756 Paulatim
2741 3711 2920 3758 autem
2957 3704 3171 3759 novitas
3198 3706 3443 3770 accedit,
3473 3719 3530 3760 et
3562 3707 3749 3776 paula-

2146 3795 2242 3850 tim
2269 3801 2541 3851 vetustate
2568 3795 2791 3850 cedente
2819 3795 3083 3850 succedit.
3115 3795 3250 3852 Cum
3277 3813 3416 3854 vero
3447 3808 3748 3869 utrumque

2145 3888 2345 3958 agitur,
2376 3887 2432 3941 in
2472 3887 2646 3942 stadio
2676 3903 2883 3942 sumus.
2909 3887 2968 3942 In
3007 3891 3263 3958 praesenti
3292 3893 3661 3960 responsorio
3687 3893 3748 3948 de

2144 3978 2442 4035 festivitate
2483 3979 2655 4046 sancti
2702 3977 2940 4033 Marcelli
2989 3980 3308 4036 inscribitur
3354 3981 3653 4054 [Ideoque
3699 3984 3748 4037 in

2145 4070 2352 4128 stabulo
2385 4071 2633 4143 positus].
2673 4071 3282 4147 Quarelresponsorius
3334 4073 3474 4147 [Hic
3520 4088 3600 4131 est
3641 4092 3747 4130 rm

2145 4162 2379 4233 famulus
2425 4162 2569 4229 Dei],
2612 4164 2726 4230 ,hoc
2760 4165 3045 4235 pr0prium
3096 4167 3298 4221 habeat
3337 4167 3401 4221 in
3451 4167 3745 4224 festivitate

2145 4255 2320 4311 sa‘ncti
2374 4253 2636 4321 Marcelli,
2689 4241 2929 4312 scribam
2982 4274 3050 4313 ex
3092 4260 3274 4313 verbis
3303 4260 3522 4315 domini
3570 4262 3739 4327 Beda,

2144 4363 2266 4419 qua:
2302 4348 2578 4420 excerpsit
2629 4349 2697 4404 de
2727 4349 2850 4405 Vita
2889 4352 3061 4406 sancti
3098 4351 3334 4407 Marcelli
3380 4353 3439 4409 in
3479 4354 3740 4426 Martyro-

2145 4439 2287 4512 logio
2326 4456 2425 4497 suo
2455 4459 2467 4495 :
2515 4440 2737 4497 Decimo
2765 4444 2995 4512 septimo
3024 4442 3294 4499 Kalendas
3323 4443 3620 4500 Februarii
3650 4462 3741 4500 na-

469 4518 664 4574 diendo
692 4535 929 4589 prmsens
957 4524 1270 4578 mandatum
1301 4526 1569 4597 plerique,
1608 4493 2044 4586 insistendo‘ser-
2067 4493 2120 4554 Β
2150 4493 2257 4588 ιθῖθ
2307 4533 2480 4588 sancti
2509 4533 2768 4589 lMarcelli
2799 4493 2967 4604 plapaa,
3021 4536 3111 4604 qui
3155 4533 3390 4602 jubente
3444 4537 3737 4592 Maximino

453 4610 600 4664 ‘vitio
637 4612 867 4677 ventris,
893 4612 1209 4683 delinquunt
1248 4616 1298 4669 in
1331 4615 1544 4671 festivis
1569 4618 1755 4673 diebus
1781 4617 2045 4676 Nativita-

469 4704 537 4759 tis
564 4713 618 4759 et
650 4704 962 4776 Epiphaniae
987 4705 1221 4762 Domini.
1260 4709 1513 4765 Diabolus
1541 4725 1754 4780 semper
1781 4719 1862 4765 est
1882 4727 2042 4781 para-

469 4805 578 4862 tus,
605 4803 665 4851 ut
695 4797 980 4852 recedente
1005 4815 1298 4870 parumper
1319 4811 1560 4871 pastore,
1588 4818 1744 4858 ovem
1773 4803 1948 4872 rapiat
1967 4803 2047 4859 in-

469 4897 704 4941 cautam.
751 4886 1034 4944 Credimus
1080 4891 1227 4945 enim
1267 4891 1541 4949 Christum
1587 4909 1800 4965 semper
1829 4895 2040 4964 adesse,

467 4979 559 5035 ubi
592 4981 696 5036 duo
724 4981 806 5036 vel
836 4989 944 5038 tres
981 4986 1293 5055 congregati
1317 4983 1518 5040 fuerint
1551 4986 1605 5042 in
1636 4987 1852 5043 nomine
1882 4985 1996 5058 ejus
2024 5007 2038 5044 :

469 5074 542 5128 ila
580 5073 720 5129 etin
748 5075 988 5130 Ecclesia
1034 5092 1132 5146 per
1172 5087 1498 5134 memoratas
1537 5079 1879 5146 festivitates,
1923 5098 2043 5152 quae

467 5167 532 5222 de
559 5182 657 5221 suo
686 5167 917 5222 adventu
953 5168 1185 5224 Iaztatur.
1216 5169 1444 5236 Idcirco,
1477 5185 1541 5225 eo
1569 5173 1712 5241 quod
1748 5173 1931 5228 laetitia
1961 5182 2044 5229 est

467 5268 715 5332 suscepta
759 5258 1107 5314 festivitatum
1149 5261 1203 5314 in
1243 5263 1460 5317 nomine
1510 5279 1608 5319 suo
1653 5267 1921 5336 przecipue
1966 5267 2042 5336 id,

469 5357 600 5426 ipsis
627 5355 1192 5427 prmeinentejangelo,
1226 5356 1461 5412 Christus
1487 5369 1562 5413 est
1597 5361 1653 5414 in
1694 5362 1918 5415 circuitu
1951 5377 2046 5432 po—

469 5449 579 5519 puli
616 5452 716 5514 sui,
752 5460 801 5504 et
851 5451 1075 5504 custodit
1107 5467 1243 5504 eum.
1280 5450 1690 5508 Festivitatihus
1733 5453 2043 5522 celebratis,

473 5555 693 5597 necesse
733 5551 816 5597 est
842 5550 901 5597 ut
944 5543 1184 5599 Ecclesia
1216 5559 1404 5599 curam
1452 5546 1534 5600 sui
1576 5547 1832 5603 adhibeat
1873 5548 2045 5606 altero

471 5629 654 5695 modo,
693 5631 807 5687 sive
835 5633 960 5702 quia
1006 5634 1060 5690 in
1107 5637 1542 5708 peregrinatione
1579 5647 1664 5693 est
1705 5640 1910 5706 adhuc;
1947 5656 2042 5696 seu

472 5719 599 5789 quia
628 5718 684 5776 in
707 5719 895 5780 diebus
915 5723 1124 5782 festivis
1142 5726 1388 5796 spiritum
1415 5728 1595 5799 gaudii
1624 5727 1918 5801 fragilitate
1944 5730 2045 5787 ιιιιὲ

2150 4624 2468 4698 [Maxentio]
2510 4627 2839 4695 imperatore
2873 4627 3049 4696 primo
3086 4625 3321 4682 fustibus
3358 4645 3546 4684 czesus
3572 4673 3587 4694 ,
3626 4639 3681 4685 et
3708 4645 3736 4684 ι

2148 4717 2286 4773 facie
2324 4718 2440 4786 ejus
2477 4734 2639 4789 quem
2677 4718 3025 4789 corripiebat,
3065 4719 3322 4791 expulsus
3384 4734 3493 4777 est.
3537 4723 3735 4777 Deinde

2149 4811 2378 4866 audiens
2415 4812 2560 4882 quod
2618 4812 2833 4866 domum
2873 4821 3074 4868 sanctae
3112 4811 3331 4869 Lucina:
3356 4855 3374 4880 ,
3419 4833 3590 4887 quam
3632 4821 3736 4890 ipse

2147 4904 2502 4959 damnaverat
2536 4903 2964 4974 proscriptione,
2993 4920 3057 4961 eo
3093 4906 3237 4975 quod
3274 4907 3341 4962 de
3385 4908 3738 4965 facultatibus

2149 4997 2262 5053 auis
2301 4995 2627 5050 Christianis
2663 4996 2984 5063 donaverit,
3034 4998 3320 5054 ecclesiam
3359 4999 3621 5068 faceret,
3667 5011 3740 5056 ato

2149 5103 2253 5158 que
2318 5089 2373 5142 in
2411 5104 2475 5144 ea
2511 5089 2733 5143 missam
2792 5089 3123 5156 celebraret,
3174 5092 3229 5146 in
3275 5095 3461 5149 media
3514 5097 3740 5152 civitate

2140 5183 2320 5254 jussit:
2355 5182 2410 5236 in
2448 5184 2637 5238 eadem
2693 5182 2924 5239 ecclesia
2972 5184 3194 5254 plancas
3242 5190 3459 5243 exstrui
3515 5192 3590 5245 ad
3634 5194 3742 5246 ani-

2149 5273 2310 5329 malia
2342 5273 2535 5328 stabuli
2585 5274 2785 5343 publici
2821 5315 2836 5338 .
2875 5284 2932 5330 et
2976 5277 3225 5331 eumdem
3263 5277 3486 5334 stabulo
3527 5285 3741 5352 episco-

2148 5380 2277 5438 pum
2299 5365 2368 5420 ad
2408 5365 2686 5420 servitium
2722 5367 3036 5422 animalium
3070 5367 3346 5436 deputavit
3386 5386 3519 5427 cum
3562 5385 3742 5430 custo-

2150 5456 2238 5512 dia
2275 5455 2512 5526 publica.
2552 5455 2716 5510 Multa
2755 5456 2930 5514 olIicia
2971 5468 3280 5515 sanctorum
3319 5463 3494 5518 indidi
3550 5468 3608 5521 in
3645 5482 3746 5521 no-

2149 5557 2263 5602 stro
2320 5546 2711 5618 Antiphonario
2767 5563 2834 5604 ex
2893 5551 3168 5617 Romano,
3233 5569 3354 5624 quas
3408 5570 3522 5612 non
3577 5559 3748 5615 habet

2148 5638 2401 5694 Metensis
2454 5639 2896 5709 Antiphonarius.
2957 5641 3196 5714 Cogitavi
3248 5661 3347 5699 cur
3390 5662 3461 5702 ea
3512 5652 3748 5706 omitte-

2147 5744 2287 5793 rem.
2352 5744 2475 5786 cum
2534 5732 2724 5789 eadem
2782 5734 3102 5791 auctoritate
3147 5732 3489 5804 fulciantur,
3528 5756 3642 5810 qua
3680 5749 3748 5798 es

1217 6317 3964 6464 ἡ
