2000 3435
0 75 25 510 π

230 229 242 256 Ι
249 228 300 256 295

748 227 914 256 AMALARII
935 224 1152 255 PRESBYTEBI
1173 222 1344 252 METENSIS

1797 224 1870 254 1296

229 287 300 318 rius,
323 285 413 321 [Data
429 289 466 312 est
480 284 544 312 mihi
551 284 582 321 ,]
601 284 634 313 de
647 284 758 320 proprio
772 284 913 320 evangelio
927 291 1021 312 excer-
1034 286 1060 315 Α
1074 282 1120 309 ubi
1140 280 1186 308 illa
1204 280 1247 308 die
1264 280 1345 307 statio
1363 278 1404 305 ﬁt.
1426 277 1564 305 Invenitur
1582 278 1666 306 etiam
1683 285 1783 314 quarta
1798 281 1871 310 feria

227 336 290 367 ptus
305 335 356 359 est.

539 365 652 395 CAPUT
668 366 709 393 ιι.

539 412 579 439 De
592 412 709 439 sabbato.

262 456 395 493 [Ostendit
418 458 483 485 mihi
509 458 618 493 angelus
638 458 737 493 fontem
763 466 839 493 aqua:
858 456 954 493 vitam]
973 456 1018 485 Sic

223 503 355 539 loquitur,
374 505 451 539 quasi
475 504 501 531 hi
520 506 667 539 loquantur
685 504 718 531 ad
738 503 906 536 Ecclesium,
925 503 971 538 qui
991 504 1018 530 in

223 549 333 577 Christo
353 550 482 584 baptizati
498 554 561 577 sunt
574 570 581 583 ,
602 554 629 576 et
643 554 706 577 sunt
721 550 783 585 agni
798 549 914 581 novelli,
929 553 956 576 et
970 549 1018 576 ho-

223 595 268 622 die
281 600 455 623 revertuntur
471 595 503 622 ad
518 595 607 623 fontes
619 600 650 622 ut
661 600 762 623 exuant
774 603 803 623 se
821 595 899 622 albis.
915 594 1017 628 Quibus

222 640 347 668 subditur
365 641 574 676 responsorius,
596 640 716 677 [Omnes
736 641 781 677 qui
805 641 834 668 in
854 639 957 668 Christo
971 640 1017 667 lia-

220 687 314 723 ptizati
329 687 406 716 estis.
421 688 561 716 Christum
576 688 715 716 induistis.
728 687 739 724 ]

524 743 639 772 CAPUT
657 744 710 771 Lll.

219 789 260 816 De
270 789 384 825 glorioso
395 790 477 826 officio
489 790 559 826 quod
568 790 599 824 ﬁt
612 789 878 826 circaivespertinales
890 790 1015 817 terminos

278 826 319 867 ‘in
330 824 449 861 paschali
461 824 625 853 hebdomada
639 825 666 853 in
679 825 801 853 Romana
813 824 942 852 Ecclesia.

255 880 355 909 Notum
381 881 541 909 solemniter
565 886 607 909 est
630 889 730 909 canere
753 886 870 910 matrem
893 886 1015 910 nostram

219 929 370 956 Romanam
397 929 547 957 Ecelesiam
574 933 629 957 tres
653 929 772 964 psalmos
797 933 859 957 ante
884 930 1015 965 hymnum

1071 328 1261 363 responsorius
1280 327 1406 359 indutus,
1424 325 1513 362 [Ηωε
1528 327 1584 354 dies
1599 335 1679 362 quam
1696 327 1758 362 fecit
1776 328 1871 357 Domi-

1071 382 1120 401 nus
1131 373 1141 410 ]
1154 378 1215 408 post
1228 374 1280 401 duo
1294 372 1420 406 Alleluia,
1434 376 1465 399 ut
1478 373 1681 400 demonstretur
1693 374 1771 401 illum
1784 374 1871 404 fuisse

1069 420 1159 455 primo
1177 424 1310 447 statutum
1326 427 1376 454 pro
1390 418 1530 452 versibus,
1547 420 1594 447 sed
1610 420 1742 454 dignitate
1760 427 1871 456 aposto-

1069 464 1122 492 lica
1140 464 1253 492 Alleluia
1272 469 1407 492 mutatum
1425 469 1468 492 est
1486 473 1536 500 pro
1553 466 1602 492 eis.
1623 465 1725 493 Eadem
1747 467 1822 494 enim
1841 476 1871 496 re

1069 510 1172 538 factum
1187 515 1230 538 est
1244 515 1274 538 ut
1290 510 1368 538 multi
1383 518 1478 538 versus
1491 510 1607 537 Alleluia
1619 511 1714 539 Graeca
1731 512 1825 548 lingua
1843 515 1870 541 in

1068 562 1221 585 memorato
1240 557 1332 585 ofﬁcio
1350 561 1494 584 conantur.
1513 557 1543 584 ln
1562 562 1639 584 sexta
1658 557 1729 584 feria
1748 558 1870 593 interpo-

1068 604 1143 632 nitur
1159 604 1349 639 responsorius
1359 624 1366 637 ,
1385 603 1463 640 [Hazc
1478 604 1534 630 dies
1548 612 1628 639 quam
1643 605 1706 639 fecit
1724 604 1867 641 Dominus]

1068 651 1140 678 inter
1158 651 1212 678 duo
1230 650 1364 685 Alleluia,
1383 655 1414 678 ut
1432 651 1540 686 opinor,
1559 656 1673 686 propter
1691 651 1752 679 loca
1774 653 1869 680 statio-

1067 705 1145 730 num,
1160 705 1218 732 quas
1230 697 1306 732 prius
1320 697 1496 732 designantur
1513 704 1563 731 per
1579 696 1639 724 loca
1657 697 1724 724 vilia
1745 703 1773 724 et
1791 704 1868 733 post-

1068 749 1099 769 ea
1120 742 1230 769 nobilia.
1253 742 1292 769 De
1304 741 1402 777 quibus
1414 741 1544 769 scribitur
1564 741 1591 768 in
1604 741 1731 769 Romano
1745 742 1847 770 Ordine
1860 752 1866 770 :

1068 788 1161 823 Usque
1178 788 1212 815 ad
1234 787 1305 815 diem
1328 791 1454 814 octavum
1469 786 1580 814 Pascha:
1591 807 1598 820 ,
1616 785 1699 820 juxta
1714 786 1867 815 Romanam

1067 835 1308 868 consuetudinem,
1336 838 1517 861 memoratum
1544 841 1655 862 cursum
1683 834 1867 862 celebramus.

1066 881 1095 908 In
1111 885 1193 909 nocte
1213 881 1287 908 enim
1303 880 1420 908 solemus
1436 887 1534 908 versus
1549 887 1657 908 canere.
1685 879 1799 908 Scimus
1817 883 1870 908 duo

1067 927 1202 955 curricula
1228 931 1397 961 temporum,
1425 926 1478 954 diei
1503 926 1609 954 scilicet
1634 931 1661 953 et
1687 926 1801 958 noctis,
1830 927 1871 954 di-

219 975 359 1010 Evangelii
372 996 379 1008 ,
394 980 421 1003 et
434 980 496 1011 post
508 976 640 1012 hymnum
655 976 723 1003 duos
734 984 783 1011 per
796 976 902 1003 diversa
917 975 1015 1002 altaria
1029 979 1052 1008 Β
1067 972 1166 1000 stincta
1182 979 1242 999 esse
1257 979 1272 998 a
1287 971 1402 999 Domino
1416 971 1443 998 in
1458 971 1604 1007 Evangelio
1614 971 1728 999 Joannis
1742 981 1749 998 :
1764 972 1796 999 Si
1811 972 1871 1006 qui:
1915 968 1916 971 “

218 1022 389 1049 diversorum
409 1022 541 1050 locorum.
564 1021 721 1056 Saepissime
740 1026 831 1048 tamen
852 1022 887 1049 ad
903 1020 1012 1049 crucem

217 1073 244 1096 et
259 1070 293 1096 ad
307 1068 413 1102 fontes,
430 1073 460 1095 ut
474 1076 508 1096 ex
522 1069 631 1103 scriptis
647 1069 781 1101 dicimus,
797 1077 858 1103 quae
874 1070 1014 1096 continent

216 1121 267 1150 per
293 1114 415 1142 diversos
442 1114 548 1142 libellos
576 1115 701 1142 ordinem
729 1115 895 1143 Romanum.
927 1115 1014 1143 Simili

216 1160 297 1187 modo
318 1164 413 1188 notum
433 1164 475 1188 est
492 1160 564 1196 quod
586 1161 613 1187 in
638 1160 692 1189 ﬁne
716 1161 882 1196 psalmorum
904 1169 1013 1189 versum

216 1206 337 1234 solemus
353 1207 445 1234 dicere
465 1211 530 1235 ante
547 1207 699 1234 orationem
723 1215 804 1242 quam
830 1207 949 1235 solemus
974 1207 1014 1234 fa-

215 1260 279 1281 cere
298 1260 385 1288 genua
406 1252 557 1285 ﬂectendo,
577 1254 653 1286 sive,
674 1252 779 1280 vultum
800 1253 960 1281 declinando
985 1253 1013 1280 in

214 1301 328 1326 terram.
348 1298 434 1325 Versu
452 1298 524 1325 enim
543 1305 752 1325 commonemur
766 1298 799 1325 ad
816 1298 935 1333 aliquam
951 1306 1012 1326 mu-

215 1344 348 1372 tationem
360 1349 389 1371 et
403 1345 609 1372 renovationem
626 1345 742 1377 mentis,
761 1345 945 1372 continentem
962 1345 1012 1372 ba—

214 1389 301 1418 bitum
316 1390 459 1418 orationis.
475 1391 513 1418 De
528 1391 623 1419 eodem
639 1399 719 1418 versu
732 1391 864 1426 scriptum
881 1391 1012 1419 habemus

214 1436 244 1464 in
260 1437 351 1465 libello
366 1436 474 1465 officiali
496 1441 523 1464 et
550 1438 578 1465 in
592 1438 705 1474 prologo
720 1437 810 1465 istius.
828 1438 865 1465 Ea
880 1438 952 1465 enim
968 1438 1013 1465 hic

213 1487 323 1518 oportet
338 1483 428 1511 dicere
441 1483 478 1511 do
490 1482 552 1516 illo,
569 1483 667 1518 quibus
684 1483 852 1519 intelligatur
866 1491 920 1518 qua
935 1483 968 1511 de
983 1490 1012 1511 re

214 1529 385 1556 consuetudo
405 1532 507 1556 sancte
522 1528 654 1556 Romanae
672 1528 804 1556 Ecclesiae
823 1530 932 1556 amittat
951 1537 1012 1556 ver-

213 1581 277 1602 sum
294 1574 323 1600 in
341 1572 516 1608 paschalibus
535 1573 647 1606 diebus,
667 1577 694 1600 et
710 1574 779 1601 alter
799 1578 894 1601 cantus
908 1574 1010 1601 consti-

214 1623 308 1646 tuatur
321 1626 371 1654 pro
385 1626 428 1647 eo.
445 1617 586 1646 Paschalis
600 1618 673 1645 enim
689 1618 747 1646 dies
757 1639 764 1652 ,
780 1619 828 1654 qui
842 1627 891 1653 per
906 1624 1011 1654 septem

1069 1017 1239 1045 ambulaverit
1261 1018 1289 1044 in
1310 1017 1367 1050 die,
1387 1026 1439 1044 non
1461 1018 1588 1052 offendit,
1603 1018 1666 1053 quia
1686 1018 1773 1045 lucem
1788 1019 1871 1053 hujus

1065 1063 1160 1090 mundi
1181 1063 1271 1096 videt;
1294 1063 1316 1090 si
1338 1069 1425 1090 autem
1439 1062 1612 1090 ambulaverit
1628 1064 1654 1090 in
1670 1069 1766 1096 nocte,
1783 1065 1872 1099 oﬁ‘en-

1066 1109 1122 1142 dit,
1139 1109 1202 1144 quia
1222 1108 1269 1135 lux
1294 1117 1346 1135 non
1368 1113 1405 1135 est
1426 1109 1454 1135 in
1474 1116 1513 1134 eo.
1538 1107 1731 1136 Pracsumimus
1747 1110 1823 1137 enim
1841 1111 1870 1137 in

1066 1155 1126 1186 die,
1149 1154 1176 1181 id
1199 1158 1256 1187 est,
1279 1155 1305 1181 in
1328 1154 1439 1182 meliore
1454 1159 1532 1189 parte
1548 1153 1630 1188 hujus
1645 1155 1752 1187 mundi,
1770 1156 1799 1182 in
1816 1164 1872 1190 spe

1065 1199 1153 1227 laetari
1176 1200 1208 1227 de
1229 1200 1319 1227 futura
1342 1207 1392 1233 re;
1408 1200 1630 1234 pertimescimus
1643 1208 1702 1227 vero
1717 1200 1745 1227 in
1761 1206 1865 1234 nocte,

1065 1246 1092 1274 id
1117 1250 1159 1273 est
1181 1246 1210 1273 in
1236 1246 1373 1273 deteriore
1398 1249 1475 1280 parte
1503 1244 1584 1279 hujus
1608 1246 1719 1278 mundi,
1745 1245 1871 1274 dicendo

1065 1300 1175 1320 versum
1190 1301 1197 1319 :
1221 1292 1264 1319 Ne
1280 1292 1347 1326 forte
1361 1291 1527 1326 offendamus
1541 1294 1724 1327 prwsumendo
1747 1292 1780 1318 de
1803 1301 1869 1324 me,

1064 1347 1123 1374 qua:
1147 1342 1230 1374 potest
1253 1338 1281 1364 in
1301 1338 1374 1365 nobis
1397 1338 1530 1372 corrumpi
1545 1345 1577 1364 ex
1593 1342 1683 1364 nostra
1701 1337 1867 1372 fragilitate,

1065 1385 1116 1412 nisi
1137 1384 1267 1412 Dominus
1288 1384 1441 1411 custodierit
1457 1392 1514 1411 nos.
1530 1383 1647 1411 Eosdem
1661 1384 1788 1418 psalmos
1802 1392 1869 1412 can-

1064 1434 1154 1458 tamus
1176 1438 1226 1465 per
1249 1429 1371 1465 singulos
1385 1437 1530 1465 vesperos,
1551 1430 1614 1464 quia
1636 1438 1690 1456 una
1714 1430 1867 1465 eademque

1065 1477 1109 1504 die
1131 1477 1295 1504 celebratur.
1310 1476 1339 1503 ln
1358 1476 1512 1504 nocturnali
1534 1476 1625 1503 ofﬁcio
1646 1484 1696 1503 eos
1718 1477 1867 1504 recolimus

1064 1530 1134 1558 quos
1155 1522 1275 1550 solemus
1297 1522 1324 1549 in
1340 1522 1453 1558 singulis
1474 1522 1627 1558 quibusque
1647 1522 1803 1550 Dominicis
1818 1530 1867 1550 no-

1065 1571 1155 1599 ctibus
1170 1572 1320 1600 celebrare.

1361 1627 1476 1655 CAPUT
1495 1627 1560 1655 Llll.

213 1664 273 1692 dies
291 1664 369 1699 quasi
387 1672 458 1692 unus
474 1664 533 1691 dies
550 1664 715 1697 celebratur,
746 1664 818 1699 apud
847 1672 898 1692 n05
915 1665 1010 1692 ordine
1025 1661 1047 1694 Ο
1085 1671 1124 1700 De
1147 1673 1320 1708 responsoriis
1338 1673 1383 1708 qui
1401 1672 1602 1708 pra'tilulantur
1624 1673 1658 1700 de
1681 1675 1842 1701 auctoritate

213 1711 296 1739 ofﬁcii
313 1711 354 1739 sui
368 1711 497 1746 praedicat
513 1710 592 1738 nobis
608 1710 673 1738 illud
689 1715 798 1746 tempus
812 1711 846 1739 de
860 1719 914 1746 quo
929 1711 1009 1740 Jesus

213 1758 340 1786 Christus
357 1758 425 1785 dixit
444 1758 472 1784 in
491 1757 640 1793 Evangelio
654 1756 768 1785 Joannis
782 1765 789 1784 :
804 1757 906 1784 Iterum
922 1764 1009 1786 autem

213 1804 305 1832 uidebo
325 1812 367 1831 vos
377 1824 384 1836 ,
403 1809 427 1830 et
443 1802 566 1839 gaudebit
582 1811 627 1830 cor
641 1807 772 1836 vestrum,
787 1808 811 1830 et
827 1804 953 1839 gaudium
968 1813 1010 1831 ve-

213 1855 300 1878 strum
318 1857 393 1877 ne'nu
412 1849 482 1876 tollet
501 1858 517 1875 a
537 1848 606 1876 vobis
622 1856 630 1874 .'
646 1853 669 1875 et
683 1849 711 1875 in
725 1848 772 1875 illo
788 1849 830 1875 die
844 1857 884 1876 me
900 1857 950 1876 non
968 1858 1010 1876 ro-

215 1896 310 1936 gabilis
328 1896 481 1932 quidquam.
496 1895 607 1924 Orando
624 1896 696 1923 enim
712 1903 841 1931 rogamus
855 1897 927 1931 quod
941 1904 1010 1924 non-

213 1944 279 1972 dum
298 1944 438 1971 habemus.
457 1943 534 1976 Quod
552 1950 606 1970 non
625 1943 678 1970 erit
695 1943 881 1971 necessarium
901 1944 1009 1979 quando

212 1998 262 2018 cor
279 1989 427 2017 electorum
446 1989 589 2024 gaudebit,
609 1994 637 2017 et
660 1990 788 2025 gaudium
812 1997 906 2017 eorum
929 1997 1009 2017 nemo

214 2036 290 2064 tollet
305 2036 339 2063 ab
354 2035 416 2068 illis,
431 2039 459 2062 et
473 2042 526 2062 non
540 2035 593 2062 erit
608 2043 722 2063 necesse
737 2039 767 2062 ut
782 2035 885 2071 aliquid
900 2039 1006 2070 rogent.

215 2082 252 2110 Ut
267 2081 324 2116 jam
339 2081 504 2117 gaudeamus
519 2081 546 2108 iu
562 2089 610 2116 spe
629 2089 662 2109 ex
681 2089 713 2109 eo
731 2082 803 2116 quod
818 2086 1008 2116 exspectamus

214 2130 334 2155 futurum
354 2129 379 2155 in
400 2136 444 2160 re,
467 2136 561 2156 versus
581 2129 626 2163 qui
645 2128 712 2156 solet
739 2129 860 2155 animum
886 2131 1008 2155 nostrum

214 2181 344 2201 revocare
357 2173 391 2201 ad
404 2173 523 2208 aliquam
538 2173 762 2201 introducendam
777 2174 942 2205 orationem,
961 2181 1009 2200 au-

213 2222 301 2249 fertur
319 2221 346 2248 in
363 2221 537 2256 paschalibus
557 2221 667 2254 diebus,
685 2226 711 2249 et
729 2226 856 2249 cantatur
872 2230 923 2257 pro
933 2229 965 2248 eo
976 2222 1010 2249 ad

213 2268 318 2302 aliquos
340 2276 438 2295 cursus
462 2268 598 2295 diurnales
620 2269 827 2303 responsorius,
852 2268 938 2304 [Ha’c
954 2268 1008 2295 dies

213 2306 292 2348 quam
314 2313 372 2346 fecit
393 2313 539 2345 Dominus,
555 2314 712 2340 exsultemus
728 2319 751 2340 et
766 2314 886 2341 la’temur
900 2314 928 2341 in
943 2322 983 2341 ea.
997 2313 1007 2350 ]

214 2357 367 2386 Exsultatio
384 2361 413 2385 et
430 2358 524 2385 laetitia
539 2358 611 2385 unde
626 2360 814 2392 responsorius
828 2367 948 2393 pnesens
964 2360 1005 2386 di-

213 2405 267 2437 cit,
282 2403 412 2431 clariores
425 2403 581 2431 efﬁciuntur
595 2404 622 2430 in
639 2408 729 2431 mente
744 2408 837 2431 nostra
853 2406 875 2432 si
890 2405 1006 2433 clariore

212 2449 320 2486 lingua,
338 2450 364 2477 id
384 2455 426 2477 est
443 2449 554 2477 Hebrzca
566 2470 572 2482 ,
589 2450 771 2485 pronuntiatze
790 2451 860 2486 apud
881 2459 930 2478 nos
949 2451 1007 2478 fue-

212 2496 279 2524 rint.
294 2496 356 2523 ldeo
372 2496 399 2523 in
413 2504 444 2523 ea
461 2496 576 2523 statione
593 2496 620 2522 in
639 2504 692 2531 qua
707 2497 870 2531 apostolicus
885 2497 1006 2525 celebrat

213 2541 395 2576 vespertinale
413 2540 549 2573 ofﬁcium,
569 2540 683 2568 Alleluia
710 2543 815 2569 canitur
843 2550 905 2569 cum
930 2542 1004 2569 omni

212 2587 400 2623 supplemento
416 2591 444 2614 et
460 2586 620 2614 excellentia
642 2595 769 2614 versuum
796 2591 824 2615 et
848 2588 1005 2623 sequentia-

211 2642 283 2661 rum.
299 2633 327 2660 In
342 2633 449 2661 caeteris
463 2633 561 2661 ofﬁciis
576 2634 745 2661 diurnalibus
759 2642 808 2669 pro
821 2636 944 2663 versibus
960 2644 1005 2663 ca-

212 2680 288 2706 nitur
304 2679 511 2714 respousorius,
528 2678 593 2706 Hoc
610 2679 676 2706 dies.
691 2679 719 2706 1n
736 2681 928 2715 vespertinali,
944 2686 1004 2716 post

212 2729 269 2751 tres
288 2725 424 2759 psalmos,
440 2724 546 2751 canitur
564 2733 647 2752 unum
663 2725 777 2752 Alleluia
793 2731 857 2753 ante
872 2727 1002 2762 hymnum

212 2774 314 2798 sancta:
326 2770 430 2803 Mariae;
445 2774 506 2805 post
519 2775 644 2805 quartum
655 2791 661 2803 ,
677 2779 776 2804 unum;
791 2777 853 2806 post
863 2772 1002 2806 quintum,

212 2823 316 2850 unum,
335 2825 395 2851 quae
413 2817 551 2852 pertinent
570 2818 604 2845 ad
622 2826 731 2845 crucem
748 2823 775 2846 et
792 2819 826 2846 ad
851 2818 952 2846 fontes.
977 2819 1006 2846 ln

212 2861 338 2890 Romano
350 2863 422 2890 enim
437 2862 537 2891 Ordine
552 2863 689 2891 invenitur
705 2865 732 2892 in
747 2865 805 2899 ipsa
821 2865 866 2892 die
881 2872 1006 2892 resurre-

213 2908 313 2936 ctionis
325 2908 431 2936 Domini
447 2909 577 2944 repetitus
589 2910 710 2944 psalmus
723 2930 729 2943 ,
744 2909 796 2946 [In
810 2911 881 2937 exitu
896 2910 1005 2947 Israel.l

213 2955 270 2984 Hoc
288 2956 360 2985 enim
380 2956 408 2984 ﬁt
426 2961 536 2993 propter
556 2956 714 2994 multiplicia
735 2957 831 2985 altaria
846 2957 918 2987 illius
932 2958 1005 2994 loci,

1021 2339 1048 2369 D

1214 1716 1246 1735 ex
1263 1717 1375 1744 pcrtnnn
1393 1709 1540 1743 Synagogw
1557 1709 1702 1736 credentis.

1098 1753 1275 1789 Responsorii
1291 1754 1337 1789 qui
1352 1754 1555 1789 praetitulantur
1567 1754 1600 1782 de
1614 1756 1793 1787 auctoritate,
1809 1764 1864 1783 me-

1062 1805 1171 1828 morant
1193 1801 1334 1828 introitum
1358 1801 1543 1835 apostolorum
1564 1802 1598 1829 ad
1615 1802 1788 1835 Ecclesium,
1806 1811 1862 1837 qua:

1063 1854 1096 1874 ex
1116 1846 1216 1874 Iudaeis
1239 1846 1352 1874 collecta
1373 1852 1414 1874 est
1435 1848 1469 1875 ad
1489 1847 1568 1875 ﬁdem
1589 1847 1657 1875 Novi
1682 1848 1861 1876 Testamenti.

1061 1893 1210 1928 Propterea
1232 1894 1313 1921 iidem
1329 1894 1530 1930 pra-titulantur
1544 1896 1577 1922 de
1593 1896 1761 1923 auctoritate
1773 1916 1780 1927 ,
1796 1903 1863 1931 quo-

1062 1941 1134 1968 niam
1151 1941 1281 1976 apostoli,
1298 1949 1413 1976 quorum
1428 1941 1538 1969 habitus
1552 1943 1736 1976 praesentibus
1754 1951 1863 1977 respon-

1062 1987 1143 2015 soriis
1164 1988 1334 2021 decantatur,
1352 1987 1410 2015 vice
1425 1986 1529 2016 Christi
1551 1992 1679 2015 auctores
1694 1988 1862 2015 exstiterunt

1061 2034 1180 2062 Iudaicae
1201 2034 1329 2062 Ecclesiae
1348 2039 1375 2062 et
1390 2035 1508 2071 gentilis.
1524 2034 1633 2062 Primus
1649 2037 1861 2070 responsorins,

1061 2081 1119 2117 Ego
1143 2082 1208 2108 sicut
1231 2081 1289 2108 vitis
1313 2081 1486 2115 fructiﬁcavi,
1509 2080 1607 2108 blande
1628 2081 1733 2116 colligit
1755 2087 1862 2116 partem

1061 2128 1180 2156 Judaica:
1202 2128 1290 2163 plebis
1313 2128 1347 2155 ad
1371 2128 1504 2155 unitatem
1529 2127 1601 2155 ﬁdei.
1628 2127 1774 2162 Sapientia
1791 2128 1861 2154 enim

1061 2175 1105 2203 illa
1126 2175 1247 2210 loquitur
1268 2175 1295 2201 in
1316 2174 1445 2210 praesenti
1465 2174 1656 2210 responsorio,
1672 2174 1708 2201 de
1721 2182 1778 2209 qua
1798 2174 1861 2201 dicit

1062 2221 1196 2249 Dominus
1211 2221 1360 2256 apostolis:
1376 2221 1433 2256 Ego
1448 2222 1516 2248 enim
1537 2222 1604 2248 dabo
1628 2222 1700 2248 vobis
1722 2230 1753 2249 os
1775 2228 1800 2249 et
1820 2230 1862 2249 ω-

1062 2268 1197 2302 pientiam.
1220 2267 1281 2301 Ipsa
1293 2266 1433 2302 Sapientia
1453 2268 1551 2295 blande
1564 2272 1592 2294 et
1607 2269 1730 2295 suaviter
1746 2269 1863 2304 alloqui-

1062 2318 1105 2340 tur
1128 2313 1256 2348 populum
1280 2312 1423 2340 Judaicum
1446 2321 1496 2349 per
1517 2321 1564 2340 ora
1588 2314 1787 2348 apostolorum,
1814 2314 1860 2341 di-

1062 2368 1126 2388 cens
1140 2368 1146 2387 :
1164 2360 1290 2387 Transito
1305 2360 1339 2387 ad
1354 2368 1406 2393 me,
1419 2367 1513 2387 omnes
1528 2360 1574 2395 qui
1590 2360 1788 2395 concupiscitis
1802 2368 1862 2393 me,

1062 2406 1114 2434 hoc
1129 2409 1170 2433 est
1181 2426 1188 2438 ,
1204 2405 1250 2440 qui
1266 2405 1460 2440 concupiscitis
1476 2405 1654 2440 sapientiam,
1672 2411 1700 2432 et
1715 2413 1729 2432 a
1747 2413 1865 2441 genera-

1061 2451 1180 2479 tionibus
1194 2452 1262 2478 meis
1276 2451 1460 2486 adiniplemini
1472 2472 1480 2484 ,
1492 2451 1518 2478 id
1532 2456 1589 2483 est,
1602 2459 1617 2478 a
1635 2453 1789 2486 mysteriis.
1803 2460 1867 2487 quae

1060 2499 1218 2526 revelantur
1241 2506 1290 2533 per
1312 2506 1362 2525 nos
1386 2498 1523 2533 apostolos
1547 2498 1574 2525 iu
1601 2503 1726 2533 tempore
1753 2499 1817 2526 hoc.
1834 2499 1867 2526 In

1061 2545 1153 2572 multis
1174 2544 1379 2579 Antiphonariis
1398 2544 1534 2571 invenitur
1556 2544 1749 2579 responsorius
1771 2546 1800 2572 in
1822 2553 1871 2573 se-

1060 2584 1245 2621 cundo’loco,
1273 2588 1417 2625 [Speciosa
1440 2589 1512 2623 facta
1528 2598 1554 2616 es
1578 2594 1602 2616 et
1620 2590 1724 2621 suavis,
1745 2589 1872 2616 altitudo

1059 2643 1105 2664 tua
1120 2637 1214 2664 similis
1236 2638 1333 2672 palma:
1347 2636 1528 2673 indeﬁcienti]
1543 2645 1550 2669 ;
1566 2644 1646 2671 quem
1663 2644 1715 2663 nos
1730 2638 1873 2671 pommus

1060 2682 1088 2709 in
1112 2681 1193 2708 tertio
1216 2681 1275 2709 loco
1298 2687 1408 2716 propter
1429 2682 1594 2716 responsorii
1615 2682 1873 2713 convenientiam,

1060 2727 1225 2764 [Delectatio
1240 2728 1329 2764 bona]
1345 2736 1406 2756 cum
1421 2729 1519 2764 primo.
1536 2729 1589 2756 Istc
1604 2730 1808 2763 responsorius
1826 2738 1876 2758 se-

1059 2774 1163 2801 cundus
1186 2781 1234 2809 per
1263 2774 1370 2802 laudem
1395 2774 1536 2809 sapientia:
1563 2775 1689 2802 hortatur
1717 2777 1875 2804 auditores

1058 2821 1176 2848 transire
1198 2821 1233 2848 ad
1257 2821 1382 2849 doctores
1407 2822 1557 2856 sapientize.
1581 2822 1724 2856 Sapientia
1747 2828 1793 2850 est
1819 2824 1876 2851 de-

1058 2866 1166 2894 lectatio
1187 2867 1280 2899 bona;
1303 2867 1331 2893 in
1353 2866 1481 2901 operibus
1505 2875 1634 2894 manuum
1658 2866 1733 2894 illius
1756 2868 1881 2897 diviti:

1059 2913 1160 2941 multm.
1181 2913 1381 2949 Responsorius
1403 2914 1499 2941 tertius
1523 2913 1668 2950 [Speciosa
1694 2914 1771 2948 facta
1799 2915 1879 2953 “,1

1060 2959 1258 2997 quodammodo
1283 2963 1372 2996 potest
1396 2960 1732 2990 coucinere‘formidanti
1766 2963 1880 2992 animo
